2694 4342
204 244 238 281 ιι
774 242 830 279 DE
860 242 960 280 VITA
983 242 1020 280 S.
1049 243 1237 281 JO.\NNiS
1263 245 1597 284 L'llllYSOSTUMl.
2347 261 2392 296 ιι]

1315 320 1396 358 bilis
1415 324 1559 368 quando
1579 326 1842 365 recalcitrat-it?
1861 341 1981 368 nonne
1995 343 2076 370 Cum
2099 334 2264 380 impletos
2290 346 2366 374 erat

1314 383 1568 430 impinguatus,
1591 385 1810 427 incrassatus
1827 397 1863 427 ct
1880 391 2051 432 tlilutatus
2065 396 2080 430 ζ’
2094 395 2244 442 Quando
2261 405 2380 436 autem

1311 443 1505 482 Sodomita:
1527 453 1658 492 praster
1686 455 1846 486 naturain
1869 452 2016 490 libidine
2037 456 2144 494 veluti
2175 465 2287 496 (nstro
2306 469 2384 506 per-

1309 505 1370 541 citi
1401 507 1508 543 sunt?
1548 518 1667 545 nonne
1697 521 1776 546 cum
1810 514 1990 552 coutinuis
2020 520 2193 556 conviviis
2227 528 2382 559 mentem

1308 571 1566 615 eortuperant?
1594 572 1653 620 qui
1693 584 1938 612 memorantur
1964 588 2029 624 per
2059 583 2311 620 coalunu-liam
2340 587 2384 620 ab

1310 629 1495 668 Ezechiele
1531 631 1673 670 dicente
1703 646 1710 669 :
1743 633 1784 671 In
1815 636 2024 675 abundantia
2063 642 2133 676 ciui
2165 651 2196 678 ct
2231 646 2384 683 satietate

1308 693 1404 736 panis
1435 691 1651 731 iasciviebant
1681 697 1746 741 ipsi
1773 696 1917 744 (Ezeclt.
1943 700 2094 749 “3.59).
2127 703 2162 739 id
2194 709 2262 747 est,
2295 707 2382 744 civi-

1307 757 1379 795 tas;
1403 759 1432 789 ct
1447 754 1530 799 [ilice
1543 756 1630 803 ejus,
1655 756 1687 793 id
1703 764 1770 802 est,
1792 759 1858 796 vici
1877 761 1937 807 qui
1961 772 2106 810 semper
2123 763 2278 802 civitatis
2291 776 2383 804 con-

1305 816 1530 855 suetudinem
1548 827 1760 867 sequuntur.
1785 821 2048 870 Temperantiae
2067 833 2186 864 autent
2213 828 2382 876 cogitatio

1305 878 1448 924 quando
1477 889 1497 916 a
1528 882 1660 928 populo
1678 883 1740 920 illo
1760 891 1882 923 vetere
1907 885 2068 925 defecit?
2097 900 2219 928 uoone
2239 893 2382 938 quando

1308 939 1342 976 in
1381 941 1554 980 accubitis
1585 954 1866 992 consenuerunt,
1908 951 2080 998 prapheta
2113 954 2382 1000 exprobrante;

1306 1000 1374 1046 Qui
1390 1004 1569 1040 comedunt
1588 1005 1705 1044 hwdos
1723 1007 1766 1045 de
1777 1011 1948 1058 gregibus,
1965 1019 1998 1049 et
2015 1013 2138 1052 vitulos
2165 1015 2208 1052 de
2225 1027 2380 1056 armento

1304 1061 1478 1106 lacteolos,
1501 1065 1649 1104 bibentes
1665 1071 1877 1116 percolatum
1896 1073 2024 1120 vinum,
2057 1077 2178 1125 primis
2198 1083 2380 1128 unguentis

1303 1123 1456 1170 delibuti,
1486 1127 1697 1168 lasciuientes
1725 1133 1760 1169 in
1791 1135 1958 1174 cubilibus
1987 1123 2071 1184 suis,
2099 1147 2130 1177 et
2149 1123 2379 1191 niliii'aﬂicic-

1303 1183 1426 1222 bantur
1442 1198 1547 1234 super
1578 1191 1778 1230 contritione
1794 1193 1926 1244 Ioseph
1947 1183 2066 1246 (Amos
2085 1201 2120 1238 6.
2143 1202 2254 1251 4-ϐ)2
2277 1183 2378 1250 Quos

1302 1246 1463 1286 infelices
1481 1249 1591 1290 Isaias
1609 1255 1873 1300 pronuntiavit?
1893 1269 2013 1297 nonne
2029 1263 2088 1308 qui
2107 1264 2150 1300 ad
2171 1268 2375 1305 convivium

1301 1308 1459 1348 diluculo
1479 1313 1696 1361 surgebant?
1715 1317 1760 1353 ita
1785 1317 1933 1356 dicens:
1955 1319 2016 1358 Va:
2031 1325 2090 1369 qui
2107 1327 2245 1372 surgitis
2263 1340 2376 1370 tuane.

1301 1377 1332 1407 et
1350 1372 1496 1410 siceram
1515 1377 1704 1421 sectamini,
1727 1380 1786 1426 qui
1807 1382 1952 1420 manetis
1970 1384 2016 1420 ad
2034 1395 2208 1432 respcram
2233 1399 2243 1424 :
2263 1390 2378 1427 uinum

1301 1434 1388 1470 enim
1406 1437 1577 1475 comburet
1594 1451 1650 1476 eos
1665 1451 1677 1476 :
1695 1452 1774 1478 nam
1793 1455 1872 1480 cum
1890 1445 2022 1483 cithara
2037 1453 2068 1484 ct
2086 1449 2248 1496 psalterio
2261 1452 2376 1490 vinum

1301 1496 1444 1542 bibunt;
1470 1509 1574 1546 opera
1602 1509 1716 1540 autem
1741 1503 1882 1543 Domini
1897 1519 1966 1544 non
1995 1511 2180 1557 respiciunt
2212 1512 2316 1562 (lsai.
2337 1515 2374 1552 ii.

1303 1557 1360 1594 ll.
1389 1559 1462 1606 l2).
1493 1560 1644 1606 Quando
1673 1565 1877 1606 sacerdotes
1901 1568 1978 1607 Beli
2004 1581 2024 1608 a
2056 1557 2371 1614 Dauicle‘mnfusi

1299 1619 1409 1656 sunt?
1439 1631 1558 1660 nonne
1577 1633 1658 1662 cum
1679 1626 1768 1666 ciuis
1796 1628 1894 1676 ipsos
1913 1641 1976 1678 per
1999 1633 2099 1672 cibos
2127 1642 2161 1672 et
2181 1643 2287 1685 potus
2307 1639 2373 1678 de~

1299 1681 1498 1727 preltcnsos
1517 1688 1706 1734 coarguit?
1724 1689 1770 1726 Et
1788 1691 1870 1739 quid
1891 1694 2019 1732 attinet
2035 1706 2094 1734 me
2115 1681 2238 1738 dicere
2262 1699 2308 1739 de
2329 1702 2372 1738 iis

1298 1745 1356 1790 qui
1386 1745 1494 1783 latam
1513 1749 1605 1786 viam
1630 1750 1767 1799 ingredi
1797 1754 1998 1803 elegerunt,
2022 1765 2058 1796 et
2073 1769 2262 1809 augustam
2283 1765 2372 1802 vitnv

1295 1807 1448 1852 perant?
1466 1809 1598 1848 sufﬁcit
1622 1813 1707 1850 mitti
1723 1812 1923 1856 Servatoris
1937 1829 2056 1858 sernto
2069 1823 2113 1859 ad
2124 1807 2370 1866 revictioncm

1293 1877 1418 1905 eorum
1439 1871 1498 1918 qui
1519 1872 1665 1912 uideres
1683 1883 1892 1916 sectantur:
1911 1881 1974 1928 qui
1994 1882 2256 1925 innominatum
2275 1889 2369 1926 divi-

1293 1934 1378 1973 tem,
1399 1931 1588 1978 splendide
1605 1936 1765 1981 quotidie
1777 1939 1983 1986 epulantem
2003 1945 2036 1980 in
2059 1945 2127 1983 hac
2149 1948 2233 1992 vita,
2249 1957 2370 1988 osten-

1291 1991 1344 2028 dit
1369 1994 1480 2031 micas
1497 2003 1534 2032 et
1550 2003 1670 2043 guttas
1689 2001 1858 2048 pauperis
1881 2003 2006 2042 Lazari
2035 1991 2368 2059 concupiscentem,

1291 2064 1356 2092 nec
1375 2055 1417 2092 iis
1432 2055 1622 2096 fruentem.
1640 2059 1874 2108 Inspiciamus
1891 2073 2011 2104 autent
2026 2073 2062 2106 et
2085 2077 2210 2108 uelum
2228 2082 2368 2112 sancto.

1291 2126 1369 2154 rum
1391 2125 1565 2167 veterum,
1585 2127 1621 2160 et
1641 2125 1785 2163 tandem
1805 2127 1988 2166 discamus
2005 2142 2076 2179 quo
2093 2132 2267 2174 doctrina-
2283 2137 2367 2174 cha-

1291 2186 1429 2217 ractere
1443 2183 1496 2220 usi
1512 2190 1610 2230 sunt,
1626 2195 1671 2223 an
1692 2187 1775 2225 vita:
1795 2191 2042 2232 sanctimonia:
2057 2201 2090 2232 et
2106 2205 2214 2234 recta:
2230 2198 2367 2238 doctri-

1291 2251 1360 2287 nae,
1386 2254 1430 2282 an
1457 2248 1702 2288 conviviorum
1720 2258 1756 2290 et
1773 2255 1973 2301 epularum.
1991 2258 2133 2298 Primus
2151 2261 2274 2300 Enoch
2295 2263 2378 2302 lida

1291 2305 1480 2346 trmslatus
1499 2316 1568 2354 est,
1591 2322 1635 2349 an
1661 2316 1850 2354 convivio?
1871 2319 2006 2358 Deinde
2031 2321 2106 2360 Noe
2126 2325 2225 2362 orbis
2250 2333 2382 2365 tcrra-~

1291 2376 1368 2403 rum
1387 2379 1500 2415 genus
1519 2371 1589 2410 title
1606 2377 1761 2413 servavit
1779 2378 1812 2414 in
1831 2379 1941 2427 ligno,
1955 2384 2099 2428 quando
2121 2391 2286 2424 terrenus
2305 2390 2382 2426 hie'

1290 2429 1445 2468 mundus
1486 2435 1717 2482 purgabatur,
1757 2448 1803 2474 an
1843 2440 1889 2477 ab
1927 2443 2082 2480 assiduis
2122 2448 2300 2486 conviviis
2329 2460 2364 2488 ct

1290 2491 1440 2539 impuris
1475 2497 1656 2542 operibus.
1699 2510 1746 2536 an
1784 2501 1922 2548 jejunio
1959 2511 1995 2541 et
2026 2508 2214 2546 oratione?
2245 2521 2379 2551 noune‘

1288 2559 1328 2590 ut
1359 2564 1484 2602 parum
1519 2567 1538 2593 a
1573 2559 1632 2596 tali
1663 2565 1877 2609 tempestate
1903 2567 2112 2612 poculorum
2145 2572 2360 2617 quiesceret.

1288 2615 1520 2662 ignominiam
1541 2619 1634 2658 illius
1651 2627 1688 2658 et
1705 2633 1775 2660 non
1795 2624 1906 2664 decus
1927 2628 2119 2674 prtedieaut
2141 2631 2364 2682 Scriptum?

1286 2677 1417 2716 Beatus
1432 2679 1610 2718 Abraham
1624 2683 1780 2732 quinque
1795 2697 1897 2735 rcges
1911 2688 2150 2730 Sodomorum
2163 2677 2362 2742 superavit.

1283 2750 1328 2778 an
1349 2742 1430 2780 cibo
1450 2749 1582 2791 etpotu
1595 2774 1605 2790 ,
1622 2755 1834 2795 recuperato
1853 2751 1960 2790 etiam
1979 2753 2072 2792 Lot?
2087 2756 2131 2793 Et
2150 2757 2362 2799 Theodorus

1283 2803 1332 2840 ait
1355 2815 1363 2840 2
1395 2803 1434 2842 Si
1452 2805 1696 2846 Abraltamum
1725 2810 1874 2849 adducis
1900 2814 1933 2850 in
1954 2817 2126 2860 medium.
2149 2820 2274 2859 audias
2294 2823 2339 2872 igi

1283 2873 1341 2903 tur
1360 2873 1396 2904 et
1423 2867 1509 2906 illud
1539 2880 1559 2907 a
1585 2881 1656 2908 tne.
1679 2872 1778 2910 Dicet
1796 2875 1892 2912 enim
1921 2877 1983 2915 tibi
2014 2879 2144 2926 quivis,
2175 2884 2270 2931 quod
2290 2867 2360 2925 title

1279 2928 1424 2976 quidem
1460 2930 1606 2970 hostem
1624 2935 1722 2980 vicit,
1761 2936 1878 2974 Deum
1899 2945 2018 2977 autem
2041 2952 2163 2981 mensa
2184 2947 2293 2993 cepit,
2321 2959 2358 2987 ιιι

1278 2991 1378 3038 prius
1410 2993 1486 3042 ipse
1512 2997 1722 3043 exposuisti.
1756 2999 1874 3038 Ense.
1906 3001 2031 3050 Papae:
2064 3005 2157 3044 Juod
2176 2991 2356 3048 Abraham

1278 3055 1390 3092 Deum
1409 3067 1532 3094 mensa
1553 3060 1662 3107 cepit,
1683 3071 1801 3100 nonne
1821 3073 1948 3102 omnes
1963 3067 2086 3104 relicta
2101 3067 2173 3108 ﬁde
2186 3077 2222 3109 et
2241 3073 2356 3110 virtu-

1279 3116 1374 3154 tibus
1391 3119 1512 3156 caeteri
1531 3122 1693 3159 convivia
1725 3124 1886 3162 studiose
1903 3128 2146 3168 sectabimur?
2167 3132 2254 3170 nihil
2275 3133 2352 3173 dis-

1275 3186 1464 3226 crepantes
1495 3192 1514 3217 a
1544 3183 1767 3230 cauponibus
1801 3193 1863 3223 aut
1899 3189 2128 3236 stabulariis,
2162 3195 2222 3242 qui
2258 3195 2349 3234 lucri

201 321 326 359 utiliter
344 330 421 357 vero
445 325 479 357 ct
496 318 562 357 Lot
577 319 788 355 deteriorem
807 319 930 366 quovis
948 319 1091 356 deserto
1113 322 1237 357 urbem

203 382 368 424 habitans.
385 382 462 428 jure
475 381 670 427 excipiebat
686 380 916 418 adventantes
933 380 1090 429 hospites
1108 381 1154 418 ob
1171 383 1240 418 int-

203 443 326 490 probos
357 453 471 480 mores
507 443 716 480 incolarum.
751 443 862 481 Porro
895 444 924 481 si
951 445 1031 491 quis
1061 444 1238 481 civitatem

198 505 324 552 optime
337 513 504 542 moratam
520 504 695 549 habitans,
715 505 830 552 qualis
842 504 1180 553 Constantinopolis.
1203 507 1237 544 in

197 574 262 612 qua
290 575 412 602 omnes
447 572 529 602 sunt
563 565 740 612 hospitum
775 572 1020 612 susceptores,
1059 567 1238 616 superﬂuo

196 627 284 664 forte
301 627 378 674 quis
404 637 424 666 e
453 627 680 677 presbyteris,
708 628 832 666 relicto
850 629 1114 676 prmdicationis
1135 631 1235 668 mini-

195 687 312 731 sterio,
331 688 570 725 examinandis
588 689 816 726 obsoniorum
831 689 996 728 brevibus
1011 697 1164 734 vacaret.
1181 691 1238 729 hic

193 749 321 788 oblitus
353 751 430 795 sui,
459 761 650 798 cauponem
688 763 750 799 pro
797 752 943 790 doctore
977 763 1016 790 se
1051 759 1235 802 reputans,

193 818 228 848 et
254 813 392 859 aquosis
411 813 678 860 cogitationibus
702 824 825 860 puram
843 819 880 852 ct
907 825 1042 852 meram
1063 815 1234 862 cognitio-

193 882 271 910 nem
306 874 451 912 abolens
477 885 557 912 cum
591 876 822 923 acquisitione
855 877 1052 924 prophetici
1084 879 1232 924 probri:

193 933 364 980 Caupoues
389 937 436 972 tui
460 937 594 973 miscent
622 937 736 974 vinum
763 948 858 983 aqua:
874 937 976 984 (isai.
997 939 1030 974 Ι.
1049 938 1126 987 ‘22).
1146 939 1233 976 Nam

191 1001 320 1040 quanto
346 996 455 1042 magis
482 996 629 1034 iulirmis
647 997 764 1034 vinunt
793 1008 880 1046 aqua
911 1000 1136 1046 prtcstantius
1161 1007 1230 1045 est,

191 1060 287 1092 tanto
299 1055 456 1094 doctrina
475 1056 746 1104 ltospitalitatcm
762 1066 903 1106 supcrat
925 1072 934 1096 :
955 1059 1032 1098 htcc
1049 1061 1142 1098 enim
1165 1062 1231 1100 ho-

187 1120 338 1158 rninibus
362 1122 415 1158 sui
441 1123 607 1170 temporis
624 1124 780 1172 prodest,
803 1126 862 1163 illa
883 1137 968 1165 vero
995 1133 1030 1166 et
1047 1130 1230 1176 posteris:

186 1186 222 1218 et
244 1180 322 1219 lucc
347 1183 491 1228 quidem
508 1192 701 1232 prmsentcs
728 1186 952 1225 solummodo
972 1188 1143 1235 lucretur,
1173 1191 1230 1227 illa

187 1251 272 1278 vero
285 1249 320 1280 et
337 1243 520 1282 absentes;
537 1255 730 1293 prmsentes
749 1247 892 1295 quidem
911 1249 1042 1297 lingua,
1061 1251 1231 1290 absentes

185 1313 267 1340 vero
291 1314 352 1350 per
369 1305 512 1352 scripta.
533 1307 630 1344 Talis
655 1307 720 1346 fuit
753 1310 789 1346 in
815 1320 924 1349 carne
955 1311 1139 1358 Servator,
1169 1315 1228 1362 qui

183 1365 327 1411 panibus
345 1368 497 1414 quinque
522 1369 702 1408 hominum
722 1372 830 1409 millia
848 1374 957 1421 pavit,
986 1386 1058 1412 non
1083 1376 1117 1412 in
1137 1377 1227 1414 civi-

183 1430 263 1480 tate,
290 1427 350 1464 sed
368 1429 402 1465 in
421 1428 561 1468 deserto
579 1443 588 1468 :
607 1433 664 1480 qui
685 1433 800 1481 lingua
820 1435 960 1483 quidem
979 1443 1015 1474 et
1035 1446 1229 1485 praesentes

179 1476 307 1532 docuit,
342 1489 464 1526 orbem
499 1502 582 1528 vero
616 1476 790 1532 ierrarunt
823 1497 970 1536 salvavit
1003 1510 1068 1546 per
1097 1501 1226 1548 scripta

180 1546 498 1596 Evangelia.Tales
508 1552 602 1590 enim
625 1561 708 1592 sunt
726 1566 908 1594 sermones
932 1569 1054 1596 eorum
1075 1562 1228 1600 maxime

179 1607 236 1653 qui
255 1607 384 1654 Spiritu
409 1617 531 1648 sancto
551 1613 644 1660 pleni
671 1624 766 1654 sunt.
783 1617 904 1666 Neque
931 1621 1084 1665 mireris,
1111 1622 1223 1660 Theo.

175 1666 275 1712 dore,
295 1670 324 1706 si
343 1671 420 1717 quis
439 1673 653 1712 esurientem
671 1677 761 1716 cibis
781 1679 992 1726 impleverit,
1013 1683 1075 1720 sed
1101 1684 1130 1721 si
1149 1685 1227 1732 quis

177 1731 220 1768 ab
253 1731 368 1779 aliqua
411 1734 606 1781 ignorantia
637 1739 792 1777 animum
825 1743 1020 1790 cujnspiam
1054 1746 1222 1784 liberarit.

177 1793 238 1840 Qui
254 1795 346 1831 cnim
367 1803 524 1836 ventrem
551 1800 707 1839 alienum
726 1811 847 1850 pascat
871 1813 932 1843 aut
947 1808 1059 1854 gratis
1075 1815 1136 1846 aut
1161 1820 1223 1858 pc-

177 1854 286 1900 cunia,
315 1863 379 1894 aut
403 1869 492 1906 pane
520 1867 580 1898 aut
607 1863 775 1910 oleribus,
804 1865 907 1904 facile
941 1869 1219 1920 invenitur:qui

176 1921 285 1953 autem
303 1919 408 1956 verbo
432 1922 584 1960 animam
615 1927 759 1972 nutriat,
790 1928 818 1965 is
837 1929 980 1970 difﬁcile
999 1933 1140 1980 quidem
1165 1919 1220 1972 in-

179 1977 325 2024 venitur;
352 1979 515 2021 inveutus
544 1991 676 2032 autem,
707 1996 768 2026 aut
787 2001 857 2029 non
883 1994 1053 2043 creditur,
1081 2004 1145 2035 aut
1162 2000 1218 2036 vix

175 2037 332 2084 creditur,
367 2044 468 2082 malis
503 2047 685 2093 spiritibus
711 2062 855 2100 semper
884 2056 1081 2096 animarum
1111 2061 1218 2098 saluti

175 2097 426 2142 obsistentibus.
453 2107 551 2146 Hanc
571 2111 669 2148 verbi
695 2097 865 2152 doctrina:
894 2117 1024 2156 famem
1053 2123 1217 2170 supp'icii

175 2159 246 2199 loco
270 2163 456 2206 immittere
483 2172 650 2210 minitans
678 2174 849 2214 Dominus
879 2179 988 2224 Deus,
1021 2159 1219 2230 dixit-pro-

174 2223 282 2269 pheta:
300 2239 308 2264 :
329 2230 493 2268 lnducant
519 2245 620 2281 super
647 2247 704 2273 eos
731 2237 868 2284 famem,
891 2251 958 2278 non
977 2223 1102 2290 famem
1121 2223 1219 2292 panis

173 2284 220 2320 vel
234 2297 336 2336 aqua,
357 2293 416 2328 sed
432 2296 556 2340 [autent
573 2296 733 2332 audiendi
747 2298 880 2335 verbum
900 2284 1040 2340 Domini
1053 2284 1168 2352 (Amos
1179 2307 1216 2346 8.

173 2343 239 2394 ll).
258 2348 300 2386 Et
316 2351 349 2387 in
369 2354 526 2391 sensibili
544 2355 686 2402 quidem
704 2357 812 2405 fame,
833 2360 916 2398 licet
936 2343 1063 2401 relicta
1075 2367 1218 2407 civitate

170 2413 222 2443 aut
239 2411 378 2458 regione
397 2425 476 2462 qua:
497 2417 590 2455 fame
609 2428 778 2466 oppressa
797 2427 864 2468 est,
888 2424 922 2460 in
943 2425 1048 2463 aliain
1068 2429 1189 2476 fugere
1207 2443 1216 2467 :

169 2467 254 2506 sicut
289 2476 398 2512 sancti
427 2479 637 2524 patriarcha:
675 2492 696 2518 e
729 2483 917 2522 Paltestiua
948 2487 982 2523 in
1021 2467 1216 2538 Egjfptum

167 2528 418 2574 descenderunt
444 2550 454 2574 :
485 2540 528 2577 de
560 2543 689 2580 mentis
720 2551 840 2582 autem
874 2545 994 2594 fame,
1029 2528 1214 2598 quid-nou

167 2591 303 2632 aliunde
320 2597 484 2640 Ecclesiis
501 2609 703 2652 supervenit
721 2620 827 2657 quam
849 2614 995 2660 penuria
1010 2615 1212 2662 doctorum,

169 2661 293 2718 rursus,
313 2657 399 2694 alius
429 2665 596 2711 propheta
621 2668 734 2707 dixit:
757 2657 986 2712 Circumibunt
1015 2677 1058 2714 ab
1088 2657 1217 2718 oriente

163 2714 209 2750 ad
226 2717 424 2757 occidentem
443 2733 620 2770 querentes
637 2732 768 2770 verbum
791 2733 940 2783 Domini,
966 2745 998 2774 et
1017 2739 1212 2779 nullatenus

165 2775 325 2816 invenient
347 2779 416 2829 (Ib.
435 2793 464 2820 υ.
490 2785 563 2834 12).
580 2788 679 2832 Quod
705 2801 819 2832 autem
847 2775 980 2836 bondm

167 2846 230 2904 non
250 2843 436 2886 provenit?
451 2847 533 2893 quid
555 2860 638 2888 vero
665 2863 733 2890 non
765 2858 949 2898 molestum
970 2865 1016 2902 ab
1033 2865 1210 2915 intempe-

165 2896 248 2936 stivo
265 2902 344 2940 cibo
361 2911 422 2942 aut
447 2909 611 2948 convivio
640 2924 709 2952 non
740 2920 924 2960 exoritur?
943 2927 1072 2973 morbi,
1105 2896 1205 2975 titius,

165 2966 375 3038 ppntumelia'.
419 2969 598 3018 libidinis,
640 2983 676 3014 et
711 2990 790 3026 qua:
831 2984 886 3021 illa
925 2966 1203 3038 subsequuntur:

165 3021 301 3100 Quando
319 3027 390 3066 Eva
407 3031 518 3079 ejecta
547 3035 613 3074 fuit
643 3049 688 3076 ex
708 3021 897 3089 paradiso?
926 3021 1205 3100 nonnelquando

163 3085 262 3157 audiit
279 3098 490 3140 serpentem,
521 3104 557 3136 et
573 3085 726 3142 comedit
743 3116 786 3143 ex
809 3107 918 3157 ligno,
938 3123 1011 3151 non
1037 3085 1203 3155 cdotenta

162 3145 458 3222 ordinario‘cibo?
492 3159 642 3205 Quando
675 3163 762 3204 Cain
799 3145 986 3210 frdtrididii
1025 3177 1200 3222 piaculum

161 3211 351 3285 communi
368 3227 482 3256 nonne
500 3225 642 3268 quando
661 3237 680 3264 e
699 3229 864 3275 primitiis
879 3237 1033 3280 gustavit
1050 3239 1198 3285 primus,

513 3267 519 3268 γ
699 3267 709 3275 _
879 3267 1033 3280 rm..-
1050 3267 1198 3285 ,.........,

160 3267 243 3312 tttllal‘.
259 3281 329 3310 sum
349 3281 518 3329 ptmcipua
536 3292 747 3328 reservans?
765 3292 915 3340 Quando
935 3297 995 3335 lilii
1015 3299 1082 3338 Job
1100 3313 1201 3340 men-

159 3337 226 3366 ιιιῐιι
254 3341 485 3402 enxlcmporale
510 3349 710 3394 sepulcrum
731 3356 825 3392 nacti
854 3359 960 3396 sunt?
979 3371 1097 3400 nonne
1118 3374 1198 3402 cum

158 3393 384 3460 comedissent
398 3409 432 3439 et
449 3393 640 3447 bibissent?
658 3413 809 3459 Quando
833 3418 930 3458 Esau
950 3420 1198 3464 benedictione

664 3451 688 3459 η
739 3451 805 3454 η--
833 3451 930 3458 __-._
950 3451 1193 3464 πηνμηηηηιι

157 3451 304 3524 privatus
322 3463 400 3498 est?
415 3475 528 3506 nonne
544 3481 624 3509 cum
641 3474 721 3512 cibo
747 3477 926 3518 inescatus
941 3484 1088 3520 servivit
1109 3497 1193 3524 ven-

155 3511 216 3548 Ἰτίῗ
233 3514 376 3561 Quando
388 3523 465 3564 Salii
480 3539 587 3578 regno
603 3536 729 3572 excidit
744 3538 760 3573 ‘!
771 3549 891 3578 nonne
903 3551 984 3578 cum
1001 3546 1200 3591 pulcherri-

89 3580 93 3588 '
159 3582 223 3656 :lil's
239 3587 324 3656 otes
341 3593 465 3656 praeter
485 3591 594 3641 legem
622 3599 804 3636 comedit?
823 3602 974 3646 Quando
991 3614 1108 3644 autem
1135 3621 1197 3656 po-

517 3636 534 3641 ν
829 3636 970 3646 rw.--
991 3636 1108 3644 μην...
1135 3636 1192 3656 νυ-

159 3636 250 3679 Ριιιιις
273 3642 374 3712 lsracl
392 3649 498 3691 Deum
526 3656 702 3697 irritavit?
733 3673 853 3701 nonne
879 3675 960 3703 cum
989 3668 1192 3718 Egyptian)

991 3704 996 3705 ,
1025 3704 1192 3718 νυ,

155 3704 406 3770 concupiscebat
426 3724 595 3760 turmam.
624 3730 749 3760 carnes
781 3731 816 3762 ct
845 3727 980 3765 lebetes
1009 3741 1027 3766 a
1049 3732 1195 3772 doctore

154 3761 346 3831 mittimus?
361 3771 472 3819 Opltni
492 3784 526 3814 et
544 3778 696 3820 Pltinees
717 3784 776 3822 lilii
797 3787 872 3824 lleli
891 3799 1000 3836 quare
1019 3803 1086 3830 una
1106 3795 1189 3833 hera

770 3821 775 3822 ,
893 3821 1000 3836 τη..-
1020 3821 1086 3830 ......
1106 3821 1189 3833 ην...

153 3821 246 3897 incisi
275 3836 351 3866 sunt
381 3833 412 3869 in
445 3836 563 3875 bello?
587 3851 706 3882 nonne
730 3847 813 3894 quia
842 3850 1025 3897 rapiebant
1049 3854 1192 3894 fuscinis

150 3883 262 3922 αηιςε
280 3891 430 3931 sacriﬁcii
449 3907 468 3933 ε
489 3898 687 3940 lebetibus?
704 3883 813 3944 ta'cnn
833 3883 919 3948 uio
935 3911 994 3949 ille
1012 3913 1188 3964 \‘ilupcrn-
1207 3942 1210 3944 -

1274 3249 1380 3277 causa
1395 3242 1442 3278 ob
1462 3243 1496 3280 id
1525 3244 1640 3292 ipsum
1659 3246 1838 3294 publicam
1859 3250 1953 3287 viam
1975 3252 2153 3292 obsident.
2177 3256 2223 3295 Et
2243 3259 2349 3308 virgi-

1275 3312 1338 3339 nes
1357 3303 1476 3351 igitur,
1497 3316 1577 3353 qure
1596 3312 1632 3344 et
1651 3317 1806 3356 corpore
1824 3318 1860 3348 et
1874 3312 2002 3360 spiritu
2022 3324 2155 3356 sancta:
2173 3329 2254 3358 esse
2270 3303 2349 3359 stin

1272 3363 1358 3402 deut
1373 3365 1416 3403 ad
1431 3367 1582 3414 gloriam
1602 3369 1678 3415 Dei,
1699 3373 1869 3418 quoniam
1885 3375 1994 3414 Maria
2009 3377 2191 3419 Christum
2208 3387 2346 3432 genuit.

1272 3434 1307 3466 et
1323 3428 1410 3476 ipse
1429 3431 1567 3477 pariant
1586 3443 1594 3468 :
1617 3433 1646 3470 si
1667 3435 1762 3472 enim
1778 3437 1830 3474 sic
1849 3437 2012 3486 fecerint,
2030 3443 2120 3482 nihil
2136 3457 2155 3482 ει
2180 3448 2346 3484 ιηρτυιτί-

1270 3489 1372 3528 cibus
1395 3491 1577 3531 diﬂ'erunl.
1607 3494 1696 3532 Nam
1731 3498 1760 3534 si
1787 3499 1956 3539 doctores
1988 3511 2135 3552 propter
2165 3507 2343 3544 Abraham

1271 3563 1413 3590 mensas
1434 3555 1628 3602 instruunt,
1645 3565 1680 3594 ct
1696 3559 1850 3608 virgines
1868 3571 2014 3612 propter
2027 3566 2174 3603 Mariam
2188 3567 2340 3612 pariant.

1269 3615 1391 3661 Apage
1415 3616 1478 3659 sis,
1500 3615 1790 3668 honoratissimo,
1819 3631 1858 3661 ut
1877 3636 1955 3672 qua:
1978 3627 2070 3662 bene
2091 3632 2252 3671 tempore
2277 3633 2342 3657 sna

1267 3682 1330 3712 aut
1347 3683 1424 3713 aeta
1443 3685 1524 3715 sunt
1547 3689 1612 3718 aut
1635 3681 1735 3727 fiunt,
1766 3687 1984 3723 contumelia
2001 3685 2198 3722 afﬁciamus
2219 3695 2226 3717 ε
2258 3693 2340 3718 nam

1269 3736 1428 3784 profecto
1457 3740 1629 3788 cujusque
1655 3747 1874 3783 conscientia
1901 3746 1995 3793 quod
2024 3743 2182 3789 ῡλΙ-οάίίν
2213 3742 2336 3778 diem“

1270 3799 1403 3838 Deinde
1429 3801 1538 3841 Jacob
1556 3805 1710 3844 luctator
1735 3807 1964 3848 abstinentia,
1993 3815 2036 3838 an
2057 3802 2222 3838 convivio
2247 3802 2336 3838 bona

1267 3859 1388 3899 Laban
1409 3865 1516 3902 tulit?
1537 3867 1594 3914 qui
1609 3867 1697 3904 dicit
1715 3877 1724 3902 :
1749 3865 1877 3902 Factus
1897 3874 1973 3899 sum
1990 3862 2072 3898 solis
2089 3860 2231 3898 adustus
2247 3865 2334 3899 crsti-

1267 3920 1326 3958 bns
1347 3930 1376 3959 et
1395 3925 1470 3971 gcltt
1498 3927 1618 3970 noctis,
1647 3938 1686 3961 ac
1708 3925 1841 3961 recessit
1871 3933 1891 3956 (ι
1912 3933 1963 3956 nte
1981 3932 2120 3957 sonmus
2146 3919 2247 3970 (Cen.
2278 3925 2354 3961 3i»-
