2694 4342
276 286 324 323 ‘5
1113 260 1168 298 ΡΑ
1175 258 1332 298 LLADII
1351 256 1584 296 DlALOGUS
2453 254 2494 295 Μ

275 361 360 408 40);
383 357 480 396 nihil
510 351 604 390 aliud
635 354 761 396 petens
791 346 826 382 in
853 343 1016 382 oratione
1036 349 1144 388 quam
1165 343 1296 386 panem
1317 341 1354 373 et

278 399 412 463 vestes,
445 415 568 454 dicens
585 423 594 448 ε
617 407 818 448 Si'dederia
836 405 922 443 mihi
933 413 1058 454 partem
1075 401 1120 438 ad
1137 399 1308 438 edendum
1323 403 1356 435 at

273 460 505 518 vestimentum
521 485 588 521 quo
607 472 758 520 operiar,
773 480 872 507 omne
889 466 980 516 quod
997 465 1082 502 mihi
1097 463 1246 505 dederis,
1263 460 1356 497 deci-

272 551 362 578 mam
381 548 424 576 εκ
441 548 480 573 eo
498 535 586 572 dabo
601 534 662 570 tibi
685 531 794 581 (Gen.
813 531 878 568 28.
899 527 988 578 20).
1005 527 1084 564 Non
1098 525 1202 568 dixit,
1222 522 1354 560 Mensis

271 600 489 648 impendam.
512 597 575 634 Dei
597 597 777 642 interpres
795 599 832 630 ct
852 591 968 628 ﬁdelis
991 590 1051 626 ille
1071 597 1198 625 servus
1215 585 1356 632 Moyses

269 663 366 713 quali
387 663 558 699 instructa
575 667 698 695 mensa
717 657 889 705 populum
902 651 1134 700 congregavit
1153 651 1188 686 in
1207 647 1356 685 monte?

269 710 361 774 quos
380 731 552 766 crateres,
572 731 652 768 quae
675 718 798 766 pocula
822 715 1002 754 habebat?
1022 714 1081 762 qui
1097 717 1236 760 petram
1254 710 1356 756 virga

271 786 382 824 veluti
411 784 554 822 emulsit
583 783 630 819 ob
661 780 780 828 populi
809 777 1074 819 inﬁdelitatem,
1108 774 1167 821 qui
1186 777 1355 810 sexcenta

271 848 383 885 millia
411 846 595 883 hominum
632 843 792 890 regebat,
832 840 920 886 legis
948 837 1086 875 tabulas
1117 834 1284 882 portabat
1311 832 1356 868 ad

270 908 561 946 emendationem
576 905 724 954 populi:
744 914 788 939 un
806 901 946 950 phialas
960 897 1178 947 perlucidas,
1208 907 1252 932 an
1270 904 1356 942 por—

271 983 396 1010 corum
413 971 568 1013 sumina,
589 980 632 1004 an
651 977 735 1004 aves
750 963 939 1004 Phasidos,
957 971 1002 998 an
1025 962 1142 1008 pisces
1158 969 1200 996 ox
1216 958 1355 1004 pelago,

272 1047 318 1072 an
337 1036 458 1070 vinum
489 1032 708 1080 percolatum
741 1039 762 1064 e
782 1028 894 1075 Tyro,
915 1031 952 1062 et
972 1026 1088 1061 lautos
1109 1031 1224 1069 panes
1242 1029 1357 1066 appo-

274 1106 366 1133 nens
383 1096 425 1132 iis
443 1079 504 1142 qui
526 1091 820 1131 instituebantur,
850 1099 895 1123 an
913 1083 1146 1122 doctrinam?
1170 1083 1271 1118 Duc.
1287 1079 1358 1117 Sed

275 1156 510 1204 respondebit
527 1155 606 1201 quis
621 1153 682 1190 tibi
701 1151 745 1188 ad
763 1151 836 1192 illa,
851 1145 981 1184 Pater:
999 1147 1040 1183 Et
1057 1145 1144 1182 mihi
1164 1142 1208 1181 da
1228 1151 1357 1179 manna

277 1226 314 1256 ct
345 1228 473 1266 aquam
509 1217 621 1260 illam,
655 1223 690 1251 et
728 1213 815 1250 nihil
847 1210 1001 1258 amplius
1036 1207 1196 1254 requiro.
1237 1205 1356 1241 Ertsc.

276 1265 411 1328 Ecquis
438 1279 498 1316 ille
526 1285 582 1314 est
609 1276 699 1313 adeo
727 1283 892 1310 morosus
912 1271 973 1320 qui
1003 1267 1154 1316 spirit:.li
1184 1265 1360 1304 doctrina:

277 1352 409 1378 manna
431 1339 602 1377 sensibile
633 1338 835 1383 noxamque
859 1343 988 1381 aquam
1006 1329 1202 1378 praeferat?
1223 1326 1360 1364 Deinde

275 1403 422 1441 Samuel
442 1401 564 1449 populi
582 1400 725 1443 doctor,
741 1399 800 1444 qui
820 1407 900 1433 cum
923 1394 1047 1442 viginti
1066 1394 1224 1440 quinque
1244 1399 1360 1426 annos

275 1467 313 1502 in
333 1464 544 1502 Armathem
561 1461 773 1509 quicvissct,
787 1469 891 1505 quem
911 1455 1105 1502 aliquando
1125 1461 1266 1495 mensa,
1287 1461 1358 1486 non

275 1533 394 1564 autem
416 1525 595 1568 doctrina,
633 1522 762 1558 avertit
792 1519 838 1556 ab
865 1518 996 1555 idolis?
1019 1514 1172 1560 Quando
1189 1522 1278 1550 vero
1296 1521 1358 1548 rex

276 1589 383 1626 simul
417 1593 454 1624 et
499 1585 674 1634 propheta
709 1589 746 1620 et
780 1582 912 1628 psaltes
949 1579 1140 1616 delicatam
1187 1573 1362 1612 instruxit

277 1649 469 1687 mensam?
495 1647 554 1695 qui
573 1646 663 1684 dixit
682 1657 689 1680 :
709 1643 862 1681 Cinerem
886 1649 1060 1688 tmnquam
1081 1648 1206 1686 panem
1219 1636 1362 1672 "tandu-

277 1712 410 1756 t'abam,
429 1718 460 1748 et
481 1717 597 1758 potum
623 1719 733 1744 meum
755 1717 832 1742 cum
853 1705 938 1751 ﬂetu
958 1701 1136 1738 miscebunt
1149 1698 1360 1745 (PsalJOl.

279 1772 355 1822 10).
382 1757 485 1810 Elias
501 1769 704 1812 'l'hesbites,
736 1765 948 1804 universalis
978 1762 1100 1810 ieiunii
1125 1766 1266 1802 auctor,
1299 1757 1362 1805 qui

279 1844 394 1870 annos
425 1840 499 1870 tres
524 1839 561 1868 et
579 1839 722 1867 menses
747 1839 810 1865 sex
830 1827 984 1864 inediam
1007 1821 1217 1860 lurconibus
1232 1827 1362 1867 printer

280 1905 406 1932 eorum
421 1893 642 1930 voluntatem
661 1890 862 1938 apparavit,
893 1887 990 1936 quali
1012 1895 1136 1922 mensa
1165 1893 1185 1919 a
1214 1887 1362 1930 peccato

281 1956 472 1994 liberavit?
499 1964 590 2002 quos
613 1961 731 1990 autem
757 1952 915 1989 habebat
931 1947 1092 1997 coquos?
1117 1955 1239 1984 nonne
1261 1943 1361 1982 corvi

281 2029 390 2068 opera
403 2018 648 2067 quotidianum
659 2015 860 2063 accipiebat
870 2023 998 2061 panem
1012 2011 1028 2047 ?
1049 2010 1202 2058 Sapiens
1222 2007 1360 2053 Daniel.

281 2087 318 2118 et
329 2079 531 2117 futurorum
547 2078 714 2116 oculatus
727 2077 844 2120 testis,
863 2085 931 2122 qua
949 2082 1075 2109 mensa
1093 2070 1262 2118 Assyrios
1276 2078 1362 2106 eru-

281 2141 392 2178 divit?
410 2150 530 2177 n0nne
557 2139 696 2186 jejunio
713 2142 749 2174 et
767 2135 932 2173 oratiooe
959 2133 1153 2171 draconem
1179 2129 1364 2167 interemit

281 2210 318 2240 et
336 2203 458 2240 Belem
486 2200 630 2244 evertit,
659 2199 878 2244 leonumque
897 2204 962 2233 ora
990 2193 1187 2238 obturavit,
1219 2197 1256 2228 et
1285 2189 1362 2238 regi

283 2265 462 2312 persuasit
482 2269 520 2300 ut
536 2261 671 2310 patrios
685 2259 774 2296 deos
787 2259 998 2305 abnegaret,
1017 2261 1054 2293 et
1070 2255 1186 2292 Deum
1203 2253 1264 2302 qui
1280 2263 1366 2290 vere

283 2331 339 2364 est
355 2322 616 2362 conﬁteretur?
636 2320 776 2368 Quibus
789 2319 922 2367 epulis,
949 2318 1080 2366 quibus
1096 2315 1259 2364 cupediis
1278 2325 1366 2352 usus

285 2393 342 2424 est
353 2386 610 2434 prophetarum
627 2389 844 2422 cancrorum
865 2381 998 2419 chorus
1017 2385 1081 2418 aut
1092 2377 1365 2427 apostolorum?

286 2459 406 2487 nonne
420 2455 524 2487 erant
543 2446 740 2485 doctores?
761 2455 882 2483 nonne
901 2444 988 2492 ipsis
1007 2443 1116 2481 totius
1133 2441 1259 2480 mundi
1278 2451 1366 2478 cura

286 2511 492 2550 concredita
507 2510 646 2548 luerat?
661 2519 782 2546 nonne
793 2507 936 2545 illorum
959 2515 1084 2544 sumus
1109 2503 1366 2542 successores?

287 2584 406 2623 annon
420 2584 546 2612 eorum
570 2572 772 2610 imitatores
790 2580 856 2607 nos
873 2579 956 2606 esse
975 2569 1050 2608 vult
1068 2567 1278 2615 Scriptura?
1297 2575 1362 2604 eo-

288 2647 368 2672 rum
397 2635 561 2672 moribus
579 2633 821 2675 adlmrentes,
854 2637 894 2668 ut
911 2630 1046 2668 Paulus
1065 2629 1185 2674 docet,
1214 2628 1364 2666 dicens:

291 2697 446 2741 Quorum
459 2695 627 2730 intuentes
639 2692 766 2729 exitum
778 2691 1062 2735 conversationis,
1073 2689 1255 2726 imitamini
1263 2688 1369 2734 ﬁdem

291 2757 417 2806 (Hebr.
437 2757 496 2794 13.
513 2756 566 2804 7).
587 2755 675 2802 Quae
694 2753 842 2792 bellaria
861 2753 1016 2791 habebat
1035 2753 1070 2790 in
1084 2752 1232 2790 deserto
1254 2749 1370 2798 ρωπί-

293 2821 414 2858 tentite
432 2829 550 2868 praeco
568 2818 728 2856 Joannes
747 2816 907 2865 Baptista
921 2844 932 2861 ,
964 2816 1026 2864 qui
1060 2815 1105 2852 ad
1131 2825 1172 2852 se
1196 2811 1370 2852 vcnie..ti-

292 2883 362 2920 bus
383 2893 454 2920 non
478 2883 586 2920 modo
603 2892 676 2918 non
697 2881 836 2929 paravit
855 2879 1019 2928 prandia,
1040 2879 1106 2918 sed
1123 2884 1158 2916 et
1177 2885 1371 2915 occursum

295 2941 412 2990 ipsum
448 2953 528 2982 cum
559 2943 806 2990 increpatione
841 2952 1006 2979 amarum
1049 2940 1261 2988 praebebat?
1291 2937 1372 2976 Non

296 3005 413 3042 solum
431 3005 528 3042 enim
559 3005 782 3051 inquinatam
801 3013 928 3040 eorum
951 3003 1213 3041 consL-ientiam
1243 3010 1372 3038 severo

297 3065 470 3114 adspectu
489 3065 686 3115 quatiebat,
700 3065 764 3102 sed
783 3071 820 3104 et
835 3065 914 3112 ipso
933 3065 1072 3112 habitu,
1091 3065 1277 3111 munitaque
1296 3071 1374 3099 ma-

297 3128 352 3172 gis
367 3128 490 3173 verbo,
507 3127 760 3175 velutigiadio,
779 3128 980 3164 animarum
995 3126 1184 3164 abscessus
1201 3125 1344 3162 secabat
1361 3135 1371 3160 :

300 3186 479 3224 Genimina
505 3189 714 3236 viperarum,
742 3189 818 3236 quis
837 3189 982 3226 ostendit
1002 3189 1094 3226 vobis
1113 3189 1232 3236 fugere
1251 3197 1272 3222 α
1296 3196 1375 3222 vert-

300 3255 378 3284 tura
393 3249 472 3286 ira?
497 3248 616 3285 Facite
635 3251 740 3296 igitur
759 3250 892 3296 fructus
910 3250 1032 3298 dignos
1047 3249 1254 3296 paenitentia
1271 3245 1372 3294 (Luc.

301 3309 337 3345 3.
359 3309 396 3346 7.
417 3308 454 3357 8)
485 3320 604 3356 neque
626 3310 695 3347 soli
729 3311 908 3358 baptismo
939 3310 1149 3355 innitimini,
1187 3315 1249 3345 aut
1278 3307 1374 3356 quod

301 3369 390 3406 estis
407 3369 468 3406 ﬁlii
483 3370 650 3408 Abrahae.
669 3371 760 3418 Quid
773 3373 869 3409 enim
881 3374 1042 3420 gentium
1059 3371 1200 3414 doctor,
1217 3368 1374 3405 circum-

301 3431 449 3468 cisionis
467 3431 680 3477 destructor,
701 3439 739 3470 ut
752 3434 1062 3472 circumcisionetn
1084 3432 1166 3469 ﬁdei
1183 3431 1374 3474 stabiliret,

301 3503 367 3531 vas
373 3493 557 3532 electionis
564 3495 720 3534 Paulus?
737 3497 964 3534 iuveniturne
975 3505 1123 3544 prorsus
1133 3503 1254 3531 curam
1265 3502 1376 3538 agens

303 3567 453 3603 mensae,
467 3559 527 3606 qui
545 3569 666 3598 rerum
684 3561 844 3598 omnium
859 3561 974 3608 magis
991 3570 1098 3607 quam
1114 3559 1218 3606 hujus
1236 3557 1376 3594 debitor

303 3627 395 3667 erat,
415 3627 452 3659 et
469 3621 623 3660 debebat
640 3630 779 3672 gentes,
809 3629 933 3669 utpote
951 3621 1168 3665 incredulas,
1194 3631 1257 3667 per
1273 3629 1376 3656 men-

303 3692 380 3719 sam
397 3683 465 3720 sibi
488 3684 713 3732 adjungere?
733 3683 824 3728 Quid
853 3683 913 3719 ille
933 3682 1058 3720 scribit
1075 3681 1280 3723 Timotheo.
1301 3679 1377 3727 epi-

305 3751 414 3790 scopo
428 3745 558 3791 Ephesi
585 3746 617 3794 (l
634 3744 726 3782 Tim.
747 3745 784 3780 4.
809 3742 894 3790 i6)?
916 3741 1009 3778 Vaca
1027 3751 1160 3777 mensa:
1173 3740 1376 3788 apparatui,

306 3813 351 3840 an
369 3805 527 3852 lectioni,
559 3805 818 3850 adhortationi,
836 3802 1036 3842 doctrinm?
1053 3802 1184 3848 quibus
1203 3803 1238 3838 in
1270 3802 1378 3840 rebus

309 3866 466 3907 miliqu
480 3870 636 3912 maxime
649 3867 802 3916 impiger
815 3871 942 3906 eratet
959 3865 1116 3905 intentus
1131 3863 1258 3902 beatus
1268 3863 1376 3904 Joan-

312 3931 376 3959 nes
398 3935 407 3958 ι
425 3924 638 3977 liitportnne,
660 3935 862 3978 opportune,
879 3925 982 3971 insta,
1001 3923 1125 3962 dicens
1146 3935 1155 3961 :
1175 3934 1292 3971 argue,
1323 3925 1375 3962 in-

1428 345 1544 380 crepa,
1557 333 1698 370 obsecra
1717 331 1754 380 (2
1765 329 1858 367 Tim.
1875 330 1910 367 4.
1924 329 1979 378 Ξ),
2000 329 2145 367 net-nine
2155 329 2269 377 ipsum
2287 329 2498 378 increpante,

1429 407 1474 437 eo
1493 395 1589 446 quod
1605 395 1682 434 duo
1697 393 1846 443 quidem
1864 402 1993 440 aspera
2013 399 2051 430 et
2068 403 2178 430 unum
2198 393 2292 436 lene,
2313 393 2416 442 idque
2430 395 2494 432 lor-

1428 471 1493 498 san
1509 469 1617 508 parce
1637 458 1842 496 adhiberet.
1867 456 1957 494 Illud
1975 457 2086 499 enim,
2101 456 2229 504 Argue,
2249 457 2400 505 increpo,
2419 457 2496 497 licet

1428 523 1498 560 sint
1518 521 1622 558 valde
1649 521 1796 564 acerba,
1820 519 1856 556 in
1878 519 1955 563 illo,
1987 519 2146 561 Obsecro,
2169 524 2206 555 et
2227 529 2310 564 non,
2340 519 2492 558 blandire.

1429 586 1466 622 Id
1487 586 1620 633 quippe
1640 585 1730 621 scite
1756 583 1903 626 factum,
1925 581 2092 618 acerbius
2107 587 2162 618 est
2179 581 2384 628 voluptariis
2399 589 2496 629 atquo

1428 649 1583 695 abiecta:
1619 647 1752 683 mentis
1773 645 1981 682 hominibus
1999 643 2184 691 quibusvis
2205 645 2422 691 gravioribus
2443 646 2491 682 iu-

1429 709 1712 757 crepationibus.
1734 707 1784 744 lbi
1805 706 1900 744 enim
1924 707 2078 744 fortasse
2097 705 2340 753 indignatione
2355 707 2496 754 quadam

1429 773 1612 808 obsistens
1635 771 1778 806 animus
1799 768 2102 816 increpationem,
2117 778 2198 816 qua:
2213 767 2264 811 ﬁt,
2287 778 2355 804 non
2374 767 2492 806 sentit:

1430 835 1502 871 illis
1522 845 1612 871 vero
1633 834 1770 870 sensim
1788 836 1826 869 et
1848 830 2020 879 paulatim
2048 830 2242 867 moderatis
2261 841 2339 866 cum
2361 831 2495 868 veritate

1429 895 1565 939 verbis.
1587 895 1690 943 quasi
1710 905 1731 932 a
1749 894 1847 931 lento
1869 893 1951 940 igne
1969 891 2190 930 sensibiliter
2209 891 2408 928 combustus
2423 891 2490 928 dis-

1429 967 1587 996 secatur.
1611 959 1688 1004 Qua
1711 958 1755 994 de
1781 967 1820 995 re
1835 962 1955 994 autem
1974 957 2093 1002 ipsum
2108 954 2304 992 admonet?
2322 954 2366 992 de
2383 955 2492 991 convi-

1429 1020 1499 1056 viis
1519 1026 1556 1056 et
1575 1019 1711 1065 epulis,
1737 1028 1781 1055 an
1805 1017 1852 1055 de
1873 1017 2146 1054 tribulationum
2168 1017 2302 1053 severis
2330 1016 2491 1059 sermoni-

1431 1082 1524 1119 bus?
1543 1082 1670 1119 dicens
1691 1093 1699 1117 :
1721 1079 1774 1118 Tu
1795 1081 1894 1118 enim
1914 1079 2009 1116 nosti
2025 1087 2142 1116 meum
2161 1077 2301 1116 vivendi
2319 1077 2492 1120 rationem,

1429 1155 1539 1193 quam
1565 1144 1744 1186 ordinari,
1778 1149 1815 1180 et
1835 1143 2054 1185 institutum,
2095 1148 2132 1176 nt
2153 1140 2272 1177 omnia
2292 1139 2336 1176 ad
2360 1139 2492 1186 gloriam

1431 1207 1494 1243 Dei
1517 1205 1645 1243 faciam
1665 1206 1700 1242 in
1732 1203 2090 1254 persequutiouibus.
2119 1201 2158 1239 1n
2188 1200 2426 1246 redarguendo
2444 1209 2494 1236 cr-

1431 1280 1537 1314 rore,
1573 1279 1620 1305 an
1653 1267 1785 1304 alicubi
1808 1276 1946 1304 mensae
1983 1265 2022 1302 ﬁt
2053 1265 2210 1302 mentio?
2249 1263 2379 1300 Rursus
2409 1261 2490 1303 Tito,

1431 1331 1602 1378 episcopo
1621 1329 1755 1372 Cretzn,
1777 1328 1966 1364 videamus
1982 1326 2068 1375 quid
2101 1326 2251 1364 scribat.
2289 1325 2338 1361 De
2365 1323 2438 1360 cibo
2463 1327 2494 1359 et

1432 1400 1518 1440 potu
1539 1421 1549 1438 ,
1581 1403 1626 1429 au
1656 1392 1704 1430 de
1737 1392 2049 1438 increpationibus
2082 1396 2121 1428 et
2147 1388 2335 1426 doctrina?
2359 1387 2492 1424 dicens:

1408 1463 1411 1469 ‘
1434 1455 1548 1503 Hujus
1567 1455 1616 1490 rei
1637 1455 1750 1502 gratia
1778 1454 1902 1501 reliqui
1935 1459 1968 1490 te
1986 1451 2110 1496 Creta,
2141 1457 2178 1487 ut
2209 1461 2248 1487 ea
2275 1460 2348 1496 qua:
2373 1448 2492 1489 desinit,

1431 1517 1603 1562 emendes,
1617 1525 1647 1553 et
1660 1517 1728 1554 illis
1743 1516 1952 1564 persuadeas
1969 1527 2037 1551 non
2047 1515 2148 1552 aliter
2165 1514 2284 1550 docere
2301 1511 2381 1561 (Tit.
2398 1512 2427 1547 l.
2447 1509 2492 1558 5),

1432 1579 1720 1627 nequeattendere
1731 1577 1859 1626 fabulis
1870 1584 1900 1614 et
1909 1576 2120 1625 gettealogiis
2134 1575 2354 1612 intermiuotis
2365 1573 2375 1619 (
2382 1573 2392 1609 l
2402 1571 2492 1607 .Tint.

1437 1641 1474 1678 1.
1497 1643 1564 1688 4);
1604 1640 1929 1688 reprehensionqu
1961 1649 2105 1687 quoque
2135 1637 2305 1685 adjiciens
2338 1633 2493 1671 modum:

1433 1702 1610 1738 Cretenses
1629 1713 1764 1748 semper
1783 1701 1978 1745 ntendaces,
1999 1701 2100 1736 mala:
2117 1699 2244 1742 bestias,
2266 1703 2390 1734 venti-cs
2412 1692 2499 1741 pigri

1435 1765 1518 1813 (Tit.
1543 1765 1578 1802 i.
1601 1764 1675 1810 l2).
1698 1764 1826 1800 Dicant
1845 1763 1948 1800 nobis
1967 1763 2104 1800 ventris
2129 1761 2237 1804 servi,
2255 1765 2290 1796 et
2306 1765 2499 1794 incusarunt

1433 1827 1610 1874 gigantes,
1645 1831 1677 1861 et
1714 1825 2009 1861 lllllllt‘l‘CUlﬂl‘Ulﬂ
2043 1824 2246 1870 accipitres,
2275 1820 2330 1868 qni
2359 1815 2503 1856 Joannis

1433 1885 1688 1923 abstinentiam
1708 1885 1992 1932 reprehendunt,
2020 1884 2106 1922 licet
2119 1882 2334 1920 revolveriut
2352 1886 2445 1916 vetus
2467 1881 2502 1913 et

1434 1958 1567 1986 novum
1600 1947 1888 1991 Testamentum,
1924 1947 1984 1984 ubi
2017 1945 2224 1983 invenerint
2250 1941 2440 1981 convivium
2467 1938 2501 1974 in

1434 2013 1540 2050 laude
1560 2013 1714 2060 positum
1734 2022 1744 2048 :
1779 2011 1848 2048 nisi
1869 2009 1964 2047 forte
1989 2009 2083 2058 apud
2101 2009 2330 2056 alienigenas,
2348 2004 2446 2051 idque
2461 1999 2502 2038 ad

1433 2075 1652 2114 ﬁrmandum
1673 2074 1804 2118 ﬁndus,
1827 2084 1872 2112 eo
1889 2073 1986 2122 quod
2003 2074 2082 2121 lege
2100 2071 2254 2110 convivii
2277 2069 2358 2106 fera:
2372 2073 2406 2104 et
2424 2065 2501 2102 bar-

1433 2139 1511 2176 bari
1527 2139 1748 2176 cicurantur.
1777 2136 1930 2182 Quando
1948 2147 2035 2173 vero
2057 2135 2218 2173 convivia
2233 2125 2504 2181 peecalioccasio

1435 2211 1508 2239 non
1528 2199 1776 2238 exstiterunt?
1801 2199 1886 2247 quid
1917 2207 2038 2236 autem
2062 2198 2157 2242 dico,
2182 2194 2344 2245 peccati?
2369 2192 2455 2229 forte
2471 2195 2504 2226 et

1435 2263 1584 2312 majoris
1603 2263 1820 2300 idololatria:
1840 2268 1877 2300 et
1893 2261 2092 2305 lratrieidii,
2118 2260 2214 2298 sicut
2236 2257 2403 2304 scriptum
2425 2257 2478 2290 est
2494 2278 2502 2289 .

1437 2325 1536 2363 Sedit
1549 2325 1698 2373 populus
1713 2323 1924 2360 trtanducare
1935 2329 1966 2360 et
1985 2322 2108 2365 bibere,
2127 2327 2158 2358 et
2172 2323 2385 2357 surrexerunt
2397 2313 2504 2350 ludere

1437 2387 1568 2437 (Exod.
1586 2387 1648 2432 52,
1683 2387 1737 2436 6).
1755 2387 1842 2424 Erat
1865 2391 1984 2423 autem
2012 2384 2118 2422 ludus
2145 2380 2328 2420 ebrietatis
2345 2375 2506 2437 soboles;

1445 2434 1575 2494 Venite,
1609 2434 1778 2498 faciamus
1805 2447 1888 2484 deos
1913 2447 1973 2495 qui
2001 2457 2067 2483 nos
2093 2443 2288 2492 praedam
2317 2439 2432 2489 (ἰὼν.
2461 2434 2505 2482 1).

1437 2511 1506 2557 Qui
1523 2511 1620 2548 enim
1643 2511 1728 2548 vino
1745 2508 1916 2546 commoti
1937 2513 2056 2551 erant,
2087 2505 2240 2544 mobiles
2265 2503 2350 2540 deos
2379 2505 2508 2547 qutcro-

1437 2573 1540 2620 baut,
1567 2583 1652 2611 cum
1675 2571 1898 2609 immobilem
1915 2575 1953 2606 et
1970 2567 2092 2605 omnia
2109 2577 2187 2605 non.
2201 2562 2397 2603 incedendo
2415 2567 2506 2596 cont.

1441 2635 1600 2683 pleutem
1617 2633 1864 2680 reliquissent.
1879 2629 1972 2676 Quid
1987 2635 2108 2666 autem
2131 2628 2220 2666 dicit
2235 2622 2430 2674 propheta?
2445 2619 2509 2657 La-

1439 2697 1499 2734 bia
1518 2694 1718 2734 sacerdotis
1747 2691 1968 2730 meditemur
1987 2689 2174 2728 convivia?
2192 2697 2332 2731 ctenas,
2357 2689 2394 2722 et
2412 2690 2512 2730 pnn-

1441 2757 1500 2794 dia
1521 2756 1713 2803 exquirent
1737 2754 1784 2792 ab
1802 2753 1875 2790 eo?
1901 2763 1960 2797 an,
1991 2751 2102 2788 Labia
2125 2750 2312 2790 sacerdotis
2336 2743 2514 2785 custodiat

1441 2819 1564 2867 legem,
1585 2823 1688 2863 atque
1702 2827 1746 2853 eo:
1763 2826 1822 2852 ore
1836 2815 1912 2863 ejus
1930 2824 2120 2852 sermonem
2141 2810 2341 2860 requirent?
2357 2808 2433 2856 quia
2451 2814 2510 2840 au-

1441 2864 1538 2930 getur
1554 2879 1696 2916 Domini
1728 2885 1777 2915 est
1803 2877 1952 2925 (Malae.
1999 2879 2036 2918 2.
2055 2877 2110 2924 7),
2137 2882 2174 2913 et
2200 2883 2274 2912 non
2294 2879 2443 2920 coquus.
2469 2864 2513 2930 Ιξι

1444 2926 1552 2980 turris
1567 2941 1627 2978 illa
1648 2940 1682 2976 in
1702 2939 1864 2978 Chalane
1881 2937 2028 2986 quando
2053 2935 2229 2974 aediﬁcata
2253 2933 2336 2972 est?
2361 2936 2443 2969 ante
2464 2926 2514 2966 vi-

1444 3013 1546 3047 num,
1573 3011 1620 3038 an
1637 3006 1720 3048 post
1734 2999 1886 3037 vinum?
1913 3007 2035 3036 nonne
2061 3007 2143 3034 cum
2168 2996 2264 3040 vino,
2289 2991 2430 3042 quando
2447 2987 2519 3026 Noe

1445 3065 1608 3112 plautato
1625 3062 1790 3110 palmite,
1818 3060 1956 3108 primus
1979 3058 2152 3107 probrum
2173 3054 2401 3094 demessuit?
2422 3051 2458 3089 Si
2474 3050 2518 3087 ita

1445 3137 1504 3164 res
1529 3136 1570 3164 se
1601 3125 1723 3169 habet,
1755 3132 1827 3160 non
1861 3127 2008 3168 propter
2026 3125 2148 3168 potum
2166 3123 2228 3155 aut
2253 3115 2516 3164 plantationem.

1446 3188 1510 3226 sed
1542 3191 1690 3234 propter
1719 3193 1927 3223 excessum.
1963 3179 2116 3228 Quando
2145 3177 2280 3224 Josi-ph
2311 3176 2472 3214 venditus
2498 3180 2516 3208 θ

1445 3247 1648 3286 fratribus?
1664 3257 1709 3283 an
1728 3243 1874 3292 quando
1893 3244 1926 3280 in
1946 3241 2135 3290 pascendis
2154 3239 2281 3276 ovibus
2301 3236 2516 3284 occupaban-

1447 3310 1531 3348 tur?
1557 3319 1601 3346 an
1619 3319 1702 3345 cum
1721 3308 1861 3354 opimas
1871 3305 2076 3352 jugulantes
2093 3313 2179 3339 oves
2195 3307 2303 3348 atque
2322 3300 2468 3339 edentes
2485 3298 2515 3332 in

1446 3372 1534 3416 otio,
1553 3369 1722 3408 invidiam
1741 3369 1915 3404 adversus
1941 3367 2058 3413 ipsum
2078 3366 2114 3404 in
2141 3365 2308 3403 convivio
2328 3361 2507 3402 moliehan

1447 3431 1526 3469 tur?
1553 3430 1708 3468 Ubinam
1722 3429 1872 3466 Joannis
1889 3428 2057 3475 Baptista:
2075 3432 2182 3475 caput
2199 3426 2236 3464 in
2263 3426 2364 3464 disco
2386 3421 2514 3462 obtule-

1446 3501 1530 3531 runt
1545 3491 1810 3530 meretriculas?
1830 3491 1865 3528 in
1886 3495 1982 3528 creta
2011 3489 2212 3536 sapientiai,
2237 3499 2283 3526 an
2307 3489 2342 3525 in
2361 3479 2517 3524 convivio

1447 3554 1666 3602 impietatis?
1684 3554 1815 3591 Beatus
1830 3553 1962 3590 Paulus
1980 3551 2108 3590 bibens
2124 3557 2162 3588 et
2179 3549 2374 3590 comedens
2389 3545 2433 3584 ad
2447 3551 2516 3580 me-

1447 3615 1542 3652 diam
1561 3626 1674 3663 usque
1695 3622 1838 3654 noctem
1856 3614 2092 3664 protrahebat
2117 3623 2340 3656 sermonem,
2371 3620 2414 3646 au
2431 3604 2518 3653 jeju-

1448 3688 1517 3715 nus
1533 3685 1570 3716 ot
1585 3679 1734 3725 docens,
1763 3685 1872 3726 atque
1893 3678 2005 3716 Deum
2036 3677 2243 3725 ignorantes
2263 3674 2307 3712 ad
2333 3671 2434 3711 ﬁdem
2459 3664 2518 3704 ad-

1448 3738 1614 3778 ducens?
1650 3739 1730 3788 lpse
1754 3746 1874 3778 autem
1904 3749 2066 3777 summus
2105 3739 2230 3776 Pastor
2263 3742 2300 3773 et
2333 3733 2460 3770 Doctor
2485 3727 2519 3761 cl

1448 3801 1614 3850 Magister
1627 3787 1732 3844 Jews
1755 3801 1932 3846 Christus,
1962 3801 2108 3839 humani
2139 3796 2350 3838 emendator
2377 3787 2516 3830 erroris.

1449 3863 1595 3907 ubinam
1625 3866 1660 3903 in
1687 3865 1830 3907 civitate
1847 3864 2024 3912 reperitur
2041 3860 2247 3903 conradens,
2274 3856 2342 3896 nisi
2365 3854 2518 3912 ιειιιινοτξ

1451 3925 1620 3973 Pascha,
1668 3905 1764 3974 quod
1799 3905 2169 3972 erat-mysteriorum
2199 3905 2518 3964 complementum?
