3932 6190
202 415 277 473 ts
1104 395 1194 452 ne
1237 391 1388 448 \‘lTA
1427 390 1483 444 s.
1525 379 1796 442 JOANNIS
1833 367 2318 434 cnnvsosrout.
3417 370 3481 427 ω

205 532 356 604 Quid
395 537 570 584 autem
615 531 666 577 et
697 513 939 574 sollicitis
973 506 1246 604 discipulis
1269 501 1544 604 inve-nitur
1585 491 1797 552 dicere?

210 589 288 680 de
330 620 483 684 cibis,
526 631 595 670 an
621 612 689 667 de
725 603 993 665 lectione?
1043 598 1355 670 Operamini,
1394 589 1685 684 inquiens,-
1701 601 1802 684 non

215 678 529 785 pereuntem,
555 705 641 760 sed
665 705 1036 771 permanentem
1057 693 1218 785 Cibum
1243 690 1419 761 (Joan.
1445 682 1623 785 6.1.97).
1639 678 1804 785 .Dicat

213 773 380 878 igitur
412 816 536 857 cum
587 794 815 850 Domino
848 788 1134 858 prmclarus
1178 782 1442 839 Joannes:
1488 773 1802 874 Convivium

215 864 397 952 meum
422 902 504 947 est
525 887 674 944 verbi
704 881 945 938 doctrina
972 886 1024 932 et
1048 873 1365 936 distributio,
1385 870 1438 922 in
1460 881 1617 938 quam
1645 864 1802 917 etiam

203 955 426 1054 electus
451 996 570 1037 sum
602 983 820 1048 promer
847 969 1024 1042 populi
1054 966 1295 1020 salutem.
1326 960 1506 1029 Neque
1535 956 1673 1011 enim
1698 953 1804 1052 Deo

220 1051 375 1133 cibus
403 1087 499 1127 nos
525 1063 888 1128 commendat,
913 1073 1082 1126 neque
1108 1056 1152 1110 si
1179 1051 1536 1110 comedamus,
1567 1057 1737 1112 neque
1761 1051 1807 1094 si

223 1182 336 1221 non
374 1158 738 1221 comedamus,
785 1168 845 1207 ea
891 1159 972 1205 est
1001 1147 1140 1200 enim
1185 1137 1514 1197 consuetudo
1550 1133 1805 1205 gentium,

225 1257 432 1312 mensis
471 1251 720 1319 decipere
761 1257 894 1314 quos
942 1236 1316 1300 iuescaverint,
1355 1247 1473 1286 cum
1517 1223 1810 1282 rationibus

231 1343 556 1418 persuadere
576 1317 730 1393 aliter
759 1349 863 1388 non
898 1330 1184 1402 potuerint,
1215 1323 1502 1380 dicentium
1530 1335 1543 1371 :
1584 1317 1812 1418 Edanms

219 1407 276 1486 et
298 1435 576 1489 bibamus;
603 1440 720 1477 cras
749 1421 884 1476 enim
919 1413 1289 1484 moriemur“
1328 1412 1450 1467 Cor.
1487 1411 1575 1478 15,
1609 1410 1723 1479 52).
1754 1407 1812 1464 In

224 1535 377 1590 quos
408 1516 705 1588 Apostolus
742 1512 1008 1567 acriorem
1040 1506 1467 1576 increpationem
1513 1505 1813 1573 intorquet,

223 1611 424 1665 dicens
449 1627 462 1663 :
493 1607 578 1662 Ne
599 1604 901 1674 decipimini
923 1617 939 1655 :
965 1605 1308 1667 corrumpunt
1332 1613 1500 1650 mores
1531 1595 1692 1649 bonos
1715 1594 1821 1648 col-

227 1698 413 1768 loquia
447 1713 614 1766 prava
645 1693 754 1760 (Ib.
787 1711 834 1748 υ.
871 1694 940 1749 55
960 1694 977 1761 )
1001 1709 1014 1746 :
1041 1689 1314 1758 colloquia
1340 1701 1506 1757 prava
1537 1685 1820 1756 appellans

228 1785 402 1840 verba
425 1799 547 1853 qua:
573 1783 716 1838 circa
743 1780 1012 1849 ejusmodi
1042 1793 1130 1832 res
1156 1782 1464 1830 versantur.

304 1870 436 1924 CAP.
468 1881 649 1921 xnt.—-
665 1867 812 1919 Duc.
841 1863 1060 1918 Sincere
1088 1860 1298 1930 quidem
1325 1868 1381 1914 et
1410 1857 1658 1928 perdocte
1685 1855 1812 1911 huc-

228 1975 404 2031 usque
445 1959 650 2013 locutus
697 1972 788 2017 es,
831 1963 880 2009 ct
909 1955 979 2008 ita
1007 1968 1066 2007 se
1106 1966 1193 2006 res
1232 1949 1410 2004 habet.
1447 1946 1536 2002 Vae
1559 1949 1688 2001 enim
1726 1946 1812 2016 qui

233 2054 359 2108 dicit
386 2050 535 2105 dulce
558 2064 810 2112 amarum,
833 2056 877 2099 et
899 2059 1127 2098 amarum
1155 2042 1340 2096 dulce!
1367 2057 1442 2095 vn:
1461 2041 1547 2110 qui
1574 2040 1710 2107 ponit
1733 2038 1812 2091 ln-

229 2161 340 2198 eem
361 2142 607 2207 tenebras,
634 2150 682 2194 et
706 2137 932 2192 tenebras
958 2136 1116 2189 lucem
1143 2131 1296 2202 (Isai.
1323 2132 1375 2186 5.
1399 2130 1490 2196 20)
1513 2131 1526 2184 !
1548 2128 1650 2185 Sed
1674 2129 1814 2182 dicet

231 2234 352 2305 quis
381 2251 395 2288 :
429 2232 535 2287 Nec
563 2245 660 2284 nos
687 2229 912 2282 dicimus
939 2226 1110 2295 ipsum
1140 2221 1397 2292 ejusmodi
1425 2220 1622 2274 mensis
1659 2218 1810 2272 dedi-

235 2339 347 2380 tum
373 2338 491 2378 esse
519 2321 737 2376 debere.
782 2316 1066 2372 immodica
1097 2315 1237 2368 enim
1275 2313 1362 2366 illa
1391 2309 1626 2381 profusio
1666 2308 1812 2361 volu-

235 2415 399 2486 ptatis
428 2413 632 2467 occasio
660 2421 762 2473 est,
781 2419 833 2464 et
858 2407 1015 2461 nimia
1045 2395 1629 2474 parcitnonia‘scgnitiae
1654 2408 1708 2453 et
1737 2407 1814 2454 te-

235 2506 481 2562 nacitatis
503 2501 904 2558 demonstratio.
934 2498 1110 2553 Potuit
1131 2496 1271 2552 enim
1301 2503 1354 2549 et
1375 2493 1517 2548 solos
1538 2494 1812 2560 episcopos

235 2612 452 2661 vocare,
479 2606 533 2650 et
559 2609 624 2649 ex
658 2593 737 2645 his
766 2591 1056 2661 przesertim
1083 2587 1439 2656 religiosiores
1465 2601 1475 2637 :
1499 2592 1553 2638 et
1576 2582 1618 2635 si
1639 2583 1811 2634 minus

235 2688 353 2752 bos,
389 2687 576 2740 saltem
604 2685 875 2754 proprium
901 2681 1100 2734 clerum
1127 2697 1137 2730 :
1168 2679 1379 2730 imitans
1424 2675 1696 2728 Dominum
1725 2687 1814 2726 ve.

234 2785 470 2832 scentem
497 2790 619 2830 cum
659 2771 934 2826 duodecim
961 2768 1232 2837 apostolis.
1267 2767 1436 2819 EPISC.
1473 2763 1635 2817 Valde
1681 2756 1810 2817 con-

235 2877 487 2933 seutanea
530 2861 878 2932 respondisti,
915 2859 1188 2913 hominum
1221 2856 1598 2911 voracissima:
1645 2852 1810 2922 siqui-

237 2959 361 3013 dem
393 2959 526 3028 passi
560 2955 784 3011 fuisseut
809 2955 987 3009 clerici
1031 2967 1150 3006 cum
1177 2950 1380 3006 Joanne
1407 2948 1697 3018 prandere,
1723 2947 1812 3017 qui

238 3059 354 3119 post
381 3047 565 3101 horam
596 3056 650 3101 ct
686 3053 804 3115 post
842 3045 982 3097 diem
1015 3041 1275 3096 interdum
1308 3039 1528 3104 edebat;
1563 3038 1658 3104 ipsi
1688 3052 1812 3090 vero

237 3138 403 3192 multo
444 3151 564 3190 cum
608 3143 858 3204 apparatu
894 3142 1064 3185 tantas
1111 3131 1292 3201 epulas
1331 3144 1488 3199 quam
1537 3127 1812 3182 celerrime

235 3229 592 3284 sectabantur.
650 3224 947 3279 Absurtlutn
996 3230 1111 3276 erat
1151 3221 1297 3274 cibos
1349 3218 1677 3273 inﬁrmorum
1723 3225 1814 3271 aut

237 3335 526 3390 pauperum
569 3333 777 3381 eorum,
805 3317 890 3386 qui
919 3315 1032 3369 sani
1076 3323 1225 3366 erant
1252 3308 1668 3378 intemperantia:
1711 3308 1811 3361 im-

237 3416 488 3482 pendere.
521 3409 774 3478 Quaenam
821 3422 978 3476 porro
1007 3405 1089 3459 lex
1119 3403 1206 3457 illa
1252 3411 1353 3466 est,
1385 3399 1670 3468 discipulos
1698 3413 1811 3451 ma-

237 3503 396 3570 gistro
424 3499 735 3568 pra‘cipere,
767 3497 832 3549 ab
875 3495 1094 3550 infirmis
1119 3493 1291 3548 curari
1322 3491 1609 3555 medicum,
1653 3497 1741 3543 aut
1780 3503 1810 3542 a

236 3593 540 3647 vectoribus
565 3590 673 3659 regi
704 3586 1142 3658 gubernatorem?
1169 3600 1288 3639 cum
1322 3583 1558 3637 medicus
1601 3593 1814 3648 semper

237 3695 382 3739 curet
432 3683 694 3744 infirmos,
723 3691 774 3734 et
812 3689 1108 3750 prttCCpIOt‘
1134 3678 1362 3746 corrigat
1408 3673 1693 3742 discipulos
1713 3713 1728 3736 ,
1759 3680 1814 3726 et

237 3777 386 3830 navis
432 3775 756 3844 gubernator
793 3771 931 3840 quod
981 3771 1104 3823 utile
1155 3777 1236 3824 est
1282 3765 1644 3836 navigantibus
1685 3777 1809 3832 pro-

234 3877 405 3923 curet.
435 3868 499 3920 Et
525 3866 731 3919 medico
754 3863 964 3933 quidem
996 3871 1152 3930 atque
1177 3857 1510 3929 gubernatori
1541 3855 1812 3923 obtempe-

236 3967 439 4021 rantes,
467 3959 552 4025 qui
580 3957 678 4008 sub
705 3955 806 4007 illis
833 3960 975 4016 sunt,
1003 3953 1125 4004 vita:
1150 3964 1307 4004 causa
1334 3947 1571 4001 dolorem
1598 3958 1809 3999 omnem

237 4063 295 4102 se
319 4046 619 4100 molestiam
663 4044 904 4106 fuerunt,
932 4055 1152 4110 quorum
1197 4048 1247 4093 et
1277 4051 1550 4092 successus
1581 4036 1812 4090 incertus

234 4147 314 4192 est
346 4155 360 4191 :
388 4145 447 4189 at
483 4151 606 4188 vero
655 4134 906 4186 adversus
941 4139 1318 4200 prwceptoretn
1356 4142 1534 4181 rerum
1581 4125 1808 4194 optima-

243 4244 357 4283 rum
389 4269 406 4292 ,
465 4227 554 4295 qui
608 4225 823 4278 morbos
875 4232 929 4277 et
988 4221 1320 4274 infirmitates
1377 4218 1588 4285 abigere
1643 4215 1812 4269 solers

236 4330 348 4382 est,
419 4328 475 4372 et
532 4318 860 4384 voluptatum
924 4314 1246 4368 decmuanos
1312 4310 1500 4364 ﬂuctus
1559 4323 1812 4378 superare

238 4409 574 4471 exercitatus,
623 4405 894 4460 cli‘ra‘nato
943 4403 1024 4457 isti
1073 4418 1164 4457 ore
1209 4403 1503 4471 insurgunt,
1552 4401 1727 4465 illotis,
1759 4409 1812 4452 ut

237 4501 402 4562 aiunt,
453 4499 675 4568 pedibus
715 4497 890 4551 omnia
936 4495 1242 4554 miscentes.
1296 4495 1404 4548 Etsi
1448 4494 1586 4548 enim
1639 4493 1727 4547 ille
1754 4507 1812 4547 se

239 4592 438 4642 mensis
462 4590 794 4650 devovisset,
826 4602 890 4640 an
931 4595 1006 4640 tot
1035 4585 1424 4653 magistratibus
1461 4593 1515 4638 et
1541 4583 1811 4636 honoratis

237 4684 480 4738 stifticere
526 4691 752 4751 poterat,
801 4690 906 4734 tam
951 4694 1190 4748 magnam
1235 4679 1498 4732 civitatem
1548 4676 1807 4742 habitans,

238 4774 459 4844 singulis
488 4783 578 4826 aut
623 4781 837 4842 propter
864 4770 1309 4831 benedictionem,
1344 4779 1434 4821 aut
1484 4778 1698 4837 propter
1729 4766 1810 4819 iu-

233 4867 431 4936 opiam.
457 4875 547 4918 aut
575 4873 788 4934 propter
812 4865 1008 4934 gulam,
1038 4862 1173 4932 apud
1204 4863 1348 4915 illum
1373 4862 1511 4916 vesci
1535 4860 1809 4930 postulan-

235 4955 414 5008 tibus?
463 4952 563 5008 Ubi
612 4963 784 5006 autem
830 4953 1000 5007 locum
1055 4951 1322 5005 habuisset
1371 4951 1458 5006 Dei
1516 4949 1807 5013 meditatio,

234 5047 415 5117 populi
451 5047 769 5114 procuratio,
818 5045 1034 5100 scientia
1063 5044 1476 5113 Scripturarum,
1511 5042 1812 5096 sollicitudo

235 5139 535 5202 viduarum,
582 5140 842 5208 virginum
891 5138 1160 5202 solatium,
1221 5137 1546 5190 inﬁrmorum
1588 5136 1808 5200 curatio,

236 5230 554 5284 afﬂictornm
586 5231 860 5294 auxilium,
892 5229 1182 5284 errantium
1232 5228 1530 5291 conversio,
1559 5227 1786 5279 contrito
1843 5227 1852 5258 ‘-

238 5337 353 5374 rum
404 5337 560 5382 eura.
622 5338 834 5376 carcere
860 5322 1194 5376 detentorum
1245 5318 1510 5373 visitatio?
1547 5315 1810 5373 Cteterum

237 5411 503 5480 quomodo
530 5411 796 5481 effugisset
840 5411 1298 5482 exprobratoriam
1341 5408 1480 5462 illam
1526 5409 1614 5462 Dei
1649 5408 1812 5462 malc-

239 5501 549 5566 dictionem,
574 5519 674 5572 qua
706 5504 990 5572 exprobrat
1037 5502 1173 5569 apud
1203 5498 1531 5554 Ezcclticlem
1559 5515 1571 5551 :
1608 5497 1694 5552 ι-’ω
1719 5516 1811 5567 pa-

237 5595 492 5657 storibus,
536 5598 620 5662 qui
669 5596 859 5662 seipsos
916 5602 1163 5663 pascunt,
1210 5603 1255 5647 et
1299 5609 1410 5646 oves
1457 5609 1556 5646 non
1604 5605 1812 5662 pascunt

239 5684 452 5754 (Exerit.
483 5687 574 5742 3i.
600 5687 696 5758 2)?
735 5692 862 5754 Qua:
892 5695 1161 5741 erraverat
1207 5703 1309 5741 non
1342 5685 1647 5752 reduxistis,
1696 5701 1812 5756 qua:

241 5777 468 5845 [καίεται
521 5795 624 5834 non
673 5781 1002 5851 requisisti-5,
1053 5778 1315 5835 infirmum
1369 5794 1474 5835 non
1528 5780 1804 5849 tisitastis,

1907 486 2191 542 contritum
2234 499 2337 538 non
2363 483 2665 553 obligastis,
2697 494 2751 539 et
2794 500 2912 550 qua:
2953 484 3158 555 pinguis
3187 494 3333 544 erat.
3363 501 3480 539 ma-

1909 583 2115 633 ctantes
2142 573 2466 630 comedistis.
2488 574 2561 629 De
2585 573 2776 645 quibus
2801 574 2928 629 dicit
2953 574 3145 629 Paulus
3178 573 3484 633 πεισθεῖσα-ης

1902 670 2043 722 er-im
2059 672 2105 723 si
2119 671 2236 740 quis
2253 687 2341 724 cos
2363 673 2415 724 in
2440 672 2740 726 servitutem
2763 673 2974 744 redigit,
2991 677 3038 729 si
3050 677 3166 745 quis
3183 678 3419 743 devorat,
3441 683 3488 734 si

1906 763 2024 832 quis
2049 763 2241 828 accipit
2267 763 2320 832 (2
2379 762 2502 819 Cor.
2532 765 2620 826 ll,
2648 763 2758 836 20)
2784 784 2796 818 :
2828 774 2880 819 et
2900 766 3041 822 lanis
3064 767 3280 836 quidem
3308 769 3484 825 induti

1908 854 2064 919 estis,
2083 870 2212 910 oves
2230 865 2410 910 autem
2429 872 2536 911 non
2555 857 2798 926 pascitis.
2819 856 2883 911 Et
2900 857 2955 912 in
2969 857 3199 913 Jeretnia
3222 861 3289 915 de
3311 861 3483 932 pigris

1907 943 2221 1013 pastoribus
2243 946 2374 1000 dicit
2398 965 2410 1000 :
2439 945 2689 1001 Pastores
2725 946 2879 1000 multi
2904 959 3251 1016 corruperunt
3279 953 3483 1006 vineam

1909 1035 2039 1090 mihi
2058 1035 2190 1108 (Jer.
2214 1038 2299 1098 l2,
2325 1039 2389 1092 10
2407 1039 2444 1108 ).
2464 1039 2551 1091 Ait
2570 1038 2724 1092 Duc.
2746 1039 2964 1093 Poterat
2985 1054 3080 1094 eos
3102 1055 3319 1110 quoque
3339 1053 3488 1095 certo

1909 1139 2152 1198 tempore
2171 1144 2387 1195 curare,
2407 1139 2459 1184 et
2474 1131 2973 1185 ecclesiasticarum
2993 1146 3174 1183 rermn
3193 1145 3378 1184 curam
3400 1131 3491 1184 ha-

1913 1215 2068 1279 bere.
2095 1232 2166 1272 ne
2193 1217 2246 1270 in
2265 1233 2330 1272 eo
2355 1219 2492 1272 male
2517 1218 2706 1274 audire
2738 1219 3035 1280 videretur,
3065 1220 3156 1286 qui
3191 1220 3242 1272 in
3273 1220 3486 1275 ca°teris

1912 1319 2142 1376 magnus
2161 1313 2299 1359 erat.
2316 1305 2491 1363 Episc.
2509 1305 2622 1361 lloc
2638 1323 2831 1376 nempe
2848 1315 2952 1372 est,
2967 1307 3109 1376 quod
3133 1307 3186 1360 in
3200 1306 3487 1362 sacerdote

1913 1398 2228 1468 requiritur,
2247 1397 2432 1454 videre
2455 1415 2522 1453 ne
2541 1400 2678 1453 male
2698 1399 2905 1462 audiat,
2926 1415 3019 1454 seu
3037 1399 3215 1468 potius
3237 1406 3295 1452 ut
3315 1399 3487 1469 largi-

1912 1497 1994 1543 ter
2011 1504 2317 1544 sermonem
2333 1490 2586 1559 praebeat,
2606 1492 3020 1557 curam,zelum,
3039 1503 3200 1561 atque
3215 1491 3486 1562 reliquum

1915 1581 2295 1638 sacerdotalem
2327 1585 2594 1641 allectum.
2621 1586 2698 1640 An
2731 1588 2961 1657 ignoras,
2993 1591 3291 1646 venerande
3317 1591 3492 1647 Theo-

1915 1670 2063 1736 dore,
2101 1674 2296 1742 injnsto
2335 1677 2614 1731 maledicto
2640 1677 3018 1734 beatitudinem
3049 1695 3076 1733 a
3111 1681 3332 1736 Domino
3357 1683 3489 1739 doll-

1913 1761 2102 1822 hitam.
2129 1766 2216 1834 qui
2241 1781 2359 1820 cum
2386 1769 2502 1820 aliis
2529 1769 2982 1824 benedictionibus
3000 1771 3126 1825 dixit
3151 1772 3323 1828 :Beati
3348 1777 3486 1840 estis,

1917 1869 2028 1907 cum
2056 1858 2190 1908 vobis
2215 1859 2619 1925 exprobraverint
2634 1900 2648 1923 ,
2673 1868 2718 1911 et
2748 1860 2965 1914 dixerint
2991 1878 3137 1915 omne
3164 1865 3485 1919 maledictum

1916 1947 2153 2000 adrersns
2169 1964 2250 2002 vos
2263 1950 2279 2017 (
2292 1948 2474 2002 Matth.
2492 1950 2575 2004 5.1
2593 1952 2608 2003 1
2623 1951 2661 2020 ).
2681 1948 2771 2004 Vw
2781 1962 2946 2004 autem
2964 1953 3116 2018 vobis,
3133 1955 3332 2021 quando
3353 1957 3488 2010 vobis

1918 2038 2255 2092 benedixerint
2291 2057 2460 2094 omnes
2487 2041 2709 2095 homines
2732 2057 2750 2095 :
2776 2044 3046 2096 secundum
3085 2045 3214 2097 enim
3244 2062 3302 2100 ea
3328 2047 3487 2116 facie-

1917 2131 2034 2182 bant
2064 2131 2320 2199 prophctis
2351 2141 2516 2200 patres
2557 2148 2730 2185 eorum
2775 2132 2924 2201 (Luc.
2957 2133 3005 2188 6.
3043 2133 3159 2204 26).
3201 2134 3483 2200 Quomodo

1916 2229 2094 2274 autem
2120 2235 2181 2274 os
2212 2223 2263 2275 in
2288 2221 2482 2277 divinis
2511 2223 2736 2291 eloquiis
2760 2225 3125 2287 exercitatum,
3160 2235 3212 2280 et
3238 2228 3382 2282 auris
3411 2229 3490 2283 di-

1917 2311 2035 2364 vina
2067 2311 2279 2366 oracula
2313 2311 2495 2367 audire
2522 2324 2752 2376 assueta,
2781 2329 2979 2369 mensm
3007 2315 3378 2386 loquacitatem
3407 2330 3490 2374 to-

1918 2401 2159 2466 lcrassct,
2196 2403 2418 2456 Domino
2447 2402 2654 2458 dicente
2679 2423 2692 2457 :
2730 2403 2893 2457 Nemo
2919 2414 3078 2474 potest
3109 2407 3302 2461 duobus
3326 2407 3490 2462 domi-

1918 2493 1996 2546 nis
2036 2495 2253 2556 servire;
2279 2493 2505 2557 deinde.
2553 2496 2670 2550 Non
2701 2499 2900 2566 potestis
2938 2497 3045 2552 Deo
3087 2501 3269 2554 servire
3297 2511 3342 2555 et
3380 2519 3492 2556 nta-

1916 2599 2079 2638 mona’
2127 2583 2342 2653 (Matth.
2389 2586 2442 2640 6.
2493 2586 2626 2656 ‘24)?
2673 2587 2985 2654 Qua'r'amus
3040 2589 3198 2660 igitur
3243 2591 3366 2660 quid
3423 2593 3494 2647 sit

1918 2689 2161 2728 Inamona
2182 2717 2195 2738 ,
2226 2691 2292 2730 ne
2322 2675 2455 2731 forte
2500 2678 2831 2732 inveniamur
2873 2695 2980 2734 non
3013 2681 3218 2735 duobus
3263 2682 3493 2736 dominis

1917 2765 2148 2831 servire,
2205 2765 2296 2819 sed
2341 2768 2438 2820 soli
2485 2783 2764 2822 matnonm.
2818 2769 3113 2826 Mamonatn
3167 2776 3308 2827 enim
3354 2790 3494 2829 nunc

1921 2873 2028 2912 non
2057 2858 2324 2912 diabolum
2363 2858 2510 2924 dicit,
2544 2861 2637 2915 sed
2666 2862 2844 2915 mundi
2898 2863 3054 2932 hujus
3097 2865 3304 2919 inanem
3348 2867 3493 2922 labo-

1917 2967 2049 3014 rem,
2083 2966 2111 3004 a
2138 2967 2244 3021 quo
2289 2951 2584 3021 discipulos
2622 2967 2748 3007 suos
2789 2953 3000 3008 divinus
3041 2971 3216 3010 sermo
3249 2958 3485 3012 abduxit.

1917 3045 2067 3100 Duc.
2107 3045 2238 3100 Redi
2260 3088 2274 3112 ,
2303 3061 2334 3099 ο
2361 3048 2716 3101 sacratissime
2745 3045 2921 3107 Pater.
2951 3049 3016 3102 ad
3059 3049 3351 3104 narrandas
3398 3066 3489 3106 res

1915 3147 2155 3202 CtL‘lCl'ﬂS,
2183 3137 2308 3192 dum
2336 3153 2634 3193 sermonem
2666 3139 2811 3192 illum
2840 3138 2906 3192 de
2937 3155 3114 3193 mensa
3146 3139 3356 3195 abunde
3379 3140 3488 3209 jam

1917 3229 2298 3285 demonstraris
2327 3249 2341 3286 ς
2376 3245 2543 3300 neque
2589 3229 2728 3284 feras
2779 3232 3041 3299 graviter,
3070 3231 3208 3300 quod
3249 3247 3309 3285 ea
3341 3231 3488 3300 obje-

1916 3319 2115 3384 cerim;
2158 3321 2306 3388 plura
2351 3319 2491 3373 enim
2541 3319 2680 3374 scire
2724 3319 2967 3388 Cupidus,
3001 3320 3342 3388 multiplicctn
3397 3320 3494 3376 do-

1919 3413 2142 3465 ctrinam
2191 3421 2330 3466 tuam
2361 3413 2658 3467 accuratius
2707 3413 3114 3475 interrogabam.
3163 3412 3336 3467 Eetsc.
3381 3411 3493 3466 lloc

1919 3501 2009 3554 lilii
2037 3516 2064 3552 a
2093 3516 2176 3554 me
2205 3501 2398 3554 clarius
2422 3501 2620 3554 dictum
2659 3501 2762 3565 sit,
2792 3500 3072 3554 Theodore
3099 3500 3488 3555 studiosissime

1917 3595 2056 3664 (ipse
2085 3593 2224 3647 enim
2272 3608 2407 3665 unus
2440 3592 2508 3645 fui
2560 3592 2718 3647 exiis
2746 3592 2833 3661 qui
2884 3605 3186 3644 mensarum
3236 3600 3491 3660 apparatu

1917 3684 2236 3740 multitudini
2268 3684 2477 3753 placere
2502 3683 2735 3753 student)
2756 3723 2769 3744 ,
2801 3683 2919 3749 quia
2947 3681 3248 3751 episcopus,
3285 3697 3488 3752 magna

1917 3775 2210 3846 prmscrlim
2238 3775 2404 3838 urbis,
2428 3775 2515 3842 qui
2543 3773 2796 3828 derelicto
2821 3772 2966 3826 verbi
2998 3772 3312 3838 ministerio,
3337 3780 3492 3826 nocte

1917 3865 2107 3933 dieque
2135 3864 2264 3933 legis
2295 3863 2498 3917 tabulas
2528 3864 2578 3916 in
2609 3863 2851 3916 manibus
2892 3878 2996 3916 non
3040 3861 3272 3928 habens,
3309 3877 3489 3916 curam

1917 3971 2208 4026 pauperum
2238 3971 2342 4008 non
2373 3970 2469 4023 per
2506 3970 2581 4017 se,
2611 3954 2704 4009 sed
2748 3971 2839 4022 per
2865 3956 2997 4010 alios
3026 3954 3179 4024 gerit,
3211 3955 3364 4024 longe
3392 3955 3492 4008 erit

1916 4046 2071 4099 abiis
2097 4045 2182 4114 qui
2228 4044 2517 4099 dixerunt:
2551 4042 2682 4098 Ecce
2724 4043 3078 4115 dereliqnimns
3117 4046 3302 4107 omnia,
3329 4053 3372 4096 et
3409 4060 3488 4098 se-

1916 4140 2059 4209 quuti
2075 4154 2249 4192 sumus
2265 4146 2342 4189 te:
2367 4137 2488 4205 quid
2509 4153 2625 4206 ergo
2649 4136 2742 4189 erit
2758 4136 2808 4188 in
2837 4136 2975 4189 nobis
2997 4136 3012 4194 (
3035 4135 3216 4188 Matth.
3245 4133 3448 4205 19.27)
3467 4137 3492 4187 τ

1917 4229 2340 4284 annumerandus
2382 4230 2445 4282 iis
2485 4230 2570 4297 qtti
2613 4228 2897 4282 dixerunt:
2945 4227 3186 4294 Domine,
3231 4242 3394 4281 nonne
3441 4228 3492 4280 in

1918 4322 2117 4374 nomine
2147 4329 2230 4373 tuo
2258 4319 2362 4372 htec
2389 4318 2538 4372 etilla
2577 4319 2829 4386 fecimus?
2855 4317 3126 4370 auditurus
3157 4332 3272 4372 cum
3316 4315 3442 4385 ipsis
3472 4333 3491 4368 :

1921 4412 2173 4466 Discedite
2224 4429 2253 4463 a
2309 4428 2418 4476 me;
2463 4411 2764 4464 maledicti:
2815 4411 2977 4463 nescio
3029 4426 3148 4471 ros.
3200 4409 3330 4462 unde
3377 4409 3492 4462 estis

1922 4505 1939 4576 (
1971 4503 2092 4557 an.
2127 4505 2209 4558 l3.
2241 4503 2309 4557 27
2340 4500 2403 4574 )?
2433 4501 2546 4556 Non
2588 4502 2726 4555 enim
2759 4501 2940 4553 Oratio
2982 4501 3220 4570 agnoscit
3269 4499 3486 4553 rationis

1917 4607 2163 4665 expertes
2192 4596 2463 4664 operarios
2494 4613 2506 4649 :
2544 4608 2702 4662 purus
2745 4593 2884 4646 enim
2935 4592 3028 4660 ipsi
3059 4602 3141 4645 est
3184 4591 3387 4654 oculus,
3423 4607 3488 4646 ne

1918 4687 2090 4740 videat
2118 4686 2276 4740 mala.
2308 4686 2452 4740 Multi
2487 4686 2626 4739 enim
2664 4700 2728 4736 ex
2757 4684 2820 4738 iis
2847 4682 2930 4752 qui
2966 4683 3212 4736 dicuntur
3232 4684 3488 4752 episcopi,

1913 4777 2111 4847 justum
2142 4777 2219 4829 sui
2250 4777 2427 4829 odium
2469 4790 2573 4845 quo
2619 4782 2831 4842 propter
2855 4773 3096 4842 proprios
3143 4787 3318 4826 mores
3349 4773 3494 4828 Iaho-

1919 4877 2058 4932 raut,
2091 4877 2144 4921 et
2175 4866 2489 4934 Spiritaliunt
2522 4865 2775 4918 incuriam
2806 4865 3106 4918 rescindere
3133 4864 3257 4919 dum
3286 4864 3491 4930 volunt,

1921 4960 2106 5012 vitium
2153 4960 2280 5011 vitio
2323 4965 2645 5027 permutant,
2689 4955 2963 5009 avaritiam
2993 4957 3244 5010 vanitate.
3301 4955 3365 5010 Et
3389 4971 3489 5008 una

1919 5052 2130 5124 quidem
2159 5067 2315 5104 manu
2340 5050 2482 5120 large
2509 5059 2788 5118 peccantes
2809 5048 2871 5101 ad
2895 5057 3046 5118 turpe
3073 5048 3300 5108 luetum.
3330 5048 3492 5101 altera

1918 5159 2043 5198 vero
2069 5157 2278 5198 mensas
2304 5149 2693 5204 construentes,
2729 5148 2783 5194 ct
2811 5139 3116 5194 sublimium
3149 5139 3488 5193 a-diliciorum

1918 5235 2190 5290 Columnas
2220 5232 2517 5301 erigentes,
2547 5241 2600 5284 ttt
2626 5246 2689 5285 ex
2737 5230 2818 5284 his
2849 5231 2973 5286 boni
3005 5240 3058 5285 et
3096 5228 3336 5285 industrii
3367 5239 3486 5280 esse

1919 5326 2215 5389 vidcantur,
2246 5323 2584 5394 ignominiam
2637 5339 2731 5393 pro
2764 5323 2964 5377 honore
2989 5323 3260 5391 colligunt,
3304 5315 3490 5371 Eccle-

1919 5416 2094 5471 siastze
2138 5414 2498 5478 immemores,
2521 5413 2608 5483 qui
2637 5424 2689 5468 ct
2731 5413 2828 5467 ista
2859 5418 3248 5473 construxerat,
3282 5414 3335 5460 et
3363 5404 3485 5458 odio

1921 5507 2125 5570 habuit,
2179 5516 2338 5574 atque
2389 5506 2507 5559 talia
2551 5505 2831 5559 manifeste
2859 5505 3040 5566 vetuit,
3072 5516 3190 5554 cum
3231 5498 3489 5567 scripsit:

1865 5575 1905 5594 Φ
1921 5598 2042 5650 Feri
2070 5598 2192 5650 mihi
2225 5596 2398 5651 domos
2423 5608 2466 5651 et
2498 5597 2686 5658 hortos,
2716 5608 2769 5649 et
2815 5603 3006 5648 caetera
3044 5609 3056 5645 :
3095 5601 3142 5644 et
3167 5604 3278 5642 ecce
3321 5589 3493 5642 omnia

1919 5689 2141 5753 vanitas,
2173 5699 2218 5742 et
2244 5689 2328 5741 odi
2359 5703 2554 5742 onmem
2593 5687 2810 5740 laborem
2839 5697 3034 5749 meum,
3061 5697 3157 5750 quo
3186 5696 3276 5744 eqo
3320 5682 3494 5735 laboro

1925 5779 2013 5833 sub
2035 5779 2138 5832 sole
2160 5776 2351 5851 (Et-rte.
2375 5775 2431 5830 2.
2456 5777 2505 5832 5.
2539 5775 2620 5829 ll.
2653 5773 2760 5842 l7).
2789 5771 2901 5826 Non
2929 5772 3080 5844 dmi,
3106 5776 3279 5845 Super
3300 5773 3492 5837 solem,
