3932 6190
470 351 538 407 47
1729 337 2036 397 PALLADll

2148 337 2413 397 ALOGUS
2855 331 2862 333 ’
3654 345 3718 398 ιε

472 477 544 517 ne
569 455 952 514 intellectuales
998 453 1212 508 labores
1252 452 1444 522 injuria
1489 451 1747 508 afficeret.
1781 448 1905 506 litae
1949 463 2049 506 au-

473 561 578 605 tem
607 547 748 611 dico,
771 559 878 598 non
905 542 1365 614 cornprebendens
1384 556 1498 607 eos,
1524 541 1615 612 qui
1635 541 1775 611 justa
1799 539 1868 596 de
1888 554 2048 595 causa

470 650 525 696 et
569 637 893 693 necessitate
936 636 1193 692 ecclesias
1233 635 1471 692 condunt
1511 645 1601 688 aut
1643 634 1917 699 reflciunt;
1953 633 2044 690 sed

472 731 682 785 illorum
729 744 910 792 causa,
943 729 1031 798 qui
1067 729 1206 784 bona
1247 741 1536 798 pauperum
1570 729 1620 781 in
1671 726 1890 795 pensilia
1934 741 2048 779 am-

469 819 707 885 bulacra,
721 829 777 876 et
799 819 1060 873 aeriarum
1079 833 1332 888 aquarum
1358 817 1686 886 receptacula
1711 817 1763 870 in
1780 815 1948 870 tertiis
1966 826 2047 869 ta-

471 911 682 973 bulatis,
713 921 766 966 et
795 910 1040 965 indecora
1069 909 1490 964 effeminatorum
1535 908 1806 963 hominum
1837 908 2045 962 lavacra

472 1002 526 1056 in
573 1002 707 1056 locis
753 1000 976 1057 occultis
1018 1009 1358 1065 consumunt,
1395 1008 1501 1054 tum
1554 1007 1610 1053 ut
1651 998 1764 1066 plus
1807 997 2046 1068 pecunias

471 1091 775 1154 corradant,
809 1100 917 1144 tum
947 1099 1005 1145 ut
1039 1099 1282 1144 amentur
1331 1105 1360 1142 a
1409 1092 1608 1143 scurris
1635 1097 1689 1142 et
1730 1088 1925 1152 mimis,
1956 1087 2042 1157 qui

470 1196 573 1249 pro
613 1179 789 1236 studio
821 1181 957 1235 hanc
997 1196 1153 1234 unam
1199 1179 1498 1233 mercedem
1556 1178 1872 1247 rependunt,
1905 1177 2043 1246 quod

472 1274 655 1329 omnia
701 1273 766 1327 ad
813 1274 1137 1342 voluptatem
1180 1271 1452 1340 indulgent
1483 1270 1844 1340 peccantibus.
1892 1269 2047 1323 Absit

469 1371 650 1420 autem
679 1379 709 1419 a
735 1380 842 1427 me,
873 1365 954 1417 vir
980 1363 1152 1433 magni
1181 1363 1410 1417 nominis
1436 1361 1733 1426 Theodore,
1762 1370 1819 1414 ut
1846 1361 2043 1428 impro-

469 1455 555 1511 bis
575 1470 822 1524 umquam
845 1455 1078 1523 placeam
1101 1471 1114 1506 :
1141 1470 1244 1507 non
1267 1455 1407 1508 enim
1425 1453 1638 1507 aliunde
1660 1453 1788 1520 ipsis
1803 1451 2044 1520 placebo,

470 1561 628 1614 quam
655 1561 719 1600 ex
748 1547 809 1598 iis
839 1562 956 1614 qua:
991 1544 1206 1599 Christo
1237 1559 1343 1598 non
1375 1544 1606 1613 placent.
1643 1543 1792 1598 Duc.
1821 1542 1898 1596 Ad
1933 1542 2044 1596 haec

471 1639 693 1694 miratus
739 1638 1053 1692 Theodorus
1097 1637 1460 1706 interrogavit,
1492 1636 1714 1691 dicens:
1753 1636 1882 1689 Cum
1931 1634 2042 1690 bac

473 1733 543 1783 ita
573 1745 638 1784 cx
681 1739 868 1783 natura
894 1729 1033 1784 dicta
1061 1729 1203 1793 sint,
1237 1738 1289 1782 et
1335 1728 1509 1781 nullus
1538 1725 1936 1781 contradicendi
1975 1725 2045 1780 sit

471 1820 640 1883 locus,
657 1820 699 1872 si
717 1819 841 1888 quid
870 1819 1005 1872 nosti
1029 1819 1096 1873 de
1122 1819 1184 1872 iis
1203 1835 1321 1887 qua:
1338 1819 1389 1872 in
1409 1820 1532 1872 Asia
1548 1833 1576 1871 a
1594 1819 1649 1872 S.
1677 1817 1879 1872 Joanne
1895 1826 2041 1886 gesta

468 1916 613 1974 sunt,
637 1908 705 1962 de
731 1923 836 1976 quo
882 1924 1021 1962 nunc
1049 1908 1201 1962 nobis
1239 1923 1416 1962 sermo
1453 1916 1554 1973 est,
1597 1907 1871 1961 nobiscum
1900 1921 2044 1959 com-

467 1996 694 2049 mimica.
723 1997 896 2050 Ense.
931 1997 993 2050 Et
1020 1998 1235 2050 omnino
1262 1996 1494 2064 quidem.
1522 1996 1671 2050 Duc.
1698 1997 1778 2050 An
1811 2008 2044 2064 praasens

467 2085 698 2140 novisti?
723 2101 789 2140 an
835 2085 902 2140 ab
930 2087 1036 2140 alio
1069 2087 1354 2156 accepisti?
1385 2087 1556 2140 Ertsc.
1584 2084 1692 2140 Sed
1722 2100 1790 2139 ne
1825 2084 2043 2140 minima

465 2175 679 2244 quidem
708 2185 856 2244 parte
878 2175 963 2230 isti
989 2176 1190 2246 judicio
1216 2176 1378 2231 defui.
1409 2176 1558 2231 Duc.
1599 2175 1853 2243 Quaenam
1885 2174 2044 2245 igitur

467 2267 787 2335 subsequuta
811 2275 956 2331 sunt,
987 2282 1212 2336 quemve
1239 2266 1398 2322 finem
1439 2275 1786 2335 acceperunt,
1828 2275 1879 2320 et
1904 2263 2044 2319 unde

470 2356 780 2424 principium
808 2356 1137 2420 habuerunt,
1161 2357 1465 2426 singillatim
1494 2357 1623 2411 mihi
1655 2355 1853 2410 exhibe
1880 2371 1896 2410 :
1922 2355 2044 2424 quia

451 2445 790 2518 Theophilus
816 2448 1167 2502 temeritatem
1190 2461 1340 2500 suam
1368 2449 1595 2502 maxime
1626 2446 1906 2502 honestare
1933 2447 2044 2501 sive

467 2537 679 2605 operire
718 2537 923 2600 volens,
972 2538 1023 2590 in
1059 2536 1238 2591 libello
1281 2551 1380 2590 suo
1409 2537 1502 2602 ait,
1531 2536 1742 2590 beatum
1781 2535 2042 2590 Joannem

466 2625 773 2680 dominandi
819 2625 1034 2680 libidine
1079 2634 1377 2695 permotum
1401 2624 1486 2679 die
1512 2640 1612 2678 una
1635 2624 1901 2679 sexdecim
1932 2625 2044 2694 cpi-

467 2732 659 2786 scopos
696 2717 1025 2784 deposuisse.
1055 2727 1108 2772 et
1149 2731 1296 2782 suos,
1327 2717 1445 2772 loco
1480 2716 1718 2781 illorum,
1747 2716 2041 2771 ordinasse.

447 2808 642 2880 Ense.
665 2809 805 2863 Nihil
822 2824 851 2862 a
876 2810 986 2864 suis
1007 2809 1243 2865 moribus
1267 2809 1497 2865 alienum
1525 2809 1646 2865 fecit
1662 2809 1913 2863 mirificus
1931 2807 2040 2872 ille,

466 2909 520 2952 et
548 2913 668 2953 cum
697 2908 881 2955 contra
900 2901 1158 2956 Joannem
1181 2901 1411 2970 scripsit,
1441 2907 1495 2956 et
1519 2916 1638 2955 cum
1657 2898 1785 2954 falsa
1811 2897 2041 2967 scripsit.

468 2989 546 3044 Ex
598 2990 789 3060 quibus
834 2993 976 3045 enim
1022 2992 1404 3045 absconsurum
1448 3006 1506 3045 se
1561 2999 1708 3059 putat
1748 2988 2042 3044 fceditatem

469 3094 643 3142 suam,
671 3096 737 3134 ex
769 3080 953 3133 iisdem
987 3081 1126 3132 illam
1154 3079 1320 3148 magis
1349 3078 1596 3141 traducit,
1629 3077 1713 3132 vel
1737 3077 1934 3130 invitus
1957 3075 2043 3130 in-

468 3166 768 3220 nocentiam
789 3167 1028 3233 Joannis,
1059 3183 1207 3221 more
1237 3168 1490 3233 Balaami,
1516 3181 1798 3222 exornans.
1822 3165 1875 3221 Si
1901 3166 2041 3220 enim

469 3273 590 3312 cum
620 3256 959 3326 deposuerat,
995 3275 1101 3314 non
1129 3273 1263 3329 Opus
1290 3267 1404 3316 erat
1439 3259 1657 3328 scripto,
1685 3273 1791 3314 non
1818 3258 2037 3323 exsilio,

464 3363 584 3401 cum
607 3346 868 3416 depositio
893 3350 1005 3417 ipsa
1025 3349 1256 3404 sufficiat
1277 3349 1342 3404 ad
1363 3347 1725 3405 confusionem
1748 3363 1932 3404 eorum
1954 3348 2044 3418 qui

467 3435 837 3508 deponuntur;
864 3438 958 3494 sed
981 3439 1232 3507 quoniam
1279 3439 1471 3510 deponi
1504 3455 1610 3494 non
1654 3447 1828 3509 potest
1853 3439 2045 3495 virtute

467 3527 738 3598 przeditus,
759 3537 917 3599 atque
939 3531 1394 3585 victusvictoriam
1413 3529 1604 3595 refert,
1624 3541 1802 3594 manet
1822 3531 2038 3600 invidia,

464 3620 670 3678 cladem
698 3637 762 3676 ex
786 3621 977 3692 injusta
1007 3622 1228 3678 victoria
1247 3631 1543 3694 reportans,
1574 3622 1730 3678 bulla:
1756 3623 1808 3678 in
1839 3638 2041 3679 morem

467 3721 809 3784 turgescens;
841 3722 895 3768 et
919 3715 970 3767 in
998 3714 1226 3782 seipsam
1248 3713 1496 3778 contrita,
1521 3714 1759 3770 scribens
1783 3723 1837 3768 et
1857 3713 2045 3769 inscri-

468 3803 601 3861 bens
631 3805 755 3860 illud
786 3805 932 3860 Isaia:
961 3805 1264 3875 prophetia,
1293 3822 1372 3861 va:
1400 3805 1524 3862 illud
1556 3807 1606 3862 in
1648 3821 1706 3862 se
1734 3806 2041 3872 attrahens,

465 3894 592 3949 dum
623 3893 752 3948 falsa
772 3894 950 3950 omnia
967 3904 1022 3950 et
1047 3895 1187 3958 facit,
1218 3903 1269 3951 et
1285 3895 1433 3960 dicit.
1459 3905 1513 3950 et
1532 3895 1735 3952 Scribit.
1771 3893 1860 3950 Vw
1877 3897 2040 3961 enim,

465 3985 592 4041 dicit
633 3984 827 4053 Isaias,
867 3987 953 4056 qui
990 3986 1250 4042 scribunt:
1293 3988 1602 4058 iniquitatem
1649 3989 1781 4042 enim
1821 3988 2044 4044 scribunt

465 4075 618 4147 (hui.
653 4077 739 4133 10.
770 4076 844 4149 l).
875 4079 948 4135 De
977 4077 1060 4134 his
1088 4087 1265 4135 autem
1289 4081 1376 4150 qui
1410 4080 1462 4135 in
1489 4081 1612 4135 Asia
1646 4079 1871 4151 depositi
1895 4086 2036 4146 sunt,

467 4183 574 4222 non
619 4169 922 4238 sexdecim,
953 4170 1046 4225 sed
1079 4186 1172 4226 sex
1203 4180 1405 4226 tantum
1451 4171 1736 4241 episcopis.
1782 4179 1840 4225 ut
1863 4185 2042 4226 coram

471 4258 581 4314 Deo
621 4257 803 4329 judice
826 4259 998 4314 dicam
1032 4300 1048 4326 ,
1080 4259 1211 4313 nihil
1247 4261 1315 4315 de
1355 4262 1561 4316 numeri
1588 4262 1880 4331 quantitate
1911 4259 2043 4316 sub-

469 4348 699 4414 traham,
731 4349 858 4405 nihil
877 4365 1057 4404 rerum
1085 4349 1323 4421 qualitati
1353 4350 1622 4417 adjiciam,
1650 4349 1744 4404 sed
1765 4359 1824 4404 ut
1845 4349 2042 4405 veritas

469 4457 588 4498 sese
622 4439 802 4509 habet,
846 4441 924 4496 sic
977 4441 1071 4497 tibi
1119 4456 1400 4512 exponam.
1429 4441 1608 4498 Tertia
1649 4442 1854 4497 decima
1899 4442 2040 4499 indi-

464 4531 644 4587 ctione
662 4541 922 4588 venerunt
943 4531 1455 4603 Constantinopolim
1485 4531 1664 4587 Asiani
1691 4533 1924 4604 episc0pi
1948 4548 2043 4590 ne-

463 4620 768 4677 cessitatum
799 4622 1146 4692 quarumdam
1176 4624 1342 4694 gratia
1374 4639 1388 4676 :
1420 4623 1454 4677 ii
1500 4623 1773 4678 nobiscum
1799 4639 2037 4680 commo—

465 4708 733 4777 rabantur,
757 4714 1105 4782 przesentibus
1125 4714 1284 4768 etiam
1305 4713 1422 4768 aliis
1436 4728 1501 4768 ex
1516 4711 1730 4784 Scythia
1753 4714 2038 4784 episcOpis,

462 4798 744 4855 Theotimo
783 4803 1021 4870 scilicet,
1051 4813 1210 4873 atque
1261 4820 1329 4860 ex
1362 4803 1586 4859 Thracia
1613 4803 1873 4859 Ammone
1901 4805 2040 4877 Egy-

464 4889 597 4959 ptio,
619 4898 672 4946 et
693 4907 760 4947 ex
785 4891 989 4948 Galatia
1015 4894 1300 4961 Arabiano,
1333 4896 1687 4966 metropolitis
1705 4895 1949 4953 omnibus
1976 4911 2039 4952 ac

464 4979 703 5050 senibus,
732 4997 902 5054 usque
943 4984 1009 5039 ad
1045 4986 1226 5056 viginti
1274 4988 1500 5043 duorum
1543 4989 1910 5057 episcoporum
1937 5003 2040 5044 nu-

465 5085 692 5125 merum.
725 5072 791 5126 Et
816 5075 1064 5130 omnibus
1084 5076 1435 5147 congregatis,
1459 5088 1617 5147 atque
1644 5077 2042 5133 communican-

464 5162 625 5230 libus,
658 5164 918 5220 Eusebius
955 5166 1169 5238 quidam
1209 5183 1239 5223 e
1271 5165 1525 5224 Cilbianis
1553 5169 1716 5240 jugis,
1760 5169 2040 5240 episc0pus

462 5255 1044 5328 Valentinopolitanus,
1073 5270 1444 5330 congregatam
1485 5261 1758 5333 Synodum
1797 5277 1915 5317 cum
1946 5261 2042 5315 ob-

461 5361 747 5416 scrvasset,
799 5365 905 5405 uno
951 5352 1155 5408 sabbati
1204 5353 1530 5419 adveniens,
1577 5355 1781 5410 libellos
1829 5353 2043 5409 tradidit

458 5438 695 5513 Synodo,
721 5445 1007 5512 prmposito
1036 5444 1254 5508 scilicet,
1286 5453 1342 5498 ut
1367 5459 1698 5512 consequens
1722 5454 1854 5510 erat,
1881 5444 2041 5500 Joan-

463 5535 547 5588 nis
586 5536 830 5602 nomine,
881 5545 1062 5590 contra
1097 5536 1445 5599 Antoninum,
1476 5535 1780 5605 episcopum
1814 5536 2034 5605 Ephesi,

463 5635 664 5692 septem
711 5629 938 5698 capitula
989 5628 1246 5683 inserens.
1307 5624 1541 5681 Primum
1597 5626 1844 5695 quidem,
1898 5626 2038 5694 quod

462 5715 703 5770 conﬂatis
729 5731 895 5774 sacris
924 5721 1062 5776 vasis
1090 5728 1364 5790 argentum
1396 5715 1446 5772 in
1477 5733 1628 5772 usum
1659 5716 1749 5773 filii
1782 5717 1989 5774 fecisset
2019 5734 2036 5786 ;

2157 449 2472 516 secundum,
2495 451 2635 524 quod
2661 450 2891 506 ablatum
2919 450 2987 506 de
3008 450 3244 520 ingressu
3273 451 3562 519 baptisterii
3587 468 3720 505 mar-

2153 556 2272 596 mor
2301 542 2354 596 in
2397 541 2643 597 balneum
2677 543 3029 598 transtulisset
3058 561 3071 596 :
3102 539 3294 596 deinde
3334 539 3610 596 columnas
3638 561 3718 598 cc-

2151 632 2492 700 clesiastieas,
2533 648 2562 687 a
2611 633 2846 703 pluribus
2881 632 3032 686 annis
3071 630 3334 702 jacentes.
3380 630 3516 686 intra
3574 643 3717 690 Suum

2150 722 2424 779 statuisset
2446 723 2727 777 triclinium
2753 739 2766 775 :
2789 733 3054 794 quartum,
3079 722 3215 788 quod
3246 738 3374 791 puer
3389 724 3504 791 ejus
3526 722 3718 778 cedem

2151 824 2434 884 patrasset,
2461 832 2617 886 quem
2644 815 2813 869 adhuc
2843 813 3062 868 haberet
3085 815 3135 867 in
3169 815 3461 869 ministerio
3493 813 3723 885 i-rrepre-

2150 904 2416 960 hensum:
2449 911 2710 975 quintum,
2757 904 2897 974 quod
2944 905 3138 974 prmdia
3184 899 3435 958 Ecclesia:
3472 904 3657 959 relicta
3698 921 3724 960 a

2152 997 2400 1062 Basilina,
2432 994 2626 1051 Jnliani
2670 996 3011 1066 Imperatoris
3041 1007 3241 1058 matre,
3273 995 3620 1061 vendidisset,
3659 999 3723 1051 si-

2151 1087 2307 1157 bique
2336 1087 2654 1142 vindicasset
2685 1103 2696 1141 :
2738 1095 2969 1149 sextum,
3000 1084 3141 1155 quod
3171 1085 3385 1140 dimissa
3415 1101 3580 1140 uxore
3611 1100 3720 1151 sua,

2151 1192 2274 1231 cum
2299 1192 2359 1231 ea
2389 1192 2571 1232 rursus
2595 1192 2912 1246 congressus
2943 1185 3106 1240 esset,
3140 1174 3379 1245 finesque
3422 1193 3485 1230 ex
3513 1192 3574 1230 ea
3609 1193 3721 1244 pro-

2149 1277 2382 1321 creasset
2409 1286 2421 1320 :
2452 1268 2734 1336 septimum
2757 1308 2770 1329 ,
2804 1266 2942 1336 quod
2970 1281 3068 1337 pro
3096 1267 3210 1335 lege
3239 1275 3291 1320 et
3316 1268 3604 1321 constituto
3633 1267 3721 1320 ha.

2149 1359 2300 1414 beret
2335 1359 2695 1414 ordinationes
2721 1361 3091 1428 episcoporum
3126 1356 3353 1410 vendere
3388 1357 3534 1426 juxta
3568 1359 3722 1412 ratio-

2149 1464 2268 1502 nem
2331 1448 2614 1504 redituum.
2678 1449 2884 1502 Adsant
2944 1459 2998 1502 et
3061 1447 3151 1516 qui
3215 1446 3476 1502 dederunt
3529 1449 3721 1518 quique

2145 1540 2372 1596 ordinati
2421 1549 2578 1602 sunt,
2625 1550 2680 1594 et
2733 1539 2847 1609 ipse
2896 1538 2985 1609 qui
3039 1537 3242 1608 accepit
3291 1557 3304 1591 :
3355 1553 3418 1592 ac
3469 1548 3721 1610 pra-terea

2150 1631 2492 1700 probationes
2519 1631 2711 1685 habeo.

2217 1721 2344 1774 Car.
2370 1722 2702 1776 XIV.—DIAC.
2732 1720 2877 1775 lianc
2896 1733 3118 1789 ,qumso,
3139 1714 3580 1784 Pater,contrahe
3600 1735 3722 1774 nar-

2148 1814 2430 1868 rationem:
2449 1812 2712 1867 laeduntur
2727 1813 2866 1867 enim
2888 1821 3194 1882 prmseules,
3213 1811 3476 1880 episcopis
3495 1809 3595 1864 ista
3611 1827 3726 1867 nar‘

2147 1904 2405 1968 rantibus,
2435 1904 2601 1958 multo
2623 1905 2789 1972 magis
2816 1901 2912 1957 ista
2937 1903 3280 1972 patrantibus.
3325 1903 3498 1958 Ense.
3529 1903 3614 1958 Me
3631 1905 3727 1958 mi-

2146 1997 2436 2066 scrum,qui
2453 1995 2639 2050 diebus
2656 1994 2736 2048 his
2753 2003 3052 2049 reservatus
3065 1993 3398 2062 sum,quibus
3413 1995 3638 2062 pecunia
3652 2010 3727 2048 sa-

2145 2085 2438 2142 cerdotium
2452 2085 2711 2150 venditur,
2730 2085 2771 2138 si
2788 2094 2960 2138 tamen
2977 2083 3330 2138 sacerdotium
3351 2092 3452 2137 est.
3469 2081 3730 2152 lnsipien-

2149 2185 2226 2230 ter
2238 2177 2378 2231 enim
2394 2175 2492 2230 feci
2515 2177 2600 2246 qui
2621 2176 2719 2229 ista
2733 2175 3029 2238 retulerim,
3045 2189 3162 2228 cum
3177 2175 3560 2228 obtrectatores
3572 2174 3732 2230 Joan-

2147 2266 2311 2320 niseo
2333 2281 2432 2321 nos
2451 2266 2741 2336 adegerint.
2769 2265 2962 2321 Verum
2997 2265 3257 2334 patienter
3284 2262 3424 2318 feras
3446 2279 3550 2330 me,
3576 2264 3731 2320 obsc-

2151 2373 2262 2422 cro.
2293 2367 2351 2412 ut
2378 2357 2501 2411 hinc
2521 2355 2961 2426 quoqueJoannis
2983 2354 3396 2408 moderationem
3423 2353 3728 2418 admireris.

2147 2451 2233 2519 qui
2257 2449 2440 2504 sedato
2463 2447 2672 2502 interim
2698 2447 2834 2512 zelo,
2863 2444 2995 2499 dixit
3023 2444 3286 2499 Eusebio:
3311 2444 3504 2498 Eusebi
3539 2443 3728 2508 frater,

2147 2541 2395 2609 quoniam
2424 2554 2565 2607 stupe
2591 2539 2646 2591 fit
2673 2546 2730 2592 ut
2755 2536 3123 2592 accusationes
3149 2552 3267 2606 qua:
3291 2535 3416 2590 fiunt
3442 2551 3471 2588 a
3511 2545 3734 2604 pertur-

2148 2630 2360 2684 batione
2385 2629 2570 2694 animi,
2596 2628 2776 2684 faciles
2804 2628 3144 2698 probationes
3176 2643 3281 2681 non
3304 2626 3571 2691 habeant,
3612 2627 3733 2680 sine

2149 2731 2200 2775 te
2227 2721 2435 2775 exiirari
2467 2762 2481 2785 ,
2511 2729 2567 2774 ut
2591 2735 2769 2776 cesses
2797 2721 3122 2775 Antoninum
3160 2718 3374 2774 fratrem
3401 2719 3607 2786 scripto
3639 2735 3734 2775 ac-

2146 2824 2352 2873 cusare,
2387 2809 2539 2864 nobis
2563 2824 2750 2864 causas
2771 2810 3030 2864 molestia:
3055 2809 3463 2879 corrigentibus.
3494 2808 3577 2864 Ad
3615 2808 3735 2863 lucc

2148 2900 2223 2954 ira
2251 2914 2504 2954 accensus
2530 2940 2542 2963 ,
2593 2899 2899 2954 durioribus
2928 2915 3054 2953 usus
3091 2909 3174 2954 est
3199 2898 3375 2954 verbis
3397 2939 3413 2964 ,
3469 2897 3736 2955 adversus

2148 2990 2473 3044 Antoninum
2512 3000 2651 3045 totus
2691 3005 2751 3046 se
2776 2989 3002 3045 efferens
3033 3031 3047 3052 ,
3073 2999 3127 3044 et
3155 2990 3206 3044 in
3238 2989 3581 3044 accusatione
3611 3005 3734 3059 per-

2147 3082 2362 3137 sistens.
2394 3082 2645 3137 llortatur
2663 3081 2895 3137 Joannes
2918 3081 3135 3136 Paulum
3159 3121 3176 3146 ,
3224 3081 3531 3150 episcopum
3561 3079 3736 3136 Hera-

2146 3175 2316 3245 clete(
2342 3190 2464 3230 nam
2492 3176 2537 3229 is
2566 3174 2835 3230 Antonino
2854 3172 3033 3227 favere
3055 3172 3334 3226 videbatur
3360 3173 3378 3242 )
3410 3213 3426 3238 ,
3467 3181 3519 3225 ut
3546 3186 3652 3226 eos
3685 3172 3735 3226 in

2145 3268 2430 3324 amicitiam
2452 3267 2818 3336 compelleret.
2834 3265 3194 3335 Surgensque,
3216 3264 3501 3318 ecclesiam
3521 3263 3740 3334 ingres-

2145 3372 2238 3414 sus
2252 3366 2355 3424 est,
2373 3373 2476 3412 una
2496 3372 2617 3411 cum
2637 3356 2921 3426 episcopis;
2944 3353 3210 3410 eratenim
3229 3352 3472 3408 sacrificii
3493 3363 3732 3424 tempus:

2148 3465 2438 3521 pacemque
2467 3449 2664 3519 populo
2685 3463 2750 3504 ex
2781 3462 2930 3502 more
2955 3455 3200 3517 precatus
3227 3487 3242 3510 ,
3287 3444 3425 3500 sedit
3450 3459 3578 3500 cum
3609 3445 3736 3500 reli-

2145 3541 2264 3610 quis
2291 3540 2574 3610 episcopis.
2620 3539 2766 3595 Clam
2815 3548 2992 3592 autem
3031 3536 3402 3605 subingressus
3444 3546 3738 3589 accusator

2147 3630 2432 3696 Eusebius,
2459 3645 2638 3685 coram
2665 3628 2810 3683 omni
2839 3627 3035 3698 populo
3079 3635 3132 3682 et
3182 3625 3447 3696 episcopis
3488 3625 3734 3682 libellum

2145 3722 2306 3776 alium
2335 3720 2492 3776 offert
2516 3717 2710 3775 eadem
2727 3720 3086 3774 continentem
3128 3735 3141 3772 :
3187 3718 3436 3788 adjurans
3461 3717 3734 3774 Joannem

2146 3812 2427 3868 horrendis
2441 3810 2759 3882 juramentis
2787 3851 2803 3877 ,
2842 3810 3032 3880 quibus
3057 3811 3281 3864 salutem
3307 3824 3516 3879 quoque
3545 3809 3733 3880 Impe-

2146 3913 2382 3960 ratorum
2413 3903 2722 3973 complexus
2750 3914 2834 3959 εει
2863 3943 2878 3970 ,
2928 3902 3094 3956 multa
3129 3916 3249 3956 cum
3280 3901 3730 3970 perturbatione:

2147 4001 2206 4048 ut
2225 3993 2660 4063 putarentpOpuli
2687 3992 2802 4063 ejus
2830 3991 3184 4062 imprudentia
3212 3991 3498 4060 perterriti,
3549 4005 3683 4048 eum
3705 4006 3736 4042 ιι

2143 4082 2348 4140 Joanne
2367 4092 2633 4155 petere,ut
2657 4084 2816 4138 vitam
2838 4083 2938 4138 sibi
2960 4082 3026 4136 ab
3049 4083 3370 4152 lmpcratorc
3392 4081 3736 4149 impetraret.

2144 4175 2380 4232 Joannes
2408 4191 2537 4232 vero
2565 4217 2581 4243 ,
2627 4185 2686 4230 ut
2705 4174 2838 4228 vidit
2862 4174 3166 4228 instantiam
3198 4171 3428 4226 hominis
3456 4211 3470 4237 ,
3499 4172 3738 4228 studens

2145 4264 2586 4336 imperturbatum
2633 4273 2817 4320 tenere
2860 4264 3115 4334 populum
3141 4304 3156 4328 ,
3205 4261 3442 4317 libellum
3471 4263 3733 4332 recepit,

2145 4356 2402 4426 lectisque
2425 4355 2620 4410 divinis
2666 4354 2891 4424 eloquiis
2925 4353 3320 4422 Pansopbium,
3363 4349 3588 4405 l‘issida:
3610 4351 3736 4420 epi-

2144 4462 2384 4516 scopum,
2407 4454 2523 4502 orat
2549 4454 2602 4499 ut
2623 4444 2798 4500 divina
2821 4445 2958 4500 dona
2983 4443 3170 4499 offerat
3191 4459 3204 4496 :
3225 4443 3339 4512 ipse
3357 4456 3478 4496 cum
3503 4441 3738 4512 reliquis

2145 4537 2408 4608 episcopis
2437 4551 2684 4607 egressus
2711 4542 2814 4589 est.
2864 4534 3092 4589 Nolebat
3116 4535 3256 4588 enim
3302 4532 3480 4586 animo
3509 4531 3737 4584 turbido

2143 4631 2459 4686 sacrificium
2480 4628 2676 4692 facere,
2690 4627 2774 4682 bis
2796 4627 3065 4698 Evangelii
3083 4627 3476 4697 obtemperans:
3504 4623 3738 4692 Quando

2144 4721 2298 4788 oﬂ'ers
2322 4737 2502 4775 munus
2529 4729 2670 4774 tuum
2703 4717 2914 4790 (Matth.
2937 4719 2991 4783 5,
3021 4716 3139 4789 23),
3159 4725 3213 4772 et
3239 4717 3462 4786 reliqua.
3515 4713 3586 4768 Et
3609 4722 3737 4783 post

2146 4810 2510 4866 dimissionem
2533 4809 2711 4880 populi
2730 4807 3078 4866 considerans
3107 4806 3245 4878 apud
3269 4822 3347 4872 se,
3382 4817 3434 4861 et
3450 4804 3649 4860 sedens
3675 4805 3731 4858 in

2145 4901 2450 4970 baptisterio
2470 4915 2589 4955 cum
2610 4900 2827 4972 reliquis
2843 4900 3104 4970 episcopis
3122 4939 3136 4965 ,
3156 4907 3513 4953 accusntorem
3535 4910 3730 4950 coram

2143 4993 2392 5047 omnibus
2414 4991 2661 5055 advocat,
2685 4993 2867 5046 dicens
2901 4992 2980 5046 ei:
3009 4991 3215 5046 Rursus
3241 4989 3427 5046 eadem
3460 4988 3549 5042 tibi
3569 4986 3725 5052 dico,

2143 5081 2286 5154 quod
2315 5082 2466 5137 multi
2492 5098 2724 5139 mmrore
2750 5083 2833 5136 vel
2858 5082 2934 5137 ira
2968 5081 3252 5152 compulsi,
3272 5080 3433 5136 multa
3461 5077 3730 5134 etdicunt

2143 5183 2197 5229 et
2223 5173 2482 5240 scribunt,
2501 5189 2619 5243 qua:
2645 5173 2872 5243 probare
2897 5187 3000 5226 non
3031 5179 3272 5241 possunt.
3320 5169 3378 5226 Si
3408 5169 3566 5239 igitur
3606 5183 3741 5220 ma-

2145 5263 2336 5320 nifeste
2361 5280 2422 5320 ea
2453 5265 2625 5332 nosti,
2661 5264 2727 5320 de
2748 5264 2940 5334 quibus
2969 5264 3113 5318 illum
3141 5277 3396 5319 accusare
3417 5262 3497 5315 vis
3523 5260 3739 5332 (neque

2145 5355 2286 5409 enim
2317 5354 2360 5408 si
2385 5355 2555 5424 possis
2579 5394 2591 5418 .
2620 5354 2956 5423 repellimus;
2991 5369 3164 5424 neque
3191 5352 3448 5407 trahimus
3479 5390 3494 5413 ,
3525 5349 3574 5402 si
3614 5363 3737 5402 non

2145 5443 2358 5514 possis),
2381 5456 2660 5514 anthuani
2689 5445 2891 5514 legatur
2913 5445 3139 5511 libellus,
3165 5445 3298 5514 elige
3319 5441 3460 5514 quod
3483 5439 3737 5508 expedit:

2145 5546 2420 5605 postquam
2443 5537 2585 5590 enim
2609 5537 2774 5590 lectus
2804 5535 3001 5601 fuerit,
3033 5536 3160 5590 etin
3189 5549 3345 5588 aures
3373 5531 3612 5587 omnium
3643 5545 3742 5582 ve-

2147 5627 2282 5680 nerit
2302 5667 2316 5688 ,
2342 5625 2594 5682 confectis
2622 5627 2752 5680 actis
2785 5667 2798 5690 .
2838 5641 2942 5682 non
2986 5626 3212 5695 amplius
3242 5622 3422 5680 licebit
3451 5661 3466 5686 ,
3495 5636 3613 5675 cum
3653 5620 3742 5672 sis

2152 5719 2451 5790 episcopus,
2481 5717 2820 5775 abolitionem
2852 5731 3048 5788 petere.
3085 5715 3208 5771 Post
3255 5717 3368 5771 haec
3406 5726 3590 5769 rursus
3636 5711 3741 5766 ille
