3932 6190
173 348 236 404 ιτ
1200 341 1285 398 DE
1323 342 1480 398 VITA
1525 343 1581 397 S.
1620 340 1906 399 JO.\NNIS
1937 341 2449 400 CHRYSOSTOMI.
3376 353 3475 408 ιὸι

167 465 341 532 ἣλιον,
367 461 456 515 ἰνα
500 460 572 530 μή
597 457 724 523 :06;
749 458 973 529 νοητοὺς
1003 457 1312 531 καθυϐρίσῃ
1333 457 1546 522 πόνους.
1570 455 1756 511 Ταῦτα

166 547 225 602 δέ
245 547 409 614 λέγω,
442 545 503 600 οὐ
532 543 1073 616 συμπεριλαμϐάνων
1121 544 1250 607 τοὺς
1290 542 1529 611 εὐλόγως
1561 544 1655 597 καὶ
1686 543 1752 595 δι’

168 631 417 701 ἀνάγκην
445 630 730 694 κτίζοντας
763 629 797 700 ἢ
831 627 1253 700 διορθουμένους
1287 626 1358 681 :6
1394 628 1495 698 τῆς
1529 628 1759 698 Ἐκκλη-

172 713 314 777 σίας,
348 711 481 766 ἀλλά
514 711 604 766 διά
625 713 756 775 τοὺς
784 711 854 766 τά
883 711 992 766 τῶν
1019 710 1252 782 πτωχῶν
1289 713 1371 775 εἱς
1411 712 1758 783 κρεμαστοὺς

169 794 488 869 περιϐόλους
511 797 610 848 καὶ
644 795 848 867 ἀερίων
875 794 1082 850 ὑδάτων
1108 793 1412 864 δεξαμενάς
1438 796 1497 847 ἐν
1525 794 1730 865 τριωρό
1747 823 1760 833 -

171 895 287 948 φοις
318 878 412 931 καὶ⁵
441 878 669 950 ἀπρεπῆ
702 876 1048 950 ἀνδρογύνων
1083 876 1286 948 λουτρά
1327 878 1386 929 ἐν
1416 877 1758 948 ἀποκρύφοις

174 961 686 1026 καταναλίσκοντας,
713 961 747 1034 ἢ
777 962 857 1025 είς
888 960 1155 1032 συλλογὴν
1184 960 1430 1025 πλείονος
1469 960 1753 1032 ἀργυρίου,

173 1047 206 1118 ή
237 1045 538 1118 τοῦμπαλιν
571 1045 727 1117 παρά
771 1043 882 1098 τῶν
910 1044 1244 1117 ἀθυρμάτων
1281 1045 1658 1116 ἀγαπηθῆναι,
1699 1047 1758 1096 ἐν

173 1129 315 1200 αύτῷ
345 1129 517 1200 τούτῳ
543 1129 648 1201 τῆς
674 1127 911 1200 σπουδῆς
931 1127 1030 1199 τὴν
1067 1128 1227 1199 χάριν
1258 1127 1752 1199 ἀντιπληρούντων,

171 1215 230 1268 :6
263 1227 289 1255 ι
329 1214 502 1267 πάντα
530 1214 670 1286 πρὸς
699 1212 895 1285 ήδονὴν
946 1211 1210 1267 ἐνδιδόναι
1254 1215 1370 1276 τοῖς
1410 1214 1757 1282 ἁμαρτάνου-

174 1313 273 1354 σιν.
297 1297 449 1370 Ἐμοὶ
477 1299 532 1352 δέ
573 1297 649 1370 μὴ
676 1297 912 1368 γένοιτο,
939 1297 1182 1369 Θεόδωρε
1219 1297 1601 1369 μεγαλώνυμε,
1624 1298 1756 1368 φαύ-

170 1381 281 1448 λοις
308 1382 508 1453 ἀρέσαι
549 1383 712 1435 ποτέ*
755 1383 816 1435 ού
852 1380 964 1452 γὰρ
997 1381 1220 1436 ἄλλοθεν
1256 1382 1444 1445 αὐτοῖς
1487 1380 1690 1454 ἀρέσω.
1721 1382 1753 1453 ἢ

169 1467 236 1519 ἐκ
287 1465 397 1518 τῶν
447 1464 673 1536 Χριστῷ
754 1465 826 1536 μή
899 1464 1265 1536 ἀρεσκόντων.
1339 1464 1400 1517 '0
1440 1465 1624 1519 ΔΙΔΚ.
1663 1466 1756 1519 ἐπὶ

169 1547 381 1610 τούτοις
410 1548 718 1618 θαυμάσας,
751 1549 913 1620 ήρετο
946 1548 1150 1616 λέγων’
1181 1547 1400 1602 Τούτων
1428 1546 1570 1602 οὕτω
1604 1565 1756 1617 φυσι-

171 1632 278 1694 κῶς
308 1631 641 1702 εἰρημένων,
678 1631 770 1684 καὶ
799 1633 876 1702 μὴ
916 1631 1152 1701 ἐχόντων
1195 1633 1548 1704 ἀντίρρησιν,
1587 1631 1642 1684 εί
1668 1633 1753 1694 τίς

172 1731 249 1769 σοι
277 1715 477 1783 γνῶσις
513 1715 643 1785 περὶ
678 1713 784 1767 τῶν
813 1715 958 1768 κατὰ
990 1715 1090 1786 τὴν
1133 1715 1316 1769 Ἀσίαν
1351 1715 1455 1768 ὑπὸ
1481 1714 1573 1768 :06
1596 1715 1752 1783 ἀγίου

181 1798 452 1861 Ἰωάννου,
501 1798 630 1870 περὶ
670 1790 730 1850 ού
768 1797 865 1853 νῦν
904 1800 1036 1868 ἡμῖν
1069 1800 1097 1851 6
1125 1798 1302 1865 λόγος,
1330 1798 1750 1867 τετυπωμένων,

173 1883 421 1954 μετάδος.
470 1882 528 1935 '0
567 1883 816 1936 ’EIIIXK.
870 1883 979 1936 Καὶ
1000 1883 1139 1936 πάνυ
1163 1898 1247 1950 γε.
1295 1882 1354 1934 ’0
1376 1882 1554 1934 ΔῘΑΚ.
1584 1882 1754 1946 Αὐτὸς

171 1966 356 2038 παρὼν
381 1965 570 2033 ἔγνως,
596 1965 779 2037 ἢπαρ’
809 1965 997 2037 ἐτέρου
1031 1965 1216 2037 μαθών
1232 1982 1246 2031 ;
1265 1966 1322 2018 '0
1343 1965 1586 2019 'EHIXK.
1611 1965 1754 2019 Ἀλλ’

169 2049 288 2102 οὒτε
317 2051 395 2111 εἰς
421 2049 483 2102 :6
511 2048 672 2119 τυχὸν
700 2049 865 2122 μέρος
894 2050 1043 2120 ήμην
1074 2049 1425 2118 ἀπολειφθεὶς
1449 2048 1547 2118 τῆς
1574 2048 1750 2119 δίκης.

178 2133 237 2187 '0
265 2135 444 2188 ΔΙΔΚ.
490 2133 624 2186 Τίνα
665 2129 758 2187 οὖν
779 2135 896 2186 ἐστι
932 2134 1002 2187 τά
1037 2134 1622 2206 παρακολουθήσαντα,
1659 2137 1753 2188 καὶ

172 2222 319 2273 ποῖον
349 2218 541 2288 εἴληφε
567 2217 742 2282 τέλος,
779 2218 873 2272 καὶ
897 2217 1062 2271 πόθεν
1095 2219 1194 2290 τὴν
1246 2219 1421 2290 ἀρχὴν
1456 2219 1749 2287 ἐσχηκότα,

169 2300 518 2372 λεπτομερῶς
550 2317 640 2371 μοι
673 2302 1026 2374 παράστησον
1047 2317 1060 2330 °
1096 2301 1284 2372 ἐπειδὴ
1310 2303 1544 2373 μάλιστα
1569 2305 1597 2354 6
1622 2301 1754 2355 Θεό-

173 2388 322 2457 φιλος
363 2388 422 2438 ἐν
459 2385 534 2456 τῷ
576 2387 763 2457 οἰκείῳ
812 2387 1206 2458 συγγράμματι
1240 2387 1338 2460 τὴν
1371 2386 1508 2440 ἰδίαν
1543 2386 1750 2458 προπέ-

171 2489 326 2525 τειαν
351 2471 604 2540 σεμνῦναι
636 2470 670 2542 ἢ
706 2472 1044 2543 περιστεῖλαι
1089 2471 1417 2534 σπουδάσας,
1452 2469 1622 2542 ἔφησε
1662 2470 1752 2523 τὸν

174 2556 441 2625 μακάριον
482 2555 734 2624 Ἰωάννην
769 2555 1058 2625 φιλαρχίας
1106 2554 1268 2608 πάθει
1307 2554 1622 2623 κινούμενον
1667 2552 1752 2606 δε-

171 2638 302 2701 καέξ
351 2639 684 2703 ἐπισκόπους
731 2640 1108 2715 καθῃρηκέναι
1142 2641 1200 2692 ἐν
1248 2638 1432 2711 ἡμέρᾳ
1476 2639 1594 2709 μιᾷ,
1657 2637 1752 2690 καὶ

176 2724 334 2786 ἰδίους
377 2721 492 2777 ἀντ’
551 2722 730 2776 αὐτῶν
793 2723 1318 2794 κεχειροτονηκέναι.
1381 2722 1438 2775 Ὀ
1499 2721 1746 2791 ΪΕΠΙΣΚ.

169 2809 334 2863 Οὐδὲν
367 2807 593 2870 ἀπεικὸς
623 2808 728 2860 τῶν
764 2807 907 2861 ἰδίων
931 2808 1148 2878 τρόπων
1173 2807 1469 2876 πεποίηκεν
1491 2808 1518 2860 6
1540 2804 1752 2876 θαυμάο

170 2908 310 2954 σιος,
353 2889 678 2960 καὶγράιζνας
712 2891 853 2945 κατὰ
895 2891 1164 2954 Ἰωάννου,
1199 2891 1292 2943 καὶ
1312 2888 1479 2960 ψευδῆ
1509 2889 1747 2960 γράψας·

169 2974 230 3038 ἐξ
261 2968 337 3028 ὧν
369 2974 474 3045 γάρ
506 2974 716 3044 νομίζει
759 2974 1054 3028 καλύπτειν
1095 2974 1194 3045 τὴν
1247 2973 1381 3026 ἰδίαν
1432 2971 1750 3043 ἀσχημοσύ-

165 3077 282 3128 νην,
308 3061 370 3111 ἐκ
395 3058 600 3113 τούτων
643 3059 812 3130 αὐτὴν
855 3059 1053 3130 μᾶλλον
1102 3051 1613 3128 παραδειγματίζει,
1657 3056 1751 3108 καὶ

165 3146 314 3197 ἄκων
347 3141 628 3212 σεμνύνων
651 3143 712 3195 :6
745 3142 920 3195 άθῶον
967 3142 1212 3195 Ἰωάννου
1249 3139 1391 3193 κατά
1415 3139 1504 3192 τὸν
1522 3139 1751 3210 Βαλαάμ

163 3228 388 3279 ἐκεῖνον.
414 3226 477 3277 Εἰ
501 3224 609 3295 γάρ
637 3220 705 3294 ἦν
728 3224 888 3277 αὐτὸν
910 3222 1174 3287 καθελὼν,
1207 3224 1265 3276 ού
1296 3223 1454 3294 χρεία
1476 3223 1754 3294 συγγράμο

165 3326 335 3379 ματος
399 3309 702 3381 ῆέξορίας,
769 3311 962 3380 ἱκανῆς
1020 3307 1187 3378 ούσης
1235 3309 1335 3378 τῆς
1381 3307 1753 3378 καθαιρέσεως

165 3394 415 3464 αἰσχῦναι
444 3395 572 3456 τοὺς
598 3394 1094 3465 καθαιρουμένους·
1132 3392 1317 3463 ἐπειδὴ
1361 3393 1418 3445 δὲ
1457 3392 1752 3464 ἀκαθαίρε-

164 3494 252 3540 τος
274 3480 509 3549 ἕστηκεν
542 3479 569 3531 δ
599 3479 871 3548 ἐνάρετος,
902 3480 968 3548 τῇ
1008 3478 1145 3548 ἥττῃ
1167 3476 1265 3548 τὴν
1293 3477 1449 3546 νίκην
1484 3476 1750 3548 κατέχων,

167 3564 316 3633 μένει
341 3566 368 3616 6
399 3562 592 3632 φθόνος
615 3561 713 3632 τὴν
736 3559 903 3636 ἧτταν
935 3562 1034 3632 τῆς
1056 3561 1252 3628 ἀλόγου
1283 3561 1439 3632 νίκης
1478 3560 1752 3631 ἀποφερό-

167 3665 345 3717 μενος.
373 3647 725 3716 πομφόλυγος
756 3646 910 3717 δίκην
935 3645 1382 3716 ἀναφυσώμενος,
1409 3645 1504 3696 καὶ
1525 3647 1602 3707 είς
1626 3646 1753 3697 ἐαυ-

164 3730 254 3783 τδν
283 3730 725 3800 συντριϐόμενος,
758 3730 985 3799 γράφων
1011 3729 1104 3783 καὶ¹
1137 3727 1526 3799 καταγράφων,
1564 3727 1625 3781 :6
1655 3726 1750 3786 τοῦ

165 3815 448 3885 προφήτου
494 3812 742 3866 Ἤσαῖοω
771 3812 903 3866 Ούαὶ
945 3814 972 3865 6
1013 3811 1392 3882 ἐπισπώμενος
1433 3811 1493 3866 :6
1520 3811 1753 3866 b1:6v:a

164 3897 336 3967 ψευδῆ
366 3894 464 3949 καὶ
494 3900 662 3949 ποιεῖν
689 3898 782 3950 καὶ
807 3896 988 3964 λέγειν
1011 3896 1106 3949 καὶ
1135 3896 1389 3968 γράφειν’
1421 3896 1568 3952 Οὐαί
1619 3897 1749 3966 γὰρ,

163 3983 352 4054 φησὶν.
396 3983 453 4033 οι
480 3979 837 4050 πράςροντες·
879 3982 1177 4048 πονηρίαν
1232 3981 1344 4051 γὰρ
1390 3981 1746 4050 γράφουσι-ν.

163 4065 298 4137 Περὶ
331 4063 388 4117 δέ
424 4063 531 4116 τῶν
569 4065 710 4117 κατά
755 4063 938 4116 Ἀσίαν
970 4063 1405 4135 καθαιρεθέντων
1450 4064 1509 4116 οὐ
1535 4064 1748 4131 δεκαέξ,

161 4147 296 4201 ἀλλὰ
320 4147 378 4214 ἐξ
403 4147 741 4211 ἐπισκόπων,
775 4146 849 4209 ὡς
881 4146 972 4199 ἐπὶ
1001 4145 1100 4214 τῆς
1133 4145 1282 4207 θείας
1309 4145 1462 4216 δίκης
1493 4145 1622 4218 ἐρῶ,
1659 4149 1750 4201 καὶ

160 4231 280 4286 ούτε
315 4243 338 4271 ε
370 4232 476 4301 τῆς
512 4230 811 4302 ποσότητος
849 4227 943 4282 :06
974 4227 1208 4300 ἀριθμοῦ
1256 4227 1467 4297 ὗφελῶ,
1509 4229 1570 4281 06
1599 4247 1650 4282 τι
1684 4233 1746 4303 τῇ

161 4318 410 4389 ποιότητι
449 4315 560 4370 τῶν
602 4315 948 4387 πραγμάτων
993 4311 1327 4385 προσθήσω,
1369 4311 1600 4376 ἀλλ’,ώς
1637 4314 1748 4385 ἔχει

159 4402 396 4469 φύσεως,
423 4401 568 4455 οὕτω
602 4417 684 4454 σοι
712 4399 1051 4469 ἀπαγγείλω.
1098 4399 1224 4451 Ἐπὶ
1245 4399 1344 4468 τῆς
1371 4399 1752 4468 τρισκαιδεκά-

156 4501 258 4558 της
300 4485 685 4555 ἐπινεμήσεως
719 4484 776 4537 ἐν
795 4485 862 4555 τῇ
898 4482 1469 4537 Κωνσταντινουπόλει
1503 4483 1750 4549 ἐλθόντες

155 4570 205 4622 σί
233 4567 347 4622 ἀπὸ
376 4569 476 4638 τῆς
507 4565 696 4632 Ἀσίας
717 4566 880 4620 τινῶν
907 4565 1071 4618 ἕνεκα
1099 4566 1434 4635 ἀναγκαίων,
1481 4566 1748 4638 διέτριϐον

161 4650 253 4704 σὺν
279 4653 439 4720 ἡμῖν,
470 4649 755 4720 παρόντων
796 4649 891 4702 καὶ
937 4649 1140 4719 ἐτέρων
1180 4650 1516 4714 ἐπισκόπων,
1546 4649 1656 4702 τῶν
1687 4667 1748 4704 τε

160 4733 264 4785 ἀπὸ
295 4732 557 4796 Σκυθίας,
578 4731 843 4802 Θεοτίμου
867 4731 1034 4798 λέγω,
1075 4732 1167 4786 καὶ
1207 4732 1314 4785 ἀπὸ
1351 4732 1576 4804 Θρᾴκης
1606 4733 1750 4803 Ἀμο

161 4833 337 4884 pario;
361 4814 460 4868 τού
492 4814 811 4883 Αἰγυπτίου,
836 4814 930 4867 καὶ
963 4814 1071 4868 ἀπὸ
1096 4815 1366 4882 Γαλατίας
1397 4814 1451 4867 Ἀ
1463 4814 1744 4887 ραδιανοῦ,

159 4903 378 4956 πάντων
439 4900 850 4971 μητροπολιτὼν
894 4899 1307 4970 γεγηρακότων,
1363 4900 1746 4954 συντεινόντων

153 4985 226 5048 είς
285 4981 565 5036 εἰκοσιδύο
607 4983 958 5046 ἐπισκόπους.
1000 4983 1225 5036 Πάντων
1253 4982 1310 5036 δέ
1359 4983 1746 5054 συναγομένων

149 5072 245 5125 καὶ
277 5068 685 5124 κεινωνούντων
714 5073 1049 5142 ἐπιτηρήσας
1081 5068 1340 5133 Εὐσέϐιός
1376 5086 1459 5132 τις
1491 5071 1599 5124 ἀπὺ
1636 5070 1746 5129 τῶν

145 5158 476 5214 Κελειανῶν
528 5158 835 5232 λεγομένων
871 5159 1052 5214 τόπων
1108 5159 1406 5223 ἐπίσκοπος
1451 5158 1743 5214 Οὐάλεντι-

142 5245 480 5312 νουπόλεως,
514 5246 613 5316 τὴν
643 5247 986 5320 συνηγμένην
1019 5245 1234 5300 σύνοδον
1273 5243 1502 5308 ἐπιστὰς
1541 5248 1608 5317 τῇ
1647 5247 1747 5318 μιᾷ

142 5332 457 5399 ειεοάτου,
486 5331 762 5398 λιδέλλους
788 5333 1030 5388 ἐπέδωκε
1051 5337 1117 5406 τῇ
1145 5333 1370 5404 συνόδῳ,
1394 5333 1600 5406 δηλαδὴ
1617 5336 1746 5388 ἀκο-

143 5419 356 5483 λούθως
388 5421 665 5490 προτάξας
699 5422 760 5476 :6
784 5422 956 5492 ὄνομα
991 5421 1260 5488 Ἰωάννου,
1291 5419 1436 5474 κατά
1493 5420 1742 5476 ’Δντωνί-

142 5525 234 5562 νου
258 5507 365 5561 :06
386 5509 656 5576 Ἐφεσίων
677 5511 1002 5574 ἐπισκόπου,
1035 5510 1176 5568 ἐπτά
1195 5507 1468 5579 κεφάλαια
1491 5506 1738 5574 ἐντάξας·

141 5607 198 5645 εν
229 5595 363 5665 μὲν,
404 5598 488 5649 ὅτι
529 5598 786 5673 κειμήλια
823 5597 1122 5668 χωνεύσας,
1176 5596 1439 5669 ἀργύριον
1460 5597 1541 5659 είς
1571 5595 1742 5668 δνομα

201 5756 228 5826 ξ
249 5755 360 5826 §i_c.
380 5768 606 5826 quam“:
623 5757 842 5826 dativpm
865 5762 1194 5821 grammalicae
1212 5761 1355 5826 leges
1382 5759 1654 5823 postulent.

199 5816 232 5856 δ
257 5817 364 5880 (ξιτ.
390 5823 556 5880 κοιίιπι
584 5816 967 5880 praecedeuléln.

199 5881 224 5912 ⁸
253 5879 417 5930 Pone
457 5879 541 5943 ίθς
582 5879 637 5928 ού
658 5897 720 5931 τι.
1643 5950 1678 5978 η

1864 456 1956 510 :06
1986 457 2103 510 υίοῦ
2141 457 2575 511 κατεσκεύασεν·
2623 458 2874 530 δεύτερον
2919 460 2998 524 δέ,
3038 461 3121 516 δτι
3174 464 3443 538 μάρμαρα

1857 541 1956 611 τῆς
1995 541 2198 594 εἰσόδου
2227 541 2322 594 :06
2357 540 2723 612 βαπτιστῆρος
2747 541 2926 598 λαδὼν
2960 545 3019 598 ἐν
3051 544 3130 616 τῷ
3175 545 3445 620 βαλανείῳ

1857 623 1934 692 τῷ
1963 623 2074 692 ἰδίῳ
2110 623 2478 693 προσέθηκεν·
2513 621 2704 676 ἔπειτα
2730 624 2914 689 κίονας
2952 627 3443 697 ἐκκλησιαστικοὺς

1858 707 1967 760 67:6
2004 708 2265 761 πλειόνων
2306 707 2444 762 ἐτῶν
2488 709 2810 779 κειμένους,
2844 710 2990 763 ένδον
3018 714 3098 777 εἱς
3124 713 3216 766 τὸν
3246 715 3442 769 ἐαυτοῦ

1855 792 2127 863 τρίκλινον
2151 793 2406 865 ἕστησεν’
2433 794 2716 864 τέταρτον,
2753 794 2836 847 ὅτι
2867 797 2896 848 6
2923 799 3054 860 παῖς
3081 797 3244 852 αὐτοῦ
3281 799 3441 869 φόνον

1857 875 2125 945 πεποίηκε
2152 917 2166 940 ,
2205 877 2299 930 καὶ
2329 875 2444 947 ἔχει
2489 876 2650 930 αὐτὸν
2680 877 2739 929 ἐν
2767 879 2831 947 τῇ
2867 878 3143 951 ὑπηρεσίᾳ.
3173 881 3442 956 ἁνέγχλη-

1854 975 1979 1012 τον·
2046 961 2295 1030 πέμπτον
2321 1004 2334 1026 ,
2377 962 2460 1015 ὅτι
2504 961 2682 1032 χωρία
2720 961 2825 1015 ὑπὸ
2866 961 3179 1034 Βασιλίνης,
3209 966 3306 1036 τῆς
3339 984 3446 1038 μη.

1855 1041 1984 1113 τρὸς
2021 1044 2306 1099 Ἰουλιανοῢ
2331 1045 2426 1098 τοῦ
2457 1045 2740 1115 βασιλέως,
2773 1047 3208 1117 καταλειφθέντα
3237 1053 3305 1121 τῇ
3326 1049 3445 1106 Ἐκ-

1855 1125 2074 1200 κλησία,
2113 1127 2368 1199 πωλήσας
2401 1129 2792 1199 ἐσφετερίσατο
2815 1147 2828 1160 ·
2857 1129 3036 1194 ἐκτον,
3064 1131 3148 1185 ὅτι
3169 1133 3444 1200 ἀποταξά-

1859 1226 2021 1280 μενος
2037 1215 2138 1283 τῆς
2164 1213 2367 1276 οἰκείας
2393 1213 2663 1284 γαμετῆς,
2693 1213 2855 1267 πάλιν
2878 1216 3014 1288 αὐτῇ
3042 1217 3324 1288 συνῆλθεν,
3347 1224 3446 1276 καὶ

1857 1295 2272 1368 ἐπαιδοποίησεν
2306 1296 2366 1361 ἐξ
2395 1298 2570 1367 αὐτῆς
2589 1315 2602 1331 ο
2631 1297 2882 1369 ἕϐδομον,
2931 1301 3012 1354 δτι
3041 1301 3118 1365 ὼς
3149 1302 3312 1372 νόμον
3347 1306 3444 1361 καὶ

1854 1376 2029 1448 δόγμα
2070 1381 2183 1450 ἔχει
2234 1379 2434 1434 πωλεῖν
2463 1381 2563 1444 τὰς
2592 1380 2698 1434 τῶν
2760 1383 3075 1439 ἐπισκόπων
3104 1388 3442 1458 χειροτονίας

1855 1463 1996 1517 κατά
2019 1465 2119 1535 τὴν
2147 1465 2256 1517 τῶν
2286 1466 2564 1536 προσόδων
2594 1466 2906 1535 ἀναλογίαν.
2946 1469 3056 1522 Καὶ
3085 1471 3338 1541 πάρεισιν
3391 1474 3441 1526 οἱ

1852 1543 2034 1610 δόντες
2089 1549 2186 1601 καὶ
2230 1548 2722 1619 χειροτονηθέντες,
2766 1551 2860 1603 καί
2913 1552 2940 1604 6
2965 1550 3178 1605 λαϐών·
3219 1555 3314 1608 καὶ
3348 1558 3442 1610 ἐπὶ¹

1853 1627 2063 1692 τούτοις
2091 1631 2199 1700 ἔχω
2223 1630 2322 1694 τάς
2344 1629 2667 1694 ἀποδείξεις.

1923 1713 2078 1766 ΚΕΦ.
2116 1714 2298 1767 1Δ’.--
2323 1714 2380 1766 '0
2407 1715 2590 1766 ΔΙΑΚ.
2624 1716 2959 1786 Παρακαλῶ,
2986 1719 3189 1792 Πάτερ,
3227 1721 3450 1778 σύστειο-

1852 1795 1942 1849 λον
1967 1796 2026 1850 :6
2058 1797 2300 1869 διήγημα
2332 1798 2492 1850 τοῦτο
2513 1815 2526 1827 ·
2559 1797 2886 1868 βλάπτονται
2912 1801 3022 1872 γὰρ
3060 1805 3109 1855 οἱ
3137 1806 3438 1875 παρόντες,

1853 1881 2170 1935 ἐπισκόπων
2211 1881 2385 1935 ταῦτα
2421 1882 2793 1953 διηγουμένων
2817 1924 2832 1947 ,
2877 1884 3009 1954 μήτι
3043 1902 3104 1954 γε
3131 1889 3227 1941 καὶ
3265 1907 3440 1962 πρατ.

1852 1964 2072 2018 τόντων.
2110 1965 2168 2018 '0
2216 1965 2466 2018 'EIIISK.
2495 1966 2656 2035 υῖμοι
2690 1965 2856 2029 τάλας
2887 1965 2998 2034 ἐγὼ
3028 1968 3290 2039 τηρηθεὶς
3319 1976 3439 2037 ταῖς

1853 2048 2089 2120 ἡμέραις
2107 2048 2352 2113 ταύταις,
2381 2051 2438 2102 ἐν
2459 2044 2545 2114 αῖς
2561 2050 2812 2122 ἀργυρίῳ
2845 2053 3110 2124 ἱερωσύνη
3137 2057 3440 2126 πιπράσκε·

1853 2149 1966 2195 ται,
1984 2132 2112 2201 εἴγε
2135 2134 2229 2187 καί
2253 2133 2540 2204 ἱερωσύνη.
2562 2134 2599 2185 Γ
2604 2133 2764 2201 έγονα
2781 2134 2838 2188 δέ
2864 2136 2956 2189 καὶ
2979 2137 3168 2208 ἄφρων
3220 2140 3438 2210 διηγούο

1857 2232 2017 2284 μενος
2066 2216 2174 2269 τῶν
2208 2217 2460 2286 Ἰωάννην
2488 2217 2967 2285 συκοφαντούντων
2993 2221 3074 2283 είς
3101 2221 3436 2294 ταῦταήμᾶς

1853 2298 2325 2368 περιστησάντων.
2343 2300 2489 2372 Πλὴν
2515 2299 2882 2371 μακροθύμως
2900 2302 3138 2372 ἀνάσχου
3172 2321 3262 2373 μοι
3281 2305 3330 2370 ἃ,
3350 2307 3438 2360 ῖνα

1851 2383 1946 2436 καὶ
1998 2385 2062 2436 ἐκ
2107 2383 2311 2437 τούτων
2363 2384 2654 2458 θαυμάσῃς
2695 2385 2792 2456 τὴν
2835 2386 3080 2440 Ἰωάννου
3113 2388 3437 2459 ἐπιείκειαν,

1850 2466 2193 2537 κοιμήσαντα
2240 2467 2379 2530 τέως
2407 2468 2497 2520 τὸν
2544 2468 2726 2539 ζῆλον,
2783 2469 3008 2523 εἰπόντα
3053 2469 3110 2524 δὲ
3151 2470 3228 2541 τῷ
3266 2471 3439 2527 E603-

1850 2548 1952 2617 δίῳ
1977 2566 1988 2579 ·
2037 2549 2259 2620 Ἀδελφέ
2277 2551 2527 2617 Εὑσέὸιε,
2560 2551 2747 2623 ἐπειδὴ
2780 2551 3038 2616 πολλάκις
3069 2556 3124 2608 αἱ
3160 2555 3302 2610 κατά
3346 2557 3440 2611 λύ-

1851 2652 1961 2706 πην
2017 2635 2341 2705 κατηγορίαι
2397 2635 2496 2688 οὐκ
2543 2636 2788 2706 εὐχερεῖς
2824 2637 3007 2706 έχουσι
3061 2639 3163 2702 τὰς
3218 2641 3438 2694 ἀποδεί-

1852 2717 1980 2782 ξεις,
2016 2719 2403 2790 παρακέκλησο
2437 2718 2747 2772 παύσασθαι
2782 2721 2876 2772 :06
2929 2722 3223 2791 ἐγγράφως
3249 2742 3438 2779 κατει-

1850 2808 1973 2856 πεῖν
2009 2803 2102 2856 τοῦ
2147 2802 2378 2872 ἀδελφοῦ
2428 2804 2778 2865 Ἀντωνῖνου,
2825 2803 2982 2873 ἡμῶν
3033 2807 3100 2858 :6
3149 2807 3295 2860 αἴτια
3336 2811 3438 2880 τῆς

1851 2887 2026 2957 λύπης
2083 2887 2500 2958 διορθουμένων.
2567 2887 2712 2956 Πρδς
2770 2888 2979 2950 τούτοις
3019 2889 3438 2960 διαθερμανθεὶς

1851 2973 2109 3043 τραχέσιν
2144 2971 2412 3042 ἐκέχρητο
2439 2970 2644 3037 λόγοις,
2690 2970 2977 3039 σφαδάζων
3017 2972 3137 3036 ὅλος
3169 2976 3311 3028 κατὰ
3339 2977 3432 3030 :06

1864 3057 2215 3118 ’Δντωνίνου,
2253 3057 2525 3126 ἐπιμένων
2577 3057 2642 3125 τῇ
2689 3056 3012 3126 κατηγορία.
3059 3057 3376 3128 Παρακαλεῖ
3406 3062 3435 3112 6

1864 3141 2116 3211 Ἰωάννης
2148 3139 2358 3192 Παῦλον
2395 3139 2486 3192 τὸν
2531 3138 2856 3209 Ἡρακλείας
2887 3139 3082 3202 (ἐδόκει
3121 3141 3230 3212 γάρ
3265 3159 3434 3196 σπου-

1850 3224 2032 3289 δάζειν
2066 3224 2142 3294 τῷ
2193 3223 2550 3294 Ἀντωνίνῳ),
2600 3223 2666 3275 ἵν’
2711 3223 2791 3286 είς
2830 3223 3010 3291 φιλίαν
3062 3226 3258 3290 αὐτοὺς
3310 3245 3436 3281 συν-

1851 3309 2038 3380 ελάσῃ.
2077 3309 2186 3361 Καὶ
2219 3308 2455 3372 ἀναστὰς
2488 3305 2735 3378 είσῆλθεν
2773 3308 2851 3370 είς
2875 3307 2974 3378 τὴν
3009 3309 3302 3380 ἐκκλησίαν
3339 3313 3442 3365 σὺν·

1850 3395 1962 3457 τοίς
1996 3393 2349 3454 ἐπισκόποις’
2381 3388 2448 3462 ἦν
2479 3393 2586 3463 γάρ
2624 3393 2814 3463 καιρὸς
2847 3393 2948 3461 τῆς
2979 3394 3249 3464 ἱερατείας
3271 3411 3282 3424 '
3313 3396 3437 3460 δοὺς

1850 3479 1907 3531 δέ
1951 3476 2028 3546 τῷ
2065 3476 2179 3547 λαῷ
2228 3477 2327 3546 τὴν
2375 3475 2583 3544 συνήθη
2641 3476 2739 3544 τῆς
2781 3477 3004 3546 εἰρήνης
3039 3480 3433 3549 προσηγορίαν,

1852 3561 2070 3615 ἐκάθισε
2110 3560 2206 3613 σὺν
2233 3561 2348 3621 τοῖς
2375 3558 2580 3620 λοιποῖς
2611 3560 2949 3620 ἐπισκόποις.
2992 3560 3350 3614 Ἐπεισελθὼν
3377 3564 3434 3616 δέ

1851 3643 2152 3714 λεληθότως
2173 3645 2201 3696 6
2221 3643 2529 3714 κατήγορος
2559 3639 2818 3704 Εὐσέϐιος
2841 3642 2933 3693 ἐπὶ
2956 3643 3158 3706 παντὸς
3185 3644 3280 3696 :06
3303 3644 3432 3700 λαοῦ

1851 3729 1947 3782 καὶ
1991 3727 2096 3780 τῶν
2150 3726 2464 3780 ἐπισκόπων
2514 3724 2819 3777 ἐπιδίδωσιν
2861 3724 3045 3796 ἕτερον
3083 3725 3323 3780 λίδελλον
3366 3731 3436 3782 τά

1851 3811 1989 3866 αύτά
2023 3811 2364 3880 περιέχοντα,
2395 3809 2628 3881 ὁρκίζων
2661 3809 2750 3862 τὸν
2801 3810 3052 3880 Ἰωάννην
3084 3811 3279 3881 ὅρκους
3311 3831 3437 3884 φρι-

1852 3898 2036 3961 κτοὺς,
2069 3895 2383 3966 συμπλέξας
2415 3895 2599 3960 αὐτοῖς
2632 3895 2727 3948 καὶ
2754 3894 2854 3964 τὴν
2893 3897 3169 3967 σωτηρίαν
3201 3897 3310 3951 τῶν
3342 3897 3439 3966 βα-

1852 3981 2064 4046 σιλέων,
2095 3979 2231 4051 μετά
2253 3979 2455 4049 πολλῆς
2484 3980 2728 4050 ταραχῆς
2745 3995 2760 4011 ο
2789 3980 2861 4043 ώς
2886 3980 3102 4050 νομίσαι
3128 3982 3254 4044 τοὺς
3273 3981 3436 4046 λαοὺς

1850 4062 2278 4132 διαπτοηθέντας
2303 4063 2395 4115 ἐπὶ
2428 4061 2506 4132 τῷ
2547 4061 2744 4132 ίταμῷ,
2775 4062 2856 4115 δτι
2888 4062 3119 4115 θανάτου
3150 4064 3436 4137 συγχώρηο

1853 4164 1936 4206 σιν
1967 4145 2273 4218 παρακαλεῖ
2295 4146 2517 4215 αἰτῆσαι
2547 4145 2636 4198 τὸν
2673 4144 2897 4216 βασιλέα
2935 4145 3025 4198 τὸν
3065 4146 3336 4216 Ἰωάννην.
3377 4147 3436 4201 ’0

1849 4232 1906 4285 δέ
1956 4231 2210 4303 Ἰωάννης
2233 4228 2570 4300 θεασάμενος
2599 4230 2697 4301 τὴν
2733 4228 2982 4282 ἔνστασιν
3011 4230 3105 4282 τοῦ
3131 4230 3342 4301 ἀνδρὸς,
3374 4232 3436 4285 :6

1850 4317 2122 4389 ἀτάραχον
2151 4313 2433 4386 μνώμενος
2469 4314 2549 4385 τῷ
2580 4313 2715 4386 λαῷ,
2749 4314 2964 4378 ἐδέξατο
2993 4314 3054 4367 :6
3085 4314 3308 4384 βισλίον,
3341 4317 3436 4369 καὶ

1853 4400 1992 4470 μετά
2011 4399 2079 4452 τά
2095 4396 2498 4469 άναγνώσματα
2516 4396 2622 4450 τῶν
2647 4397 2807 4450 θείων
2827 4397 3022 4466 λογίων
3046 4397 3437 4470 παρακαλέσας

1849 4484 2152 4551 Πανσόφιον
2182 4482 2273 4536 τδν
2297 4482 2559 4553 Πισσίδης
2587 4481 2924 4554 προαγαγεῖν
2955 4483 3024 4536 τά
3053 4482 3203 4554 δῶρα
3224 4523 3238 4545 ,
3270 4484 3436 4548 αὐτὸς

1851 4565 2172 4638 συνεξῆλθεν
2210 4568 2323 4630 τοῖς
2351 4565 2560 4628 λοιποῖς
2594 4564 2944 4626 ἐπισκόποις·
2979 4569 3277 4637 παρῃτεῖτο
3326 4568 3436 4639 γὰρ

1849 4651 2114 4714 ἐπιθόλως
2135 4649 2457 4722 ἱερατεύειν,
2489 4647 2630 4702 κατά
2657 4647 2718 4703 :6
2747 4648 3097 4716 Εὑαγγέλιον,
3129 4650 3211 4712 :6,
3247 4651 3437 4706 ’Ὅταν

1848 4735 2196 4806 προσφέρῃς
2217 4736 2279 4788 τὸ
2307 4732 2501 4801 δῶρόν
2524 4744 2663 4796 σου,
2696 4731 2790 4783 καὶ
2816 4729 2884 4782 :6
2910 4731 3056 4801 ἑξῆς.
3091 4731 3196 4787 1ίαὶ¹
3221 4735 3436 4788 διασκεο

1845 4820 2088 4890 ψάμενος
2129 4817 2267 4888 μετά
2294 4816 2392 4888 τὴν
2416 4814 2547 4868 λαοῦ
2583 4814 2878 4877 ἀπόλυσιν,
2923 4815 3212 4881 καθεσθείς
3260 4820 3319 4873 ἐν
3359 4819 3438 4891 τῷ

1849 4902 2199 4973 φωτιστηρίῳ
2229 4901 2327 4954 σὺν
2349 4903 2458 4963 τοῖς
2480 4900 2689 4962 λοιποῖς
2717 4900 3056 4965 ἐπισκόποις,
3082 4902 3172 4955 τὸν
3197 4906 3437 4974 κατήγο-

1849 5003 1942 5059 ρον
1964 4985 2374 5058 προσκαλεῖται,
2399 4984 2578 5054 φήσας
2603 4983 2750 5053 αύτῷ
2773 4984 2865 5036 ἐπὶ
2881 4985 3118 5038 πάντων·
3141 4986 3251 5040 Καὶ
3274 4987 3437 5043 πάλιν

1848 5087 1928 5123 σοι
1955 5069 2022 5122 τά
2043 5068 2184 5123 αύτά
2197 5067 2364 5135 λέγω,
2387 5067 2471 5120 δτι
2495 5065 2679 5119 πολλοὶ
2697 5067 2804 5120 ἀπὸ
2824 5066 3002 5140 λύπης
3025 5069 3056 5140 ἢ
3075 5071 3244 5141 ὀργῆς
3267 5071 3437 5126 πολλὰ

1845 5155 1940 5210 καὶ
1966 5154 2184 5224 λέγουσι
2205 5153 2302 5206 καλ⁹
2325 5152 2648 5224 γράφουσιν,
2677 5153 2995 5216 άτονοῦντες
3026 5172 3091 5207 πε
3100 5155 3153 5226 ρὶ
3179 5155 3278 5220 τάς
3298 5157 3434 5208 ἁπο-

1842 5237 2058 5306 δείξεις.
2094 5237 2156 5289 Et
2189 5236 2364 5290 τοίνυν
2395 5236 2580 5306 σαφῶς
2611 5237 2939 5300 ἐπίστασαι,
2969 5239 3100 5311 περὶ
3137 5231 3211 5291 ὧν
3255 5235 3434 5305 βούλει

1844 5323 2172 5395 κατηγορεῖν
2207 5318 2368 5392 (οὔτε
2400 5320 2509 5393 γὰρ
2542 5321 2840 5394 δυνάμενον
2874 5321 3238 5392 ἀπωθούμεθα
3259 5360 3272 5382 ,
3309 5317 3433 5372 οὔτε

1848 5406 1924 5479 μὴ
1957 5405 2256 5477 δυνάμενον
2289 5405 2521 5478 ἐλκομεν
2546 5407 2587 5476 ),
2623 5407 2753 5480 πρὶν
2786 5407 3199 5477 ἀναγνωσθῆναι
3235 5404 3329 5456 τὸν
3359 5401 3436 5454 λίέ

1846 5489 2056 5553 δελλον,
2090 5489 2307 5556 έκλεξαι
2338 5490 2399 5544 :6
2431 5490 2708 5562 συμφέρον
2729 5508 2742 5522 ·
2777 5489 2916 5562 μετά
2945 5491 3051 5562 γάρ
3088 5488 3147 5541 :6
3183 5488 3433 5554 ἀναγνω-

1845 5573 2038 5646 σθῆναι
2074 5573 2168 5629 καὶ
2201 5574 2281 5640 εἰς
2319 5573 2489 5640 ἀκοάς
2524 5575 2743 5630 πάντων
2792 5572 2966 5626 ἐλθεῖν
2987 5612 3002 5636 ,
3040 5570 3445 5643 πραττομένων

1845 5657 2296 5730 ὑπομνημάτων,
2337 5659 2522 5712 οὐκέτι
2559 5675 2643 5710 σοι
2689 5657 2894 5720 ἔξεστιν
2919 5694 2932 5715 ,
2975 5655 3260 5727 ἐπισκόπῳ
3289 5647 3448 5716 δντι,

1847 5745 2032 5816 ζητεῖν
2069 5745 2449 5816 άδουλητίονα.
2485 5747 2609 5798 Ἐπὶ
2642 5745 2851 5806 τούτοις
2887 5743 3049 5800 πάλιν
3080 5745 3333 5818 ἐνέμεινε
3365 5750 3433 5821 τῇ

1907 5878 1933 5920 δ
1957 5879 2246 5946 [οςθηάιιῐη
2269 5898 2378 5944 μου,
2401 5890 2451 5933 et
2473 5895 2580 5932 mox
2609 5880 2914 5945 κοιμίσαντος
2941 5889 2992 5935 et
3018 5885 3241 5944 είπόντος.
