2694 4342
315 295 354 332 5'
1171 266 1392 309 Μιωωῐ
1419 263 1655 309 Πιλίιοῧυε
2473 254 2515 294 59.

362 370 450 407 thr.
472 374 534 403 xv.
559 381 606 389 ——
623 360 715 396 Dum
740 356 822 394 hmo
848 359 1039 404 genmtur,
1069 349 1225 389 accessit
1252 346 1300 386 ad
1331 357 1404 386 nos

313 431 516 478 episcopos,
537 421 664 471 prolixi
680 419 862 458 sermonis
876 426 1002 461 causa,
1021 413 1200 452 Eusebius
1211 415 1406 448 accusator

315 474 379 529 sex
399 487 622 534 reliquorum
651 483 909 530 episcoporum
924 508 935 526 ,
957 487 1091 526 rogans
1115 481 1154 513 ut
1173 474 1218 512 ad
1235 482 1406 512 commu~

313 553 460 591 nionem
481 547 751 585 admitteretur.
773 543 1039 582 Contradicunt
1061 539 1208 589 quidam
1225 535 1402 587 episeopi,

313 613 545 660 adduntque,
574 609 818 648 calumniator
853 617 935 644 cum
971 609 1091 648 esset,
1127 612 1199 640 non
1234 605 1406 650 oportere

313 675 432 726 ipsum
450 673 607 711 admitti.
627 671 716 709 Post
729 669 808 708 haec
820 667 1040 717 supplicavit
1055 666 1182 703 dicens
1202 676 1210 700 :
1227 663 1407 709 Quoniam

313 746 424 776 causa
446 737 515 773 ista
536 735 684 772 biennio
704 733 862 771 maxima
882 742 926 769 ex
949 737 1052 779 parte
1066 728 1272 767 examinata
1285 732 1356 770 est,
1371 732 1410 764 et

314 799 362 838 ad
383 799 529 837 testium
543 797 740 836 adventum
763 795 856 834 facta
876 802 933 832 est
947 793 1076 832 dilatio
1089 821 1100 837 ,
1122 801 1212 840 rogo
1233 791 1412 829 Pietatem

315 868 494 906 vestram,
514 868 554 898 ut
569 858 840 908 hodiejamjam
857 863 969 896 testes
988 854 1202 904 producam.
1219 853 1294 890 Etsi
1313 853 1410 890 enim

319 924 526 963 Antoninus
541 929 708 960 mortuus
724 930 794 967 est,
815 920 879 970 qui
905 928 1076 958 nummos
1100 917 1241 965 accepit
1259 922 1296 954 et
1314 915 1416 954 ordi-

320 987 434 1031 navit,
451 992 612 1023 attamen
627 991 826 1032 supersunt
837 988 875 1020 et
893 983 953 1030 qui
973 981 1166 1024 dederunt,
1182 984 1221 1016 et
1236 977 1299 1027 qui
1315 977 1416 1016 ordi-

320 1049 396 1086 nati
427 1054 528 1086 sunt.
549 1047 693 1085 Justum
723 1046 843 1084 visunt
875 1050 933 1082 est
962 1042 1134 1091 praesenti
1161 1039 1310 1090 Synodo
1338 1049 1415 1077 rem

323 1110 501 1158 perquiri.
523 1109 652 1157 incipit
670 1119 780 1146 causa
801 1117 820 1144 a
841 1107 997 1144 lectione
1017 1110 1196 1146 actorum.
1217 1113 1300 1152 qua:
1317 1102 1418 1150 prius

323 1173 417 1212 facta
443 1173 601 1210 fuerant.
622 1171 779 1220 ingressi
798 1175 884 1208 sunt
901 1175 1028 1212 testes,
1050 1166 1204 1216 ingressi
1223 1173 1260 1204 et
1280 1175 1344 1203 sex
1367 1163 1420 1209 illi

325 1238 387 1286 qui
409 1237 601 1286 pecuniam
619 1236 811 1278 dederant,
831 1240 868 1271 et
887 1231 1044 1270 ordinati
1066 1230 1222 1269 fuerant.
1243 1229 1290 1267 Et
1316 1228 1420 1266 initio

326 1300 473 1348 quidem
495 1299 689 1346 negabant.
721 1295 944 1334 instantibus
975 1300 1098 1332 autem
1116 1292 1270 1331 testibus
1288 1292 1419 1340 partim

328 1364 445 1408 laicis,
471 1365 602 1412 partim
629 1362 866 1412 presbyteris,
889 1361 1020 1410 quibus
1038 1359 1224 1398 conlidere
1242 1355 1422 1394 videban-

328 1433 402 1472 tur,
417 1437 560 1464 necnon
589 1425 804 1464 mulieribus
824 1424 1056 1473 quibusdam,
1078 1423 1140 1470 qui
1163 1421 1272 1459 etiam
1296 1419 1424 1468 pigno-

329 1501 410 1527 rum
429 1501 493 1526 scu
515 1500 707 1526 munerum
725 1488 868 1537 species
888 1487 1070 1529 dicebant,
1091 1491 1128 1522 et
1150 1485 1252 1529 loca,
1275 1488 1314 1520 et
1328 1488 1423 1520 tem-

331 1561 435 1597 pora,
461 1557 498 1588 et
517 1551 771 1598 quantitatem.
797 1549 889 1587 Cum
922 1558 1014 1586 vero
1041 1557 1169 1585 eorum
1199 1544 1424 1583 conscientia

331 1617 430 1648 recta
450 1621 522 1648 non
543 1617 656 1656 esset,
673 1611 770 1648 ultro
783 1611 1017 1653 confitentur,
1035 1609 1103 1646 levi
1119 1607 1282 1645 adhibita
1301 1616 1427 1644 neces-

334 1672 444 1709 sitate
467 1683 475 1708 :
494 1672 681 1716 Dedimus,
703 1671 910 1708 confessum
935 1678 1006 1715 est,
1035 1677 1073 1708 et
1093 1670 1250 1708 ordinati
1269 1677 1395 1706 sumus
1415 1679 1426 1704 :

336 1733 444 1769 talem
477 1738 647 1780 putantes
676 1743 758 1770 esse
788 1732 1114 1774 consuetudinem,
1151 1738 1190 1768 ut
1219 1731 1429 1767 videremur

337 1805 357 1830 a
375 1793 483 1832 Curia
501 1794 661 1830 liberari.
684 1794 728 1830 Et
747 1803 844 1830 nunc
859 1803 1023 1838 oramus,
1044 1793 1073 1828 si
1093 1791 1148 1828 fas
1165 1798 1236 1837 est,
1256 1791 1371 1828 simus
1391 1790 1429 1827 in

340 1859 543 1896 ministerio
564 1857 739 1894 Ecclesia:
763 1869 771 1893 :
798 1857 853 1894 sin
881 1857 1014 1901 minus,
1035 1865 1178 1896 aurum,
1203 1853 1299 1902 quod
1325 1853 1430 1891 dedi-

344 1931 438 1964 mus,
455 1919 676 1967 recipiamus
697 1931 706 1956 :
727 1919 875 1967 quidam
895 1919 992 1956 enim
1019 1928 1041 1956 e
1069 1918 1174 1955 nobis
1193 1927 1344 1954 uxorum
1365 1926 1429 1953 su-

343 1982 560 2029 pellcctilem
580 1982 760 2019 dedimus.
788 1982 842 2018 Ad
873 1983 950 2018 haec
978 1981 1138 2018 Joannes
1155 1980 1303 2029 Synodo
1322 1979 1431 2028 polli—

343 2044 438 2081 citus
463 2051 519 2081 est
540 2057 549 2082 :
571 2044 674 2090 Quod
697 2046 742 2081 ad
771 2045 908 2082 curiam
929 2044 1076 2091 quidem
1096 2044 1238 2086 attinet,
1259 2053 1326 2090 ego
1352 2052 1430 2088 eos,

345 2107 421 2144 Deo
445 2108 609 2155 juvante,
633 2107 809 2152 liberabo,
835 2112 986 2144 exorato
1006 2106 1229 2153 imperatore
1251 2118 1260 2142 :
1281 2116 1344 2142 vos
1369 2115 1434 2142 au-

345 2175 419 2204 tem
437 2170 620 2213 mandate,
634 2176 672 2205 ut
689 2170 734 2206 ab
747 2169 944 2206 heredibus
959 2169 1131 2206 Antonini
1152 2168 1219 2215 ipsi
1239 2168 1431 2216 accipiant,

346 2241 428 2278 quae
446 2231 638 2268 dederunt.
666 2231 843 2278 Praecepit
872 2231 1058 2279 Synodus,
1081 2238 1121 2268 ut
1139 2241 1268 2268 aurum
1289 2232 1434 2278 accipe-

348 2300 431 2329 rcnt
449 2293 494 2330 ab
515 2293 710 2331 heredibus
731 2295 926 2337 Antonini,
946 2301 982 2332 et
1008 2295 1320 2332 communicarent
1342 2295 1434 2332 intra

349 2354 462 2392 altare
483 2367 492 2390 :
513 2363 635 2393 essent
653 2363 775 2394 autem
793 2357 868 2403 jam
891 2367 961 2394 non
981 2357 1203 2402 sacerdotes,
1223 2368 1286 2395 sex
1308 2369 1350 2395 ex
1373 2367 1435 2395 sa-

349 2417 569 2463 cerdotibus,
597 2429 654 2460 ne.
675 2420 704 2455 si
726 2420 791 2456 ista
813 2419 1119 2464 concederentur,
1147 2429 1227 2456 mos
1247 2419 1349 2457 ﬁeret
1372 2419 1436 2457 Ju-

349 2479 474 2518 daicus
493 2488 555 2518 aut
574 2482 781 2531 Egyptius,
804 2483 982 2520 vendendi
1003 2490 1111 2530 atque
1139 2482 1284 2520 emendi
1311 2493 1435 2520 sacer-

349 2542 503 2580 dotium.
521 2544 651 2594 Dicunt
663 2547 759 2583 enim
777 2548 1020 2594 pestilentem,
1035 2553 1069 2584 et
1085 2547 1212 2583 falsum
1228 2546 1436 2584 Judmorum

350 2607 607 2653 patriarcham,
626 2609 777 2656 singulis
797 2611 926 2654 anuis,
947 2617 1010 2647 attt
1031 2620 1128 2647 anno
1152 2610 1356 2657 interjecto,
1378 2619 1438 2658 sy-

354 2679 501 2717 nagoga:
522 2671 706 2718 principes
724 2679 864 2710 mtttare
881 2672 924 2708 ad
947 2672 1209 2709 eurradendant
1229 2672 1436 2719 pecuniam,

355 2732 522 2771 Silltilill'l'
536 2741 570 2771 et
586 2734 692 2782 hujus
707 2735 892 2780 :rmulum,
909 2735 1162 2784 Egyptiorttm
1178 2733 1437 2782 patriar-ebant,

353 2802 392 2834 ut
421 2797 614 2845 itnplcatur
645 2798 733 2835 illud
765 2798 952 2846 propheta:
981 2811 990 2835 :
1024 2798 1230 2835 Sacerdotes
1258 2797 1332 2844 ejus
1362 2805 1442 2832 cum

355 2859 550 2896 muneribus
569 2859 820 2908 respondebant
833 2888 842 2904 ,
862 2866 892 2896 et
912 2860 1090 2907 propheta:
1105 2860 1178 2904 eius
1196 2869 1273 2894 cum
1295 2858 1442 2904 pecunia

356 2921 627 2959 vaticinabantur
644 2922 772 2971 (Hii-It.
795 2923 832 2959 '5.
852 2923 927 2969 tl).
951 2923 1088 2959 liorum
1116 2922 1280 2957 omnium
1298 2924 1442 2956 exstant

355 2991 432 3022 acta
467 2992 504 3022 et
531 2985 694 3033 judicnm
728 2985 889 3022 nomina.
925 2984 1050 3030 Neque
1079 2993 1152 3019 uno
1181 2982 1240 3019 die
1268 2982 1357 3019 facta
1386 2985 1443 3018 est

357 3047 576 3094 disquisitio,
598 3054 636 3084 ut
650 3048 822 3084 mentitus
840 3052 897 3084 est
913 3045 1154 3092 fiteophiius,
1170 3044 1233 3080 sed
1255 3054 1319 3091 per
1338 3043 1442 3080 bieno

359 3110 472 3146 nium.
501 3111 619 3158 Atque
639 3110 899 3158 acquieverunt
919 3109 979 3157 qui
1001 3107 1144 3144 fuerant
1170 3106 1339 3150 depositi,
1364 3113 1402 3142 ut
1421 3116 1442 3142 a

361 3169 481 3209 futuro
496 3171 634 3218 judicio
660 3172 914 3215 liberarentur,
939 3171 989 3208 ita
1010 3176 1049 3207 ut
1074 3178 1166 3206 unus
1187 3179 1232 3205 ex
1253 3168 1296 3205 iis
1327 3167 1444 3205 factus

361 3232 407 3266 sit
438 3232 662 3277 publicorum
692 3234 920 3281 negotiorum
956 3231 1129 3268 defensor
1157 3235 1224 3266 :et
1252 3230 1288 3266 in
1315 3239 1442 3266 eorum

362 3290 479 3326 locum
507 3292 647 3328 suﬂ'ccti
679 3299 765 3329 sunt
793 3295 866 3337 alii,
891 3305 962 3331 non
992 3292 1191 3340 cotijugati,
1213 3290 1285 3328 vita
1313 3297 1352 3328 et
1379 3291 1446 3328 do-

361 3352 476 3388 ctrina
507 3353 638 3389 ornati.
659 3353 792 3391 Verum
813 3356 979 3402 generosi
1011 3356 1062 3392 illi
1093 3361 1130 3392 et
1162 3353 1332 3401 litigiosi,
1362 3359 1445 3400 post

364 3414 515 3452 Joannis
529 3416 713 3459 exsilium.
736 3425 885 3465 accepto
903 3429 947 3456 eo
961 3419 1057 3467 quod
1073 3422 1291 3465 acceperant
1309 3417 1444 3464 (neque

365 3476 462 3514 enim
485 3477 592 3514 habet
612 3479 822 3525 improbitas
843 3491 996 3526 nomen,
1017 3483 1110 3520 sicut
1133 3490 1250 3528 neque
1277 3480 1447 3517 substan-

369 3539 486 3589 tiam),
508 3550 572 3577 eos
589 3540 648 3588 qui
665 3547 748 3578 ante
765 3543 1040 3588 quadriennium
1063 3544 1168 3592 ejecti
1191 3543 1346 3585 fuerant,
1366 3552 1446 3578 rur-

366 3614 428 3642 sus
455 3604 490 3641 in
522 3603 703 3641 Ecclesias
730 3603 956 3648 invexerunt,
986 3613 1023 3644 et
1052 3607 1212 3654 legitime
1235 3606 1270 3642 in
1301 3604 1447 3642 Sedibus

367 3666 566 3704 collocatos
591 3665 810 3713 expulerunt
838 3667 882 3702 ad
903 3667 1164 3716 dispergendas
1191 3667 1325 3706 Christi
1344 3675 1443 3703 oves.

370 3729 459 3766 illud
489 3735 608 3766 autem
635 3728 798 3765 omnium
831 3729 988 3766 maxime
1007 3730 1219 3775 ridiculum,
1249 3730 1304 3766 vel
1327 3728 1447 3776 potius

369 3789 528 3829 iamento
541 3792 704 3840 dignum,
725 3791 754 3828 si
769 3789 941 3834 audieris,
961 3791 1226 3829 studiosissime
1241 3790 1445 3832 TheodOrC.

369 3850 542 3899 Tinnicnt,
563 3861 603 3892 ut
630 3854 680 3892 ait
709 3852 900 3902 propheta,
921 3851 1030 3888 amba:
1059 3864 1158 3890 aures
1179 3860 1246 3890 tua
1266 3852 1364 3901 (λεν.
1389 3849 1446 3887 l9.

373 3910 410 3955 5)
427 3923 436 3953 ;
454 3913 592 3961 lugebis
611 3928 710 3962 vero,
729 3917 792 3954 Dei
809 3925 937 3954 amans
965 3916 1024 3964 qui
1042 3915 1106 3962 sis,
1130 3915 1290 3956 furentes
1310 3915 1450 3964 cpisco-

377 3978 440 4013 POS
458 3974 674 4015 clandestina
695 3990 804 4017 manu
825 3979 887 4017 Dei
914 3977 1018 4034 dona~
1039 3985 1328 4025 corrumpcntcs.
1351 3976 1448 4022 Quas

1477 345 1576 384 enim
1591 341 1841 382 ordinationes
1861 348 1943 375 cum
1967 333 2105 384 jejunio
2131 339 2168 374 et
2187 333 2342 373 oratione
2363 339 2396 372 et
2411 335 2518 382 proba-

1479 408 1578 446 tione
1595 405 1686 444 cleri
1705 414 1749 442 ac
1766 403 1898 440 timore
1917 401 2048 438 Petrus
2066 404 2104 436 et
2119 397 2272 436 Joannes
2290 396 2462 442 faciebant,
2479 397 2518 435 illi

1479 479 1605 511 contra
1626 481 1692 519 per
1707 467 1894 515 crapulam
1923 470 1962 502 et
1985 463 2198 502 ebrietatem
2219 466 2322 507 atque
2349 460 2520 498 miseranda

1480 536 1592 580 dona,
1610 535 1762 572 abortus
1785 529 1989 572 hominum,
2013 526 2074 574 qui
2096 535 2210 572 neque
2227 523 2342 572 porcis
2365 523 2523 560 irrationa-

1483 597 1630 640 bilibus,
1650 605 1770 642 neque
1789 591 1942 631 canibus
1959 589 2056 637 digni
2076 593 2193 630 erant,
2212 587 2310 634 juxta
2327 584 2409 629 Job,
2422 585 2473 633 qui
2487 584 2524 623 de

1481 659 1529 700 iis
1543 657 1776 708 prophetarit
1793 667 1839 694 ex
1864 663 2022 703 persona
2041 649 2243 690 Servatnris
2265 660 2274 684 :
2297 647 2384 692 Quos
2403 658 2460 684 non
2480 647 2526 683 di-

1481 723 1618 774 gnabor
1641 731 1769 770 ponere
1795 730 1874 756 cum
1902 716 2046 754 cantibus
2073 713 2186 762 gregis
2211 712 2274 749 uici
2286 739 2296 756 ,
2322 711 2375 759 qui
2396 709 2448 747 sub
2467 721 2526 747 utr-

1484 773 1608 824 tuentis
1638 783 1794 822 vivebant
1819 781 1918 831 (Job
1953 779 2016 818 so.
2040 779 2054 816 t
2076 779 2102 826 ).
2134 777 2197 814 liis
2227 781 2342 812 autem
2371 774 2426 821 qui
2451 773 2526 811 inter

1485 849 1619 886 mimos
1635 854 1671 886 et
1687 845 1836 886 Judteos
1854 844 1995 886 vivunt,
2020 847 2062 879 ut
2083 839 2208 878 amicis
2231 835 2429 881 Servatoris,
2446 844 2464 874 ι
2481 845 2527 872 sa-

1486 911 1672 960 pientibus
1702 907 1897 948 sacerdotii
1925 915 2055 944 arcana
2082 900 2345 942 ooncreduntur
2369 911 2378 935 :
2409 903 2527 947 propter

1486 985 1582 1024 quos
1609 975 1722 1013 etiam
1750 971 1874 1021 pepuli
1894 968 2089 1008 Orthodosi
2122 965 2276 1005 oratoria
2296 963 2432 1012 fugiunt.
2459 962 2529 1024 Per-

1489 1023 1590 1078 venit
1615 1037 1714 1074 enim
1741 1034 1787 1072 ad
1809 1043 1877 1071 nos
1895 1043 2030 1070 novum
2050 1029 2138 1068 illud
2160 1034 2198 1066 et
2222 1026 2370 1066 levitatis
2392 1023 2528 1074 plenissi-
2581 1056 2584 1060 .

1489 1111 1590 1138 mum
1613 1099 1754 1137 facinus
1772 1097 1948 1135 Ecclesia:
1969 1093 2164 1142 Ephesium
2183 1103 2191 1128 :
2211 1089 2332 1139 quidni
2350 1089 2447 1132 enim.
2462 1096 2527 1125 cum

1491 1161 1660 1208 Ephesus
1689 1160 1870 1198 maritima
1895 1159 1956 1202 sit,
1987 1163 2026 1194 et
2050 1155 2155 1194 facile
2181 1155 2306 1191 famam
2332 1148 2528 1189 transvehat?

1491 1223 1581 1260 Nam
1617 1223 1652 1260 in
1678 1223 1799 1260 locum
1829 1221 1946 1264 illum,
1974 1219 2031 1257 vel
2059 1217 2180 1266 potius
2208 1216 2245 1253 in
2272 1215 2382 1252 locum
2409 1210 2528 1250 Joannis

1492 1275 1552 1334 (pii
1577 1284 1813 1332 Evangelium
1837 1282 2004 1330 scripsit,
2033 1287 2072 1319 et
2101 1289 2211 1327 super
2237 1275 2414 1326 Sapientia:
2430 1277 2530 1322 pectus

1496 1349 1658 1387 ﬁdeliter
1673 1347 1854 1392 recubuit,
1873 1347 1920 1384 de
1939 1355 2014 1394 quo
2035 1344 2208 1392 scriptum
2225 1346 2281 1379 est
2297 1352 2306 1379 :
2325 1339 2422 1385 Quem
2436 1335 2531 1383 dilige-

1494 1412 1552 1449 bat
1579 1410 1688 1448 Jcsus
1717 1410 1839 1459 (Joan.
1869 1409 1933 1447 2|.
1962 1408 2042 1457 20),
2073 1408 2131 1445 cui
2161 1404 2330 1444 successit
2345 1399 2531 1442 Timotheus,

1496 1475 1598 1512 Pauli
1616 1474 1830 1522 discipulus.
1851 1471 1898 1510 ad
1915 1481 2024 1520 quem
2042 1471 2124 1508 dure
2147 1467 2308 1506 feruntur
2322 1461 2456 1512 apostoli
2468 1459 2534 1507 Epi-

1496 1537 1628 1582 stolas;
1671 1535 1834 1574 succedit
1868 1533 2092 1571 abominatio
2127 1528 2364 1569 desolatiouis.
2393 1523 2534 1562 Ordinan

1497 1600 1596 1638 enim
1610 1600 1656 1637 ab
1675 1599 1718 1636 iis
1739 1598 1898 1637 Victoris
1919 1597 2054 1635 tribuni
2075 1594 2254 1638 eunucho,
2269 1592 2302 1629 in
2316 1589 2394 1628 sede
2405 1583 2534 1634 episcopi

1498 1673 1582 1700 cum
1601 1662 1829 1700 collocarunt
1850 1672 1860 1698 :
1881 1665 1919 1698 ct
1937 1659 1997 1708 qui
2016 1669 2036 1695 a
2057 1655 2280 1704 septuaginta
2294 1649 2455 1700 episcopis
2467 1655 2534 1684 con-

1499 1726 1648 1764 stitutus
1667 1725 1802 1770 fuerat,
1819 1724 1856 1761 in
1871 1733 2018 1760 carcere
2034 1730 2147 1769 usque
2169 1718 2212 1756 ad
2233 1717 2322 1754 hunc
2338 1713 2422 1751 diem
2439 1717 2535 1747 mace-

1500 1796 1584 1826 rant
1601 1789 1732 1832 virum,
1749 1787 1926 1836 encycliis
1939 1784 2142 1832 disciplinis
2159 1781 2294 1829 optime
2309 1775 2537 1816 institutum,et

1501 1850 1708 1888 divinarum
1723 1849 1996 1896 Scripturarnm
2018 1847 2172 1894 peritum
2191 1856 2200 1880 :
2222 1841 2282 1890 qui
2299 1840 2333 1877 in
2352 1844 2458 1875 eremo
2475 1840 2538 1869 mo-

1503 1915 1679 1952 nasticam
1693 1914 1805 1951 vitam
1821 1919 1958 1961 egerat,
1977 1917 2012 1950 et
2027 1911 2087 1958 qui
2108 1919 2172 1957 per
2187 1914 2260 1944 tres
2276 1911 2382 1942 annos
2396 1899 2540 1937 diaconus

1503 1977 1632 2014 iuerat.
1653 1977 1772 2024 Atque
1787 1976 1926 2012 utinam
1948 1973 2138 2012 eunuchus
2156 1971 2215 2008 ille
2235 1968 2292 2016 qui
2307 1962 2539 2028 ordinatus-ssi.

1505 2038 1695 2076 honestam
1711 2039 1822 2075 vitam
1839 2037 1990 2086 egisset,
2011 2043 2045 2073 et
2065 2035 2135 2072 hoc
2152 2033 2283 2070 malum
2302 2026 2395 2076 quasi
2409 2019 2542 2086 dimidim

1505 2101 1716 2151 tum'esset!
1737 2101 1784 2137 At
1798 2110 1908 2145 nunc,
1926 2106 2033 2138 terrae
2047 2095 2194 2138 vermis,
2214 2091 2344 2131 ventris
2358 2081 2542 2151 mancipium

1505 2164 1722 2202 feminarum
1754 2173 1880 2199 amore
1909 2161 2098 2202 insanum,
2134 2155 2342 2204 impudens,
2377 2146 2542 2185 ebriosum,

1506 2225 1766 2267 meretricium,
1790 2223 1934 2267 venale,
1959 2221 2148 2264 illiberale,
2167 2224 2326 2258 avarum,
2345 2210 2388 2248 ab
2405 2208 2548 2273 ipsa-sta-

1508 2288 1572 2325 tim
1600 2288 1788 2324 nativitale
1815 2286 1914 2323 ferro
1935 2284 2155 2325 obnoxiam;
2178 2289 2245 2316 nec
2266 2277 2318 2313 vir
2336 2281 2398 2310 nec
2414 2269 2544 2307 fetuina;

1508 2351 1700 2396 furiosum,
1721 2357 1757 2387 ει
1776 2349 1852 2398 φή,
1873 2355 1911 2386 ιιι
1933 2357 2030 2395 smpe
2051 2343 2186 2387 audivi,
2207 2342 2300 2378 inter
2316 2333 2457 2400 satyriea
2472 2335 2547 2400 opn-

1507 2417 1601 2453 vivia
1628 2387 1825 2452 theatrales
1845 2412 1984 2461 puellas
2005 2407 2166 2446 humeris
2187 2400 2350 2452 portavit,
2369 2393 2476 2462 capue.
2494 2387 2546 2462 he:

1509 2479 1597 2517 dera
1631 2484 1830 2522 coronato,
1867 2481 2046 2512 craterem
2082 2472 2200 2508 ferens
2231 2475 2360 2506 manu.
2389 2463 2422 2496 ει
2449 2458 2548 2522 Vin“?

1510 2541 1667 2578 fundens
1682 2541 1716 2576 in
1733 2519 1894 2586 speciem
1914 2535 2065 2572 fabulosi
2079 2529 2222 2570 Bacchi.
2237 2527 2319 2564 Haec
2332 2527 2440 2586 autem
2453 2519 2549 2586 οξιιξξδ

1511 2605 1608 2650 fecit,
1628 2614 1698 2639 non
1717 2575 1910 2648 alitequam
1927 2597 2072 2636 Christo
2095 2595 2305 2632 initiaretur,
2323 2584 2381 2650 sed
2409 2575 2551 2650 Pos'f

1511 2642 1682 2714 ptismum
1701 2675 1711 2700 :
1729 2663 1789 2710 qui
1807 2672 1870 2709 per
1883 2661 1962 2696 hac
1977 2657 2136 2696 ostendit
2150 2649 2438 2692 resurrectionem
2447 2642 2550 2714 801?“

1702 2695 1711 2700 .
1731 2695 1789 2710 Ἰ..-
1808 2695 1863 2709 Γ-.
1949 2695 1958 2696 ,
2004 2695 2013 2696 ,

1510 2695 1675 2765 credere.
1699 2725 1766 2772 Qui
1786 2725 1885 2762 enim
1907 2720 2186 2759 resurrectionis
2209 2695 2550 2772 fundamentum

1513 2789 1644 2832 vertit,
1667 2756 1852 2835 qt‘t‘omodo
1872 2795 1954 2822 eam
1975 2782 2120 2820 crediti
2144 2778 2206 2827 qui
2237 2781 2354 2813 autem
2378 2777 2443 2806 non
2460 2756 2553 2835 ere—:1.“

1511 2823 1834 2891 resurrectionem,
1857 2857 1928 2894 quo
1947 2852 2055 2894 pacto
2076 2835 2350 2880 resurrectionis
2369 2823 2550 2897 Ρτθίθθιθῗξ

1509 2885 1722 2964 Eligit.
1752 2911 1813 2958 qui
1827 2885 1926 2947 vdilxit
1949 2885 1964 2944 ἒ
1989 2905 2172 2952 Quomodo
2201 2908 2312 2964 συιξιτι
2340 2885 2552 2964 Ρτωέξξῗῗῗξῖ

1605 2949 1815 3011 crediderint
1833 2971 1952 3020 (Rom.
2044 2967 2123 3014 14)-
2141 2965 2206 3002 Hic
2220 2959 2360 3020 quidem
2377 2949 2466 3020 “una

1513 3039 1604 3076 cede
1622 3042 1746 3074 castus
1775 3010 1844 3079 est;
1865 3033 1964 3070 ferro
1991 3037 2132 3072 sectus;
2161 3031 2328 3064 cauerunt
2350 3011 2471 3055 insanit

1515 3101 1634 3139 fructu
1655 3110 1720 3148 per
1735 3108 1838 3136 suam
1859 3095 2085 3144 spurcitiem.
2107 3090 2326 3128 [itec'autem
2345 3081 2423 3117 sunt
2436 3072 2556 3162 illi;

1917 3158 1925 3162 .
2027 3156 2048 3162 ..
2140 3153 2147 3160 ο
2180 3143 2361 3162 .ηη.-..-..ιῖ
2416 3147 2446 3162 ο.

1515 3165 1600 3203 Asia
1637 3139 1738 3210 gesta
1773 3139 1950 3203 simu-de
1977 3156 2108 3204 quibus
2140 3143 2385 3194 interrogasti,
2410 3139 2518 3210 760.32

1517 3195 1742 3273 Theophilus
1769 3219 1968 3269 scripserit,
1994 3215 2178 3255 sexdecim
2201 3210 2386 3273 θρὶειξοροξ
2403 3209 2424 3273 ξι
2442 3195 2558 3273 ξῗξεξ

1517 3257 1704 3336 depositus
1723 3286 1736 3322 i
1737 3257 1854 3323 uisse:
1862 3257 1972 3321 Certo
1990 3281 2084 3318 scias
2097 3275 2194 3326 (ιυοά
2209 3283 2271 3312 ⁵⁸³
2287 3257 2557 3336 “'"E‘llfllogr

1517 3317 1627 3388 etiam
1657 3354 1736 3385 aeta
1765 3351 1926 3390 exstant,
1958 3353 2038 3392 qua
2067 3343 2260 3404 servantur
2287 3317 2558 3404 θβυάὲιοζιξῗς

2007 3404 2158 3440 duorum
2173 3395 2432 3469 cpi-mugiit:
2445 3380 2560 3469 2;“:

1519 3474 1624 3512 initio
1638 3445 1786 3510 causam
1803 3445 2009 3511 audierunt,
2027 3471 2064 3502 ct
2077 3445 2300 3510 septuaginta
2315 3455 2434 3490 eorum
2445 3448 2496 3489 1‘“
2507 3445 2564 3469 ⁸⁸⁵⁸·

1521 3542 1734 3586 posuerunt,
1757 3540 1794 3572 ct
1809 3541 1959 3570 causam
1979 3528 2232 3568 terminaret“.
2534 3557 2541 3564 θ

2013 3592 2021 3594 -
2228 3583 2248 3594 n
2267 3581 2275 3594 2
2327 3578 2427 3594 nas.“-
2456 3578 2464 3588 -
2491 3557 2562 3594 ulla

1567 3568 1654 3637 Eine.
1690 3568 1766 3636 xvi.
1795 3615 1843 3624 --
1877 3596 1978 3632 Duc.
2013 3592 2159 3638 Ignosco
2190 3581 2303 3625 mihi,
2327 3578 2427 3616 Pal):r
2450 3568 2522 3638 id?

1567 3623 1654 3637 υπ.
1691 3623 1766 3636 ι...
1877 3623 1978 3632 νην,
2013 3623 2022 3628 -
2295 3623 2300 3625 ν

1519 3671 1666 3699 omnem
1679 3659 1909 3700 ebrietatem,
1926 3623 2084 3691 fureer
2098 3659 2140 3686 ac
2153 3642 2343 3683 ludibrium

1521 3723 1699 3761 Furentes
1718 3721 1815 3758 enim
1833 3687 2000 3766 qui'sunt
2017 3719 2054 3750 et
2069 3709 2160 3749 ebrii
2182 3712 2287 3752 atquc
2305 3687 2566 3776 Pilleritn‘iuilg‘n;

1521 3785 1602 3824 dem
1621 3785 1683 3823 ubi
1699 3749 1930 3830 resipue‘runt
1943 3807 1954 3822 ,
1973 3776 2010 3813 hi
2027 3774 2087 3812 ubi
2107 3765 2348 3810 concoxerunt
2361 3786 2370 3801 ,
2389 3749 2574 3843 tinxit“:

2201 3835 2238 3843 _.
2285 3829 2394 3843 _.......
2427 3841 2434 3843 _

1522 3848 1584 3886 ubi
1613 3848 1657 3885 ad
1683 3819 1818 3895 justa‘m
1837 3848 1979 3881 aetatem
1999 3835 2241 3888 pervenerunt.
2255 3855 2264 3871 ,
2285 3819 2569 3900 ηςβξῗξνὶξξξζξ

1523 3917 1668 3949 seentes
1679 3874 1792 3960 pra-ve
1805 3913 1844 3946 et
1856 3874 2059 3944 inordin;te
2075 3899 2168 3938 feel!
2181 3898 2287 3960 θιίιυξ

1525 3974 1562 4012 in
1580 3937 1879 4016 tetateyoerfeﬂa,
1899 3974 1936 4005 et
1952 3968 1986 4003 in
2007 3965 2201 4012 θρρπεηιο
2221 3948 2410 3990 δοίπίθωθ
2427 3943 2501 3976 cum
2519 3937 2556 3978 pd
