2694 4342
270 303 316 340 53
1133 273 1350 317 PALl.ADll
1378 269 1613 310 MALOGIYS
2439 239 2479 284 56

271 383 364 418 citus
381 375 535 420 confugit
550 399 560 414 ,
581 367 809 416 impletisqne
829 363 861 402 ei
891 361 1057 400 manibus
1071 388 1082 406 ,
1102 357 1238 396 bellum
1255 353 1350 400 gerit

273 443 443 480 adversus
461 431 663 474 Servatoris
683 429 866 466 auditores
883 455 892 470 ,
921 435 1003 462 eum
1027 427 1195 460 avertens
1213 429 1234 456 a
1253 417 1352 455 bello

273 503 442 542 Isaurico.
464 498 509 534 Et
527 495 640 533 lsauri
661 492 808 540 quidem
836 487 984 527 maximi
1006 484 1196 534 prmdones
1213 481 1352 518 Rasum

271 577 308 606 et
323 563 524 605 Seleuciam
546 559 737 597 vastabant
769 568 778 592 :
807 552 1031 600 Porphyrius
1058 557 1144 586 vero
1161 553 1198 584 et
1217 543 1354 581 Valen-

274 632 370 667 tinus
395 627 526 665 Comes
543 653 552 668 ,
573 632 656 660 cum
675 618 824 658 armatis
851 614 1043 654 ecclesiam
1069 608 1356 648 orthodoxornm

273 688 592 740 depranlabantur;
611 681 840 722 tremendum
850 677 969 716 crucis
981 675 1138 722 signum,
1153 669 1248 718 quod
1261 667 1358 706 velut

275 753 487 800 magistrum
497 747 533 786 in
543 745 705 784 numeris
713 749 912 792 portantes,
922 739 958 776 in
968 744 1064 776 terra
1073 733 1207 772 inculta
1217 729 1360 768 litanias

277 793 446 864 age'bant,
476 810 630 860 pedibus
651 809 812 856 ipsorum
832 801 1104 842 conculcantcs.
1122 797 1208 834 Post
1225 793 1364 840 aliquot

279 852 400 914 autem
420 852 497 912 dies
516 852 684 910 festinato
702 868 747 906 ad
763 866 982 906 Comitatum
998 860 1123 904 mittit,
1141 863 1249 905 atque
1267 852 1364 903 apud

285 936 492 988 huiusmodi
519 934 753 981 magistratus
780 931 988 976 comparat,
1010 929 1051 962 ut
1073 919 1219 970 qttidam
1237 915 1366 954 viridis

284 1013 328 1040 ac
344 999 478 1038 crudus
495 1007 605 1035 senex
620 1023 630 1042 ,
652 992 814 1032 moribus
833 987 1012 1038 perversis
1025 1013 1036 1031 ,
1055 983 1222 1031 obliquus
1237 1007 1248 1025 ,
1266 979 1366 1016 Prm-

287 1063 403 1102 fectus
419 1060 575 1109 Vigilum
593 1061 796 1100 crearetur,
816 1059 854 1091 ut
876 1050 1057 1089 lieentiam
1079 1046 1219 1084 habens
1238 1041 1370 1090 probos

287 1134 449 1175 quosque
463 1119 720 1163 calumniandi,
740 1117 922 1155 civitatem
939 1114 975 1150 in
993 1120 1102 1148 manu
1117 1108 1277 1148 haberet,
1300 1103 1372 1141 Ne.

287 1186 402 1230 renis,
419 1185 480 1222 Dei
494 1183 624 1228 hostis,
640 1190 762 1219 mores
781 1177 940 1214 imitans.
957 1173 1034 1212 Non
1053 1171 1150 1210 eniut
1165 1169 1232 1217 ipsi
1247 1167 1372 1204 datum

290 1256 347 1288 est
358 1248 521 1286 oratione
531 1240 830 1294 persuadere,sed
842 1235 1152 1276 irrationabilitate
1161 1239 1196 1270 ct
1208 1227 1376 1268 immani-

293 1319 365 1350 tate
379 1319 524 1348 vexare.
543 1307 681 1353 Quippe
699 1304 756 1352 qui
773 1311 838 1350 pro
853 1310 964 1348 scopo
980 1307 1050 1336 neu
1073 1295 1221 1333 haberet
1236 1293 1378 1340 placere

295 1379 383 1420 Deo,
399 1378 564 1410 errantes
590 1369 730 1406 animas
747 1363 947 1406 reducenti,
964 1361 1027 1399 sed
1049 1359 1199 1406 implere
1213 1362 1377 1392 ventrem

294 1437 488 1486 serpentis,
505 1434 564 1482 qui
577 1441 685 1479 super
697 1435 822 1477 pectus
837 1425 1012 1474 graditur.
1028 1420 1155 1468 Populi
1168 1419 1274 1466 igitur
1285 1416 1380 1453 relu-

296 1507 449 1544 ctantes,
461 1498 496 1534 in
507 1493 658 1534 ecclesia
667 1492 788 1538 specie
799 1488 944 1537 quidem
955 1483 1187 1526 conveniunt,
1201 1485 1298 1517 metu
1307 1487 1382 1514 Ver-

299 1565 441 1606 berum,
451 1569 575 1597 revera
587 1563 706 1594 autem
715 1555 825 1592 vitam
839 1561 940 1589 suam
953 1550 1310 1590 exsecrantes.atque
1321 1539 1384 1578 Dei

301 1601 481 1655 ultionem
491 1609 824 1661 exspectantes.Ad
836 1608 914 1644 haec
925 1605 1158 1654 stupefactus
1167 1601 1386 1640 Theodorus

299 1681 410 1718 dixit:
423 1677 563 1715 Practer
573 1681 743 1712 naturam
755 1678 792 1710 et
805 1671 1005 1712 rationem,
1018 1668 1142 1712 Pater,
1153 1677 1213 1704 res
1223 1665 1316 1704 istas
1325 1674 1388 1702 au-

301 1745 378 1780 dio.
393 1741 440 1779 Ut
453 1739 654 1789 plurimum
668 1738 767 1774 enim
782 1744 885 1771 vana:
893 1733 1018 1782 gloriae
1027 1729 1152 1778 cupidi
1171 1726 1390 1766 hominibus

308 1809 450 1857 placere
461 1804 636 1848 atnbiu..t,
651 1801 898 1840 ctadulatorcs
909 1797 1264 1840 inveniuntur,alque
1275 1789 1392 1826 lautas

310 1879 454 1908 mensas
473 1868 653 1905 instruunt
665 1893 674 1909 .
695 1870 733 1901 ut
749 1869 915 1900 amentur
929 1868 964 1898 et
985 1860 1077 1897 bene
1095 1855 1264 1899 audiant,
1282 1851 1390 1888 etiam

311 1939 414 1980 sputa
428 1941 523 1978 sa'pe
533 1930 742 1968 tolerantes.
753 1925 942 1973 Quomodo
957 1923 1065 1971 igitur
1077 1913 1394 1966 Porphyrius,sive

313 1995 406 2032 alios
424 1992 617 2041 quispiam,
639 1991 756 2028 minas
773 1996 810 2026 et
827 1986 1003 2035 supplicia
1019 1991 1126 2030 atque
1141 1979 1266 2018 exsilia
1287 1985 1393 2014 exer-

316 2056 468 2099 cuerint,
490 2055 630 2102 ignoro.
651 2053 769 2090 Ertsc.
791 2051 868 2088 lloc
885 2058 972 2085 vero
988 2043 1227 2084 admiratione
1247 2040 1395 2087 dignum

315 2127 385 2166 εει,
399 2117 604 2184 Theodore,
621 2115 717 2164 quod
733 2114 776 2151 ad
794 2118 932 2150 tantum
952 2105 1194 2156 improbitatis
1207 2111 1396 2140 excessum

492 2181 500 2184 -
804 2175 811 2184 .
855 2173 864 2184 .
891 2183 894 2184 ν
1076 2169 1219 2184 *μη-η
1235 2175 1306 2184 κη,
1321 2170 1396 2184 Nm

316 2169 559 2233 proruperint,
576 2185 614 2215 ut
635 2187 708 2214 non
729 2175 838 2214 modo
855 2171 1062 2210 hominibus
1076 2169 1220 2218 placere
1235 2175 1306 2202 non
1320 2170 1398 2200 stu-

317 2232 438 2289 deant,
457 2253 582 2280 verum
605 2241 806 2278 facinorum
825 2244 969 2284 quoque
984 2240 1132 2270 suorum
1148 2227 1399 2266 confusionem

321 2307 468 2346 minintc
483 2315 611 2344 curare
628 2316 637 2340 :
654 2302 789 2341 malitia
807 2299 904 2338 enim
924 2296 1097 2336 malitiam
1117 2294 1151 2332 in
1169 2291 1304 2330 malitia
1321 2302 1404 2339 pro-

323 2375 456 2408 tnovct.
481 2369 582 2406 Tunc
597 2367 693 2404 enim
715 2363 851 2402 malitia
869 2362 1014 2399 inanem
1041 2358 1191 2408 gloriam
1212 2355 1402 2404 producit,

322 2443 406 2470 cum
425 2431 610 2471 blanditiis
628 2429 704 2466 suis
719 2427 899 2474 imperare
917 2421 1058 2461 stolidis
1071 2423 1194 2468 sperat
1212 2431 1220 2456 :
1243 2427 1324 2454 cum
1343 2426 1406 2452 au-

325 2504 396 2534 tem
414 2497 473 2544 qui
495 2501 684 2542 captantur
697 2520 707 2537 ,
731 2487 916 2527 blanditiis
938 2492 1048 2533 atque
1065 2482 1182 2531 epulis
1201 2478 1408 2528 superiores

328 2543 463 2595 inventi
493 2556 650 2597 fuerint,
673 2553 790 2590 minas
819 2556 855 2588 ct
875 2547 1050 2596 supplicia
1079 2543 1240 2593 profert,
1261 2547 1296 2578 ut
1319 2548 1410 2588 quos

331 2619 512 2656 blanditiis
529 2626 636 2664 atque
663 2614 778 2662 epulis
798 2622 870 2649 non
899 2609 1016 2658 potuit
1036 2607 1200 2644 inescare
1214 2632 1224 2648 ,
1247 2599 1413 2640 immani—

332 2689 404 2719 tate
422 2692 464 2719 ac
481 2688 618 2718 terrore
635 2676 830 2725 percellat;
853 2673 946 2710 sicut
965 2669 1100 2707 sanctis
1117 2664 1338 2714 martyribus
1355 2671 1414 2698 ac-

333 2743 436 2781 cidit.
465 2742 516 2780 lbi
549 2741 646 2778 cnint
679 2744 871 2783 utrumque
905 2729 1207 2780 impendebatur,
1235 2725 1414 2764 donorum

335 2812 441 2853 atque
463 2805 640 2840 honorum
667 2799 868 2846 excogitata
889 2794 1016 2844 pedica
1035 2820 1045 2837 ,
1067 2797 1216 2840 captans
1235 2786 1418 2824 inhiantes

337 2867 511 2914 gloriolm,
527 2872 562 2902 et
580 2863 840 2912 suppliciorum
859 2859 982 2902 minae,
999 2854 1201 2901 sartagines
1215 2856 1321 2897 atque
1335 2856 1420 2884 ecu—

339 2929 384 2966 lei
405 2935 441 2967 et
460 2929 585 2966 bestiae
599 2956 610 2973 ,
631 2934 666 2964 et
685 2931 922 2973 quzecumque
941 2919 986 2956 ad
1004 2926 1154 2964 magnos
1173 2913 1321 2951 dolores
1339 2919 1420 2947 mo-

345 2991 482 3030 vendos
501 2991 630 3028 idonea
653 2991 760 3028 sunt,
777 2990 1008 3031 prmparans,
1027 2978 1140 3015 fortes
1158 2981 1195 3012 et
1214 2973 1276 3010 Dei
1297 2981 1422 3008 aman-

346 3062 400 3092 tcs
417 3053 606 3093 exhibens.
633 3049 762 3086 Clerus
788 3043 933 3092 quidem
965 3037 1222 3079 Antiochensis
1249 3034 1424 3082 insignior

347 3118 440 3154 clam
461 3115 605 3164 plebem
625 3109 776 3156 colligit,
797 3117 843 3144 ne
861 3105 946 3154 ipsis
965 3101 1110 3151 quidem
1127 3098 1290 3138 ecclesia:
1309 3096 1426 3144 parie-

349 3178 444 3214 tibus
454 3174 760 3224 appropinquans,
773 3178 914 3206 necnon
929 3172 965 3204 et
979 3170 1053 3202 tota
1067 3161 1218 3210 insignis
1233 3159 1424 3197 mulierum

349 3239 517 3284 societas,
537 3241 684 3283 propter
701 3241 792 3279 quas
813 3229 970 3267 maxime
989 3225 1173 3264 insaniunt
1193 3221 1426 3272 pecuniarum

351 3283 446 3337 avidi
471 3302 648 3344 pastores.
679 3294 729 3330 De
748 3292 856 3330 rebus
879 3296 1000 3328 autem
1021 3283 1429 3333 Constantinopolitanis

354 3358 438 3407 quid
451 3359 579 3395 attinet
595 3357 714 3393 dicere
725 3360 856 3404 quanta
877 3350 1068 3390 multitudo
1081 3349 1126 3386 ab
1143 3349 1296 3386 ecclesia
1310 3356 1426 3384 reces-

356 3421 467 3459 serit?
485 3420 704 3457 conveniens
721 3418 789 3455 sub
804 3417 879 3462 dio,
895 3421 936 3452 ut
953 3413 1120 3461 superius
1137 3411 1308 3455 diximus,
1330 3412 1377 3448 ita
1394 3415 1432 3447 ut

355 3485 417 3533 qui
445 3494 566 3522 rerum
589 3481 914 3520 ecclesiasticarum
951 3478 1156 3526 potiuntur,
1181 3486 1252 3512 non
1277 3474 1433 3510 habeant

357 3547 506 3586 totidem
555 3545 736 3583 auditores
783 3543 914 3580 silentii
961 3540 1017 3579 sui
1053 3551 1062 3576 :
1113 3548 1288 3586 nosquam
1335 3535 1433 3572 enim

359 3611 452 3658 apud
479 3619 543 3648 eos
571 3617 704 3647 sermo.
728 3607 829 3644 Dt/tc.
865 3605 1015 3642 Dubiam
1042 3608 1079 3640 et
1099 3609 1310 3649 suspensam
1334 3607 1436 3634 men-

360 3681 432 3711 tem
467 3681 584 3710 meam
603 3699 612 3715 ,
633 3668 760 3713 Pater,
789 3667 972 3711 liberasti,
1003 3665 1062 3714 qui
1096 3663 1210 3701 oculis
1243 3661 1335 3698 meis
1377 3667 1436 3694 res

361 3736 458 3782 ipsas
476 3731 689 3780 subjeceris.
718 3729 807 3768 Nam
826 3728 1018 3766 verborum
1037 3723 1289 3765 consonantia,
1311 3725 1347 3756 et
1365 3727 1436 3754 non

365 3797 445 3833 ficta
465 3794 624 3847 narratio
643 3793 836 3832 certiorem
867 3801 926 3828 tne
955 3789 1041 3828 fecit
1071 3787 1117 3826 de
1137 3785 1289 3824 veritate
1315 3789 1438 3818 rerum

365 3840 560 3902 gestarum.
581 3855 678 3895 Fieri
698 3854 794 3893 enim
816 3864 888 3892 non
909 3857 1028 3900 potest
1041 3877 1050 3894 .
1072 3854 1112 3886 ιιι
1129 3847 1216 3884 falsa
1237 3842 1354 3880 oratio
1372 3839 1440 3876 sibi

371 3917 500 3964 rhique
519 3925 708 3956 consonet.
728 3916 781 3954 Ne
799 3915 906 3964 igitur
923 3911 1098 3961 graveris,
1117 3909 1146 3946 si
1164 3905 1248 3954 quid
1271 3901 1380 3944 nosti.
1399 3909 1440 3936 ea

369 3979 472 4016 nebit
483 3978 643 4026 narrare,
659 3991 738 4028 qua:
753 3963 1001 4028 Olympiadem
1019 3976 1196 4021 Spectaut.
1216 3968 1332 4005 Ertsc.
1348 3963 1442 4010 Qua-

1425 351 1469 389 lis
1483 360 1525 388 ea
1541 349 1622 387 est?
1641 356 1724 384 ttam
1744 344 1868 393 plures
1885 349 1928 378 eo
1948 336 2106 376 nomine.
2125 335 2227 371 Due.
2247 327 2482 368 Constantino.

1424 415 1595 462 politano:
1615 409 1789 448 Ecclesiae
1815 403 2032 444 diaconissa,
2053 408 2134 447 qna:
2153 404 2281 443 sponsa
2305 389 2482 439 aliquando

1427 452 1492 513 fuit
1511 472 1672 512 Nebridii
1694 465 1926 518 Exprasfecti.
1950 464 2067 501 Eptsc.
2088 459 2187 496 Illam
2204 455 2344 504 quidem
2362 452 2485 500 optimo

1429 537 1528 574 novi.
1549 536 1651 572 Duc.
1673 531 1798 579 Qualis
1819 529 1877 566 illa
1899 525 2030 564 mulier
2048 521 2126 561 est?
2145 521 2261 558 Ense.
2281 517 2342 560 Ne,
2359 525 2484 562 qua-5o,

1429 600 1530 636 dicas
1547 626 1556 640 ,
1579 596 1698 644 qualis
1714 592 1844 630 mulier
1857 618 1868 632 .
1888 588 1951 626 scd
1972 586 2090 635 qualis
2116 583 2224 620 homo
2240 592 2248 617 :
2265 579 2318 616 vir
2336 578 2423 614 enim
2439 581 2488 612 est

1432 667 1565 710 praeter
1577 637 1740 705 corporis
1757 653 1932 692 habitum.
1950 650 2051 687 DIAC.
2069 647 2106 683 lu
2121 643 2214 692 quo?
2232 642 2346 679 Ertse.
2361 638 2396 675 lu
2410 637 2486 682 vita,

1434 700 1469 761 in
1491 721 1700 765 laboribus,
1723 719 1758 755 itt
1779 715 1931 755 scicntia
1960 719 1997 750 et
2025 707 2294 748 tribulationum
2321 700 2488 750 patientia.

1435 785 1540 823 Duc.
1557 783 1632 822 Cur
1646 763 1733 828 ergo
1751 779 1802 816 illi
1821 775 2041 815 conviciatus
2057 777 2114 809 est
2129 763 2368 814 Theophilus?
2385 763 2488 800 Ertsc.

1435 847 1610 894 Quisnam
1623 825 1772 882 illeest‘!
1789 841 1889 878 Duc.
1904 833 2170 875 Alexandrinus
2179 829 2376 877 episcopus.
2387 825 2492 862 Ense.

1440 885 1583 947 Gideris
1600 907 1702 950 milti,
1722 902 1932 946 Theodore,
1953 903 2006 936 tot
2021 893 2198 934 orationis
2213 889 2324 938 spatia
2340 885 2494 924 oblivioni

1439 971 1645 1011 tradidisse.
1666 949 1768 1007 DlAC.
1799 966 1878 1014 Qua
1903 964 1939 1001 in
1969 961 2036 999 re?
2066 959 2185 996 Ense.
2206 954 2273 1000 Qui
2289 949 2418 989 veritati
2435 959 2497 986 non

1441 1035 1625 1085 pepercit,
1645 1031 1710 1070 sed
1741 1030 1841 1068 illam
1871 1022 2097 1064 conculcavit
2113 1049 2122 1067 ,
2143 1024 2184 1056 ut
2210 1015 2368 1064 superior
2393 1021 2500 1050 sermo

1442 1095 1717 1146 comprobavit;
1737 1098 1774 1130 et
1803 1089 1865 1138 qui
1897 1084 2100 1125 Ecclesiam
2128 1091 2210 1128 qua:
2243 1076 2311 1114 sub
2329 1075 2412 1112 caelo
2434 1077 2499 1115 est.

1445 1135 1594 1211 propter
1609 1135 1717 1205 quam
1739 1135 1952 1200 Unigenitus
1967 1175 1978 1192 ,
1997 1152 2038 1184 ut
2055 1143 2126 1183 dici
2145 1142 2259 1185 solet,
2278 1135 2454 1179 laboravit,
2472 1138 2504 1169 ut

1446 1197 1479 1211 ιν-
1495 1197 1526 1209 ν.
1563 1197 1566 1198 ν
1622 1197 1630 1205 .
1811 1197 1827 1200 -

1445 1235 1526 1263 eam
1542 1222 1674 1264 uuiret,
1693 1228 1773 1265 non.
1786 1211 1992 1254 honoravit,
2014 1207 2077 1246 sed
2095 1201 2308 1244 contumelia
2322 1197 2434 1236 affecit
2449 1197 2504 1232 ha-

1449 1287 1524 1325 bitu
1543 1295 1624 1328 suo,
1647 1280 1790 1319 mulieri
1810 1281 1934 1325 posset
1953 1281 2104 1322 parcere
2123 1267 2256 1310 viduae,
2275 1273 2351 1312 quae
2365 1261 2462 1298 vitam
2476 1258 2505 1294 in

1449 1349 1615 1387 oratione
1634 1341 1846 1383 consumit?
1867 1340 2012 1376 Discute
2031 1341 2067 1373 ct
2085 1332 2167 1370 vide
2186 1329 2215 1367 si
2235 1337 2339 1377 quem
2358 1331 2506 1371 umquam

1453 1409 1658 1458 improbum
1685 1400 1963 1453 reprehenderit
1979 1427 1988 1444 ,
2011 1397 2071 1444 qui
2095 1391 2280 1444 probitatis
2300 1396 2432 1434 semper
2455 1384 2512 1420 lto-

1453 1473 1520 1512 stis
1537 1477 1608 1510 est.
1637 1470 1712 1506 Cur
1729 1472 1850 1504 autem
1869 1470 1906 1502 et
1935 1471 1982 1500 ex
1999 1459 2080 1507 ejus
2099 1453 2260 1504 epistolis
2281 1461 2349 1488 non
2367 1446 2511 1493 conjicis,

1455 1532 1639 1584 quomodo
1657 1531 1730 1568 illa:
1757 1530 1852 1566 inter
1870 1535 1912 1562 se
1942 1517 2174 1570 repugnent?
2193 1515 2259 1562 Qui
2277 1513 2367 1551 enim
2387 1509 2513 1547 beatum

1715 1587 1938 1628 Constantia:
1957 1567 1994 1622 in
2013 1567 2132 1632 οὶιπο
2152 1579 2369 1627 episcopum!
2387 1570 2442 1645 iui
2459 1567 2515 1605 ω’

1458 1633 1556 1710 εῑιηίει
1573 1663 1611 1696 et
1629 1667 1694 1694 sex
1710 1663 1828 1692 annos
1845 1648 2020 1689 Ecclesia:
2040 1643 2196 1694 praefuit,
2217 1637 2355 1688 probris
2370 1633 2518 1672 atl'ecerat

1461 1730 1500 1760 ut
1531 1719 1766 1762 hazreticum,
1787 1721 1850 1752 aut
1880 1709 2150 1750 schismaticum
2169 1734 2179 1751 ,
2207 1703 2273 1741 sub
2301 1701 2442 1738 Datnaso
2467 1699 2519 1730 aut

1463 1787 1570 1824 beato
1589 1781 1721 1821 Siricio
1734 1791 1744 1824 ;
1758 1759 1899 1827 postea
1920 1775 1955 1812 in
1985 1782 2050 1810 sua
2070 1769 2115 1806 ad
2143 1763 2383 1804 Innocentium
2403 1759 2519 1804 Papam

1462 1846 1616 1896 epistola
1633 1823 1844 1891 vituperans
1861 1839 2004 1877 beatum
2025 1835 2214 1874 Joannem,
2232 1823 2456 1876 Epipltattium
2469 1827 2524 1855 no~

1465 1910 1580 1949 mittat
1597 1905 1882 1944 sanctissimum.
1903 1900 2052 1947 Quoties
2072 1903 2192 1934 autem
2207 1921 2217 1937 ,
2237 1895 2352 1939 putas,
2373 1891 2406 1923 ct
2423 1889 2524 1931 genua

1465 1969 1692 2022 Olympiadis
1709 1967 1893 2005 osenlalus
1920 1967 1991 2006 est,
2013 1969 2078 2008 spe
2097 1962 2340 1995 nummorum,
2365 1946 2420 1984 cui
2445 1949 2526 2022 nuInc

1469 2003 1508 2011 ν.
1539 2003 1689 2019 ...ρ--.η
1799 2003 1808 2004 ,
1983 2003 1988 2006 _
2035 2003 2044 2008 _

1468 2003 1716 2073 conﬁciatur?
1736 2029 1798 2066 llla
1819 2025 1920 2064 humi
1949 2021 2160 2071 procidente
2187 2015 2234 2054 ob
2253 2023 2330 2052 cam
2348 2019 2420 2048 rem
2437 2012 2469 2043 et
2485 2003 2527 2041 la-

1469 2107 1614 2147 crymas
1629 2093 1818 2134 fundente,
1835 2087 2072 2127 nihilominus
2090 2084 2159 2120 ista
2177 2079 2364 2128 episcopus
2381 2067 2527 2147 faciebat.

1472 2130 1606 2198 verum
1617 2167 1687 2206 qua
1707 2156 1742 2192 in
1762 2163 1802 2192 re
1820 2152 1870 2189 illi
1888 2149 2112 2188 conviciatus
2129 2141 2210 2181 est?
2232 2140 2330 2176 Due.
2349 2130 2444 2180 Quod
2460 2135 2530 2166 suae

2215 2203 2242 2206 —
2360 2195 2386 2206 ι*
2402 2203 2441 2206 κᾼ-
2462 2190 2530 2206 12--.

1485 2190 1687 2206 ..μνη-τ-
1763 2190 1770 2192 ν

1472 2220 1613 2270 ceperit
1639 2215 1840 2256 monachos
1877 2212 1943 2249 abs
1970 2220 2010 2247 se
2037 2207 2182 2255 eiectos.
2215 2203 2334 2240 Ertsc.
2359 2195 2444 2235 Num
2462 2190 2534 2228 1Ῑοοι

2106 2267 2127 2270 _.
2173 2265 2180 2270 .
2236 2263 2258 2270 ..
2337 2250 2534 2270 ιιι-ξηέιμ

1473 2250 1646 2330 episcopo
1662 2284 1725 2316 aut
1738 2277 1858 2318 decet,
1877 2271 2043 2321 quemvis
2060 2279 2081 2306 e
2094 2263 2294 2313 discipulis,
2309 2268 2370 2296 seu
2383 2250 2534 2294 Christia-

1476 2355 1563 2384 num
1593 2349 1811 2391 quemquam
1829 2365 1838 2381 ,
1867 2334 2018 2373 omnino
2050 2329 2253 2378 projicere,
2272 2321 2398 2359 nedum
2423 2319 2535 2352 mona-

2254 2387 2262 2391 _
2341 2383 2350 2391 .
2385 2378 2522 2391 ..,._M__.

1478 2405 1613 2445 chum?
1630 2405 1733 2442 Due.
1763 2401 1802 2440 Si
1823 2409 1906 2438 eum
1933 2398 2127 2438 heserunt,
2153 2396 2214 2428 aut
2231 2387 2264 2426 ei
2283 2378 2537 2445 malcdixerttnto

1479 2469 1599 2506 Ertsc.
1623 2465 1715 2503 Nunt
1735 2464 1825 2500 iram
1843 2470 1946 2498 suam
1973 2457 2122 2504 explere
2141 2451 2262 2490 debuit
2277 2477 2287 2491 ,
2309 2447 2351 2484 de
2369 2437 2539 2506 maledicto

1481 2527 1685 2568 sollicitus?
1705 2522 1895 2572 Quomodo
1928 2519 2046 2557 adhuc
2080 2514 2212 2554 Christi
2239 2502 2466 2549 contumelias
2483 2494 2539 2534 sibi

1483 2597 1623 2640 quaeret
1652 2590 1736 2632 ille,
1755 2587 1814 2634 qui
1847 2583 1972 2632 gloria:
2003 2591 2080 2618 sum
2110 2568 2422 2616 velilicatur?Cur
2437 2567 2539 2601 autem

1655 2626 1658 2627 ν
1727 2626 1735 2632 .
1768 2626 1776 2634 .
1848 2626 1866 2632 -

1486 2655 1636 2693 omnino
1665 2651 1825 2688 imitatus
1851 2656 1924 2684 non
1944 2650 2000 2682 cst
2027 2642 2240 2690 magistrum
2258 2634 2418 2675 Paulum,
2435 2626 2541 2693 dicito:

1488 2681 1938 2754 et
1951 2681 1954 2682 ν
1967 2681 2196 2742 ὺεηεάὶἓίηιιιδ
2217 2700 2258 2750 (l
2300 2695 2376 2733 Cor.
2396 2691 2432 2754 4.

1488 2780 1592 2816 Dure.
1613 2774 1707 2822 Quid
1731 2773 1839 2820 igitur
1853 2799 1863 2815 ,
1885 2769 1914 2807 si
1937 2767 2098 2806 hazrctici
2132 2765 2283 2802 fuissent
2301 2751 2457 2796 monachi
2480 2742 2545 2786 illi?

1492 2842 1612 2879 Ense.
1635 2836 1743 2886 Atqui
1773 2835 1924 2873 omnino
1951 2830 2112 2880 oportuit
2137 2837 2200 2866 eos
2225 2820 2413 2886 emendare
2428 2818 2546 2886 ειιβίςξξ

1492 2869 1612 2879 .........
1635 2869 1743 2886 --.ηπ
1958 2869 1986 2880 ,_

1491 2901 1660 2944 suadere,
1680 2907 1714 2936 at
1734 2909 1805 2936 non
1824 2895 2016 2945 projicere.
2037 2893 2138 2930 Due.
2161 2889 2204 2926 Et
2221 2887 2250 2924 si
2269 2885 2336 2922 hoc
2350 2869 2546 2945 fe:cisset,|illi

1492 2932 1660 2944 -..μνη
1680 2932 1714 2936 ᾖ-
1734 2932 1805 2936 ---._
1825 2932 1857 2945 Γ
1891 2932 1901 2944 ,

1492 2974 1564 3002 non
1578 2961 1794 3011 paruissent,
1807 2958 1866 3006 qui
1882 2957 2085 3005 pertinaces
2099 2955 2233 2990 essent.
2249 2948 2364 2984 Ense.
2375 2932 2550 2987 Oporlelml

2315 3007 2322 3011 -
2391 3003 2398 3011 ι
2453 3009 2469 3011 ν.
2489 2996 2550 3011 ..με

1494 2996 1738 3011 η---τ-ν-π--ή
1785 2996 1794 3004 ,
1819 2996 1830 3006 .
1884 2996 1892 3005 .

1494 3025 1582 3064 illud
1603 3023 1842 3072 apostolicum
1861 3017 2010 3066 exsequi
2033 3029 2042 3053 :
2071 3011 2280 3052 Hccreticum
2309 3003 2470 3043 hominem
2489 2996 2550 3042 p05!

1495 3099 1598 3127 unam
1621 3092 1652 3124 et
1675 3087 1820 3123 alteram
1845 3081 2092 3129 correptionem
2121 3075 2232 3112 devita
2247 3100 2258 3117 ,
2276 3069 2382 3107 sciens
2400 3061 2474 3113 quia
2489 3064 2552 3129 ρες-

1496 3162 1612 3190 versus
1629 3155 1678 3186 est
1699 3114 2069 3196 Imjusmodi'f
2101 3137 2160 3175 10.
2193 3135 2233 3172 ll
2278 3144 2288 3177 ;
2306 3137 2339 3168 at
2360 3136 2426 3196 non
2445 3114 2552 3196 exp-0:

1497 3215 1597 3256 lere.
1622 3219 1660 3250 et
1679 3211 1774 3248 bona
1793 3208 1975 3254 diripere,
2006 3209 2114 3249 atque
2137 3208 2181 3236 ex
2203 3194 2314 3244 patria
2342 3189 2467 3236 ejicere
2484 3183 2552 3256 ut?!

1499 3237 1574 3252 “310
1587 3242 1597 3256 θ
1622 3237 1660 3250 ιιι
1680 3237 1774 3248 υυιιιι
1795 3237 1951 3254 “nu-ru"-
1965 3237 1975 3250 ,
2007 3237 2042 3240 is
2056 3237 2065 3249 ι
2103 3237 2106 3238 ,
2203 3237 2213 3244 _
2512 3237 2519 3245 '
2544 3237 2552 3241 '

1499 3275 1774 3322 magistratuum
1789 3269 1911 3307 minis.
1933 3267 2036 3303 Duc.
2056 3260 2128 3299 Viri
2150 3255 2296 3305 perfecti
2315 3249 2464 3290 officiunt
2478 3237 2552 3308 mli"

2149 3321 2152 3322 ν
2188 3320 2194 3322 -
2245 3318 2252 3322 ·
2417 3306 2539 3322 _.!-~.l|¢

1501 3306 1773 3322 .....,,._-._-__,,-
1793 3306 1797 3307 ,

1501 3347 1652 3380 narras,
1675 3342 1712 3372 et
1741 3334 1854 3370 Deum
1873 3327 2053 3370 amantis,
2081 3329 2118 3360 ct
2147 3318 2358 3367 iujuriarum
2390 3306 2550 3380 paticnlIiS-

1503 3361 1652 3380 ιιιιιηιο,
1675 3361 1712 3372 ι...
1741 3361 1854 3370 vv..."
1873 3361 2024 3366 ..ην-..-η
2043 3361 2053 3370 ,
2183 3361 2194 3367 _

1503 3401 1626 3438 EPISC.
1648 3398 1693 3435 Et
1710 3402 1810 3434 certe
1832 3395 1910 3430 laus
1929 3398 2058 3436 magna
2085 3395 2156 3422 non
2177 3387 2232 3419 est
2251 3376 2460 3416 deteriorem
2476 3361 2555 3438 ιοιξ-

1503 3425 1626 3438 ητις...
1648 3425 1693 3435 μ.
1711 3425 1810 3434 w..-
1833 3425 1909 3430 .-_-
1930 3425 2009 3436 ,πυ

1503 3472 1598 3500 rare.
1615 3460 1793 3499 leerunt
1814 3454 1882 3493 nisi
1910 3450 2088 3500 perfectus
2114 3451 2190 3488 est,
2209 3445 2380 3488 quantum
2397 3425 2556 3500 convenit:

1503 3521 1687 3572 quomodo
1708 3489 1982 3568 episcopuslest
2000 3504 2205 3558 ejusmodi?
2236 3497 2459 3572 imperfectus
2476 3489 2559 3572 επῖζῖ

2171 3567 2180 3572 .
2271 3569 2278 3572 ,
2361 3567 2385 3572 κ,
2441 3557 2514 3572 mm
2551 3559 2559 3568 ,

1505 3544 1687 3572 ιιυυιιιυυυ
1708 3544 1900 3568 ηιμ-ουνγυυ
1927 3544 1982 3551 ν..-
2003 3544 2072 3558 Ὶρ
2289 3544 2297 3548 _
2538 3544 2544 3550 _

1505 3585 1728 3635 imperfectis
1740 3593 1810 3620 non
1825 3576 2002 3618 consulet.
2017 3567 2206 3616 Quomodo
2221 3569 2339 3602 autem
2353 3567 2389 3597 et
2400 3544 2562 3635 Theopr;

2273 3633 2279 3635 -
2347 3627 2440 3635 η--ι-ι
2461 3618 2489 3635 nl
2519 3619 2526 3635 I

1507 3608 1615 3635 ιιιιιιυι
1626 3608 1728 3624 ιενιιυ
1741 3608 1810 3620 ιιι...
1826 3608 2000 3618 μων-.--η
2025 3608 2047 3616 ,ι

1507 3655 1563 3691 lus
1579 3651 1723 3691 dicitur,
1745 3645 1806 3694 qui
1823 3652 1895 3680 non
1915 3642 2012 3676 amat
2029 3635 2157 3676 Deum,
2178 3627 2441 3694 proiitcr‘qucm

1509 3674 1563 3691 lu:
1579 3674 1723 3691 υιινιιυι,
1746 3674 1754 3682 π
1773 3674 1806 3681 -..
1824 3674 1846 3680 ..
1862 3674 1895 3678 .._
1917 3674 1924 3676 ἡ
1937 3674 1946 3676 _
2150 3674 2155 3676 _
2181 3674 2188 3678 '
2249 3674 2253 3675 7

1509 3715 1647 3752 minum
1666 3674 1818 3756 injurlias
1837 3702 2014 3751 patienter
2033 3696 2126 3734 ferre
2143 3688 2292 3730 debuit?
2311 3685 2348 3723 Si
2368 3687 2450 3717 vero
2465 3674 2564 3756 [lanx

2285 3749 2292 3756 ‘
2351 3750 2429 3756 νιρρι
2449 3741 2532 3756 null“
2549 3753 2553 3756 .

1510 3731 1647 3752 llllllulll
1667 3731 1818 3756 Ιιιμιιιιισ
1838 3731 2006 3751 lunae".-.
2033 3731 2094 3734 .-_
2491 3733 2498 3740 .

1510 3786 1583 3812 non
1604 3778 1726 3816 amat,
1749 3778 1795 3806 ne
1812 3776 1851 3802 se
1881 3761 2026 3811 quidem
2056 3757 2174 3804 ipsum
2197 3765 2206 3789 :
2235 3749 2292 3798 qui
2314 3750 2433 3816 autem.

1511 3795 1583 3812 IIUII
1604 3795 1700 3809 alnus
1716 3798 1726 3816 ,
1749 3795 1795 3806 ιιν
1813 3795 1851 3802 υν
1883 3795 1998 3811 -ι--.ῆη
2072 3795 2081 3804 .
2246 3795 2256 3798 _
2487 3795 2492 3800 l

1511 3835 1678 3872 inimicus
1698 3836 1776 3874 est,
1799 3821 1981 3876 quomodo
2002 3817 2145 3857 tandem
2175 3813 2264 3850 alios
2281 3799 2433 3844 amabit?
2453 3795 2567 3876 Mittit:

2197 3873 2206 3876 -
2329 3865 2336 3876 ι
2349 3868 2414 3876 κιλ-
2461 3861 2538 3876 ..Inn
2565 3873 2567 3876 .

1513 3856 1598 3872 "ll-Ill
1614 3856 1678 3871 ινδ
1699 3856 1754 3868 μοι
1799 3856 1807 3863 1
1827 3856 1976 3863 .....-.-.__
2007 3856 2010 3857 ν

1513 3856 1622 3944 igitur
1640 3903 1712 3931 non
1733 3856 1857 3932 es’tfsi
1884 3884 1932 3922 ob
1957 3881 1993 3920 id
2019 3873 2266 3944 Olympiadem
2293 3856 2570 3944 0ie::.nl'l‘l;t:?::

1517 3914 1621 3944 Igitur
1641 3914 1712 3931 IIUII
1733 3914 1808 3932 ιδεμ,
1829 3914 1857 3924 υ-
1885 3914 1930 3922 ν-
1958 3914 1993 3920 η.
2025 3914 2078 3926 -Ἱ
2129 3914 2137 3923 ,
2489 3917 2496 3924 _

1517 3968 1596 4006 qua:
1615 3953 1810 3992 monachos
1829 3945 2062 3994 suscepisset.
2087 3940 2183 3975 Duc.
2207 3934 2242 3970 lu
2261 3927 2422 3968 confesso
2441 3914 2570 3966 qmdt'l“
