2694 4342
263 269 314 310 ες
1115 240 1336 283 memon
1362 240 1370 279 1

1442 239 1591 280 LOGUS
2435 235 2474 273 ὅθ

264 345 380 394 gillari
400 339 662 380 confessionem
681 331 838 379 scripsit.
856 329 900 366 Et
914 336 1065 366 cernere
1079 329 1158 362 erat
1173 321 1345 361 divinitus

267 383 462 444 iinmissam
482 402 570 436 iram
583 425 594 441 ,
615 396 724 432 variis
741 391 856 441 poenis
871 390 1004 428 bellum
1021 387 1249 426 inferentem.
1275 383 1345 429 Qui

265 467 407 515 quidem
425 463 627 500 animarum
649 457 830 495 medicum
848 459 884 491 ct
899 452 1128 490 delinitorem
1147 447 1345 486 exacerba-

266 509 368 569 rarit.
388 532 499 572 atque
513 523 574 560 Dei
591 522 826 567 interpretem
851 526 870 552 a
892 515 1018 552 salutis
1049 511 1191 549 officina
1227 509 1346 547 dimo»

265 595 410 633 verant,
425 596 618 634 corporqu
637 582 787 620 medicis
797 580 842 617 ad
853 577 1081 617 vexationem
1097 574 1346 613 tradebantur:

265 652 324 700 qui
345 650 508 688 dolorem
525 647 671 696 quidem
690 644 809 682 solitis
827 641 996 680 remediis
1023 639 1228 686 augebant,
1251 635 1348 672 saluo

267 720 340 751 tom
359 719 479 750 autem
501 721 570 748 non
591 707 850 758 procurabant.
863 705 952 750 Quis
972 703 1068 740 enim
1078 699 1280 738 medebitur
1299 697 1348 742 ei,

267 777 327 824 qui
347 787 367 813 a
397 775 471 812 Deo
490 772 663 822 punitur?
681 777 720 808 ut
737 770 787 806 ait
807 767 1004 816 propheta:
1031 761 1209 809 Numquid
1229 759 1349 796 medici

267 820 505 880 suscitabunt,
537 841 568 871 et
598 831 849 880 conﬁtebuntur
877 829 935 864 tibi
965 825 1081 876 (I-‘sal.
1102 824 1162 862 87.
1186 821 1270 868 li)?
1290 820 1352 857 Sic

270 910 399 936 mnncs
418 897 589 936 Ecclesiae
610 903 679 932 tuze
698 894 796 941 pacis
826 889 1024 928 adversarii
1053 887 1256 935 perierunt,
1283 883 1353 920 Do-

273 964 382 999 mine.
402 961 586 998 Cmtcrum
609 959 722 994 fertur
741 955 946 1002 Sepulcrum
966 948 1148 988 Ammouii
1185 943 1351 984 monachi

273 1027 464 1063 horrorem
496 1023 606 1060 febris
623 1019 818 1064 expellere.
843 1015 1014 1062 Sepultus
1044 1022 1130 1050 vero
1162 1015 1218 1048 est
1254 1014 1354 1044 trans

274 1099 376 1126 mare
410 1087 445 1124 in
485 1084 659 1133 martyrio
694 1080 966 1128 Apostolorum.
1006 1077 1120 1114 Porro
1162 1073 1354 1120 episcopus

277 1151 471 1187 Dioscorus
485 1175 494 1192 ,
515 1146 573 1194 qui
588 1173 598 1190 ,
621 1149 660 1180 ut
678 1143 823 1186 dicunt,
845 1140 1037 1188 plurimum
1055 1137 1166 1174 Deum
1189 1137 1356 1181 precatus

276 1213 406 1255 fuerat,
419 1217 458 1248 ut
477 1217 538 1246 aut
559 1218 685 1256 pacem
702 1205 946 1242 Ecclesiarum
958 1201 1110 1244 videret,
1123 1203 1184 1234 aut
1197 1204 1358 1232 morerev

279 1283 347 1319 tur,
359 1281 474 1312 morte
485 1255 615 1319 dignus
625 1269 767 1305 habitus
777 1272 846 1309 cst,
857 1263 1026 1312 quoniam
1037 1259 1193 1298 mundus
1205 1267 1292 1305 pace
1303 1255 1359 1292 di—

277 1349 370 1388 guns
385 1348 454 1374 non
473 1341 550 1373 erat
568 1346 578 1374 :
597 1340 632 1370 et
643 1331 808 1379 sepultus
823 1330 858 1365 in
878 1326 1072 1374 martyrio,
1089 1321 1184 1370 quod
1201 1325 1258 1357 est
1274 1323 1359 1354 ante

281 1407 418 1449 porutm
433 1399 504 1435 :ita
524 1403 562 1434 ut
577 1395 742 1444 plurimm
753 1393 939 1435 mulieres,
961 1386 1106 1425 omissis
1119 1395 1184 1432 per
1197 1386 1358 1420 sanctatn

282 1470 476 1512 martyrem
496 1459 714 1508 iuramentis
733 1485 743 1502 ,
767 1466 829 1503 per
847 1462 974 1502 preces
1001 1447 1162 1486 Dioscori
1179 1446 1358 1493 jurarcnt.

282 1527 334 1563 De
351 1523 499 1571 reliquis
521 1527 640 1558 autem
659 1517 847 1556 menacbis
865 1515 997 1552 multus
1015 1511 1101 1548 mihi
1130 1518 1250 1547 sermo
1277 1515 1362 1543 con~

283 1570 491 1624 sumeretur
503 1584 538 1620 in
558 1581 742 1620 narrando
758 1592 768 1616 :
784 1587 820 1618 et
838 1585 874 1616 tu
889 1578 1046 1615 fortasse
1057 1574 1102 1611 ad
1113 1572 1182 1610 alia
1199 1570 1362 1614 festinas,

283 1660 306 1684 ο
328 1648 381 1684 vir
399 1645 450 1683 tui
469 1645 648 1688 nominis,
672 1641 876 1680 Theodore.
897 1641 998 1677 Duc.
1019 1637 1065 1674 Et
1083 1637 1166 1684 quis
1185 1633 1278 1671 adeo
1309 1632 1365 1668 in~

288 1711 371 1746 felix
386 1737 396 1752 ,
413 1713 450 1744 ut
461 1706 730 1744 narrationibus
745 1704 791 1740 de
809 1703 938 1739 virtute
951 1702 1069 1738 locum
1088 1709 1160 1735 non
1181 1693 1366 1743 prmbeat?

289 1773 354 1810 Dic
373 1772 494 1819 igitur,
511 1778 634 1817 qumso
647 1796 655 1811 ,
679 1773 715 1803 et
733 1773 962 1813 quocumque
975 1760 1179 1799 rationabili
1197 1765 1366 1795 sermone

288 1835 448 1871 animum
469 1841 588 1868 meum
603 1840 622 1866 a
639 1827 872 1866 s:ccularibus
891 1821 1168 1872 cogitationibus
1182 1818 1364 1856 abducito.

292 1897 409 1933 Ense.
423 1895 485 1931 Est
497 1893 604 1940 igitur
613 1892 703 1928 alter
712 1890 841 1926 Hierax
853 1886 1002 1935 profano
1009 1883 1153 1932 quidem
1162 1881 1368 1919 nominatus

290 1957 462 1998 nomine,
485 1953 708 2002 spiritalibus
738 1958 858 1988 autem
874 1948 1036 1986 moribus
1065 1951 1284 1984 exornatus:
1305 1944 1368 1991 qui

293 2019 448 2066 primum
465 2015 609 2064 quidem
626 2020 725 2050 extra
750 2019 861 2048 totam
878 2009 1074 2058 {Egyptum
1091 2013 1128 2045 et
1144 2005 1368 2044 Thebaidem

293 2085 328 2121 in
348 2091 507 2122 montem
543 2082 780 2130 Porphyriten
806 2079 905 2116 solus
935 2077 1208 2120 secesserat,et
1225 2072 1368 2120 quidem

293 2147 372 2184 sine
390 2147 464 2184 ullo
479 2145 635 2183 hominis
652 2143 794 2187 afﬂatu,
811 2146 965 2189 quatuor
983 2147 1098 2174 annos
1111 2134 1368 2184 perseveravit.

295 2211 382 2246 solis
410 2214 602 2246 contentus
638 2205 828 2243 virtutibus
870 2203 914 2240 ad
947 2201 1145 2239 Solatium:
1180 2205 1301 2247 postea
1335 2198 1371 2234 iu

297 2271 493 2310 solitudine
539 2270 664 2307 Nitriae
694 2267 818 2318 viginti
845 2266 1003 2317 quinque
1039 2273 1154 2300 annos
1187 2261 1261 2310 egit
1289 2271 1372 2298 cum

299 2333 514 2381 supradictis
524 2330 812 2371 Patribus.liuic
829 2328 1012 2366 daemones
1027 2328 1200 2362 instantes
1213 2351 1223 2370 ,
1243 2330 1281 2360 ut
1297 2323 1375 2370 ipse

301 2397 405 2434 nobis
425 2395 602 2439 narravit,
624 2395 822 2441 longrevam
839 2392 948 2428 vitam
968 2389 1236 2437 promittentes,
1249 2396 1268 2422 a
1288 2395 1372 2432 pro-

303 2459 416 2504 posita
437 2467 501 2504 spe
515 2457 630 2504 ipsmu
651 2455 836 2492 dimovere
853 2451 1068 2494 studebant,
1111 2447 1375 2486 transforman-

303 2529 358 2556 tos
371 2531 410 2556 se
424 2519 459 2556 iu
481 2519 626 2566 angelos
641 2517 734 2554 lucis
747 2544 756 2560 ,
779 2515 964 2552 dicentes:
981 2510 1243 2558 Quinquaginta
1263 2517 1376 2544 annos

303 2584 420 2620 adhuc
435 2583 596 2619 victurus
610 2591 672 2617 es:
703 2577 884 2626 quomodo
917 2576 952 2613 in
986 2584 1110 2612 eremo
1145 2569 1378 2620 perdurahis?

307 2647 366 2682 il‘e
383 2653 502 2682 autem
533 2645 715 2697 sapienter
739 2652 803 2688 per
834 2639 938 2676 tidem
983 2635 1195 2684 respondit,
1227 2633 1376 2670 dicens:

305 2707 551 2744 Comristastis
581 2693 662 2749 ine,
691 2703 834 2740 brevius
868 2699 1039 2748 prepositi
1064 2697 1132 2734 mei
1147 2702 1288 2742 tempus
1323 2693 1379 2729 di-

305 2775 450 2806 centes:
470 2768 706 2804 duccutorum
725 2763 821 2801 enim
839 2769 1014 2798 annorum
1045 2762 1257 2806 apparatum
1293 2751 1380 2790 mihi

309 2833 342 2866 'm
358 2841 481 2867 eremo
501 2829 758 2865 instruxeram.
781 2823 882 2870 Quod
913 2827 952 2858 ut
971 2819 1176 2860 audierunt,
1205 2815 1381 2852 ululantes

308 2892 566 2928 discesserunt.
589 2891 633 2926 Et
658 2889 754 2924 hunc
787 2887 902 2932 ipsum
917 2912 928 2928 ,
949 2893 1056 2930 quem
1093 2880 1277 2916 diemones
1311 2885 1383 2912 non

309 2957 599 2994 commoverant,
621 2951 830 2987 diuturnum
847 2947 880 2983 ei
897 2945 980 2981 vita:
999 2950 1140 2989 tempus
1171 2938 1386 2986 promitten-

312 3023 384 3060 tes,
405 3023 444 3053 ut
463 3017 578 3052 virum
599 3014 634 3050 in
665 3011 840 3048 desidiam
870 3007 1144 3056 pertraherent,
1162 3001 1384 3048 Theophilus

313 3088 402 3130 papa
437 3077 613 3122 Principis
645 3074 764 3110 edicto
796 3071 950 3118 migrare
979 3066 1104 3114 jussit,
1134 3071 1171 3102 et
1198 3063 1243 3100 ad
1277 3063 1384 3099 talem

314 3126 451 3186 redeg't
484 3138 756 3180 necessitatem,
791 3141 831 3171 ut
865 3133 910 3170 ad
929 3130 1145 3168 Comitatum
1179 3127 1248 3164 iret
1278 3138 1288 3162 :
1325 3125 1385 3172 qui

315 3212 408 3238 uuuc
447 3207 526 3248 post
563 3207 716 3236 mortem
758 3195 963 3236 Ammonii,
1003 3199 1142 3228 rursum
1183 3187 1388 3225 desertissi-

316 3273 409 3298 mam
436 3262 665 3298 solitudinem
694 3259 854 3306 repetiit,
885 3254 994 3293 aratri
1029 3250 1226 3300 evangelici
1255 3251 1389 3288 veritus

318 3322 522 3369 parabolam
561 3321 661 3368 (Luc.
698 3319 734 3356 9.
779 3318 857 3364 69.).
898 3317 998 3353 Alius
1036 3323 1160 3350 rursus
1203 3312 1390 3360 presbyter

320 3385 418 3421 lsaac
451 3383 622 3427 nomine,
662 3380 860 3427 discipulus
891 3377 1058 3422 Macarii,
1089 3377 1149 3425 qui
1185 3376 1251 3414 fuit
1285 3376 1393 3414 disci-

319 3447 424 3494 pulos
444 3445 612 3488 Antonii,
649 3442 854 3481 solitudinis
888 3440 1176 3485 amantissimus,
1213 3439 1390 3486 quinqua-

319 3509 415 3557 ginta
447 3517 562 3544 annos
592 3515 728 3554 agens,
755 3503 974 3550 Scripturam
1008 3511 1152 3538 omnem
1183 3501 1394 3538 memoriter

319 3579 469 3615 tenens,
504 3575 664 3604 cerastas
694 3571 881 3613 serpentes
915 3564 950 3600 in
987 3563 1153 3600 manibus
1183 3563 1261 3600 sine
1297 3563 1392 3610 peri-

319 3633 401 3670 culo
421 3637 591 3680 portans,
613 3640 654 3666 ex
679 3629 802 3665 matris
821 3633 924 3664 utero
949 3626 1070 3674 virgo,
1103 3635 1183 3662 cum
1211 3625 1394 3670 septenois

321 3695 550 3732 solitudinem
602 3693 759 3730 ineolere
799 3690 990 3738 erupisset,
1041 3695 1118 3735 post
1161 3686 1394 3734 quadraginta

322 3768 456 3802 amtos,
489 3767 571 3794 cum
603 3753 782 3803 prmdictis
801 3780 812 3797 ,
849 3763 868 3788 a
899 3750 1100 3798 Theophila
1134 3749 1254 3796 Papa,
1287 3747 1394 3784 veluti

325 3819 466 3862 cribro,
511 3829 686 3858 excussus
721 3823 790 3855 est.
832 3816 932 3854 Alter
968 3815 1066 3852 Isaac
1109 3813 1320 3862 presbyter,
1361 3817 1398 3848 et

327 3880 404 3922 HW.
433 3881 625 3927 discipulus
645 3891 688 3918 ac
717 3889 904 3917 suci-essm
927 3878 1049 3915 Cronii
1083 3874 1306 3924 presbyteri,
1341 3872 1398 3908 di-

329 3939 454 3986 scipuli
482 3943 639 3987 ejusdem
674 3942 842 3985 Antonii,
867 3941 1130 3988 Scriptnrarunt
1161 3945 1197 3976 et
1233 3937 1308 3983 ipse
1341 3945 1397 3982 pe-

1419 318 1512 356 ritus
1528 327 1634 366 quam
1673 316 1732 364 qui
1764 314 1942 358 maxime,
1983 311 2170 361 hospitalis
2205 313 2234 348 si
2263 312 2340 360 quis
2373 313 2477 360 alius,

1420 381 1512 419 adeo
1533 387 1570 418 ut
1588 390 1660 428 prm
1679 388 1819 416 summa
1841 376 2062 414 humanitate
2081 375 2270 423 hospitium
2304 375 2338 412 in
2369 387 2480 413 eremo

1421 442 1670 482 construxerit
1689 440 1734 477 ad
1765 439 1990 486 refrigerium
2026 448 2202 485 aegrorum
2233 437 2476 475 monachorum

1423 513 1458 544 et
1475 505 1749 554 peregrinorum
1765 531 1774 547 ,
1795 502 1840 540 ad
1861 500 2068 539 invisendos
2097 500 2221 538 beatos
2248 499 2372 538 Patres
2404 499 2479 539 illuc

1422 565 1866 615 adveniemium(dicitur
1899 569 2018 600 autem
2053 561 2100 600 ab
2119 561 2216 598 omni
2249 561 2300 598 ira
2317 561 2477 610 alienus),

1424 632 1647 680 trigesimum
1665 639 1798 679 annum
1821 637 1902 665 eum
1922 627 2055 674 egisset
2076 625 2111 662 in
2131 633 2276 662 secessu
2292 653 2301 665 .
2322 633 2388 661 una
2403 634 2478 662 cum

1423 695 1480 732 his
1495 699 1642 731 vexatus
1655 699 1724 729 est.
1747 690 1801 728 Ex
1824 690 1878 726 his
1895 695 2014 726 autem
2033 687 2130 724 Isaac
2160 687 2256 734 prior
2289 691 2422 724 centum
2449 693 2482 724 et

1424 754 1680 804 quinquaginta
1691 753 1760 790 sub
1779 763 1818 789 se
1832 751 2028 788 monachos
2050 749 2226 786 habebat:
2261 749 2359 796 cujus
2384 749 2481 787 disci-

1427 819 1530 866 pulos
1545 822 1682 864 septem
1705 821 1766 851 aut
1777 819 1859 852 octo
1873 811 2255 861 episcoposconstituit
2265 811 2482 858 Theophilus,

1425 885 1510 921 dum
1533 880 1778 928 Theophilus,
1801 878 1871 916 huc
1883 885 1935 916 est
1955 905 1965 921 ,
1989 876 2052 913 Dei
2076 885 2222 919 amans,
2245 880 2337 912 esset
2365 887 2373 911 :
2403 875 2482 913 alter

1426 953 1544 982 autent
1561 945 1736 980 ducentos
1755 946 1792 978 et
1808 940 1956 977 decem:
1977 939 2080 985 cujus
2094 938 2200 974 etiam
2222 937 2380 984 discipuli
2415 937 2480 984 plu-

1427 1007 1508 1044 rimi
1528 1005 1708 1054 episcopis
1727 1001 1952 1040 anuumerati
1985 1007 2081 1038 sunt.
2105 999 2146 1036 lli
2183 1005 2288 1043 sunt,
2316 1010 2400 1046 quos
2429 1011 2470 1036 ntt

1427 1070 1510 1106 dius
1529 1068 1656 1104 tertius
1673 1065 1954 1104 memoravimus
1976 1063 2102 1100 lsidori
2121 1062 2316 1110 presbyteri
2342 1071 2441 1098 causa
2467 1072 2484 1098 a

1429 1130 1630 1177 TheOphilo
1649 1129 1745 1176 Papa
1777 1127 1916 1174 ejrctos
1948 1136 1994 1163 ex
2029 1135 2168 1162 eremo.
2203 1123 2245 1160 lli
2274 1129 2374 1166 sunt,
2409 1133 2486 1170 quos

1430 1193 1638 1230 sacerdotes
1657 1195 1695 1228 et
1713 1189 1852 1227 diaconi
1871 1188 2118 1235 despexerunt
2135 1197 2145 1230 ;
2167 1190 2204 1222 et
2217 1194 2308 1232 quos
2335 1184 2368 1221 in
2402 1183 2487 1220 viro-

1393 1281 1397 1288 .
1425 1249 1510 1293 ‘rum
1526 1253 1774 1292 confusionem
1807 1250 1922 1288 virilis
1955 1250 2087 1286 mulier
2115 1247 2295 1294 suscepit,
2333 1252 2432 1294 atque
2458 1247 2488 1283 in

1425 1318 1683 1364 episcoporum
1729 1313 2068 1352 condemnationem
2134 1311 2262 1348 mulier
2309 1309 2488 1346 diacouissa

1433 1380 1590 1428 hospitio
1625 1377 1790 1424 excepit;
1817 1376 1920 1424 cujus
1956 1375 2034 1411 laus
2061 1375 2095 1410 in
2129 1372 2301 1410 Ecclesiis
2317 1371 2489 1408 multarum

1433 1454 1553 1482 rermn
1583 1451 1690 1478 causa
1720 1439 1950 1478 celebratur:
1984 1437 2250 1474 Samaritanum
2285 1435 2399 1477 illum,
2425 1433 2488 1481 qui-

1433 1516 1588 1554 cumque
1619 1503 1762 1542 tandem
1785 1503 1846 1539 ille
1872 1502 1942 1546 sit,
1978 1501 2140 1544 imitata,
2171 1499 2230 1546 qui
2265 1508 2285 1535 a
2315 1497 2492 1534 latronibus

1435 1570 1686 1612 vulneratum,
1718 1564 1936 1602 semivivum
1969 1563 2002 1599 in
2031 1561 2210 1600 descensu
2239 1559 2378 1598 Jericho
2403 1559 2493 1595 inve-

1437 1633 1540 1670 niens
1553 1659 1564 1677 ,
1583 1629 1729 1678 proprio
1744 1628 1844 1665 illum
1863 1625 2210 1675 imposuitjumento
2223 1653 2232 1669 ,
2253 1629 2288 1661 et
2316 1621 2358 1659 ad
2389 1620 2494 1657 stabu~

1438 1695 1510 1732 lum
1531 1702 1644 1740 usque
1678 1690 1777 1736 tulit,
1797 1694 1906 1737 atque
1941 1685 2176 1724 humanitatis
2196 1685 2314 1722 oleum
2332 1693 2406 1720 cum
2439 1679 2496 1716 ad-

1437 1756 1636 1802 stringente
1663 1753 1746 1790 vino
1789 1749 2036 1798 permiscens,
2057 1747 2264 1784 vulneribus
2302 1743 2496 1781 medicinam

1438 1817 1536 1855 fecit.
1553 1816 1599 1852 Et
1618 1815 1696 1852 haec
1715 1813 1858 1862 quidem
1879 1811 1926 1850 de
1946 1811 2024 1848 istis
2043 1810 2137 1847 dicta
2157 1808 2240 1845 sint.
2259 1807 2425 1852 Quantam
2443 1813 2499 1838 au-

1439 1885 1510 1916 tem
1529 1884 1565 1916 et
1585 1876 1819 1925 pecuniarum
1833 1879 1871 1912 et
1888 1873 2106 1922 praediorum
2127 1870 2265 1918 copiaut
2303 1865 2499 1916 pauperibus

1439 1939 1678 1982 distribuerit.
1691 1949 1763 1975 non
1775 1947 1894 1975 meum
1915 1942 1970 1974 est
1980 1935 2116 1978 dicere,
2131 1933 2196 1971 sed
2206 1941 2326 1969 eorum
2339 1929 2392 1978 qui
2405 1927 2501 1964 bene-

1441 2005 1561 2042 ficium
1580 2007 1820 2050 acceperunt:
1843 1999 1944 2037 exsul
1957 1999 2090 2046 quippe
2103 2007 2183 2034 cum
2201 2004 2318 2033 essem
2332 2021 2340 2036 ,
2360 1991 2390 2028 ei
2411 1986 2502 2026 oneri

1443 2077 1514 2104 non
1530 2064 1594 2102 fui.
1610 2063 1660 2101 De
1677 2073 1718 2100 ea
1743 2071 1830 2100 vero
1847 2061 1932 2098 audi
1953 2060 2039 2108 quid
2069 2057 2288 2106 praeclarius.
2310 2050 2504 2092 Parentibus

1441 2127 1582 2172 orbata,
1606 2125 1684 2162 viro
1703 2124 1894 2171 conjuncta
1913 2133 1994 2160 cum
2006 2127 2114 2164 esset,
2127 2120 2184 2156 ita
2199 2119 2270 2154 Deo
2289 2115 2437 2155 volente,
2451 2121 2505 2147 re-

1429 2187 1522 2228 'rum
1537 2188 1697 2226 omnium
1711 2186 1862 2235 praeseio
1877 2191 1914 2223 et
1933 2185 2110 2221 humanos
2122 2188 2273 2219 eventus
2287 2175 2506 2226 przevidentc,

1445 2253 1504 2290 vix
1533 2250 1660 2300 viginti
1695 2258 1842 2286 menses
1870 2247 1992 2284 carnis
2024 2243 2214 2292 voluptati,
2246 2251 2324 2289 qum
2353 2235 2506 2274 omnibus

1445 2317 1615 2364 imperat,
1647 2312 1811 2354 servivit,
1831 2321 1914 2348 cum
1931 2310 2082 2347 maritus
2101 2307 2180 2355 ejus
2199 2311 2334 2342 natura:
2359 2299 2506 2337 debitum

1445 2379 1517 2416 cito
1537 2375 1789 2424 persolvisset.
1820 2373 1956 2410 Dicitur
1972 2379 2094 2408 autem
2115 2379 2209 2406 nunc
2227 2367 2334 2405 etiam
2355 2369 2390 2400 ct
2417 2360 2508 2404 virgo

1447 2450 1542 2478 esse.
1562 2439 1650 2484 Qua:
1667 2436 1764 2474 enim
1783 2435 1898 2482 potuit
1915 2432 2124 2480 apostolica:
2145 2431 2212 2477 legi
2233 2427 2367 2465 servire
2389 2435 2398 2461 :
2434 2419 2510 2456 Vah?

1447 2499 1730 2538 adolescentiam:
1739 2497 1856 2534 viduas
1867 2496 2132 2536 nubere,matres
2143 2491 2292 2541 [notitias
2301 2486 2406 2534 esse“
2415 2483 2508 2521 .Tim.

1449 2564 1485 2602 5.
1509 2563 1592 2612 li);
1612 2573 1654 2600 ea
1673 2561 1820 2608 quidem
1848 2569 1920 2595 non
1942 2557 2136 2600 sustinuit;
2153 2562 2272 2591 tamen
2293 2561 2371 2589 cum
2391 2554 2511 2596 genero

1450 2631 1488 2662 et
1507 2623 1646 2670 opibus,
1665 2629 1772 2668 atque
1786 2619 1992 2666 cognitione
2009 2618 2163 2665 plurium
2181 2613 2420 2652 scientiarum,
2437 2615 2511 2643 ncc-

1452 2696 1524 2722 non
1540 2683 1684 2732 ingenio
1703 2681 1840 2718 liberali
1861 2686 1898 2718 et
1914 2679 2030 2717 forma
2052 2685 2161 2726 atque
2175 2677 2290 2714 anatis
2311 2673 2396 2710 tlore
2416 2677 2511 2706 exor-

1453 2753 1535 2784 nata
1553 2753 1664 2790 esset,
1689 2743 1839 2782 secundi
1859 2743 2018 2790 conjugii
2044 2743 2206 2789 laqueos,
2240 2746 2378 2784 caprea:
2397 2733 2510 2771 instar,

1453 2809 1636 2850 audacter,
1671 2805 1890 2842 transiliens.
1911 2803 2014 2840 Iusto
2042 2803 2132 2839 enim
2150 2802 2205 2838 lea:
2225 2799 2334 2846 positu
2353 2805 2416 2831 non
2443 2795 2511 2831 est.

1454 2871 1514 2908 sed
1531 2871 1654 2917 iugum
1670 2867 1947 2910 detrectantibus,
1981 2866 2149 2914 profanis,
2171 2870 2205 2900 et
2227 2863 2270 2898 iis
2299 2860 2354 2908 qui
2385 2853 2514 2894 libidine

1455 2933 1584 2979 expleri
1604 2943 1672 2968 non
1694 2937 1834 2978 possunt
1853 2930 1904 2978 (l.
1922 2928 2014 2966 Tim.
2035 2929 2068 2964 i.
2083 2926 2141 2973 9).
2156 2925 2311 2971 Contigit
2330 2925 2443 2957 autem
2462 2922 2516 2976 per

1456 2993 1648 3038 quamdam
1671 2993 1814 3028 Satante
1845 2970 2031 3032 invidiam,
2063 2970 2212 3033 ut'ejus
2244 2985 2450 3037 przematura
2468 2970 2516 3009 vi-

1457 3057 1576 3093 duitas
1594 3055 1776 3092 delatione
1793 3053 1837 3088 ad
1857 3051 2055 3089 Theodosii
2075 3035 2305 3096 Imperatoris
2329 3049 2430 3078 aures
2447 3044 2517 3083 pcr-

1458 3119 1619 3162 veniret,
1641 3117 1700 3164 qui
1733 3126 1813 3152 eam
1839 3113 1980 3162 Elpidio
2003 3095 2158 3152 cuidam,
2184 3112 2334 3154 cognato
2361 3112 2437 3141 suo.
2463 3095 2518 3133 ΙΙῘ·

1461 3192 1588 3230 spauo,
1616 3181 1650 3217 in
1670 3177 1940 3216 matrimonium
1967 3175 2054 3212 dare
2068 3172 2247 3220 cupiebat.
2269 3169 2332 3206 ilic
2355 3173 2431 3202 cum
2449 3167 2519 3196 eam

1461 3246 1612 3282 multum
1643 3248 1796 3284 orasset,
1819 3250 1887 3277 nec
1917 3237 2112 3286 quidquam
2141 3233 2187 3269 ab
2217 3242 2258 3269 ea
2287 3224 2517 3275 impetrassot.

1461 3308 1586 3345 dolore
1605 3305 1756 3344 affectus
1781 3309 1851 3346 est,
1873 3284 2100 3348 significante
2120 3297 2204 3333 illa:
2225 3293 2262 3330 Si
2285 3301 2342 3328 me
2361 3284 2519 3348 voluisset

1462 3371 1540 3408 ilex
1555 3379 1656 3406 meus
1676 3377 1756 3404 cum
1775 3365 1855 3401 viro
1868 3364 2003 3406 vivere,
2025 3359 2139 3396 virum
2162 3355 2248 3393 mihi
2269 3363 2339 3390 non
2358 3343 2515 3408 abdidis-

1463 3439 1518 3470 Sct
1535 3444 1543 3468 :
1563 3430 1732 3479 quoniam
1748 3435 1866 3463 autem
1887 3434 1944 3460 me
1971 3420 2168 3468 corrjugalis
2189 3419 2270 3453 vita:
2290 3412 2434 3451 minime
2453 3404 2520 3440 ἱιιθ·

1465 3506 1569 3534 neam
1602 3491 1782 3539 cognovit,
1805 3498 1872 3525 nec
1905 3495 2010 3534 posse
2043 3483 2121 3519 viro
2149 3481 2306 3528 plaeere,
2339 3481 2374 3512 et
2395 3471 2522 3536 illumo

1465 3555 1628 3604 corporis
1655 3552 1806 3590 vinculis
1833 3547 2009 3589 liberavit,
2031 3550 2068 3580 et
2087 3553 2146 3580 me
2173 3551 2192 3576 a
2213 3535 2422 3588 gravissimo
2444 3528 2523 3592 j'lg"

1467 3627 1572 3666 atque
1587 3629 1606 3653 a
1622 3616 1687 3652 viri
1702 3613 1874 3650 servitute
1892 3607 2038 3655 eripuit,
2060 3613 2170 3642 suave
2191 3610 2293 3637 suum
2309 3592 2519 3633 castimon

2113 3665 2128 3666 γ
2230 3661 2237 3666 .

1464 3683 1589 3728 jugum
1619 3677 1730 3715 tuenti
1757 3685 1847 3711 mea:
1877 3672 2076 3716 imponens.
2113 3665 2198 3701 Post
2230 3661 2298 3696 hoc
2326 3653 2526 3700 rcspﬂllﬁ'Im

2233 3724 2242 3728 -
2307 3721 2314 3728 ι
2382 3727 2390 3728 κ
2416 3716 2526 3728 ﬁnal!“

1466 3716 1568 3792 iuiiet
1583 3739 1809 3779 Theodosius
1821 3733 1996 3772 Prrcl‘ecto
2014 3729 2126 3792 urbis,
2152 3731 2192 3763 ut
2211 3724 2288 3770 ejus
2307 3716 2526 3792 bn‘najfrx'i

1471 3769 1609 3848 i‘cntur,
1628 3801 1826 3849 usquedum
1845 3796 1987 3843 triginta
2009 3791 2127 3828 :etatis
2142 3795 2254 3824 annos
2273 3769 2526 3849 explessenQu:

1471 3836 1609 3848 .-..-c.,
1631 3836 1692 3849 ..η
1726 3836 1736 3838 ν
1891 3836 1910 3843 ,,

1471 3868 1590 3905 statim
1626 3872 1706 3913 post
1737 3858 1967 3907 Imperatoris
2001 3852 2206 3891 mandatum
2225 3874 2234 3891 ,
2269 3847 2424 3884 eouqu
2453 3836 2528 3913 93""

1473 3899 1636 3974 vexavit,l
1656 3899 1824 3964 incitatus
1852 3920 1901 3956 ah
1929 3916 2084 3965 Elpidio,
2113 3918 2149 3948 ut
2168 3919 2214 3950 nc
2234 3905 2433 3944 ΐιιειιιιὲιῑθιιι
2453 3899 2530 3942 Qu“
