2694 4342
179 246 216 283 εη
826 237 884 274 DE
912 237 1015 273 \‘lTA
1044 235 1080 272 s.
1109 234 1300 275 .IOANNtS
1321 235 1654 276 cunvsosrom.
2331 240 2378 286 σᾶ

181 323 258 360 dem
294 319 432 358 haberet
457 327 534 355 cum
558 316 753 364 insignibus
777 314 954 362 episcopis
980 311 1224 359 colloquendi,

183 393 294 431 neque
310 381 352 418 ad
370 379 550 418 ecclesiam
569 375 784 415 accedendi:
801 381 838 412 ut
857 385 930 421 prae
953 372 1223 420 angustiisania

183 445 228 482 mi
241 455 279 482 m-
295 441 444 489 conjugii
465 441 681 478 voluntatem
696 438 888 476 decideret.
906 437 966 473 illa
983 445 1068 472 vero
1085 434 1131 472 ob
1147 434 1225 472 haec

182 507 301 549 laetior,
321 511 355 542 et
377 503 506 552 gratias
525 503 596 539 Deo
612 511 734 550 agens,
764 499 846 536 talia
867 497 1073 545 Imperatori
1093 507 1226 534 reuun-

181 566 273 604 tisvit
299 577 308 601 :
343 563 550 611 Imperatori
577 561 730 599 debitam
766 566 802 608 et
830 569 1021 607 congruam
1055 557 1226 605 episcopo

179 631 336 667 virtutem
357 629 390 664 in
417 638 474 665 me
489 627 660 664 humilem
691 622 896 666 exhibuisti,
923 621 1092 665 domine;
1120 631 1224 657 man-

177 691 262 728 dans
275 701 380 738 grave
397 699 486 726 onus
505 699 624 726 meum
647 685 830 731 custodiri,
850 685 952 732 cujus
968 693 1090 722 curam
1115 683 1225 720 habe-

177 751 268 797 bam,
284 759 322 788 ut
335 751 652 788 administraretur.
669 749 780 794 Majas
797 753 914 784 autem
934 745 1074 791 feceris,
1091 745 1126 782 si
1139 743 1224 781 illud

177 813 385 860 pauperibus
405 818 440 850 et
469 811 638 848 Ecclesiis
655 809 818 848 distribui
841 808 1006 856 jusseris.
1034 807 1111 854 Ego
1129 807 1224 844 enim

175 875 242 922 jam
259 875 389 912 dudum
409 885 535 912 vanam
553 874 701 921 gloriam
719 883 764 910 ex
780 871 956 919 ejusmodi
974 870 1224 908 distributione

175 935 359 982 deprecata
377 945 468 978 sum,
491 945 537 971 ne
557 933 773 981 negligerem
796 933 924 968 animae
943 931 1096 976 divitias,
1118 930 1224 968 rebus

176 997 326 1034 terrenis
340 996 519 1042 implicita.
543 995 666 1042 Itaque
683 993 906 1042 postmodum
921 1003 1084 1030 reversus
1097 1003 1118 1029 a
1132 992 1225 1029 bello

175 1057 344 1094 adversus
361 1057 562 1101 Maximum,
579 1056 683 1103 jussit
697 1066 773 1092 eam
792 1055 962 1091 bonorum
983 1064 1128 1091 suorum
1155 1065 1222 1102 po-

175 1123 335 1154 testatem
369 1117 513 1162 habere,
547 1117 665 1154 audita
691 1117 828 1152 virtutis
857 1116 932 1162 ejus
967 1115 1221 1163 magnitudine.

176 1181 273 1218 Duc.
293 1181 415 1218 Merito
435 1193 520 1228 ergo
537 1193 612 1218 eam
636 1181 830 1218 honorabat
849 1181 1018 1225 Joannes,
1037 1192 1116 1228 quae
1133 1181 1225 1219 itane

174 1243 252 1278 vitm
272 1244 426 1290 regulam
447 1243 622 1280 servabat.
641 1243 758 1280 EPISC.
777 1244 1069 1280 Abstinetautcm
1089 1244 1134 1280 ab
1149 1243 1225 1280 ani-

175 1305 290 1349 matis,
303 1311 339 1342 et
359 1305 473 1342 rarius
491 1305 617 1342 balneo
635 1303 757 1340 utitur.
777 1303 812 1341 Si
831 1311 948 1340 autem
966 1311 1110 1352 propter
1124 1304 1224 1342 infir-

175 1366 326 1402 mitatem
345 1366 454 1402 utitur
479 1366 576 1413 (nam
595 1365 726 1412 su-pius
747 1365 930 1403 stomacho
951 1364 1121 1413 laborat),
1142 1375 1223 1402 cum

177 1429 288 1465 tunica
305 1429 339 1464 in
357 1439 487 1475 aquam
497 1429 694 1472 descendit,
707 1439 745 1465 se
759 1439 898 1475 quoque
917 1429 1043 1475 ipsam,
1058 1435 1096 1465 ut
1111 1428 1224 1473 aiunt,

175 1491 337 1528 reverita.
369 1492 467 1528 Duc.
500 1491 633 1528 Dicitur
661 1491 768 1529 etiam
801 1490 875 1536 ipsa
906 1490 1054 1526 multum
1081 1500 1228 1527 curasse

176 1553 315 1590 beatum
335 1552 520 1589 Joannem.
542 1551 660 1588 Ειηςο.
676 1551 810 1598 Ecquid
829 1551 974 1598 dignum
993 1551 1072 1596 ejus
1095 1551 1228 1588 virtute

175 1614 213 1650 in
235 1623 316 1650 eum
336 1612 527 1660 prmsliti-t?
549 1612 616 1649 nisi
633 1611 726 1659 quod
746 1622 816 1648 non
835 1612 998 1658 permisit
1021 1611 1229 1659 quotidiano

173 1683 254 1710 eum
271 1673 351 1710 cibo
378 1673 525 1710 distrahi
558 1684 566 1709 :
596 1671 690 1719 quod
717 1672 860 1720 quidem
879 1673 1065 1710 minimum
1085 1683 1156 1710 non
1174 1680 1230 1710 est

173 1733 298 1771 Christi
317 1734 502 1782 aperariis,
532 1733 686 1770 interdiu
708 1740 884 1781 noctuque
901 1734 946 1770 de
965 1735 1071 1772 rebus
1093 1735 1226 1772 Chriin

175 1796 344 1834 sollicitis.
375 1795 549 1832 Similiter
579 1795 722 1839 Paulus,
753 1795 910 1832 salutans
931 1795 1128 1840 Persidem,
1147 1807 1226 1843 quae

177 1856 238 1903 ipsi
258 1857 392 1894 iortean
407 1867 476 1893 non
492 1856 664 1894 dissimile
681 1856 914 1894 ministerium
931 1857 1102 1904 praebuit:
1119 1857 1226 1894 Salu-

177 1925 250 1962 tate,
265 1919 389 1966 inquit,
415 1919 570 1956 dilectum
585 1917 783 1963 Persidem,
811 1929 886 1964 qua:
900 1918 1042 1954 multum
1061 1919 1224 1956 laborauit

177 1979 210 2015 in
240 1980 374 2016 Domino
395 1981 512 2028 (Rom.
525 1979 585 2016 16.
601 1979 675 2025 12).
709 1978 834 2016 Omnes
863 1980 950 2015 enim
971 1991 1048 2028 qua:
1064 1992 1128 2017 sua
1145 1988 1226 2018 sunt

175 2048 334 2087 quorum,
361 2048 390 2078 et
408 2053 476 2078 non
501 2052 576 2087 qua:
595 2041 724 2078 Christi
744 2041 916 2089 (Philipp.
935 2042 972 2077 2.
995 2042 1071 2089 2i).
1091 2043 1174 2080 Scio
1190 2049 1226 2080 et

176 2102 307 2139 beatum
321 2103 520 2140 Nectarium
542 2104 621 2150 plus
643 2113 722 2140 eam
739 2103 906 2148 coluisse,
929 2105 976 2140 ita
994 2111 1032 2140 ut
1055 2105 1090 2141 in
1111 2107 1226 2142 cccle-

175 2165 320 2202 siasticis
339 2167 444 2202 rebus
461 2166 495 2202 ei
513 2165 792 2211 obtemperaret.
814 2164 965 2201 Sanctos
977 2175 1064 2202 vero
1081 2166 1228 2212 Amphi-

175 2224 320 2262 lochium
339 2233 374 2263 et
393 2225 577 2273 Optimum
594 2232 630 2262 et
659 2225 870 2272 Gregorium
889 2235 932 2262 ac
961 2225 1120 2271 Petrum,
1151 2227 1227 2264 fra-

176 2293 258 2324 trem
289 2289 422 2331 Basilii,
453 2296 560 2335 atque
593 2287 845 2334 Epiphaniam,
877 2286 986 2334 Cypri
1006 2288 1227 2334 episcopum,

175 2351 254 2396 quid
283 2353 406 2388 attinet
424 2351 558 2395 dicere,
595 2350 722 2396 quibus
741 2358 906 2396 agrorum
929 2351 1176 2396 possessiones
1193 2357 1231 2388 et

175 2413 335 2458 pecunias
368 2413 536 2450 dederit?
564 2411 738 2448 Moriente
770 2416 890 2447 autem
921 2410 1232 2458 Constantinopoli

175 2471 324 2519 θριὶωο,
339 2474 414 2520 ejus
433 2474 540 2510 etiam
559 2471 684 2510 oculos
701 2473 867 2509 manibus
885 2472 961 2508 suis
977 2472 1120 2508 clausit.
1136 2473 1231 2509 Pro:-

177 2539 268 2570 terca
290 2535 505 2572 miserabiles
523 2545 664 2582 qttoque
681 2535 762 2570 illos
785 2543 858 2572 non
881 2533 1111 2570 mediocriter
1128 2533 1232 2571 refri—

177 2595 309 2640 geravit
325 2596 358 2631 in
373 2597 550 2642 omnibus,
573 2596 804 2639 Antiochum,
824 2596 994 2632 Acacium
1014 2602 1050 2632 et
1067 2595 1232 2634 Severia-

178 2664 285 2697 num;
303 2661 420 2700 atque,
445 2662 486 2692 ut
499 2667 570 2693 uno
585 2657 695 2694 verbo
711 2668 754 2694 ex
773 2664 875 2704 parte
894 2657 1128 2704 eontplectar,
1149 2669 1230 2695 om-

178 2726 242 2754 nes
261 2717 526 2763 peregrinantes
543 2718 706 2764 clericos,
728 2725 766 2756 et
778 2721 1041 2757 monachorum.
1057 2731 1099 2758 ac
1123 2721 1231 2769 virgi-

178 2786 260 2814 num
290 2778 462 2814 inﬁnitam
489 2779 762 2816 multitudinem.
781 2781 938 2819 Joannes
957 2789 1091 2828 tamen,
1109 2789 1231 2830 utpote

179 2841 305 2878 missus
323 2841 382 2888 qui
401 2841 568 2888 exemplo
583 2848 692 2885 esset,
712 2848 750 2879 ut
766 2843 812 2880 ita
833 2844 963 2888 dicam,
985 2847 1146 2882 venturis
1160 2846 1228 2893 epi-

180 2901 304 2948 scopis,
317 2903 496 2950 quomodo
511 2903 627 2940 vivere
637 2903 802 2950 debeant,
815 2903 1023 2944 decreverat
1031 2908 1229 2944 secundum

182 2961 332 3008 Paulum,
354 2963 428 3002 suis
445 2963 632 3011 stipendiis
656 2965 850 3012 praedicare
869 2968 1115 3014 paenitentiam
1139 2982 1148 3006 :
1177 2969 1230 3005 ni.

182 3023 225 3060 hil
255 3025 572 3062 ecclesiasticarum
602 3037 720 3064 rerum
746 3028 923 3076 attingens
941 3057 951 3074 ,
982 3031 1237 3078 quotidianum.

181 3082 354 3122 dumtaxat
380 3088 496 3124 cibum
521 3089 698 3134 sumebat,
720 3089 825 3126 talem
855 3101 1000 3138 semper
1025 3103 1148 3130 curam
1173 3093 1230 3130 l'u-

181 3144 286 3189 aiens.
305 3148 410 3185 Aiunt
427 3155 544 3186 autem
561 3151 772 3188 verecundia
793 3151 886 3189 allici
907 3153 1038 3196 visum,
1053 3154 1138 3191 dum
1153 3165 1232 3191 sen-

181 3205 266 3242 sibili
280 3216 480 3248 vesceretur
497 3211 590 3248 cibo.
607 3212 920 3256 Quemadmodum.
929 3216 1027 3253 enim
1048 3216 1083 3253 in
1099 3217 1228 3263 pomis,

182 3276 257 3304 cum
271 3271 369 3307 eaad
380 3281 551 3310 summam
569 3276 792 3321 pervenerint
806 3278 1064 3324 maturitatem,
1079 3279 1115 3316 in
1129 3291 1232 3318 ramo

183 3335 384 3372 permanere
393 3343 460 3370 non
477 3337 667 3380 sustinent,
687 3337 818 3374 domini
851 3349 997 3376 manum
1023 3342 1228 3388 poscentia:

183 3389 231 3424 sic
246 3395 283 3426 et
298 3391 338 3426 in.
349 3396 489 3439 sanctis,
505 3407 584 3433 cum
603 3408 712 3446 supra
731 3399 876 3437 modum
893 3402 1093 3439 ctelestium
1109 3415 1234 3441 rerum,

184 3451 434 3495 pulchritudine
449 3460 539 3506 capti
564 3468 659 3506 sunt,
679 3468 762 3500 ante
781 3463 967 3500 definitum
994 3466 1077 3502 vita:
1095 3467 1228 3504 exitum

185 3510 246 3549 frui
261 3516 428 3560 promissa
447 3518 663 3560 beatitudine
678 3523 858 3560 festinant.
877 3525 940 3562 Sic
953 3533 989 3562 et
1006 3527 1041 3562 in
1061 3526 1228 3568 herilibm

185 3575 340 3636 parvulis.
359 3576 410 3616 lili
434 3581 526 3617 enim
545 3592 641 3630 smpe
658 3585 816 3621 crustula
835 3592 1100 3633 exspectantes,
1119 3599 1230 3636 appo-

185 3632 265 3671 situs
293 3638 390 3677 cibos
418 3652 488 3679 non
508 3651 668 3692 tangunt,
689 3647 957 3694 appetitumth
979 3632 1176 3697 cohibent,
1193 3659 1234 3690 ut

185 3704 375 3756 exspectata
405 3705 591 3744 dulcedine
619 3713 838 3746 saturentur.
873 3711 1078 3756 Agnosccnt
1110 3720 1230 3752 autem

187 3754 246 3820 llos
263 3770 452 3811 sermones,
473 3769 532 3816 qui
553 3769 679 3806 iisdem
701 3771 861 3818 vestigiis
879 3754 962 3808 vitm
989 3774 1159 3820 spiritalis
1177 3777 1231 3814 in-

185 3817 316 3885 pistum.
341 3824 480 3866 Verbum
500 3832 595 3868 enim
611 3832 749 3878 sapiens
765 3817 960 3870 siiaudierit
977 3817 1081 3885 scius,
1107 3839 1230 3878 lauda-

188 3879 228 3916 tu
241 3882 334 3934 illud,
357 3892 490 3930 etadsc
509 3893 644 3942 adﬁciet
665 3893 956 3944 (Eccli.21.18).
1071 3879 1079 3885 ’
1107 3891 1113 3893 ’

1349 313 1435 350 Car.
1464 323 1562 350 xvtn.
1578 336 1628 342 —
1643 316 1741 355 Duc.
1763 319 1974 362 Cousolatus
1991 335 2032 363 es
2061 337 2141 374 me,
2169 333 2376 370 venerande

1297 373 1417 418 Pater,
1429 375 1488 422 qui
1504 376 1589 412 milii
1605 386 1770 416 accurate
1781 387 1998 432 narraveris,
2009 373 2176 428 eteadem
2189 403 2267 438 qua:
2281 395 2374 432 l'atna

1298 435 1518 481 vulgaverat,
1535 439 1646 484 gratia
1659 441 1810 487 quadam
1827 446 2022 486 condicris.
2042 451 2118 489 lloc
2137 435 2258 492 autem
2277 457 2374 504 dico,

1298 497 1386 534 nihil
1405 501 1506 536 oneri
1526 499 1698 540 Ecclesia:
1717 505 1877 544 futurum
1909 509 2019 549 fuisse
2036 515 2169 554 victum
2185 519 2344 568 episcopi

1297 559 1326 596 si
1347 561 1392 598 ab
1411 561 1570 630 Ecclesia
1587 575 1668 602 eum
1691 569 1888 616 accepisset
1913 571 2038 610 beatus
2057 559 2238 626 Joannes,
2256 559 2374 630 iusta,

1295 623 1456 670 emnqui
1473 623 1559 662 dicit
1580 638 1590 662 :
1613 626 1746 676 Dignus
1773 630 1869 667 enim
1901 639 1948 668 est
1980 639 2160 680 operarius
2195 623 2270 680 cibo
2310 623 2376 682 suo

1300 687 1456 736 (Matth.
1487 690 1544 726 10.
1583 692 1653 736 1‘0;
1690 693 1704 729 l
1729 693 1824 730 Tim.
1849 695 1884 732 5.
1913 695 1993 743 l8);
2020 701 2056 734 et
2095 707 2258 736 rursus:
2291 701 2381 745 Quis

1296 751 1408 795 pascit
1429 763 1582 799 gregem,
1597 761 1630 790 et
1657 754 1700 791 de
1727 755 1818 792 lacte
1833 757 1952 804 gregis
1964 769 2034 794 non
2055 762 2282 799 man'I-ucat.’
2299 765 2380 810 quis

1297 811 1436 857 plantat
1446 815 1597 858 vineam,
1613 817 1698 853 etde
1711 818 1831 864 fructu
1843 819 1920 866 ejus
1933 831 2004 856 non
2015 820 2088 856 edit
2101 824 2116 859 .9
2131 823 2160 870 (Ἰ
2183 822 2269 862 Cor.
2288 825 2323 862 9.
2341 827 2376 873 7)

1296 872 1428 912 Nonne
1441 876 1530 920 haec,
1543 883 1579 913 ct
1595 879 1708 914 multa
1720 880 1788 916 alia
1807 881 2132 928 Scripturacsunt?
2149 883 2268 922 Ertsc.
2283 872 2378 923 Cott-

1297 945 1386 983 grue
1401 937 1548 984 quidem
1561 945 1596 976 ct
1608 941 1796 988 sapienter
1809 943 1957 981 locutus
1973 956 2028 989 es,
2047 957 2068 982 0
2083 945 2303 986 Theodore:
2322 950 2374 986 di-

1295 995 1366 1032 ctis
1381 1002 1502 1033 autem
1516 1009 1545 1033 v:
1560 1000 1638 1036 rbis
1649 1001 1741 1039 adde
1757 1008 1790 1039 el
1809 1006 2016 1051 sequentia.
2033 1007 2127 1044 Cum
2143 1010 2242 1045 enim
2265 1021 2371 1048 sacra

1295 1055 1353 1094 lex
1371 1059 1506 1096 tribuat
1529 1060 1756 1107 facultatem,
1780 1072 1818 1102 ut
1837 1069 1898 1115 qui
1915 1079 2022 1106 sacra
2045 1071 2202 1116 faciunt,
2229 1085 2311 1121 qua:
2327 1074 2374 1113 de

1295 1120 1460 1156 sacrario
1472 1123 1878 1173 suntedant,majorum
1892 1129 2075 1169 bonorum
2089 1133 2220 1170 avidus
2234 1120 2372 1172 l’aulus

1297 1176 1380 1245 quid
1397 1177 1622 1249 additi-Non
1643 1193 1722 1220 usus
1741 1196 1817 1222 sum
1847 1188 1910 1224 hac
1926 1197 2090 1236 potestate
2111 1194 2191 1243 (Ib.
2214 1207 2249 1234 υ.
2275 1199 2318 1236 12
2334 1201 2345 1248 )
2357 1227 2375 1249 ,

1297 1238 1332 1274 in
1351 1241 1610 1286 corporalibus,
1633 1250 1670 1280 ut
1687 1247 1872 1294 Evangelii
1896 1253 2076 1300 particeps
2097 1238 2176 1294 liam
2207 1261 2240 1296 in
2263 1238 2368 1309 spir'i:

1299 1300 1428 1338 talibus
1445 1328 1456 1347 ,
1485 1303 1531 1340 ne
1546 1302 1801 1344 oll'endiculum
1821 1320 1938 1348 essem
1964 1313 2138 1360 infirmis,
2156 1319 2256 1366 juxta
2282 1300 2373 1360 .eum

1297 1361 1356 1428 qui
1373 1361 1480 1398 dicit:
1503 1363 1546 1400 Si
1565 1365 1653 1402 enim
1669 1368 1744 1414 quis
1772 1370 1893 1407 viderit
1913 1379 1958 1416 te,
1979 1377 2038 1422 qui
2057 1361 2368 1428 habes'scienliam,

1297 1421 1335 1490 in
1345 1423 1562 1490 infirmitate
1574 1428 1758 1476 jacentem,
1778 1443 1890 1471 nonne
1917 1439 2123 1485 conscientia
2141 1442 2229 1489 ejus,
2255 1445 2316 1490 qui
2330 1447 2372 1482 sit

1470 1488 1738 1554 ,ha’di/icabitur
1769 1493 1813 1530 ad
1835 1483 2058 1536 imitandum
2078 1483 2227 1540 infirma
2253 1483 2370 1554 (Ibid.

1299 1544 1336 1583 8.
1359 1546 1458 1595 l0)?
1487 1548 1524 1586 Si
1539 1553 1646 1616 enim
1679 1563 1737 1591 res
1765 1554 1800 1592 in
1829 1558 1931 1595 nobis
1956 1560 2150 1609 sisterent,
2183 1544 2374 1616 nullusque

1300 1614 1382 1674 post
1408 1619 1474 1647 nos
1504 1611 1548 1648 ad
1569 1615 1688 1660 populi
1707 1626 1832 1660 curam
1856 1629 2089 1662 successurus
2109 1625 2227 1674 foret,
2249 1611 2372 1670 dicere

1300 1669 1424 1734 liceret
1442 1677 1605 1720 peccanti
1623 1689 1632 1714 :
1655 1677 1824 1718 Vivamus
1839 1709 1849 1727 ,
1871 1690 1909 1720 ut
1927 1685 2066 1732 placet,
2087 1695 2124 1726 et
2139 1692 2372 1734 saecularibus

1307 1731 1415 1800 rebus
1433 1734 1692 1782 indulgeamus.
1711 1741 1888 1787 Quoniam
1908 1731 2028 1784 autem
2048 1731 2107 1798 qui
2130 1760 2210 1800 post
2229 1765 2295 1793 nos

1299 1793 1366 1829 turi
1387 1801 1484 1840 sunt,
1504 1799 1606 1862 nobis
1627 1807 1666 1837 ut
1691 1805 1872 1850 magistris
1890 1793 2191 1862 utentur,‘lcg'em
2208 1793 2370 1857 nostram

1296 1859 1333 1890 et
1345 1858 1640 1926 consuetudinem
1661 1863 1728 1901 sibi
1755 1876 1999 1914 propouentes
2025 1886 2034 1910 :
2069 1858 2140 1913 non
2162 1879 2268 1916 nobis
2285 1881 2373 1928 ipsis

1296 1921 1433 1952 tantum
1451 1919 1572 1958 vivere
1590 1934 1737 1963 necesse
1753 1935 1822 1973 est,
1839 1931 1902 1968 sed
1923 1933 1956 1970 ei
1975 1936 2034 1982 qui
2057 1948 2122 1984 pro
2143 1941 2248 1979 nobis
2268 1919 2368 1980 mors

1297 1983 1380 2043 tuus
1406 1985 1462 2016 est
1482 1988 1518 2018 et
1538 1987 1756 2034 resurrexit,
1773 1996 1881 2038 atque
1905 1997 2026 2042 populi
2046 1983 2289 2042 inﬁrmitatem
2309 2016 2372 2043 ro-

1298 2039 1466 2113 borantes
1483 2047 1648 2092 exemplo
1667 2056 1788 2088 nostro
1802 2053 1848 2089 ad
1861 2039 2175 2103 temperantiorem
2194 2039 2372 2113 citing;—

1298 2101 1422 2140 liorem
1449 2106 1558 2144 vitam
1577 2109 1770 2158 adducere,
1786 2125 1852 2153 nos
1874 2116 1971 2164 ipsos
1988 2122 2226 2169 corripientes
2240 2155 2249 2171 ,
2268 2101 2371 2174 Ῑυῖω

1299 2173 1382 2230 eum
1412 2169 1472 2214 qui
1505 2170 1612 2209 dicit:
1635 2173 1720 2218 Quis
1751 2184 1803 2213 est
1829 2179 1930 2217 homo
1954 2183 2013 2230 qui
2041 2185 2141 2222 timet
2154 2169 2374 2228 Dominum!

1303 2226 1419 2302 (“tegem-
1437 2236 1622 2302 statuetnei
1640 2237 1681 2302 iu-
1698 2238 1770 2302 ria,
1791 2250 1892 2287 quant
1921 2226 2020 2292 elegit
2045 2247 2057 2294 (
2075 2247 2174 2287 Paul.
2203 2251 2264 2288 2i.
2289 2226 2370 2302 127).

1301 2287 1389 2325 Nam
1409 2294 1766 2343 temerariisquidem
1787 2307 1824 2337 et
1842 2287 2105 2346 miserabilibus
2121 2287 2371 2358 imprudenter

1302 2352 1533 2416 peccantibus
1562 2355 1678 2402 legem
1708 2362 1807 2406 ponit
1831 2363 2026 2411 Dominus,
2058 2373 2158 2416 quasi
2173 2352 2374 2415 Iservitutis

1303 2411 1468 2476 Spiritum
1485 2418 1700 2464 amantibus,
1717 2420 1818 2466 juxta
1838 2427 2059 2470 psalmistam
2069 2411 2246 2472 -Davi'dcnt

1303 2483 1386 2540 gem.
1409 2473 1502 2548 dabit
1539 2476 1705 2516 Dominus
1731 2481 2003 2532 delinquentibus
2032 2492 2067 2527 in
2097 2495 2153 2530 uia
2178 2473 2372 2548 (Ibid.

1305 2541 1426 2580 puniet
1443 2543 1562 2574 autem
1581 2544 1880 2588 transgressores.
1905 2547 2034 2588 Verum
2053 2553 2171 2600 justus
2185 2541 2374 2600 mensuras

1303 2597 1445 2667 servilis
1465 2599 1552 2647 legis
1569 2613 1846 2667 supergressus,
1866 2611 1948 2658 quia
1969 2597 2082 2663 diligit
2102 2618 2307 2667 Dominum,
2329 2597 2374 2662 ad

1303 2657 1540 2730 hereditatem
1559 2663 1762 2730 adoptionis
1781 2657 1956 2710 festinans
1971 2702 1982 2718 ,
2007 2657 2074 2714 sibi
2096 2678 2163 2726 ipsi

1303 2723 1516 2784 estzrqualis
1543 2732 1620 2762 erat
1635 2725 1724 2772 Job,
1753 2731 1814 2777 qui
1831 2731 1986 2772 faciebat
2013 2723 2177 2778 simulet
2206 2723 2375 2784 diccbat:

1304 2779 1430 2848 ἔξερὶςί
1443 2784 1554 2831 [trdus
1574 2797 1651 2824 cum
1669 2791 1781 2827 oculis
1797 2793 1894 2838 meis,
1921 2801 1953 2832 et
1981 2808 2048 2834 non
2067 2802 2221 2848 cogitabo
2248 2779 2380 2844 dedit;

1302 2844 1381 2892 giae
1415 2845 1505 2894 (Job
1533 2849 1592 2886 51.
1616 2851 1630 2887 1
1653 2849 1684 2899 ).
1715 2852 1904 2899 Quodnam
1931 2865 2052 2898 autem
2083 2844 2161 2900 erat
2189 2865 2278 2904 illud
2308 2868 2377 2907 fte-

1303 2906 1384 2953 dus,
1403 2919 1481 2954 eos,
1496 2911 1556 2958 qui
1579 2912 1770 2953 inordinati
1785 2925 1919 2964 essent,
1940 2921 1984 2958 ad
1999 2924 2248 2966 castimoniam
2265 2931 2380 2969 abdu-

1301 2971 1416 3032 cere?
1433 2971 1608 3011 Similiter
1623 2975 1711 3014 dicit
1727 2977 1859 3016 David:
1878 2981 2014 3029 Juravi,
2037 2992 2068 3022 et
2087 2989 2192 3024 statui
2205 2993 2377 3032 custodire

1452 3034 1602 3082 justiliw
1625 3044 1693 3103 tuae
1711 3038 1724 3088 (
1739 3039 1836 3078 Psal.
1863 3043 1950 3082 118.
1981 3047 2070 3095 106)
2091 3061 2101 3092 ;
2125 3060 2206 3087 cmn
2241 3063 2374 3103 anceps

1302 3099 1338 3131 et
1355 3094 1504 3132 dubiutn
1531 3099 1664 3136 mentis
1685 3103 1910 3149 propositum
1931 3094 2140 3152 juramcnto
2165 3094 2376 3154 adstrinxis-

1303 3162 1372 3192 set.
1394 3157 1552 3203 Quorum
1579 3167 1719 3208 patrum
1739 3163 1899 3203 imitator
1921 3167 2081 3208 Joannes
2095 3201 2106 3216 ,
2141 3181 2180 3210 ut
2196 3175 2376 3224 legitimus

1302 3217 1398 3290 filius
1413 3247 1424 3265 ,
1443 3231 1516 3258 non
1536 3230 1654 3260 autem
1674 3226 1818 3272 spurius
1836 3256 1846 3273 ,
1865 3236 2129 3276 ῃυιτοδορηιυιιι
2150 3217 2256 3276 κίκι·ίῆ
2271 3245 2374 3290 cupi-

1302 3279 1471 3318 ditatibus
1502 3282 1688 3322 hominum
1732 3297 1878 3336 gregem
1922 3303 2057 3332 sanare
2085 3297 2296 3340 desiderans
2317 3279 2374 3342 rad

1302 3343 1437 3409 arctius
1463 3345 1545 3382 vita:
1573 3356 1700 3394 genus,
1723 3351 1776 3387 sui
1799 3352 1911 3399 judcx
1931 3363 1966 3394 et
1988 3359 2170 3406 legislator
2190 3363 2266 3409 fuit,
2287 3377 2376 3404 con-

1303 3405 1411 3442 stanti
1433 3409 1618 3454 proposito
1637 3419 1678 3448 se
1707 3413 1895 3462 roboratus,
1924 3430 1943 3455 a
1963 3405 2136 3462 conviviis
2165 3433 2202 3464 et
2219 3405 2378 3466 conven-

1305 3467 1398 3504 tibus
1429 3469 1626 3508 facetorum
1644 3501 1654 3519 ,
1674 3475 1904 3517 ridiculorum
1923 3509 1932 3526 ,
1949 3492 2154 3524 scurrarum
2177 3489 2349 3525 recedens
2364 3517 2375 3529 .

1302 3531 1434 3568 mentis
1467 3543 1542 3570 suae
1569 3537 1712 3574 oculum
1742 3541 1892 3587 spiritali
1911 3552 2092 3584 arnmtura
2115 3549 2300 3590 muniens,
2327 3559 2373 3583 no

1304 3602 1368 3639 Per
1399 3595 1526 3641 cPlllas
1557 3604 1592 3634 et
1633 3599 1904 3650 intempestivos
1947 3617 2134 3644 sermones
2175 3610 2375 3653 ingrcsSum

1305 3661 1404 3690 nacta
1426 3657 1590 3694 vecordia
1609 3687 1618 3704 ,
1641 3663 1890 3702 castimoniam
1911 3667 2063 3710 deleret,
2083 3667 2184 3712 juxta
2211 3676 2292 3700 eum
2315 3667 2378 3710 qui

1303 3717 1411 3754 dicit:
1431 3717 1661 3769 Corrumpunt
1679 3725 1782 3762 bonos
1799 3738 1909 3763 utor-us
1925 3727 2093 3772 colloquio
2113 3735 2218 3770 prava
2231 3725 2243 3768 (
2253 3725 2264 3760 l
2275 3752 2283 3759 .
2294 3725 2375 3763 Cor.

1305 3779 1467 3830 45.55).
1491 3783 1574 3822 ideo
1590 3786 1732 3824 insidiis
1745 3789 1925 3835 appetitus
1940 3793 2016 3823 est:
2038 3786 2158 3832 gravis
2177 3787 2271 3823 enim
2289 3789 2378 3835 Ipsis

1304 3849 1394 3888 erat,
1415 3845 1475 3893 qui
1495 3846 1644 3894 luceret,
1668 3857 1706 3885 ut
1723 3851 1866 3885 lucerna
1887 3846 2118 3892 lippientibus
2137 3848 2214 3883 ocul
2232 3858 2261 3884 s.
2280 3849 2377 3887 Talis

1309 3912 1386 3944 erat
1407 3908 1618 3947 misericors
1634 3909 1824 3954 Jercmias,
1846 3907 1904 3952 qui
1927 3905 2129 3952 principum
2149 3913 2184 3943 et
2210 3912 2376 3947 mendo.
