2694 4342
287 253 332 289 55
1132 235 1351 275 PALLADII
1381 235 1610 275 DIALOCUS
2451 241 2490 280 fit

287 334 359 362 tant
376 325 658 362 incredulitatem
681 317 852 367 lacryntis
877 316 1057 365 deplorat,
1077 322 1112 353 et
1133 315 1255 353 addit:
1277 316 1364 360 Quis

285 389 378 424 dabit
397 387 498 432 capiti
513 395 585 419 meo
602 393 742 429 aquam,
759 387 862 427 atque
879 379 988 416 oculis
1007 379 1089 416 meis
1103 381 1230 427 fontent
1252 379 1366 426 lacrg-

284 449 438 486 marum?
453 454 484 482 et
504 445 644 492 plorabo
659 444 714 480 die
734 455 774 480 ac
789 451 886 480 nocte
899 442 1066 490 populum
1080 453 1208 479 meum:
1223 453 1362 486 rursus,

286 511 370 554 Quis
390 509 483 544 dabit
505 507 587 543 mihi
603 507 638 543 in
655 506 843 544 solitudine
857 505 1082 541 diversorium
1109 505 1270 540 ultimum
1285 504 1303 540 1'
1333 511 1365 540 et

284 567 518 618 derelinquant
547 570 715 618 populum
742 581 856 607 meum
873 598 882 614 ,
914 576 945 606 et
961 569 1119 606 recedant
1138 569 1180 604 ab
1203 569 1266 614 eis,
1286 569 1366 614 quia

282 644 398 670 ontnes
423 632 572 669 adulteri
598 638 675 669 sttnt
696 632 791 681 (Ier.
817 632 854 670 9.
878 633 914 672 Ι.
933 632 957 669 2
972 631 1010 680 );
1041 637 1176 669 ccctum
1195 630 1368 678 prazvari-

281 701 445 732 calorum
460 701 678 732 conventum
697 694 890 732 nominans
911 693 1082 730 falsorum
1103 692 1362 740 prophetarum

282 767 326 795 ac
338 756 588 800 sacerdotum;
613 758 706 794 sicut
721 757 806 794 alibi
822 757 934 794 Dcutu
955 755 1162 802 alloquitur,
1181 765 1253 792 non
1270 753 1368 802 quod

287 818 348 856 ille
367 819 536 866 ignoret,
567 818 630 856 sed
664 818 757 856 sicut
779 828 846 855 nos
865 828 948 855 eum
978 817 1110 854 imitari
1143 815 1364 854 debeamus:

286 879 445 924 Domine,
465 881 494 917 si
514 881 587 918 sedi
613 882 648 917 in
667 881 814 917 concilio
833 880 1040 924 ludentium,
1063 878 1123 916 sed
1148 877 1324 915 reverebar
1346 889 1368 914 a

285 942 377 990 facie
393 948 476 979 tua:
493 943 586 980 solus
609 943 790 988 sedebant,
811 942 972 990 quoniam
1005 941 1235 977 amaritudine
1255 941 1367 988 reple-

293 1011 348 1042 tus
367 1016 442 1040 sunt
474 1004 576 1052 (Jer.
608 1005 666 1042 l5.
705 1004 786 1054 l7).
817 1005 985 1042 Coasona
1019 1005 1072 1042 eis
1104 1005 1213 1041 etiam
1256 1003 1366 1040 David

291 1066 472 1114 loquitur:
492 1066 574 1103 Non
591 1067 662 1104 sedi
675 1079 751 1103 cum
765 1068 910 1104 concilio
927 1067 1100 1110 vanitatis,
1116 1073 1146 1103 ct
1162 1078 1238 1102 cum
1252 1067 1370 1113 iniqua

286 1128 478 1176 gerentibus
515 1140 582 1165 non
613 1130 775 1165 introibo.
805 1129 909 1175 Quod
941 1129 1127 1176 explicans
1153 1129 1275 1166 addit:
1299 1129 1366 1166 Odi

285 1189 461 1226 ecclesiam
480 1191 754 1237 malignantium,
774 1197 804 1226 et
821 1202 897 1227 cum
915 1191 1030 1238 impiis
1059 1203 1128 1228 non
1145 1191 1268 1228 sedebo
1284 1201 1297 1227 :
1314 1192 1371 1228 la-

286 1251 370 1288 vabo
395 1253 483 1289 inter
512 1253 709 1289 innocentes
729 1264 853 1289 manus
880 1264 972 1290 meas
989 1281 998 1296 ,
1038 1253 1106 1290 hoc
1119 1261 1202 1297 est,
1234 1253 1371 1290 activas

286 1313 494 1350 facultates:
516 1321 546 1350 ct
571 1315 790 1350 circuntdabo
810 1314 920 1351 altare
934 1322 1045 1360 tuum,
1066 1315 1216 1352 Domine
1244 1315 1370 1364 (Psal.

284 1377 346 1414 25.
377 1377 484 1425 4-6).
508 1377 574 1423 Qui
602 1384 722 1415 autem
754 1378 876 1415 tuintts
901 1378 1027 1415 altaris
1054 1389 1180 1416 curam
1208 1378 1369 1421 habent,

285 1445 322 1476 et
341 1436 374 1476 ei
394 1445 492 1487 terga
514 1446 671 1484 vertunt,
695 1451 767 1478 non
789 1440 976 1488 proposito
990 1470 999 1484 ,
1019 1440 1084 1478 sed
1106 1441 1177 1477 vita
1197 1450 1276 1484 sua,
1296 1450 1370 1477 non

285 1501 402 1537 solum
429 1501 537 1537 illutis
571 1502 738 1540 manibus
767 1508 803 1540 et
828 1502 1118 1550 sanguinolentis
1135 1531 1146 1547 ,
1178 1513 1370 1540 munerum

286 1562 483 1600 donatione
499 1574 540 1600 ac
560 1565 807 1611 perceptione,
823 1571 931 1612 atque
949 1564 1049 1602 falsis
1063 1565 1370 1611 accusationibu=,

289 1623 356 1661 sed
375 1625 560 1662 lutulentis
592 1626 742 1672 pedibus
763 1626 994 1664 calcitrantcs
1010 1655 1021 1672 ,
1042 1627 1129 1663 illud
1155 1627 1370 1664 concedant.

290 1685 340 1722 De
356 1686 485 1733 quibus
496 1687 660 1724 Ezechiel
679 1689 850 1736 propheta
868 1689 1150 1736 prmsiguilicans
1163 1690 1210 1726 ait
1225 1689 1370 1738 (Ezeclt.

289 1747 324 1783 Β.
353 1747 440 1783 7-17
455 1749 485 1794 ):
517 1747 718 1785 Introduxit
738 1762 791 1786 me
808 1751 854 1786 ad
880 1751 1082 1788 vestibulum
1105 1751 1200 1795 atrii,
1223 1757 1256 1787 et
1286 1751 1369 1796 vidi,

289 1813 320 1843 et
333 1819 408 1845 ecce
428 1811 584 1856 foramen
611 1821 715 1847 unum
729 1812 764 1848 in
775 1813 919 1860 pariete.
940 1813 986 1849 Et
1016 1813 1103 1849 dixit
1121 1813 1167 1848 ad
1183 1823 1260 1849 nte:
1281 1811 1372 1850 Pcr-

289 1869 382 1913 {otle,
399 1870 452 1915 [ili
467 1870 628 1908 hominis.
646 1872 689 1908 Et
703 1874 791 1921 fodi,
807 1885 849 1910 ac
869 1875 953 1918 vidi,
973 1881 1004 1911 et
1021 1885 1097 1912 ecce
1109 1875 1234 1911 ostium
1250 1886 1368 1911 unum.

290 1929 335 1967 Et
355 1931 443 1968 dixit
470 1932 516 1969 ad
537 1944 616 1971 me:
637 1933 839 1983 Ingredere,
863 1943 894 1973 et
913 1937 989 1974 vide
1003 1936 1276 1974 abominationes
1292 1949 1372 1985 pes-

288 1992 407 2038 simas,
429 2004 513 2040 quas
526 1996 657 2043 faciunt
676 1997 746 2033 Itic.
761 1996 808 2034 Et
824 1999 998 2047 ingressus
1016 2011 1106 2045 sum,
1122 2006 1154 2036 et
1171 2011 1248 2036 ecce
1261 2000 1373 2036 oumis

288 2055 477 2092 similitudo
497 2058 628 2105 reptilis
646 2065 678 2096 et
693 2060 841 2106 iumenti
853 2090 863 2104 ,
898 2068 930 2098 et
951 2061 1046 2099 idola
1067 2073 1155 2099 vana
1183 2062 1368 2098 abomina-

293 2117 416 2154 tiones.
434 2117 477 2154 Et
491 2119 579 2156 dixit
594 2121 679 2157 ntilti
691 2132 704 2158 :
726 2121 864 2167 Vidisti,
881 2123 933 2170 fili
949 2124 1112 2169 hominis,
1131 2135 1207 2171 qua
1223 2124 1373 2161 seniores

290 2178 412 2216 domus
433 2179 547 2217 Israel
565 2182 697 2229 faciunt
718 2184 752 2220 in
774 2186 936 2230 tenebris,
956 2186 992 2222 in
1010 2186 1190 2230 cubiculo,
1212 2191 1370 2223 meutctu

291 2239 460 2278 innitens.
491 2241 576 2279 Ideo
597 2244 780 2283 dixerunt:
802 2246 885 2284 Non
904 2248 992 2284 videt
1022 2260 1084 2286 nos
1105 2247 1295 2285 Dominus:
1313 2249 1372 2284 de-

290 2300 426 2346 reliquit
453 2301 621 2340 Dominus
635 2311 770 2343 terram.
797 2306 841 2344 Et
862 2309 950 2345 dixit
973 2310 1018 2346 ad
1040 2321 1092 2346 me
1109 2320 1122 2346 :
1143 2309 1264 2346 Adhuc
1281 2309 1373 2346 vide-

293 2360 342 2398 bis
360 2362 626 2404 abominationes
645 2369 808 2416 majores,
831 2381 918 2418 quas
951 2372 1008 2408 isti
1027 2374 1174 2420 faciunt.
1193 2371 1238 2408 Et
1257 2373 1373 2409 intro-

293 2423 390 2462 duxit
407 2437 460 2462 nte
487 2427 523 2464 in
539 2429 646 2466 alium
675 2431 803 2478 locuut,
834 2441 938 2481 atque
955 2435 1102 2471 ostendit
1122 2435 1231 2470 mitti:
1248 2441 1280 2471 et
1298 2447 1374 2473 ecce

293 2485 339 2522 ibi
357 2488 515 2528 mulieres
532 2492 706 2539 sedebant,
730 2496 930 2543 plangentes
953 2497 1136 2532 Thambos.
1158 2497 1202 2534 Et
1221 2509 1368 2536 rursus:

302 2547 501 2588 Introduxit
531 2565 584 2590 me
613 2555 647 2591 in
666 2556 806 2592 domum
829 2557 968 2593 Domini
999 2558 1195 2595 interiorem
1212 2570 1225 2596 :
1248 2566 1279 2596 et
1297 2573 1373 2598 ecce

293 2611 340 2647 ibi
359 2613 476 2661 viginti
504 2622 652 2662 quatuor
671 2617 820 2654 seniores
836 2645 846 2662 ,
865 2624 896 2654 et
917 2619 1022 2667 facies
1040 2630 1156 2656 eorunt
1171 2647 1182 2665 ,
1211 2628 1242 2657 et
1268 2622 1373 2659 dorsa

293 2683 407 2708 eorum
425 2681 546 2710 contra
564 2677 686 2712 altare.
711 2677 754 2713 Et
775 2678 862 2714 dixit
881 2680 927 2714 ad
945 2691 998 2716 me
1011 2691 1026 2717 :
1044 2679 1223 2729 Numquid
1236 2683 1308 2720 leve
1324 2691 1374 2721 est

293 2734 355 2770 ltoc
374 2736 466 2781 quod
480 2736 562 2782 facit
581 2738 702 2775 domus
722 2738 862 2776 Israel?
876 2740 998 2779 Coacti
1021 2741 1154 2781 fuimus
1168 2744 1273 2792 hujus
1291 2756 1374 2793 pro-

294 2796 410 2844 pheta:
427 2801 572 2847 capituli
589 2803 811 2848 meminisse,
832 2812 978 2851 propter
996 2806 1294 2853 impudentiores,
1310 2808 1373 2856 qui

293 2870 333 2897 se
351 2872 430 2899 esse
448 2865 582 2912 aliquid
600 2872 739 2912 putant,
757 2873 792 2903 et
810 2867 950 2914 scipsos
963 2868 1186 2915 dementant,
1207 2881 1249 2908 ac
1262 2871 1376 2908 eccle-

294 2923 473 2961 siasticam
503 2936 626 2973 pacem
655 2928 891 2975 perturbant:
914 2941 960 2967 eo
991 2931 1088 2977 quod
1111 2937 1208 2979 terga
1230 2939 1374 2972 vertunt

297 2995 430 3023 mensa:
447 2987 602 3033 Domini,
621 2989 751 3032 Quibus
765 2990 941 3037 judicium
955 3003 1024 3028 non
1040 3000 1166 3036 cessat,
1181 2999 1214 3029 et
1229 2995 1374 3040 perditio

295 3056 409 3082 eorum
438 3059 505 3085 non
531 3049 692 3085 dormitat
724 3049 774 3099 (Ξ
825 3050 923 3088 Petr.
959 3051 995 3088 2.
1018 3053 1065 3100 5)
1095 3064 1106 3090 :
1137 3054 1197 3100 qui
1231 3062 1373 3093 terrena

297 3111 453 3154 sapiunt,
472 3111 517 3148 de
535 3112 665 3159 quilms
684 3112 810 3158 ludas,
831 3113 940 3151 frater
958 3113 1100 3159 Jacobi,
1119 3116 1190 3152 ait:
1213 3115 1261 3152 Ili
1277 3123 1372 3162 sunt,

298 3171 355 3214 qui
385 3171 418 3206 in
439 3175 548 3218 epulis
569 3176 687 3211 vestris
716 3176 875 3220 maculte,
896 3177 1111 3215 convivantes
1131 3178 1205 3215 sine
1224 3179 1346 3216 timore
1361 3207 1372 3224 ,

306 3233 501 3278 sentcttpsos
517 3244 692 3281 pascentes
709 3248 721 3273 :
741 3239 846 3275 nubes
877 3239 951 3276 sine
979 3251 1069 3288 aqua
1083 3269 1092 3285 ,
1125 3252 1202 3288 qua:
1226 3253 1248 3278 α
1267 3243 1374 3278 ventis

303 3292 603 3340 circumferuntur:
623 3298 748 3343 fluctus
768 3301 832 3346 feri
863 3302 984 3347 maris,
1017 3303 1260 3351 despumanles
1291 3315 1374 3340 suas

301 3354 516 3400 confusiones
529 3365 542 3391 :
561 3357 676 3393 sidera
703 3362 868 3404 errantia,
887 3364 1010 3407 quibus
1030 3365 1142 3412 caligo
1161 3365 1375 3401 tenebrarum

299 3421 431 3452 servata
445 3421 493 3452 est
513 3416 548 3453 in
566 3425 728 3455 aeternum
761 3420 879 3468 (Iuda:
899 3433 931 3461 tt.
952 3425 1010 3462 12.
1034 3426 1114 3473 l3).
1131 3425 1222 3463 Cum
1253 3433 1373 3463 autem

300 3477 404 3514 nubes
435 3479 508 3516 sine
530 3491 619 3528 aqua
646 3484 813 3530 vocavit,
849 3488 979 3525 malam
999 3499 1127 3526 comm
1161 3489 1375 3536 signiﬁcavit

300 3541 526 3589 grandinem,
545 3545 659 3582 vinea:
679 3547 942 3587 adversariam:
963 3562 1044 3588 ctnn
1066 3551 1222 3588 errantia
1241 3551 1370 3593 sidera,

301 3605 447 3642 insidias
465 3608 568 3645 navis
584 3607 802 3656 designavit:
824 3624 903 3658 qua:
923 3614 1068 3659 quidem
1092 3614 1194 3650 navis
1213 3619 1248 3650 et
1269 3613 1372 3650 vinea

302 3667 460 3706 Ecclesia
477 3675 545 3706 est.
565 3671 736 3716 Qnmnam
767 3681 887 3710 autent
919 3674 978 3711 illa
1000 3682 1082 3710 sunt
1097 3701 1107 3716 .
1129 3685 1210 3721 qum
1229 3675 1310 3710 talia
1328 3685 1372 3711 ex

299 3731 513 3768 necessitate
529 3733 821 3782 subsequentur?
847 3735 940 3771 Audi
963 3745 1089 3771 rursus
1113 3737 1281 3773 eumdem
1297 3747 1374 3784 pro-

302 3792 444 3835 phelam
472 3795 699 3834 Ezechieletn
720 3803 953 3833 narrantem:
979 3795 1022 3831 Et
1042 3797 1190 3832 ostendit
1218 3798 1315 3840 mihi,
1338 3804 1370 3833 et

302 3862 376 3888 ecce
392 3855 452 3890 viri
472 3859 643 3894 veniebant
662 3859 705 3896 de
721 3860 774 3895 via
795 3864 904 3905 poma
921 3857 1122 3904 superioris,
1145 3868 1222 3904 qua:
1236 3859 1374 3905 respicit

304 3916 344 3949 Id
374 3916 582 3964 Aquilonem,
611 3927 641 3956 et
659 3921 925 3969 uniuscujusque
941 3918 1068 3956 securis
1095 3919 1131 3956 in
1151 3930 1258 3956 manu
1284 3920 1370 3967 ejus.

1441 313 1502 351 Vir
1517 325 1649 362 quoque
1665 326 1752 351 unus
1767 315 1801 351 in
1821 314 1932 352 medio
1951 325 2069 352 eorum
2085 316 2221 354 vestitus
2239 318 2351 363 talari,
2370 329 2400 358 et
2416 333 2492 361 zona

1437 377 1594 425 sappltiri
1612 377 1648 414 in
1668 375 1804 414 renibus
1824 377 1912 425 ejus.
1944 376 1989 413 Et
2006 378 2150 425 ingressi
2169 386 2247 416 sunt
2263 408 2272 424 ,
2291 387 2321 416 et
2346 389 2492 422 steterunt

1430 441 1536 488 juxta
1554 441 1666 478 altare
1681 451 1824 477 meum:
1844 447 1875 476 et
1894 440 2006 488 gloria
2023 439 2163 478 Domini
2180 441 2288 480 Israel
2303 447 2443 482 ascendit
2458 449 2494 486 ds

1440 501 1621 539 Cherubin:
1635 530 1645 547 ,
1675 513 1752 550 qua:
1767 509 1840 538 erat
1859 502 1894 538 in
1913 503 1998 549 ipsis
2017 502 2064 538 ad
2082 504 2208 540 atrium
2228 504 2358 542 domus.
2378 507 2417 544 Et
2434 519 2488 546 va-

1437 565 1525 602 cavit
1544 566 1655 602 virum
1673 565 1734 613 qui
1752 565 1894 602 indutus
1915 572 1986 602 erat
2005 566 2120 611 talari,
2142 567 2198 614 qui
2212 568 2348 605 habebat
2367 570 2399 606 in
2413 571 2494 607 lunt-

1439 627 1489 664 bis
1504 629 1577 664 suis
1594 639 1732 664 zonam.
1756 626 1800 663 Et
1821 628 1908 664 dixit
1929 626 2097 665 Dominus
2117 628 2162 664 ad
2175 640 2252 666 ettnt
2271 641 2284 666 :
2300 629 2414 668 Transi
2443 645 2494 680 per

1438 690 1586 726 mediam
1602 690 1772 726 civitatem
1788 689 1997 734 Jerusalem,
2013 698 2044 727 et
2061 690 2106 727 da
2122 691 2255 739 signant
2267 703 2366 739 super
2378 693 2491 740 frontes

1438 751 1592 789 virorum
1612 751 1820 800 gementium
1849 757 1881 788 et
1900 751 2089 788 dolentium
2114 764 2217 800 super
2235 755 2361 791 cunctis
2377 756 2492 792 abomi-

1439 814 1649 859 nationibus,
1671 824 1748 861 qua:
1777 815 1866 861 fiunt
1891 814 1927 851 in
1955 814 2066 851 medio
2086 826 2218 853 eorunt.
2247 815 2289 852 Et
2307 817 2373 854 illis
2395 818 2492 864 dixit,

1440 887 1504 914 sex
1526 877 1598 914 illis
1617 877 1771 921 scilicet,
1793 877 1853 924 qui
1877 877 2059 915 habebant
2075 888 2220 915 secures
2234 907 2243 922 ,
2261 878 2419 918 Audiente
2434 893 2490 926 me,

1439 939 1496 977 Ite
1512 940 1548 977 in
1565 941 1734 977 civitatem
1750 967 1760 984 ,
1784 946 1962 988 sequentes
1991 951 2066 978 eum
2084 969 2093 986 ,
2128 941 2292 978 videlicet
2312 953 2388 979 eum
2404 971 2413 986 ,
2441 945 2493 991 qui

1441 1003 1543 1050 signa
1565 1003 1684 1050 posuit
1701 1013 1814 1050 super
1835 1002 1998 1047 frontes;
2019 1008 2050 1040 et
2069 1004 2244 1049 pereutite,
2274 1009 2360 1040 etne
2384 1006 2495 1052 parcite

1440 1065 1548 1101 oculis
1569 1065 1698 1108 vestris,
1730 1075 1836 1112 neque
1855 1065 2084 1102 misereamini
2095 1076 2108 1102 .'
2127 1077 2253 1110 senem,
2273 1065 2491 1104 adolescentu-

1441 1126 1536 1170 lum,
1562 1127 1742 1174 virginem,
1762 1127 1939 1174 parvulos,
1973 1133 2006 1164 et
2033 1128 2192 1164 mulieres
2213 1128 2384 1175 interﬁcite
2401 1140 2493 1176 usque

1441 1189 1487 1226 ad
1506 1190 1786 1228 internecioneot.
1809 1190 1863 1226 Ad
1884 1201 2000 1227 omnes
2025 1197 2153 1235 atttem,
2185 1203 2286 1239 super
2301 1203 2378 1239 quos
2395 1198 2437 1228 est
2451 1192 2493 1228 si-

1441 1266 1562 1303 gnum,
1583 1266 1627 1292 ne
1643 1255 1807 1300 accedite,
1827 1260 1859 1291 et
1876 1265 1898 1290 a
1914 1254 2040 1291 sanctis
2059 1255 2142 1290 meis
2161 1255 2308 1302 incipite.
2335 1253 2494 1302 Coeperunt

1441 1329 1521 1366 ergo
1553 1329 1575 1354 a
1604 1317 1686 1353 viris
1716 1316 1931 1359 senioribus,
1964 1317 2024 1364 qui
2055 1323 2151 1354 erant
2172 1319 2208 1354 in
2241 1317 2338 1354 domo
2371 1315 2494 1352 Domini

1443 1379 1587 1430 (Exerit.
1618 1379 1656 1418 9.
1679 1379 1784 1428 1-6).
1804 1379 1842 1416 Si
1861 1379 1941 1427 quis
1970 1386 2092 1417 autem
2111 1385 2210 1427 putet
2230 1380 2304 1417 hmc
2320 1379 2363 1417 dc
2379 1378 2496 1416 Judmis

1444 1450 1581 1481 tantum
1597 1442 1761 1490 prmdici,
1784 1443 1813 1480 is
1829 1441 2035 1480 Servatoris
2052 1441 2246 1480 adventum
2263 1441 2397 1479 videtur
2409 1441 2498 1488 igno-

1447 1515 1529 1542 rare
1546 1517 1555 1541 :
1572 1515 1644 1542 non
1663 1504 1761 1542 enim
1780 1511 1864 1541 ante
1891 1504 2137 1551 captivitatem
2154 1503 2351 1541 sacerdotio
2373 1503 2500 1539 iunctus

1442 1573 1499 1604 est
1519 1565 1704 1603 Ezechiel.
1722 1565 1850 1603 Adhuc
1864 1565 1960 1603 enim
1985 1576 2074 1613 puer
2099 1565 2291 1603 admodum
2319 1575 2398 1603 cum
2413 1564 2495 1601 tribu

1443 1628 1529 1666 Levi
1548 1629 1583 1666 in
1603 1627 1846 1676 captivitatem
1867 1627 2043 1665 abductus
2063 1635 2146 1671 est;
2171 1638 2234 1675 per
2249 1627 2309 1665 Dei
2325 1627 2496 1674 dispensa-

1445 1692 1578 1729 tionem
1591 1691 1776 1739 trigesimo
1792 1700 1889 1727 anno
1905 1690 2044 1728 visioue
2057 1689 2256 1727 futurorum
2269 1689 2392 1737 dignus
2409 1687 2498 1724 babi-

1444 1760 1500 1791 tus
1520 1760 1600 1798 est,
1629 1753 1800 1790 sacerdos
1819 1753 1854 1789 in
1873 1753 1948 1799 ipsa
1969 1753 2195 1800 captivitate,
2217 1759 2254 1789 ut
2274 1752 2347 1800 ipse
2363 1756 2497 1788 narrat:

1444 1815 1490 1852 Et
1505 1819 1636 1865 factum
1655 1822 1705 1852 est
1719 1816 1755 1852 in
1769 1816 1943 1862 trigesimo
1957 1826 2063 1860 anno,
2081 1815 2116 1852 in
2132 1826 2244 1852 mense
2255 1821 2384 1863 quarto,
2397 1812 2500 1861 quinta

1443 1878 1590 1914 mensis:
1608 1883 1639 1914 et
1653 1888 1716 1926 ego
1732 1889 1825 1914 erant
1839 1877 1876 1914 in
1896 1878 2008 1914 medio
2025 1878 2233 1926 captivitatis
2248 1888 2347 1926 super
2376 1875 2501 1923 fluvium

1443 1939 1580 1978 Chobar
1597 1939 1748 1989 (Ezech.
1774 1940 1806 1977 Ι.
1832 1938 1900 1987 I):
1924 1946 1962 1978 et
1980 1949 2106 1978 rursus
2126 1940 2231 1988 paulo
2259 1944 2358 1986 post:
2387 1935 2502 1973 Factus

1443 2008 1492 2038 est
1509 2013 1620 2038 sermo
1632 2001 1774 2038 Domini
1793 2002 1839 2037 ad
1855 2000 2086 2047 Ezechielem,
2108 2001 2218 2049 [ilium
2236 2000 2334 2043 Buri,
2354 1997 2500 2036 sacerdo-

1444 2071 1511 2101 tem
1524 2065 1560 2101 in
1573 2071 1664 2101 terra
1677 2064 1919 2102 Cltaldworum
1934 2065 1980 2101 ad
1994 2065 2122 2112 flumen
2133 2063 2268 2103 Chobar
2285 2061 2391 2110 (Ibid.
2409 2071 2440 2097 v.
2452 2059 2498 2107 ὅ).

1443 2127 1480 2166 Si
1501 2129 1582 2175 quis
1599 2133 1720 2164 autem
1742 2126 1826 2164 hinc
1847 2127 1880 2164 in
1902 2127 2088 2173 angustias
2105 2126 2286 2168 redactus,
2305 2122 2429 2161 dixerit
2444 2129 2502 2157 no-

1444 2190 1498 2226 bis
1513 2189 1622 2227 :Cum
1635 2190 1861 2237 prmcesserit
1877 2190 2060 2233 Senator,
2081 2190 2141 2238 qui
2151 2196 2184 2227 et
2201 2188 2318 2226 crucis
2327 2187 2456 2234 signum
2473 2183 2504 2220 in

1443 2251 1561 2288 fronte
1571 2251 1680 2294 dedit,
1699 2261 1810 2299 quare
1823 2251 2013 2288 advenisse
2029 2250 2187 2288 credilus
2197 2259 2268 2286 non
2284 2254 2338 2286 est
2351 2247 2505 2285 Servator

1444 2315 1506 2362 qui
1532 2313 1752 2361 Vespasiano
1779 2313 1952 2351 Romanis
1973 2313 2192 2360 imperante,
2212 2309 2343 2349 delevit
2364 2306 2504 2354 quadra-

1443 2377 1584 2424 gesimo
1601 2381 1682 2424 post
1698 2386 1794 2412 anno
1812 2385 2047 2424 synagogam,
2066 2385 2146 2422 quin
2166 2374 2282 2422 iniqua
2299 2365 2505 2420 patraveratl

1443 2437 1667 2485 Suscepimus
1680 2437 1827 2486 quidem
1843 2437 1910 2474 ista
1925 2437 2141 2474 sentientem
2160 2463 2169 2478 ,
2193 2435 2306 2482 ipsum
2336 2437 2449 2469 autem
2468 2432 2502 2464 ut

1445 2500 1528 2536 novi
1544 2499 1781 2537 ‘Testamenti
1797 2499 1909 2536 lilium
1927 2527 1937 2543 ,
1968 2508 2115 2536 oramus
2131 2526 2140 2543 ,
2163 2504 2201 2534 ut
2233 2496 2336 2532 ﬁdem
2367 2492 2506 2530 habetat

1445 2563 1556 2600 Paulo
1573 2563 1697 2600 talium
1714 2563 1899 2610 magistro,
1915 2561 1974 2609 qui
1994 2561 2039 2599 de
2053 2561 2222 2598 omnibus
2234 2556 2405 2606 ejusmodi
2417 2552 2506 2590 libris

1443 2625 1552 2662 dicit.-
1578 2624 1664 2661 flare
1685 2631 1797 2660 autent
1827 2625 1862 2660 in
1882 2624 1996 2672 figura
2021 2623 2260 2676 contingebant
2277 2621 2368 2664 illis;
2393 2616 2506 2661 scrip!“

1444 2697 1520 2723 vero
1534 2692 1612 2722 sunt
1629 2685 1676 2721 ad
1694 2685 1943 2731 carreptionem
1963 2691 2129 2727 nostram,
2152 2686 2187 2721 in
2201 2695 2285 2732 quos
2305 2683 2387 2729 ﬁnes
2405 2688 2502 2716 πίας

1428 2745 1564 2784 ιιονωη
1599 2745 1813 2784 devenerunt
1843 2747 1894 2795 (l.
1910 2746 1991 2784 Cor.
2015 2746 2075 2784 l0.
2098 2745 2172 2794 ll).
2193 2745 2277 2782 llam
2293 2749 2406 2780 autem
2422 2739 2506 2782 dies),

1445 2817 1669 2855 nequaquam
1685 2817 1900 2854 apprecans.
1921 2814 1959 2845 ut
1971 2807 2112 2856 gladius
2127 2807 2266 2845 ferreus
2281 2804 2398 2842 veniat
2409 2807 2505 2846 super

1445 2871 1610 2908 inimicos
1631 2870 1708 2913 Dei,
1727 2870 1835 2906 absit.
1859 2869 1983 2918 Neque
2002 2871 2098 2908 enim
2117 2869 2163 2907 de
2181 2869 2301 2918 gladio
2331 2867 2444 2905 ferreo
2459 2863 2505 2899 lo-

1445 2933 1567 2980 quitur
1582 2931 1772 2979 propheta,
1789 2931 1851 2968 sed
1867 2931 1912 2968 de
1928 2932 1999 2968 alia
2020 2932 2173 2979 quadam
2187 2930 2362 2978 punitrice
2376 2927 2506 2967 virtute.

1445 2995 1492 3032 de
1509 3005 1578 3042 qtta
1597 2993 1766 3030 Ezechiel
1781 2993 1887 3030 dicit:
1909 2992 2017 3030 Terra
2035 3004 2138 3041 super
2167 3004 2268 3041 quant
2294 2990 2440 3040 gladium
2457 2986 2506 3021 in-

1446 3059 1572 3095 ducam
1604 3058 1789 3106 (inducant
1820 3068 1906 3094 vcro
1934 3057 1968 3094 id
1987 3063 2045 3094 est
2063 3056 2307 3105 permittant),
2338 3059 2368 3091 et
2397 3046 2508 3097 ceperit

1446 3121 1595 3170 populus
1609 3127 1708 3157 terra
1724 3120 1834 3156 virum
1852 3131 1973 3163 unum,
1988 3127 2020 3156 et
2039 3126 2164 3168 ponent
2180 3119 2244 3156 sibi
2261 3116 2506 3165 speculatorem

1445 3192 1476 3222 et
1493 3185 1610 3221 viderit
1624 3183 1817 3232 speculator
1835 3181 1990 3230 gludiunt
2004 3183 2203 3226 venientem,
2219 3187 2251 3217 et
2265 3180 2342 3216 tuba
2358 3172 2506 3214 senuerit.

1446 3255 1478 3284 et
1495 3249 1630 3296 signum
1648 3245 1778 3283 dederit
1795 3245 1922 3292 papula
1937 3271 1948 3286 ,
1977 3251 2079 3288 atque
2104 3244 2250 3280 audierit
2278 3241 2335 3285 qui
2353 3237 2462 3278 audit,
2480 3236 2507 3268 el

1446 3320 1514 3344 non
1525 3308 1662 3351 caverit;
1673 3307 1806 3344 veniens
1817 3313 1930 3342 autent
1945 3305 2081 3353 gladius
2091 3301 2348 3352 apprehenderit
2361 3298 2506 3346 aliqua":

1447 3370 1648 3417 sanguinem
1667 3369 1742 3415 ejus
1767 3367 1809 3404 ab
1822 3378 1861 3404 eo
1878 3368 2063 3413 requirant,
2082 3368 2162 3414 quia
2179 3377 2247 3402 non
2265 3362 2391 3400 audivit
2407 3364 2507 3396 vorem

1447 3432 1547 3468 tabat.
1569 3430 1617 3467 Et
1637 3439 1786 3466 rursus:
1809 3428 1850 3465 Si
1866 3435 1980 3464 autent
1992 3428 2184 3472 speculator
2204 3425 2321 3462 viderit
2339 3421 2507 3460 venientem

1445 3494 1612 3542 gladium,
1623 3499 1654 3528 et
1667 3491 1745 3528 tuba
1757 3503 1824 3528 non
1835 3491 2006 3534 cecinerit,
2017 3501 2124 3538 neque
2135 3489 2260 3533 populo
2271 3478 2508 3544 signiﬁcavert'li

1447 3556 1582 3592 veniens
1603 3561 1716 3590 autent
1743 3553 1880 3601 gladius
1907 3551 2170 3599 apprettenderit
2193 3551 2362 3596 aliquem:
2381 3549 2508 3605 stingui"

1447 3628 1522 3652 nent
1542 3617 1616 3662 ejus
1634 3616 1676 3651 de
1695 3626 1798 3650 manu
1816 3613 2039 3661 speculatoris
2060 3612 2234 3659 requiram
2249 3639 2257 3654 ,
2275 3609 2352 3656 quia
2371 3615 2444 3642 cum
2458 3610 2510 3662 798'

1448 3661 1727 3724 dereligladium
1745 3704 1755 3719 ,
1791 3676 1870 3711 tuba
1889 3686 1956 3711 non
1994 3674 2116 3710 cecinit
2145 3672 2296 3720 (Escclt.
2331 3661 2506 3727 55.

1449 3723 1638 3784 Ejusmodi
1660 3737 1856 3784 periculum
1876 3764 1886 3780 ,
1919 3746 2144 3782 nequaquam
2164 3733 2346 3770 dormiens
2366 3723 2508 3764 inﬁdeli-

1449 3799 1532 3835 tatis
1558 3809 1701 3842 somno,
1733 3809 1851 3846 neque
1883 3797 2077 3845 voluptatis
2098 3795 2235 3843 pigritia
2253 3793 2374 3841 piger.
2395 3789 2509 3824 1³⁸³⁸⁸⁵

1446 3858 1605 3897 Joannes
1618 3866 1702 3896 ante
1712 3859 1837 3896 oculos
1853 3858 2003 3900 habens,
2025 3858 2130 3894 altius
2149 3856 2231 3892 tuba
2245 3851 2430 3892 clamabat,
2443 3853 2508 3882 non

1447 3921 1640 3958 obscurum
1661 3921 1771 3960 cdcus
1791 3930 1933 3966 sonum,
1954 3919 2016 3956 sed
2037 3924 2195 3966 apertam
2214 3916 2317 3962 plane
2332 3906 2509 3949 δςὶοιιιὶειω
