2694 4342
149 247 191 284 65
798 229 856 266 DE
883 226 988 264 VITA
1014 223 1041 261 S
1083 220 1272 261 JOANNIS
1297 219 1634 258 CllRYSOSTOJlI.
2292 215 2341 254 86

146 323 232 360 dans
243 317 398 357 diaboliei
408 313 527 363 gladii,
539 312 658 359 lugere
667 317 792 346 omnes
803 299 1194 368 ltortabatur._Quic'ttm-

149 394 214 430 que
224 388 334 420 autem
347 374 592 418 conscientiam
601 381 741 420 puram,
752 367 856 406 veluti
868 366 1007 430 signum
1019 363 1053 430 in
1063 363 1194 430 anima:

151 423 274 486 fronte,
295 441 508 481 habuerunt,
529 445 590 482 per
607 432 755 481 gratiam
775 429 835 466 Dei
854 437 932 464 cum
947 424 1047 461 vobis
1063 423 1195 486 Roma-

152 505 204 541 nis
213 484 364 540 ﬁdelibus
377 499 502 537 servati
515 503 596 533 sunt
609 506 619 532 :
634 494 694 542 qui
707 503 789 530 vero
802 490 1032 538 inquinatam,
1045 484 1193 532 papulos

150 576 190 603 ac
215 563 410 602 sacerdotes
438 561 472 597 iu
499 565 656 596 tuutuutn
676 561 853 593 certamen
873 550 1110 590 accenderunt
1127 575 1135 590 ,
1157 553 1193 582 ut

151 626 294 674 publicis
311 624 410 660 malis
435 632 497 659 sua
529 618 795 656 obumbrarrnt.
819 615 918 650 Duc.
938 608 1191 674 Mireqquidem

151 670 283 726 dixisti.
314 685 458 723 Constat
484 688 598 719 autem
619 679 691 716 ﬁeri
714 689 781 714 non
807 685 932 723 posse,
967 680 1004 710 ut
1031 672 1140 708 homo
1157 670 1192 706 in

151 749 213 788 hac
227 755 361 787 terrena
377 748 443 783 vita
466 740 783 790 irreprehensibilis
801 748 945 786 prorsus
966 734 1165 772 inveniatur
1181 760 1191 776 ,

150 812 287 848 dicente
311 808 466 856 pluribus
493 807 528 842 in
549 805 638 842 locis
656 802 835 848 Scriptura
859 811 868 836 :
890 798 972 842 Quis
995 794 1195 844 gloriabitur

151 872 308 908 mundum
323 881 358 906 se
374 870 492 905 habere
505 866 586 902 cor?
603 872 659 900 aut
685 864 756 911 quis
775 861 934 908 ﬁduciam
961 856 1110 899 habebit,
1131 866 1195 903 pu-

150 945 222 970 rum
236 944 269 969 te
285 943 355 968 esse
367 943 386 966 a
405 937 538 978 peccato
553 927 674 977 (Prov.
690 926 752 962 20.
771 925 832 971 9)?
854 923 981 960 Verum
1003 931 1072 956 non
1099 919 1196 956 novit

150 995 201 1032 uti
217 1001 372 1040 tempore
390 992 425 1028 Β.
445 991 598 1028 Joannes
620 1001 628 1024 :
649 997 707 1025 res
724 987 817 1024 enim
834 984 1043 1021 constitutas
1063 989 1195 1018 temere

152 1065 294 1092 movere
311 1064 380 1090 non
401 1057 550 1099 Oportet.
567 1050 685 1087 Ense.
705 1047 838 1084 Videris
856 1045 955 1090 mihi,
975 1045 1066 1082 bone
1079 1043 1196 1081 Theo-

151 1115 249 1158 dore,
269 1115 412 1151 nimium
431 1119 566 1149 astutus
588 1121 678 1148 esse.
695 1109 782 1146 Cum
803 1108 895 1145 enim
922 1106 1022 1144 initio
1047 1106 1196 1143 misera-

153 1177 308 1220 tionem,
331 1183 367 1211 ut
399 1174 545 1217 decuit,
567 1172 668 1208 nobis
699 1169 900 1208 exltihueris
929 1178 1010 1205 cttm
1043 1166 1194 1214 quadam

152 1238 418 1282 compunctioue
438 1263 447 1279 ,
467 1235 547 1271 imle
563 1233 726 1280 paulatim
757 1231 857 1268 dicax
885 1231 1007 1266 irrisor
1030 1227 1198 1265 inveniris

148 1299 226 1327 esse
242 1303 252 1327 :
267 1300 381 1336 neque
397 1288 457 1335 qui
470 1286 688 1333 putabantur
701 1286 853 1333 inimici,
866 1291 938 1324 tant
951 1287 1084 1325 acriter
1095 1287 1200 1324 illum

151 1351 412 1397 vituperarunt.
427 1349 526 1384 Duc.
539 1348 632 1392 Quid
645 1347 986 1395 itttlignat'is.Pater,
999 1349 1061 1397 qui
1072 1350 1204 1387 verita-

152 1411 196 1448 tis
209 1421 332 1447 atuaus
343 1412 460 1456 audis,
475 1411 569 1458 quod
581 1409 732 1446 dixerim
748 1421 819 1446 non
831 1412 1049 1448 observasse
1059 1417 1204 1459 tempus

151 1472 290 1508 beatum
305 1472 506 1508 Joannem?
521 1482 602 1508 cum
620 1470 807 1517 Scriptura
825 1472 944 1508 dicat:
968 1471 1012 1507 In
1036 1473 1120 1509 locis
1141 1485 1206 1519 po-

153 1536 294 1572 tentium
310 1547 349 1570 ne
369 1535 542 1570 subsiste:
560 1534 684 1581 (Prov.
701 1533 763 1568 25.
779 1535 856 1580 6.):
877 1541 914 1571 et
934 1545 1079 1579 rursus,
1101 1535 1208 1571 Redi-

151 1604 278 1633 mentes
292 1603 423 1641 tempus
437 1596 578 1642 (Ephes.
592 1597 626 1638 5.
642 1596 701 1641 if;
716 1597 887 1644 (3014.5),
903 1599 1103 1643 przescrlim
1116 1598 1149 1634 in
1163 1598 1208 1635 iis

151 1659 211 1704 qui
226 1660 361 1694 tuonita
379 1659 645 1706 utilitatemque
657 1671 729 1696 non
745 1660 953 1696 adtuittuut.
973 1660 1092 1697 Episc.
1107 1660 1206 1697 Beati

150 1721 251 1762 estis,
267 1721 394 1767 quisic
409 1720 617 1769 Scripturas
632 1723 935 1770 interpretamiui.
955 1722 988 1759 Id
1002 1724 1097 1760 enim
1111 1724 1206 1770 apud

151 1780 409 1824 Ecclesiasten,
431 1782 474 1819 1η
491 1784 577 1820 locis
591 1792 772 1829 potentum
791 1797 832 1821 ne
850 1787 1003 1830 steteris,
1024 1786 1204 1824 adversus

153 1841 314 1890 indignos
329 1849 364 1879 et
383 1842 575 1891 iucapaces
597 1845 792 1882 sacerdotii
808 1845 944 1884 dictum
961 1853 1032 1890 est,
1051 1858 1094 1884 ne
1113 1848 1202 1884 illud

154 1903 483 1951 rapiant.Poteutes
503 1906 615 1950 enitn,
631 1907 778 1944 virtutis
789 1909 1084 1956 magistrosdicit
1103 1923 1111 1947 :
1129 1912 1203 1958 pri-

156 1975 247 2001 mum
262 1965 404 2012 quidem
423 1967 623 2014 apostolos,
645 1968 706 2015 qui
725 1975 830 2005 erant
852 1974 1034 2016 potentes,
1053 1970 1202 2007 virtutis

155 2025 310 2071 spiritum
326 2027 467 2064 induti:
491 2027 622 2066 deinde
635 2040 762 2067 eorum
781 2031 995 2069 imitatores.
1026 2031 1069 2067 Et
1086 2032 1176 2069 illud
1192 2061 1201 2078 ,

153 2085 481 2135 Redimcretempus,
496 2091 648 2138 perinde
657 2099 713 2130 est
725 2103 782 2136 ac,
794 2092 843 2130 Ne
854 2093 1052 2141 hypocritze
1068 2094 1202 2138 simus,

154 2153 226 2180 cum
245 2144 372 2183 furibus
391 2152 574 2183 currentes
591 2174 601 2191 ,
619 2151 655 2182 ct
670 2156 751 2182 cum
769 2145 938 2182 adulteris
969 2152 1104 2192 partem
1131 2157 1197 2192 po-

155 2211 292 2250 nentes;
311 2207 370 2243 sed
390 2213 428 2243 ut
454 2213 615 2254 tempore
641 2217 705 2242 suo
738 2214 878 2252 tempus
904 2207 1041 2254 peccati
1070 2207 1200 2243 virtute

154 2266 353 2304 redimamus
369 2297 378 2313 ,
396 2278 464 2305 non
483 2266 568 2304 illud
588 2272 734 2314 peccato
753 2267 961 2303 vcndentes.
983 2266 1050 2312 Qui
1081 2272 1199 2303 autem

155 2327 215 2366 hoc
242 2331 343 2366 modo
375 2330 543 2377 paulatim
571 2336 710 2376 tempus
741 2329 898 2373 redimit,
921 2334 1030 2365 totam
1059 2329 1203 2365 redimit

155 2392 252 2428 titam
271 2404 368 2429 suam
383 2422 392 2438 ,
413 2399 450 2429 ut
468 2392 610 2430 omissis
635 2392 754 2428 smculi
781 2392 1022 2439 voluptatibus
1045 2392 1202 2432 caelestia

155 2453 237 2490 doua
255 2457 474 2492 nanciscatur
490 2468 498 2492 :
515 2455 694 2503 quomodo
707 2461 742 2490 et
758 2460 932 2502 martyres
950 2454 1125 2500 fecerunt,
1143 2454 1202 2501 qui

155 2514 238 2554 hanc
248 2528 450 2565 corpoream
466 2519 570 2554 vitam
587 2523 820 2563 exponentes,
833 2515 1203 2563 incorruptibilitatem

154 2581 328 2614 consecuti
357 2586 602 2624 sunt,rcvera
633 2578 698 2626 ipsi
731 2586 869 2625 tempus
902 2579 1132 2614 redimcntes.
1166 2578 1203 2614 Si

154 2648 237 2674 veto
255 2639 318 2674 ista
336 2650 405 2675 non
422 2641 472 2676 sic
489 2641 728 2688 intelliguntur
745 2668 754 2684 ,
773 2640 915 2688 Moyses
931 2649 1031 2677 certe
1051 2647 1084 2677 et
1108 2641 1204 2677 Elias

155 2704 189 2734 et
206 2698 369 2736 Micbteas
395 2706 430 2736 et
450 2700 569 2737 Daniel
589 2708 626 2738 et
643 2701 798 2738 Joannes
816 2703 972 2749 Baptista
989 2708 1024 2740 et
1043 2701 1152 2740 Isaias
1169 2708 1205 2738 et

157 2758 276 2796 Petrus
293 2765 396 2806 atque
411 2759 550 2803 Paulus,
567 2771 611 2797 ne
626 2761 742 2807 plures
755 2772 1048 2808 commemorem,
1065 2771 1204 2811 tempus

158 2830 254 2858 suum
267 2822 447 2869 ignorasse
461 2822 680 2859 invenientur
691 2825 872 2872 :quoniam
889 2825 946 2862 ille
959 2825 1038 2874 fuga
1052 2826 1203 2862 salutem

159 2883 220 2918 sibi
238 2883 359 2930 quaerit
378 2883 424 2920 ob
441 2884 754 2930 reprehensionem
772 2886 942 2932 alicujus,
958 2887 1041 2924 dum
1059 2888 1204 2936 gentilis

161 2943 331 2990 cujusdam
352 2955 440 2982 oves
457 2946 492 2981 in
508 2951 627 2983 monte
648 2955 831 2993 pasceret:
848 2947 937 2985 alius
954 2959 1026 2996 pra:
1045 2956 1200 2996 torpore,

163 3003 272 3046 dolore
289 3019 492 3056 oppressus,
515 3009 550 3046 in
568 3020 730 3048 somnum
751 3011 881 3050 decidit
896 3023 906 3057 ;
924 3024 1036 3061 neque
1057 3013 1202 3061 parietis

163 3074 214 3103 aut
231 3070 300 3105 saxi
315 3071 496 3108 inveniens
516 3072 691 3117 umbram,
711 3073 772 3110 sed
788 3075 854 3112 sub
865 3075 1020 3123 juniperi
1036 3077 1202 3123 virgulto,

163 3129 247 3173 quod
263 3138 296 3167 et
314 3132 424 3179 ipsutn
443 3134 535 3171 exile
549 3141 639 3180 erat,
655 3145 695 3172 se
711 3137 860 3176 collocat
877 3139 889 3186 (
904 3139 926 3176 5
945 3139 1030 3186 Reg.
1049 3139 1106 3176 19.
1127 3141 1148 3176 4
1163 3139 1176 3188 )
1193 3152 1202 3176 :

163 3191 244 3228 alius
270 3203 363 3231 serra
397 3197 584 3234 secabatur
603 3210 612 3236 :
634 3199 723 3236 alius
744 3210 807 3246 pro
838 3204 969 3248 pietate
997 3202 1030 3238 in
1065 3201 1205 3239 foveam

166 3249 294 3291 leonum
319 3256 566 3295 demittebatur
585 3271 593 3294 :
612 3259 702 3296 alius
726 3261 759 3296 in
787 3271 954 3304 carcere,
976 3262 1044 3298 hoc
1071 3268 1126 3299 est
1141 3291 1150 3307 ,
1170 3263 1204 3300 in

164 3321 260 3357 specu
271 3317 416 3364 quodam
427 3319 564 3357 vinctus
577 3322 798 3367 servabatur,
811 3333 937 3370 panem
952 3322 1202 3369 tribulationis,

166 3379 196 3408 et
215 3385 335 3422 aquam
362 3381 526 3426 angustia:
557 3393 699 3420 sumere
730 3384 988 3422 condemnatus
1005 3414 1013 3428 ,
1032 3392 1070 3422 ιιι
1098 3387 1206 3434 luugo

167 3439 313 3483 tempore
329 3442 577 3482 contabesceus
593 3473 602 3490 ,
618 3447 724 3483 vitam
744 3447 776 3483 vi
795 3447 1038 3494 abrumperet,
1061 3451 1206 3495 propter

167 3505 254 3535 suam
271 3502 436 3542 adversus
452 3517 567 3554 regem
589 3509 778 3556 quemdam
800 3511 968 3557 loquendi
989 3512 1203 3548 libertatein.

166 3557 247 3602 Quid
276 3570 389 3601 autem
418 3567 501 3603 mihi
519 3568 616 3606 dices
643 3571 687 3607 de
713 3570 872 3613 Joanne,
895 3571 956 3618 qui
990 3572 1083 3608 inter
1104 3579 1205 3610 natos

167 3621 335 3660 tnulicrum
355 3637 471 3674 parem
483 3640 551 3666 non
569 3631 695 3668 habet?
709 3642 753 3668 an
767 3633 911 3668 minime
926 3639 1028 3668 uorat
1047 3639 1207 3680 tempore

168 3682 226 3722 uti,
241 3687 396 3730 quoniatn
415 3697 557 3738 propter
570 3701 726 3740 apertam
745 3699 781 3729 et
795 3693 942 3729 minime
959 3693 1207 3732 adumbratam

169 3745 314 3785 adulterii
347 3751 490 3790 Herodis
511 3756 788 3803 inerepationem
810 3756 926 3801 capite
951 3757 1108 3794 minutus
1124 3764 1203 3802 est,

171 3814 335 3854 cnrans,nt
348 3815 682 3855 medicusllerodem
693 3818 877 3855 insanabili
892 3818 1017 3854 morbo
1025 3818 1204 3864 affectum,

172 3876 221 3905 aut
235 3883 343 3918 urens,
357 3886 412 3914 aut
425 3882 568 3918 secans?
580 3881 653 3926 Qua
667 3882 802 3919 ratioae
817 3888 850 3918 ct
865 3882 1019 3920 Joannes
1032 3883 1206 3922 miserans

1270 302 1308 333 et
1331 305 1457 332 amans
1475 321 1486 339 ,
1509 295 1720 342 increpabat
1748 294 1926 331 inﬁrmos.
1957 292 1996 330 St
2031 298 2152 330 autem
2181 291 2340 330 Joannes

1268 359 1426 405 Baptista
1460 364 1602 404 tempus
1635 368 1706 394 non
1745 364 1848 394 norat
1867 385 1878 402 ,
1911 356 2092 404 quomodo
2126 355 2339 394 saeculorum

1265 421 1430 466 Opiﬁcem
1462 426 1498 456 et
1531 420 1702 456 factorem
1733 419 1878 466 agnovit
1898 447 1908 459 .
1932 419 2056 456 dicens
2076 431 2086 455 :
2110 418 2196 455 Ecce
2223 418 2342 466 Agnus

1265 481 1356 525 Dei,
1373 481 1432 527 qui
1451 481 1539 516 tollit
1560 487 1697 527 peccata
1715 480 1834 515 mundi
1855 479 1973 526 (Joan.
1993 482 2027 517 ί.
2048 480 2108 528 56)
2128 481 2142 516 ?
2161 479 2342 527 quomodo

1265 542 1396 580 l'aulus
1415 548 1451 578 et
1467 542 1610 584 Petrus,
1631 541 1810 577 columna:
1833 541 2018 582 Ecclesire,
2039 547 2178 588 tempus
2200 542 2341 588 ignora-

1265 606 1350 642 bant
1368 632 1378 648 ,
1400 605 1459 652 qui
1489 605 1595 640 etiam
1618 609 1696 651 post
1727 609 1880 639 mortem
1907 603 2112 638 volentibus
2135 609 2244 650 atque
2265 603 2344 650 pul-

1265 666 1426 702 santibus
1443 667 1634 712 aperiunt,
1657 670 1690 702 et
1709 664 1880 701 claudunt
1903 664 2122 710 paenitentia:
2150 665 2343 712 tempora?

1264 729 1430 776 quoniam
1453 729 1607 765 maxime
1638 727 1696 764 hic
1715 727 1813 764 cruri
1841 725 1974 762 afﬁxus
1991 733 2069 771 est,
2090 726 2244 774 pedibus
2274 727 2341 762 ob-

1264 791 1392 835 versis,
1416 791 1507 826 viam
1527 791 1562 826 in
1584 790 1710 827 cmlum
1729 789 1958 837 signiﬁcans;
1983 789 2040 826 ille
2057 790 2174 836 capite
2195 796 2341 826 trunca—

1265 860 1322 891 tur
1342 855 1388 891 ob
1407 864 1508 890 suam
1530 853 1564 890 in
1581 853 1722 889 Christo
1737 851 1906 899 loquendi
1918 852 2135 894 libertatein,
2153 862 2197 888 ne
2216 862 2237 888 a
2256 861 2342 888 vero

1264 915 1445 952 excideret
1461 915 1590 961 capite.
1605 913 1655 950 Ne
1667 914 1773 961 igitur
1784 914 1974 950 admiseris
1984 923 2060 957 eos,
2073 913 2131 961 qui
2151 923 2234 949 cum
2252 925 2342 961 qua-

1264 977 1345 1014 dam
1361 977 1604 1024 increpatione
1618 983 1826 1014 sanctorum
1848 976 2015 1024 loquendi
2034 976 2238 1014 libertatein
2265 977 2342 1012 cul-

1267 1046 1364 1087 pant.
1374 1039 1566 1078 Gentilium
1581 1040 1676 1076 enim
1691 1038 1872 1086 etjudicio
1883 1049 1949 1074 suo
1962 1037 2163 1085 sapientum
2177 1037 2241 1074 ista
2256 1047 2343 1074 cou-

1265 1101 1416 1138 suetudo
1425 1108 1493 1146 est,
1505 1101 1566 1148 qui
1581 1111 1705 1138 amore
1718 1100 1823 1147 hujus
1834 1101 1915 1136 vita:
1928 1100 2034 1137 etiam
2049 1106 2248 1147 martyrum
2261 1109 2343 1137 con-

1265 1161 1433 1199 stantiam
1452 1161 1613 1198 irrident.
1634 1161 1759 1208 Neque
1776 1162 1873 1197 enim
1891 1162 1946 1198 vel
1967 1160 2124 1207 gladium
2143 1161 2310 1198 obtusum
2328 1191 2339 1204 ,

1266 1225 1324 1262 vel
1356 1225 1508 1261 otiosam
1547 1234 1627 1262 esse
1665 1225 1834 1270 loquendi
1872 1224 2071 1260 libertatem
2108 1232 2262 1270 Oportet.
2295 1224 2342 1262 Et

1265 1287 1566 1335 quemadmodum
1591 1286 1638 1323 ab
1659 1292 1840 1333 unguento
1861 1285 2052 1332 fragrantia
2083 1287 2242 1332 separari
2269 1299 2341 1324 non

1268 1356 1409 1396 potest,
1429 1351 1482 1387 sic
1513 1361 1628 1397 neque
1651 1360 1668 1384 a
1699 1349 1865 1396 loquendi
1887 1349 2053 1386 libertate
2078 1349 2341 1386 benevolentia.

1267 1411 1318 1446 Ac
1347 1411 1376 1447 si
1401 1411 1544 1458 quidem
1575 1422 1697 1448 coratn
1719 1411 1860 1446 famulis
1877 1439 1887 1456 ,
1909 1416 1971 1446 aut
1990 1411 2137 1455 amicis,
2159 1417 2220 1446 aut
2240 1412 2314 1448 suis
2330 1440 2341 1456 ,

1267 1473 1500 1519 reprehensio
1513 1474 1627 1518 lieret,
1643 1483 1766 1510 coram
1781 1473 1910 1520 quibus
1921 1472 2135 1509 erubescere
2150 1473 2341 1511 molcstum

1268 1538 1320 1569 est
1342 1545 1350 1568 :
1370 1532 1461 1570 forte
1481 1533 1706 1571 accusandus
1727 1540 1824 1571 esset
1853 1534 1912 1581 qui
1943 1534 2053 1570 libere
2086 1535 2340 1582 redargueret,

1268 1597 1400 1640 quippe
1419 1595 1478 1643 qui
1499 1602 1637 1642 tempus
1657 1602 1692 1632 et
1719 1595 1836 1632 locum
1867 1595 2044 1642 ignoraret
2065 1595 2126 1634 :Si
2153 1603 2272 1634 autem
2305 1597 2342 1634 in

1269 1657 1444 1700 Ecclesia,
1461 1658 1558 1694 velut
1571 1658 1604 1694 itt
1621 1657 1784 1703 macello,
1800 1658 1992 1704 proborum
2008 1658 2172 1696 encomia
2188 1659 2288 1705 linnt,
2307 1667 2345 1698 et

1268 1718 1529 1766 iucrcpationcs
1539 1720 1893 1766 negligentium:quid
1903 1722 2343 1768 exasperamuradversus

1265 1780 1540 1827 increpatioues,
1550 1791 1628 1828 qua:
1640 1781 1718 1818 sine
1729 1782 1886 1827 nomine,
1901 1788 1937 1818 et
1947 1782 2080 1820 utiliter
2093 1783 2197 1820 ﬁunt?
2207 1783 2343 1821 alentes

1264 1843 1426 1886 crimina,
1445 1854 1510 1880 nec
1520 1844 1810 1892 obtemperantes
1824 1845 1870 1888 ei,
1884 1845 1944 1893 qui
1959 1845 2062 1890 dixit,
2081 1844 2190 1881 Omne
2199 1845 2292 1893 quod
2306 1846 2341 1882 in

1263 1906 1404 1943 macello
1416 1908 1518 1950 venit,
1534 1907 1750 1952 mattducale,
1767 1908 1855 1944 nihil
1875 1908 2102 1944 discernentes
2114 1907 2126 1953 (
2135 1908 2147 1944 l
2183 1907 2264 1946 Cor.
2282 1908 2341 1946 10.

1263 1967 1342 2015 23).
1360 1968 1460 2014 Quod
1476 1969 1543 2006 nisi
1557 1969 1602 2005 ita
1611 1969 1788 2013 sit,sancti
1805 1970 1932 2006 iterum
1943 1970 2344 2008 iuvenienturcititates

1265 2029 1434 2076 quasdam
1452 2035 1514 2066 aut
1534 2029 1697 2075 regiones
1715 2030 1977 2067 scandalizasse
1996 2031 2043 2068 ob
2063 2031 2342 2078 increpationcs,

1266 2090 1356 2126 alias
1383 2101 1468 2128 vero
1489 2091 1654 2128 laudibus
1673 2092 1748 2128 suis
1774 2091 2006 2130 subvertisse.
2028 2092 2169 2130 Primus
2199 2100 2346 2131 Sanctus

1267 2149 1334 2187 Job
1355 2152 1549 2190 Pltmuicen
1569 2153 1758 2200 quamdam
1789 2154 1976 2201 regionem
1996 2154 2190 2202 obiurgans
2209 2183 2219 2200 ,
2241 2155 2343 2202 quasi

1266 2208 1438 2249 Satanam
1451 2212 1590 2250 hostem
1611 2225 1714 2251 suum
1747 2215 1781 2251 iu
1803 2227 1842 2253 sc
1861 2217 2100 2254 attrabentem
2123 2245 2133 2260 ,
2154 2217 2205 2252 sic
2223 2217 2309 2254 dicit
2333 2229 2342 2253 :

1272 2268 1411 2306 Partem
1427 2277 1537 2308 autem
1555 2273 1585 2309 ei
1605 2275 1688 2310 dunt
1717 2282 1830 2320 gentes
1865 2275 2068 2313 Pltamt'cum
2089 2275 2183 2326 (Job
2201 2277 2263 2316 40.
2279 2277 2340 2315 25.

1271 2332 1307 2368 in
1337 2331 1456 2370 Gra'co
1475 2336 1500 2376 ).
1529 2335 1665 2371 Deinde
1698 2336 1835 2382 Moyses
1864 2344 1900 2373 et
1931 2338 2115 2384 propheta:
2147 2337 2344 2386 Aigyptuut

1273 2394 1508 2430 critninantur
1524 2423 1534 2437 ,
1554 2394 1734 2432 fornacrm
1757 2395 1908 2432 ferream
1939 2397 2162 2443 appellantes
2188 2404 2224 2433 et
2246 2404 2347 2434 tene-

1274 2454 1370 2497 bras,
1386 2460 1493 2500 atque
1513 2455 1738 2491 Palzrstinam
1758 2455 1923 2491 laudibus
1937 2457 2124 2500 extollunt,
2142 2463 2347 2504 terramque

1275 2516 1520 2562 promissioais
1539 2524 1668 2552 vorant
1689 2528 1696 2552 :
1720 2527 1800 2553 cum
1822 2517 1999 2564 Aipyptus
2015 2518 2214 2554 inveniatur
2232 2519 2347 2564 probo

1275 2577 1417 2625 quidem
1439 2583 1531 2613 terra
1554 2579 1816 2624 promissionis,
1837 2579 1966 2626 ignavo
1984 2586 2103 2615 autem
2127 2579 2314 2615 l‘almstina
2334 2608 2345 2623 ,

1275 2648 1346 2674 non
1380 2638 1499 2674 solutn
1523 2638 1646 2675 foruax
1677 2638 1792 2675 ferrea
1811 2668 1819 2683 ,
1837 2639 1898 2676 sed
1917 2645 1953 2676 et
1975 2639 2130 2676 tenebra:
2151 2639 2350 2676 exteriores

1276 2701 1497 2738 infidelitatis
1521 2711 1627 2738 causa
1649 2713 1657 2737 :
1676 2703 1842 2748 quoniam
1867 2711 1936 2737 u0u
1960 2701 2036 2737 loca
2059 2700 2238 2746 vituperio
2255 2728 2265 2745 ,
2287 2707 2350 2736 aut

1275 2763 1380 2800 laude
1409 2763 1514 2810 digna
1538 2769 1645 2808 sunt,
1666 2764 1728 2801 sed
1749 2763 1932 2799 hominum
1964 2762 2095 2799 Slmlia.
2114 2763 2207 2809 Quid
2229 2770 2349 2800 autent

1276 2836 1425 2863 neceSse
1443 2825 1529 2861 mihi
1551 2831 1606 2861 est
1623 2835 1827 2862 sermonem
1851 2825 1884 2860 itt
1907 2824 2050 2872 longum
2071 2824 2266 2862 extendere
2283 2854 2293 2870 ,
2314 2831 2352 2862 et

1274 2899 1345 2925 non
1367 2899 1386 2924 a
1406 2887 1572 2924 brevibus
1603 2886 1783 2932 incipere?
1803 2885 1982 2933 Numquid
2013 2885 2143 2922 l’aulus
2169 2886 2350 2924 tnendacee

1275 2950 1448 2988 Cretenses
1469 2949 1553 2998 (Tit.
1575 2951 1608 2988 l.
1639 2950 1699 2995 12)
1719 2949 1904 2996 appellans
1921 2977 1930 2994 ,
1948 2955 1985 2986 et
2000 2947 2144 2986 Galatas
2162 2949 2352 2986 instaurator

1277 3013 1371 3062 (Gal.
1392 3014 1428 3050 5.
1449 3013 1498 3060 l),
1514 3019 1549 3049 et
1567 3013 1773 3054 Corinthios
1791 3012 1930 3058 inﬂatos
1948 3011 2000 3058 (1.
2017 3011 2096 3048 Cor.
2110 3011 2146 3048 5.
2163 3010 2203 3059 2)
2216 3039 2228 3055 ,
2243 3018 2350 3058 atque

1275 3078 1366 3114 alios
1393 3077 1496 3114 aliter
1515 3103 1526 3121 ,
1549 3076 1604 3112 his
1634 3075 1720 3112 Solis
1750 3075 1834 3110 vitia
1866 3074 2112 3118 condonavit,
2131 3074 2232 3121 quasi
2265 3074 2352 3121 ipsis

1276 3139 1362 3177 solis
1383 3139 1701 3186 reprehensionem
1721 3136 1898 3174 adhibens
1915 3165 1924 3180 ,
1941 3147 2062 3173 nonne
2091 3141 2128 3172 et
2153 3136 2320 3174 omnibus
2337 3138 2353 3173 ?

1275 3208 1335 3238 aut
1355 3209 1477 3238 contra
1498 3211 1580 3238 cum
1602 3200 1784 3237 Romanos
1804 3198 1924 3246 ﬁdeles
1953 3197 2072 3246 (Rom.
2097 3199 2131 3234 l.
2154 3197 2191 3246 6)
2213 3205 2314 3236 vocat
2339 3226 2350 3243 ,

1275 3268 1311 3299 et
1337 3261 1514 3308 Ephesios
1540 3267 1668 3308 mystas
1688 3257 2108 3308 (Ephcs.l.l8),quibns
2121 3260 2354 3296 etsublimius

1276 3319 1962 3368 scribit,etfratrumamautesUT/rcsr
1987 3322 2023 3359 5.
2048 3321 2107 3370 Η)
2126 3321 2355 3360 Thessaloni-

1275 3395 1416 3428 ceuscs,
1434 3384 1488 3420 his
1505 3385 1592 3421 solis
1606 3383 1730 3420 laudes
1743 3383 1936 3432 adscripsit
1953 3385 1968 3420 ’ἐ
1988 3384 2135 3422 Minime
2153 3395 2240 3422 sane
2259 3395 2270 3429 ;
2289 3384 2352 3421 sed

1277 3453 1314 3485 ut
1334 3447 1486 3494 Spiritus
1503 3446 1615 3484 sancti
1638 3447 1776 3492 plenus,
1792 3453 1828 3484 ct
1847 3446 2018 3493 vituperia
2039 3455 2075 3486 et
2094 3448 2220 3484 laudes
2237 3457 2351 3492 appo-

1277 3509 1370 3550 suit.
1391 3515 1429 3544 ut
1448 3508 1507 3555 qui
1527 3518 1565 3544 se
1585 3508 1687 3544 laude
1707 3508 1852 3554 dignum
1874 3509 2074 3555 agnoverit,
2095 3508 2222 3553 majori
2241 3504 2349 3540 animi

1277 3569 1463 3607 alacritate
1484 3569 1684 3605 roboretur.
1705 3570 1805 3606 Alius
1823 3581 1906 3606 vero
1921 3570 2096 3616 vituperia
2116 3569 2251 3613 legens,
2267 3563 2351 3598 sub-

1281 3633 1439 3668 ntouitus
1456 3630 1600 3674 doleat,
1621 3636 1657 3666 et
1677 3631 1794 3678 probri
1814 3642 1960 3669 causam
1978 3630 2137 3674 abjiciat.
2156 3625 2231 3661 Non
2249 3621 2355 3666 igitur

1277 3693 1342 3730 soli
1362 3692 1497 3730 Galatia
1517 3692 1685 3728 inseusati
1702 3720 1712 3736 ,
1736 3702 1802 3728 nec
1827 3693 2016 3728 Cretenses
2039 3685 2230 3722 mendaces
2252 3705 2262 3722 ν
2289 3688 2353 3715 IH'C

1276 3756 1451 3793 Corinthii
1471 3755 1614 3803 superbi
1630 3767 1638 3790 :
1654 3755 1787 3802 ubique
1805 3754 1900 3791 enim
1922 3751 1998 3786 hrc
2019 3746 2138 3782 omnia
2151 3746 2254 3805 sunt.
2271 3750 2351 3805 ctuti

1279 3830 1346 3856 una
1377 3819 1423 3855 sit
1455 3825 1578 3856 natura
1600 3847 1610 3864 ,
1631 3828 1711 3864 qua:
1732 3823 1767 3853 et
1788 3819 1908 3861 peccat
1931 3818 1964 3846 el
1987 3813 2085 3844 TW“-
2103 3802 2175 3849 πεδί
2191 3827 2202 3844 ο
2225 3807 2259 3836 εί
2280 3802 2356 3864 Si)”

1282 3883 1350 3920 hoc
1366 3883 1441 3920 sive
1460 3881 1545 3918 illud
1563 3862 1653 3917 insc—
1671 3877 1921 3922 Sil,\'0ltll|i‘-\lc
1941 3878 2016 3904 511³-
2038 3866 2110 3900 “‘N‘
2128 3864 2233 3909 Ῐῧῖῑυτ
2250 3862 2356 3896 '“Udo
