2694 4342
405 261 452 298 67
1242 235 1460 277 PALLADII
1489 234 1718 274 DIALOGUS
2559 239 2597 276 ω

405 339 440 376 in
473 332 629 374 Ecclesia
650 328 760 365 libere
789 323 1004 372 loquebatur
1022 317 1181 358 Joannes
1203 329 1212 354 :
1233 317 1344 354 immo
1361 315 1482 363 potius

401 393 640 436 esurientibus
675 386 898 437 particbatnr
933 383 1077 423 virtutis
1111 382 1230 420 cibum
1252 407 1262 424 ,
1293 384 1482 427 peccatum

400 454 599 496 manifestis
619 449 963 498 reprehensionibus
988 445 1236 484 exterminans
1252 473 1262 488 ,
1284 450 1321 480 et
1339 443 1482 478 obtem-

399 529 530 568 perans
557 515 668 553 l’aulo
685 512 818 551 dicenti
842 524 850 548 :
873 511 1077 548 Peccantem
1098 520 1214 546 coram
1241 507 1398 544 omnibus
1429 517 1485 542 ar—

397 594 476 632 gue,
494 587 530 617 ut
549 586 578 616 et
596 578 709 615 centeri
723 577 878 613 timorem
892 575 1038 612 habeant
1051 574 1100 623 (Ι.
1119 573 1208 610 Tim.
1223 572 1260 610 5.
1278 569 1356 619 9.0).
1372 569 1485 632 Porro

399 629 429 680 si
450 642 510 689 qui
529 639 709 688 superbia:
729 644 793 675 aut
807 637 966 674 vesanize
983 636 1112 672 morbo
1130 634 1352 674 laborantes,
1369 629 1486 666 velint

399 705 508 743 etiam
523 703 727 751 voluptates
745 710 828 737 suas
845 710 928 737 cum
949 698 1114 736 laudibus
1129 696 1274 739 efferre,
1287 693 1380 730 hanc
1399 703 1490 729 cou—

400 767 628 806 suetudinem
645 775 716 802 non
733 763 866 800 habent
879 762 941 798 Dei
953 759 1135 805 servi.Qui
1145 758 1240 796 enim
1254 755 1487 803 indignamur

403 831 451 868 ob
471 832 708 876 vitnpcratam
723 826 910 862 avaritiam
929 829 965 862 et
987 821 1275 864 fornicationem,
1298 823 1360 854 aut
1377 816 1484 853 aliam

403 891 569 940 quamvis
591 889 722 928 fmdam
743 887 928 924 libidinem
947 913 956 929 ,
979 884 1069 922 nihil
1087 881 1186 920 aliud
1205 881 1324 928 rcipsa
1346 879 1484 921 dicunt,

401 964 508 1002 quam
523 950 726 999 hujusmodi
744 949 986 996 perniciosum
1009 946 1108 982 virus
1127 943 1261 980 debere
1279 940 1486 978 admittere.

452 1015 538 1052 Car.
563 1025 638 1050 χιιι.
662 1033 711 1040 -
733 1012 834 1049 Duc.
853 1009 1068 1050 Maximam,
1091 1005 1219 1047 Pater,
1252 1002 1368 1040 habeo
1403 1011 1488 1048 gra-

405 1078 492 1114 tiam
525 1075 608 1112 huic
634 1074 678 1112 ad
716 1083 782 1111 nos
822 1069 1083 1109 humanissimo
1111 1065 1280 1104 adventui
1311 1070 1374 1101 tuo
1395 1075 1402 1098 :
1423 1063 1489 1100 fuit

405 1141 501 1176 cnim
519 1138 621 1175 nobis
635 1136 732 1173 utilis
747 1141 782 1172 et
798 1133 978 1175 salutaris,
991 1137 1098 1178 atque
1112 1129 1194 1166 vita:
1210 1127 1486 1164 monimentutn.

405 1201 496 1239 Cum
516 1207 636 1237 autem
661 1204 743 1246 post
771 1197 928 1244 prolixus
956 1193 1079 1230 laudes
1100 1191 1314 1229 Theodorus
1331 1188 1490 1236 quievis-

406 1271 475 1310 set,
509 1274 552 1300 ex
582 1260 808 1298 adstantibus
837 1257 966 1305 aliquis
994 1255 1113 1304 erupit
1143 1255 1178 1291 in
1210 1253 1302 1290 hanc
1331 1262 1487 1288 vocem:

405 1324 596 1372 Quomodo
627 1323 761 1370 igitur,
793 1320 932 1368 inqttit,
963 1319 1072 1355 tantis
1100 1323 1298 1354 exornatus
1329 1313 1486 1357 dntibus,

405 1387 584 1436 superbus
613 1381 714 1422 erat?
747 1385 865 1420 Ense.
903 1382 958 1418 An
993 1383 1069 1428 ipse
1098 1387 1260 1426 praesens
1293 1375 1489 1422 superbum

406 1463 488 1490 cunt
508 1447 790 1496 deprehendisti,
807 1457 851 1482 an
870 1445 962 1482 alios
977 1444 1039 1480 tibi
1059 1440 1245 1479 narravit?
1264 1440 1326 1477 Ille
1340 1449 1490 1486 respon-

407 1513 460 1551 dit
480 1525 490 1550 :
511 1511 590 1548 Non
612 1510 694 1548 novi
723 1509 855 1554 virum,
877 1508 947 1552 ait;
977 1505 1040 1544 sed
1067 1504 1186 1542 audivi
1207 1514 1228 1540 a
1245 1502 1402 1550 quodam
1431 1511 1492 1538 co-

407 1575 532 1616 riario.
557 1573 617 1620 qui
647 1571 818 1608 narrabat
846 1579 928 1606 raro
955 1569 1072 1616 ipsum
1097 1566 1153 1603 sui
1184 1565 1326 1612 copiam
1359 1564 1490 1609 facere,

408 1637 477 1674 nisi
498 1637 534 1672 in
556 1634 725 1678 ecclesia,
742 1639 778 1670 ct
793 1632 944 1669 moleste
959 1630 1055 1668 ferre
1073 1629 1133 1666 diu
1155 1628 1312 1674 colloqui
1327 1637 1410 1664 cum
1425 1636 1490 1664 vo-

409 1699 581 1736 lentibus.
609 1696 687 1732 lloc
708 1703 796 1731 vero
813 1693 998 1740 specimen
1025 1697 1081 1728 est
1107 1689 1286 1737 superbia:
1305 1689 1342 1725 ct
1363 1687 1489 1731 fastus,

409 1760 534 1808 fugere
565 1765 781 1804 congressus
814 1753 1026 1790 volentium.
1064 1751 1185 1788 EPISC.
1222 1749 1269 1786 Et
1301 1749 1491 1796 cujusnam

409 1823 502 1859 alius
521 1827 600 1858 erat
615 1817 764 1856 Joannis
782 1815 994 1862 sapientiam
1015 1813 1232 1860 vituperare,
1249 1821 1357 1858 quant
1375 1810 1493 1848 coria-

352 1911 357 1916 .
408 1885 466 1927 rii,
486 1885 547 1931 qtti
578 1883 741 1920 faetorem
770 1878 926 1914 officina:
953 1887 1029 1913 sua:
1049 1875 1158 1912 veluti
1179 1873 1392 1911 familiarem
1411 1883 1490 1909 am-

411 1944 600 1992 plectitur?
619 1943 655 1978 Si
674 1948 796 1978 autem
817 1939 940 1986 fugere
961 1937 1098 1982 turbas,
1119 1935 1298 1984 superbia:
1317 1935 1490 1972 indicium

409 2012 480 2051 est,
501 2006 570 2043 erit
583 2012 618 2041 et
637 2003 795 2040 Joannes
815 2002 970 2050 Baptista
991 1999 1180 2048 superbus,
1200 1998 1397 2036 secundum
1412 2008 1492 2035 scr-

412 2079 558 2106 mouem
577 2073 692 2110 tuum;
709 2065 769 2113 qui
789 2065 823 2101 in
845 2073 1006 2102 eremum
1025 2061 1219 2099 secedcbat
1239 2072 1246 2096 :
1264 2060 1334 2098 erit
1351 2065 1388 2098 et
1401 2060 1490 2098 Ser-

412 2138 518 2165 vator
538 2141 546 2164 :
567 2128 740 2174 scriptum
759 2125 855 2162 enim
873 2129 950 2166 est,
973 2123 1066 2170 quod
1096 2121 1221 2159 Videns
1240 2121 1354 2158 turbas
1373 2122 1490 2168 Jesus,

411 2189 564 2226 ascendit
594 2189 630 2224 in
655 2194 826 2230 montem;
853 2192 884 2222 et
909 2197 986 2222 cum
1017 2185 1182 2229 sedisset,
1209 2192 1422 2222 accesserunt
1447 2186 1493 2221 ad

413 2263 489 2288 eum
509 2250 668 2297 discipuli
683 2250 757 2296 ejus
779 2248 922 2298 (Matth.
944 2249 980 2286 5.
998 2247 1050 2297 i),
1071 2258 1142 2284 non
1158 2253 1276 2285 atttem
1297 2248 1426 2286 turbaz.
1449 2249 1493 2286 Et

414 2323 540 2352 rursus
559 2325 568 2350 :
595 2312 720 2348 l’idens
734 2312 862 2357 turbas,
883 2312 1016 2348 secessit
1038 2322 1190 2348 seorsum
1217 2311 1334 2361 (Ibid.
1353 2312 1389 2350 8.
1409 2313 1490 2362 l8).

415 2377 530 2419 Quem
545 2383 610 2421 pro
628 2375 762 2410 viribus
775 2373 918 2410 imitans
928 2374 1084 2421 optimus
1097 2373 1268 2418 Joannes,
1283 2381 1320 2412 ct
1333 2375 1409 2422 ipse
1423 2381 1492 2412 tur-

416 2436 472 2473 bis
483 2446 522 2472 se
531 2434 768 2479 subducebat,
781 2434 905 2482 eisque
919 2434 1074 2472 maxime
1083 2435 1345 2482 delectabatur,
1357 2438 1418 2485 qui
1432 2448 1493 2475 ve-

414 2497 546 2536 raciter
575 2497 709 2544 aliquid
739 2497 880 2535 discere
909 2497 1055 2534 vellent.
1087 2498 1188 2536 Duc.
1219 2499 1318 2538 Bene
1346 2500 1492 2548 quidem

415 2561 610 2608 Scriptum
629 2560 802 2606 exemplis
822 2561 1029 2606 persuades.
1047 2561 1138 2607 Quid
1157 2567 1275 2600 autem
1291 2563 1334 2600 ad
1353 2563 1422 2600 hoc
1439 2564 1493 2600 di-

415 2633 501 2667 res,
529 2623 624 2670 quod
657 2624 939 2661 contumeliosus
969 2623 1078 2662 fuisse
1105 2625 1258 2670 dicitur,
1282 2637 1349 2664 nec
1374 2627 1490 2664 solutn

417 2686 680 2722 multitudinem
709 2686 853 2733 fugisse,
873 2686 935 2724 sed
955 2687 1010 2724 vel
1033 2698 1141 2724 unum
1159 2695 1220 2724 aut
1237 2688 1351 2726 duos?
1371 2689 1490 2726 Erisc.

417 2747 514 2784 Bene
531 2747 675 2794 quidem
694 2748 823 2784 :ctiam
840 2757 933 2784 unus
951 2748 1086 2784 inutilis
1105 2754 1137 2784 et
1156 2755 1279 2796 agyrta
1297 2749 1397 2786 turba
1415 2756 1492 2794 est;

415 2808 530 2854 qualis
553 2814 631 2844 erat
660 2808 690 2844 is
715 2808 775 2856 qui
803 2808 894 2844 dixit
917 2807 1063 2845 Christo
1080 2820 1088 2845 :
1107 2809 1286 2857 Magister,
1307 2821 1428 2857 sequar
1447 2816 1492 2855 te,

417 2880 624 2916 quaeautque
640 2870 719 2906 ieris
743 2869 814 2918 (Ib.
838 2879 870 2904 υ.
887 2869 945 2908 19.
961 2877 994 2907 et
1011 2869 1059 2908 20
1121 2871 1246 2907 Nonne
1261 2870 1400 2916 fugiens
1420 2877 1494 2907 tur-

418 2929 482 2966 bas
494 2929 677 2974 Scrvator,
694 2931 810 2968 dixit:
830 2930 956 2978 Vulpes
975 2933 1090 2979 foveas
1116 2931 1258 2975 habent,
1281 2939 1316 2967 et
1336 2933 1494 2978 reliqua?

420 2991 578 3028 Probare
593 2999 713 3028 atttem
736 2991 822 3028 mihi
841 3002 911 3028 non
932 2998 1048 3039 potes,
1071 2991 1260 3034 Joannem,
1278 3003 1321 3029 ex
1341 3003 1412 3040 quo
1433 2993 1495 3030 ba-

418 3052 571 3100 ptizatus
591 3059 657 3096 est,
680 3059 741 3088 aut
763 3053 930 3099 jurasse,
952 3059 1014 3089 aut
1037 3063 1252 3100 quemquam
1281 3053 1467 3100 adjurasse
1482 3083 1492 3100 ,

419 3122 480 3150 aut
500 3114 740 3156 maledisissc,
761 3119 822 3150 aut
837 3113 1040 3157 ntentitttm,
1062 3120 1123 3150 aut
1144 3115 1377 3161 imprecatunt
1397 3127 1493 3162 esse,

423 3183 482 3212 aut
495 3177 641 3213 facetias
655 3176 890 3213 sustinuisse?
916 3175 1015 3212 Duc.
1038 3175 1112 3224 Ego
1129 3176 1273 3224 quidem
1293 3188 1410 3226 neque
1431 3178 1496 3216 ho-

423 3245 500 3274 rum
521 3238 711 3284 quidquam
729 3238 823 3281 dico,
851 3236 913 3274 sed
937 3237 1174 3274 contumelias
1200 3237 1340 3276 fecisse.
1374 3240 1437 3277 Er.
1465 3240 1496 3278 0

423 3298 571 3344 optimc.
590 3297 783 3344 quomodo,
802 3299 861 3345 qui
881 3298 967 3334 nihil
989 3298 1115 3336 horum
1131 3301 1298 3347 patravit,
1314 3309 1496 3342 contume-

423 3357 506 3396 liam
528 3359 690 3402 faciebat,
707 3359 835 3406 Iinguc
853 3369 928 3396 suae
947 3359 1094 3398 minime
1115 3363 1289 3408 parcens?
1318 3363 1380 3400 Est
1399 3365 1494 3402 enim

423 3420 458 3456 in
475 3429 514 3456 re
529 3429 648 3467 parva,
669 3419 760 3456 utin
779 3431 904 3468 magna
923 3450 933 3467 ,
961 3432 1026 3469 par
1051 3431 1252 3470 peccatum.
1275 3427 1375 3464 Diae.
1403 3427 1496 3474 Quid

423 3493 509 3530 ergo
523 3488 592 3526 est,
613 3492 747 3529 quaeso,
764 3483 857 3530 quod
880 3484 1074 3532 loquuntur
1092 3485 1279 3524 homines?
1298 3496 1335 3526 et
1351 3489 1496 3536 quando

425 3543 522 3592 loqui
542 3543 729 3581 desinent?
749 3544 811 3580 Er.
835 3545 888 3582 De
905 3545 1056 3594 singulis
1082 3547 1189 3595 igitur
1205 3549 1303 3592 audi,
1327 3555 1362 3586 et
1384 3559 1495 3597 nugas

421 3605 626 3652 bujusmodi
647 3605 719 3642 noli
734 3606 888 3653 amplius
904 3609 1005 3656 sequi
1028 3620 1038 3646 :
1058 3610 1193 3648 nullam
1211 3611 1306 3648 enim
1328 3621 1496 3658 umquam

421 3669 562 3706 veniam
591 3669 810 3718 impetrabis.
835 3671 1018 3716 Homines,
1046 3673 1106 3720 qui
1131 3682 1229 3712 recte
1259 3684 1330 3711 non
1358 3674 1494 3719 vivunt,

424 3738 518 3767 recta
533 3731 672 3778 opinari
691 3743 762 3768 non
779 3740 951 3780 possunt;
973 3744 1116 3783 semper
1131 3743 1266 3774 temere
1277 3736 1496 3781 ell‘ntieutes.

425 3797 461 3828 et
489 3793 524 3828 in
552 3792 587 3830 id
619 3794 840 3832 insumentes
869 3801 1024 3844 tempus,
1045 3804 1082 3834 et
1111 3799 1266 3835 maxime
1287 3809 1396 3841 nunc,
1415 3809 1496 3835 eum

427 3853 544 3890 nullus
559 3862 682 3892 contra
701 3856 894 3904 quidquam
911 3858 1050 3896 hiscere
1063 3859 1182 3896 audet.
1203 3858 1290 3895 Nam
1309 3866 1343 3896 et
1361 3858 1407 3896 de
1419 3859 1498 3896 Ser-

427 3921 562 3958 Valore,
584 3917 643 3963 qui
667 3918 759 3955 Deus
778 3927 868 3965 erat,
889 3927 923 3957 et
941 3931 1049 3968 supra
1068 3921 1250 3958 heminem
1278 3927 1315 3956 et
1342 3921 1497 3968 prophe-

1555 317 1626 349 tam
1654 312 1819 361 quemvis
1844 310 1989 349 vivebat
2015 315 2125 359 atque
2152 310 2361 359 loquebatur
2388 322 2428 350 ac
2450 311 2596 362 faciebat,

1553 374 1709 411 absurda
1735 373 1978 421 loquebantur
1995 401 2006 419 ,
2033 383 2224 421 porcorum
2243 373 2354 410 instar
2369 380 2404 411 et
2420 384 2598 416 muscarum

1554 435 1632 473 huic
1661 437 1707 473 de
1735 445 1780 473 eo
1806 442 2063 473 coacervantes
2085 434 2196 472 :illud
2228 435 2322 472 enim
2340 445 2380 473 ea
2399 442 2542 483 tempora
2561 449 2601 477 re-

1553 501 1758 547 quirebant.
1775 499 1845 536 Alii
1866 499 1962 536 enim
1981 498 2166 544 dicebant,
2183 497 2316 546 Decipit
2328 499 2483 535 mundum
2499 499 2599 549 (Joau.

1556 562 1590 597 7.
1621 562 1684 607 12)
1704 573 1712 598 :
1732 561 1794 598 alii
1819 571 1918 606 vero,
1937 560 1983 598 In
2007 560 2193 597 Beelzebub
2217 560 2368 608 principe
2387 561 2602 599 dmmoniorum

1555 625 1646 672 ejicit
1665 625 1835 661 dmmonia
1850 624 1953 673 (Luc.
1976 625 2036 662 ii.
2051 624 2110 662 i5:
2134 635 2143 659 :
2165 623 2242 668 alii,
2257 623 2347 660 Ecce
2363 624 2459 660 homo
2477 637 2568 662 coras:
2579 633 2602 662 et

1557 687 1625 723 vini
1645 693 1782 734 potator
1797 687 1810 734 (
1822 686 1948 723 Matth.
1976 687 2036 724 il.
2057 684 2124 735 19)
2141 699 2150 724 :
2171 687 2252 731 alii,
2273 686 2502 724 Samaritanus
2517 694 2556 725 est
2579 696 2602 725 ct

1557 748 1764 784 dtcmonium
1794 748 1893 785 habet
1920 748 2050 798 (Joan.
2067 749 2103 786 8.
2123 749 2210 796 48).
2239 748 2284 785 Ει
2309 749 2390 796 quid
2421 759 2472 786 me
2498 751 2602 787 attinet

1559 811 1702 848 illorum
1721 811 1875 859 ineptias
1895 811 2066 859 colligere
2083 821 2126 848 ac
2151 812 2362 848 recensere?
2381 811 2476 848 Adeo
2495 818 2527 848 ut
2542 813 2601 860 ipse

1559 873 1744 919 Servator,
1765 875 1832 911 ista
1848 875 1981 919 Sciens,
2001 874 2097 911 dicat
2114 874 2288 922 apostolis
2303 887 2312 911 :
2330 875 2432 920 Quem
2449 886 2495 912 me
2509 877 2602 911 dicunt

1561 935 1714 972 homines
1733 947 1806 972 esse
1821 935 1950 972 Filium
1967 936 2112 974 hominis
2131 938 2142 983 (
2160 935 2287 975 Matth.
2307 937 2365 974 ‘16.
2390 937 2444 974 i3.
2467 943 2496 974 et
2526 938 2602 986 ii)?

1559 999 1626 1036 Cui
1655 1000 1876 1048 respondent
1901 1000 2083 1048 discipuli,
2114 1001 2282 1038 meliores
2309 1001 2353 1039 de
2377 1011 2420 1039 eo
2445 1001 2602 1048 opiniones

1560 1061 1760 1100 referentes
1780 1075 1788 1100 :
1810 1063 1881 1100 Alii
1908 1064 2046 1112 quidem
2077 1064 2210 1109 Etiam,
2241 1065 2302 1101 alii
2325 1076 2400 1102 vero
2422 1065 2602 1110 Jcrentiam,

1561 1126 1622 1162 alii
1661 1125 1833 1162 Joannem
1867 1125 2062 1174 Baptista»:
2099 1126 2217 1164 dicunt
2249 1138 2262 1164 :
2294 1127 2604 1174 improbissimorum

1561 1189 1697 1227 scilicet
1726 1199 1915 1227 sermones
1945 1190 2228 1239 supprimentes.
2255 1191 2352 1238 Quos
2378 1201 2492 1228 rursus
2511 1191 2604 1228 inter-

1562 1257 1691 1298 rogat,
1718 1262 1782 1289 eos
1810 1252 1856 1289 ab
1885 1252 2093 1290 hominibus
2120 1263 2315 1301 segregans
2339 1253 2430 1303 (non
2449 1254 2606 1290 enimam-

1562 1314 1657 1362 plius
1672 1320 1776 1351 erant
1793 1320 1914 1352 tuente
1930 1320 1966 1352 et
1977 1315 2195 1362 cogitatione
2211 1315 2384 1360 homines,
2397 1315 2454 1352 sed
2469 1315 2522 1351 lilii
2535 1313 2603 1350 Dei:

1565 1377 1667 1413 Dedit
1697 1377 1794 1414 enim
1824 1377 1930 1414 nobis
1950 1377 2109 1416 Verbum
2134 1384 2331 1426 potestatem
2353 1379 2438 1425 ﬁlios
2467 1377 2523 1414 Dei
2547 1377 2605 1423 ﬁeri

1564 1438 1696 1488 [Joan.
1715 1441 1750 1478 i.
1772 1439 1859 1489 12])
1878 1451 1886 1476 :
1909 1439 1978 1478 Vos
1995 1447 2110 1478 autem
2132 1452 2232 1488 quem
2251 1452 2304 1478 me
2325 1453 2393 1478 esse
2405 1439 2526 1476 dicitis?
2549 1439 2605 1476 lic-

1563 1503 1744 1550 spondent
1755 1513 1828 1540 non
1839 1514 1980 1548 omnes,
1991 1505 2055 1541 sed
2064 1503 2165 1542 solus
2177 1503 2238 1541 Pet
2246 1515 2318 1547 rus,
2333 1509 2462 1540 utentes
2472 1502 2605 1539 omnium

1565 1567 1806 1614 interpretans
1824 1580 1833 1605 :
1854 1567 1905 1604 Tu
1915 1579 1950 1604 es
1965 1567 2135 1611 Christus,
2150 1567 2263 1604 Filius
2279 1566 2343 1604 Dei
2366 1567 2440 1604 vivi.
2453 1566 2549 1612 Cujus
2560 1574 2606 1600 rc-

1564 1631 1687 1677 sponsi
1714 1631 1968 1668 rectitudinem
1989 1630 2146 1678 probans
2165 1629 2349 1674 Servator,
2371 1624 2584 1676 prenuntiavit
2598 1653 2606 1669 ,

1563 1691 1690 1730 dicens
1707 1704 1714 1728 :
1739 1691 1792 1729 Tu
1811 1703 1846 1730 es
1873 1691 2021 1736 Petrus,
2041 1699 2072 1730 et
2089 1704 2191 1741 super
2211 1692 2298 1728 hanc
2315 1698 2459 1740 petram,
2478 1688 2538 1725 hoc
2551 1693 2606 1728 est.

1565 1754 1832 1792 confessionem
1844 1753 1950 1798 hanc,
1964 1755 2144 1802 atdi/icabo
2159 1753 2347 1792 Ecclesium
2358 1762 2472 1794 meam,
2485 1756 2512 1786 et
2522 1755 2608 1796 parte

1563 1815 1694 1862 inferni
1726 1827 1796 1852 non
1819 1816 2051 1863 prwvalebunt
2070 1817 2230 1854 adversus
2249 1828 2322 1854 eam
2342 1813 2474 1862 (Matth.
2492 1813 2542 1850 iii.
2561 1810 2607 1848 15.

1565 1876 1626 1914 16.
1651 1883 1683 1914 et
1710 1877 1794 1926 18).
1824 1877 1878 1915 Ad
1910 1878 2004 1916 hanc
2041 1879 2150 1926 igitur
2177 1879 2335 1927 regulam
2365 1877 2544 1914 etiamnum
2569 1874 2609 1908 in-

1563 1940 1703 1984 venies,
1725 1949 1796 1976 non
1815 1940 1849 1976 in
1869 1940 2008 1978 Joanne
2025 1942 2155 1986 solum,
2179 1941 2240 1978 sed
2259 1941 2293 1977 in
2313 1939 2471 1977 omnibus
2487 1942 2518 1973 ct
2535 1935 2610 1970 vitu-

1565 2003 1666 2050 peria
1685 2008 1722 2040 et
1743 2002 1882 2040 laudes.
1911 2003 1958 2040 Et
1973 2003 2066 2040 sicut
2085 2013 2150 2050 per
2166 2003 2200 2040 id
2222 2001 2390 2048 temporis
2407 1998 2492 2036 male
2507 1997 2610 2043 loquE°

1565 2064 1696 2102 bantur
1714 2065 1760 2102 de
1774 2065 1920 2102 Christo
1935 2072 2043 2114 atque
2063 2065 2235 2113 apostolis
2257 2061 2400 2112 Ephesii
2418 2061 2609 2098 clamantes:

1569 2125 1620 2163 lii
1633 2133 1726 2172 sunt,
1748 2127 1808 2174 qui
1827 2127 2062 2164 subuerterant
2085 2127 2199 2164 orbem
2219 2133 2382 2163 terrarum
2397 2123 2482 2172 (Act.
2503 2121 2554 2157 Π.
2568 2117 2610 2163 6),

1565 2199 1661 2226 nunc
1678 2195 1799 2228 autem
1829 2195 2025 2228 cessarunt
2044 2190 2138 2228 male
2167 2189 2282 2237 loqui,
2309 2184 2504 2236 glorificatis
2520 2177 2610 2229 ipsis:

1566 2251 1620 2288 sic
1646 2252 1809 2300 reperies
1839 2258 1922 2300 post
1951 2252 2044 2290 hanc
2075 2252 2368 2300 generationem,
2400 2249 2558 2286 Joannem
2585 2247 2612 2278 ut

1567 2321 1765 2364 martyrem
1787 2315 2003 2352 honoratum
2035 2315 2102 2361 iri,
2131 2314 2282 2352 mortuis
2300 2313 2365 2357 iis,
2393 2311 2450 2359 qui
2467 2310 2536 2356 ejus
2553 2307 2609 2343 ιλιιι

1566 2375 1671 2414 dibus
1700 2376 1879 2414 adversati
1899 2383 2008 2414 sunt:
2029 2383 2066 2414 ct
2084 2377 2300 2424 quicumque
2317 2374 2410 2412 suilli
2437 2377 2494 2409 aut
2517 2364 2612 2406 canini

1565 2444 1664 2483 sunt,
1683 2439 1825 2485 dicent,
1846 2439 1981 2488 Decipit
2002 2439 2184 2484 mundum,
2204 2444 2240 2476 et
2255 2443 2382 2476 cretera
2399 2447 2407 2472 :
2427 2433 2614 2482 quicumq"e

1565 2507 1686 2538 autem
1703 2501 1897 2548 discipuli,
1922 2511 2009 2538 vere
2033 2506 2070 2537 et
2087 2501 2244 2538 scienter
2269 2499 2382 2546 ipsum
2404 2493 2611 2544 perquirunt.

1565 2561 1744 2608 dicentes,
1763 2547 1818 2600 Tu
1831 2574 1866 2599 es
1880 2561 2050 2606 Christus,
2067 2561 2180 2598 Filius
2199 2561 2263 2598 Dei
2283 2560 2360 2596 vivi.
2381 2557 2418 2595 Si
2437 2561 2544 2592 autem
2561 2547 2613 2587 sub

1565 2624 1759 2661 Servatore
1781 2623 1926 2660 Christo
1951 2623 2046 2660 inter
2075 2629 2126 2660 tot
2149 2623 2261 2659 millia
2285 2619 2477 2661 hominum,
2501 2611 2613 2652 duode-

1565 2686 1636 2722 cim
1659 2685 1760 2722 initio
1779 2685 1914 2721 inventi
1943 2690 2050 2729 sunt,
2076 2685 2136 2732 qui
2157 2683 2337 2721 Christum
2361 2681 2508 2718 scienter
2524 2681 2613 2732 agnOf

1566 2747 1684 2783 veriut
1697 2775 1706 2791 ,
1726 2756 1807 2783 cum
1828 2745 1988 2793 plerique
2005 2731 2132 2784 omnes
2150 2747 2344 2783 etiamnum
2362 2731 2613 2800 delirent:_(t"ld

1565 2808 1611 2845 de
1627 2808 1767 2846 Joanne
1793 2809 1900 2846 anxie
1927 2808 2182 2857 disquirimus,
2203 2807 2367 2848 homine.
2387 2803 2446 2852 qui
2472 2799 2512 2837 ad
2527 2796 2614 2834 Chri-

1567 2871 1612 2908 sti
1632 2871 1781 2908 salivam
1808 2882 1882 2910 non
1907 2872 2074 2909 accessit.
2101 2871 2192 2918 Quid
2222 2877 2342 2908 autem
2366 2868 2462 2911 dico,
2484 2863 2523 2900 ad
2545 2858 2614 2896 sali-

1567 2933 1674 2969 vam?
1694 2943 1740 2978 ne
1759 2933 1804 2970 ad
1825 2933 2002 2970 fimbriam
2021 2933 2182 2981 quidem,
2213 2932 2347 2970 Omnes
2379 2928 2471 2967 enim
2497 2928 2614 2973 gemes.

1569 3001 1605 3030 ut
1623 2995 1673 3030 ait
1692 2995 1815 3039 lsaias,
1831 2994 2024 3043 Tamquam
2051 2994 2144 3031 stilla
2169 2994 2293 3040 situlcc,
2313 2999 2346 3030 et
2364 2999 2400 3028 ut
2419 2989 2518 3026 saliva
2533 2989 2615 3029 η’]ηι-

1569 3057 1729 3094 tabuntur
1749 3057 1852 3105 (hui.
1876 3057 1938 3094 40.
1958 3056 2034 3106 15).
2055 3057 2134 3103 Quo
2157 3062 2276 3092 autem
2297 3053 2404 3090 modo
2421 3048 2530 3087 dixisti
2545 3053 2615 3106 070'"

1569 3119 1753 3156 tumeliam
1771 3129 1855 3159 eum
1885 3118 2030 3163 fecisse,
2052 3117 2228 3164 ejusmodi
2246 3121 2302 3153 est
2327 3127 2335 3151 :
2358 3113 2470 3162 primo
2493 3105 2615 3156 quidem

1569 3193 1766 3230 numquam
1779 3186 2021 3220 consueverat
2033 3179 2149 3217 cuivis
2166 3179 2271 3216 obvio
2287 3177 2420 3214 facetus
2435 3179 2468 3210 et
2483 3170 2616 3208 urbanus

1569 3253 1663 3288 esse,
1679 3243 1794 3280 multo
1811 3243 1930 3285 minus
1944 3241 2200 3278 contumeliam
2217 3240 2333 3277 facere
2355 3249 2362 3273 :
2380 3238 2407 3274 si
2428 3243 2507 3272 vero
2523 3236 2616 3293 ιιιεοξ·

1569 3307 1650 3344 dam
1669 3317 1689 3342 c
1703 3306 1884 3354 germanis
1907 3304 2094 3351 discipulis
2112 3303 2201 3347 suis,
2218 3308 2278 3339 aut
2305 3298 2461 3342 clericis,
2481 3301 2534 3332 aut
2555 3300 2614 3335 εἰη·

1569 3353 1878 3415 εοοῃίεξνὶᾱὶεεει,
1893 3371 2042 3414 propter
2062 3364 2212 3412 alicujus
2231 3363 2282 3400 rei
2295 3357 2547 3399 abstinentiam.
2567 3353 2617 3384 τιυὶ

1571 3437 1717 3477 propter
1729 3435 1867 3466 rectum
1879 3437 2064 3474 corporea:
2083 3427 2234 3473 alicujus
2252 3424 2392 3462 virtutis
2413 3429 2496 3469 opus
2507 3422 2615 3477 sul’fr'

1571 3471 1667 3534 bire;
1690 3490 1787 3536 ipsos
1812 3471 2020 3535 objurgans,
2040 3471 2232 3524 contrariis
2261 3483 2462 3522 nominibus
2483 3471 2618 3538 ερβθηίξ·

1571 3552 1630 3588 bat
1649 3563 1658 3588 :
1678 3549 1787 3587 veluti
1818 3560 1920 3597 aqua:
1948 3555 2110 3596 potorem
2139 3549 2336 3588 ebriosum.
2355 3552 2390 3583 et
2410 3541 2491 3581 nihil
2523 3539 2617 3584 posst-

1569 3613 1714 3652 dentem
1737 3611 1892 3648 habendi
1913 3610 1990 3658 plus
2003 3610 2232 3658 cupidum,et
2247 3599 2620 3646 misericordcmfurem

1572 3678 1777 3714 nominans.
1799 3676 1884 3712 [hec
1895 3675 1990 3714 enim
2008 3675 2164 3722 gratiosa
2182 3680 2239 3712 est
2265 3673 2493 3711 institutionis
2522 3665 2621 3700 forma

1571 3751 1654 3788 erga
1671 3749 1776 3777 veros
1791 3739 2000 3786 discipulos,
2021 3748 2086 3786 per
2099 3748 2140 3776 ea
2161 3748 2240 3786 qua:
2256 3748 2326 3774 non
2347 3737 2478 3774 insunt,
2495 3738 2534 3765 ea
2554 3731 2622 3772 qm"

1573 3801 1694 3838 insunt
1707 3801 1920 3848 approbare.
1937 3798 2115 3838 Creterum
2148 3799 2216 3836 hoc
2243 3803 2379 3835 certum
2411 3799 2476 3837 est,
2502 3795 2623 3831 lcmP'“

1574 3871 1713 3901 rantem
1731 3862 1998 3900 adolescentem
2020 3861 2132 3908 pluris
2150 3859 2362 3902 :cst’imabat,
2384 3863 2487 3902 quam
2506 3852 2621 3886 intem-

1573 3933 1758 3974 perantem
1774 3935 1912 3971 senem,
1929 3931 2100 3962 ctsencm
2133 3921 2290 3960 discendi
2318 3918 2496 3967 cupidum,
2528 3916 2621 3959 qua!!!
