2694 4342
132 219 175 257 £9
802 224 862 262 DE
890 223 994 262 “TA
1018 225 1060 264 S.
1087 225 1278 267 JOANNIS
1304 229 1638 273 CHRYSOSTUMI.
2283 249 2330 287 τὺ

135 297 382 334 adolescentem
403 297 595 347 indoctum,
605 305 641 337 et
655 300 800 338 idiotatn
819 303 906 341 nihil
919 303 1175 351 possidentem,

134 369 232 406 quam
248 359 384 398 doctum
401 362 558 409 pecuare
575 363 730 405 avidum.
749 371 858 412 atque
878 367 1083 405 srecularem
1104 368 1177 404 vir-

134 427 206 458 tute
225 423 412 470 przeditum,
431 436 537 474 quam
551 426 762 464 monachum
781 429 931 467 inertem
949 441 991 468 ac
1003 432 1172 470 otiosum.

129 485 213 530 Qua:
229 484 316 522 forte
323 489 549 526 contumelias
556 496 684 526 vocant
693 491 754 538 qui
766 491 922 530 liouores
929 499 1110 531 sectantur
1120 507 1129 532 :
1141 503 1178 532 et

131 546 358 589 quidem,cum
368 548 546 596 Scriptura
555 552 784 589 contumelias
792 554 1014 600 aliquatenus
1025 555 1138 594 babea
1145 563 1170 600 ι,

129 607 253 644 Joanne
269 610 406 656 quidem
427 611 566 649 dicente
594 614 658 658 iis,
679 615 735 661 qui
756 615 800 651 ad
827 627 866 652 se
884 617 1112 663 accedebant,
1135 625 1172 655 ut

130 670 340 708 docerentur.
367 672 540 710 chintitm
569 676 779 723 viperarum,
808 679 882 725 quis
910 679 999 716 vobis
1026 681 1172 717 ostendit

129 735 234 779 [agere
252 745 272 768 a
300 741 432 770 uentura
460 736 510 772 ira
533 736 628 784 (Luc.
651 739 686 775 5.
707 740 766 785 7)?
785 747 821 776 et
849 741 956 777 Paulo
985 752 1108 779 rursus
1136 743 1170 780 itt

129 795 216 830 Actis
231 795 472 842 Apostolorum
488 799 626 838 dicente
641 802 794 848 pontifici
810 816 818 840 :
839 803 1004 841 Percutiet
1019 813 1049 841 te
1063 805 1170 850 Deus,

126 857 228 901 paries
250 858 400 895 dealbate
416 860 502 906 (Act.
528 861 586 899 E5.
604 865 642 911 5)
659 877 667 900 :
689 871 724 900 et
744 866 883 904 dicente
903 867 1030 904 alicubi
1049 869 1172 906 Serva-

126 922 194 952 tore
212 917 364 955 ludatis:
386 920 561 958 Generatio
579 935 680 969 prava
703 931 732 961 et
758 925 911 963 adultera
926 929 1059 975 signum
1081 941 1171 976 qua:-

123 977 160 1011 rit
179 976 316 1025 (Matth.
336 981 390 1016 1‘2.
409 982 466 1028 59)
487 994 495 1018 :
515 991 550 1019 et
567 985 648 1021 alibi
665 988 799 1023 cunctis
813 989 981 1034 apostolis
998 1003 1006 1026 ;
1031 991 1060 1026 0
1075 992 1170 1028 stulti

123 1044 148 1072 et
165 1039 253 1075 tardi
271 1041 369 1078 corde
387 1042 486 1088 (Luc.
507 1043 566 1081 24.
587 1045 647 1095 95)
665 1059 673 1082 :
691 1055 726 1084 et
744 1049 825 1085 alibi
847 1049 1166 1091 PetrutnSatanaut

123 1101 319 1139 nontinanle
334 1115 342 1138 :
369 1103 460 1142 Vade
475 1114 550 1152 post
571 1107 783 1154 me,Satana,
799 1113 955 1154 quoniam
969 1115 1166 1152 scandalum

122 1162 198 1197 mihi
209 1175 244 1200 es
260 1163 388 1212 (Matth
418 1167 474 1204 16.
493 1167 553 1216 9.5)
573 1181 582 1204 :
599 1179 678 1206 cum
695 1172 788 1208 nulla
805 1175 922 1218 gravis
935 1185 1038 1212 causa
1055 1183 1164 1222 esset,

121 1223 162 1259 ob
179 1234 281 1271 quam
303 1226 357 1264 ha.-
375 1231 597 1268 contumclite
620 1231 760 1272 fierent.
779 1234 896 1282 Itaque
914 1247 995 1273 cum
1025 1238 1166 1276 silentio

121 1286 271 1324 discendi
289 1289 502 1328 desiderium
521 1293 790 1340 amplectamur,
809 1299 868 1344 qui
886 1309 955 1335 non
975 1310 1166 1346 possumus

121 1348 285 1393 spiritales
303 1351 506 1398 dijudicare.
524 1353 646 1403 Neque
669 1360 763 1394 enim
788 1359 870 1397 odio
887 1361 1058 1400 habetttes
1079 1375 1166 1401 con-

119 1410 270 1448 tumelias
298 1411 449 1458 faciunt,
479 1426 592 1463 neque
620 1417 728 1455 inﬂati
758 1421 986 1460 solitudinem
1014 1431 1162 1462 sectan-

119 1475 181 1515 tur,
201 1473 313 1508 omnia
345 1475 442 1512 utilia
469 1487 511 1513 ex
537 1478 685 1516 caritate
710 1480 892 1519 facientes.
921 1483 1033 1531 Hujus
1058 1487 1164 1534 igitur

117 1531 162 1567 tei
189 1535 298 1580 gratia
325 1537 431 1573 etiam
460 1538 506 1582 ii,
546 1541 604 1586 qui
635 1541 669 1576 in
699 1543 810 1580 sacris
835 1543 1030 1592 Scripturis
1062 1549 1164 1594 probi

108 1599 148 1628 .et
170 1595 318 1632 studiosi
345 1597 445 1634 nobis
479 1599 578 1636 relati
611 1608 716 1646 sont,
745 1603 968 1643 indoctorum
1002 1618 1166 1656 congres-

116 1663 186 1690 Sllm
203 1655 334 1703 fugisse
353 1665 389 1695 et
405 1659 601 1698 declinasse
627 1663 863 1711 inveniuntur,
885 1679 928 1706 ne
949 1669 1050 1716 lapsu
1077 1678 1166 1709 tem-

115 1715 202 1761 poris
229 1717 274 1754 ob
297 1729 375 1755 eam
394 1723 684 1763 consuetudinem
705 1733 764 1762 aut
783 1727 915 1776 aliquid
935 1715 1074 1770 virtutis
1097 1733 1162 1771 de-

108 1778 308 1826 ,perderent,
337 1788 396 1819 aut
427 1785 606 1832 quidpiam
637 1798 760 1826 eorum
786 1791 1024 1838 improbitatis
1054 1796 1090 1833 itt
1121 1807 1160 1836 se

115 1843 329 1882 attralterenz.
348 1845 452 1883 Sarra
474 1850 572 1895 pritr
601 1858 766 1897 precatur
783 1855 896 1893 virum
927 1868 1029 1896 suum
1049 1861 1158 1900 Abra-

115 1901 264 1949 ltamum,
301 1913 338 1944 ut
377 1909 486 1946 filiuni
525 1913 662 1950 ancilla:
697 1915 814 1954 adhuc
848 1919 1154 1964 adoieseentulum

112 1967 275 2003 communi
294 1968 366 2006 lare
384 1979 523 2009 arceret
542 1985 550 2009 :
575 1975 756 2024 indignum
779 1981 874 2019 enim
897 1983 1066 2032 putabat,
1093 1989 1156 2036 qui

115 2034 184 2062 cum
203 2026 273 2066 tilio
294 2041 359 2068 suo
384 2031 504 2072 lsaaco
521 2036 682 2084 luderet,
713 2052 757 2078 ne
784 2041 876 2081 forte
897 2026 1036 2086 mutuis
1054 2026 1156 2088 oble-

106 2091 282 2126 ctamentis
300 2092 334 2129 in
350 2093 429 2140 ejus
447 2107 566 2136 mores
585 2109 626 2136 ac
645 2102 758 2138 studia
777 2107 1029 2146 attraheretur.
1045 2111 1156 2150 Jacob

115 2156 189 2184 vero
203 2157 236 2186 et
257 2151 330 2198 ipse
349 2155 429 2204 fuga
445 2159 597 2197 salutem
627 2164 770 2208 qumrit,
799 2166 834 2202 in
864 2167 1156 2216 Mesopotamiam

115 2211 412 2256 peregrinationem
429 2221 644 2268 suscipiens.
666 2223 710 2260 Et
727 2224 795 2262 Lot
813 2227 858 2263 ab
875 2211 1011 2276 angelis
1029 2233 1158 2271 suade-

113 2275 162 2306 tur
178 2272 366 2323 demigrare
383 2280 428 2317 ab
446 2281 565 2328 impiis
593 2284 800 2324 Sodomitis.
833 2287 903 2326 Sed
923 2272 972 2329 ‘et
1000 2293 1155 2344 Moyses,

113 2339 143 2398 ut
157 2337 244 2398 prius
259 2339 349 2386 dixi,
369 2353 519 2391 magnus
531 2347 590 2393 qui
613 2347 692 2392 fuit,
723 2357 759 2387 et
778 2351 872 2390 [ilius
896 2353 978 2393 filiae
999 2337 1157 2398 enim;

110 2393 158 2431 nis
169 2396 231 2434 dici
251 2404 438 2450 recusavit,
454 2415 632 2452 monetur,
647 2417 686 2447 ut
701 2413 846 2450 secedat
862 2425 882 2452 a
897 2421 1049 2464 tyranno
1061 2422 1157 2468 ejus-

109 2463 168 2500 que
185 2461 375 2508 satellibus,
396 2473 432 2504 et
451 2469 641 2516 excitatur,
662 2479 700 2510 ut
717 2475 784 2512 sibi
805 2461 1156 2522 cortsebtientes'se-

108 2525 175 2583 eum
192 2521 352 2572 abducat,
371 2537 406 2566 et
423 2529 469 2567 tle
486 2532 582 2570 exitu
601 2536 746 2583 cogitet.
759 2537 835 2576 imo
849 2541 956 2580 etiam
971 2546 1156 2593 propheta:

646 2577 664 2583 ν
889 2577 895 2578 ⁷
914 2577 956 2580 ""
971 2577 1004 2591 r'
1016 2577 1156 2593 'l'""'""

107 2577 334 2626 improborum
352 2591 607 2632 multitudinem
626 2599 816 2645 evitantes,
840 2601 874 2639 in
893 2603 1046 2644 desertis
1063 2608 1156 2648 locis

105 2644 226 2706 sepius
239 2645 412 2695 vixerunt,
429 2652 472 2689 de
483 2655 613 2700 quibus
623 2660 814 2706 Apostolus
830 2665 881 2700 ait
897 2675 906 2700 :
923 2665 944 2702 1
947 2678 969 2703 ιι
991 2669 1153 2706 solitudi-

105 2701 191 2739 nibus
203 2713 365 2753 errantes,
387 2710 420 2746 in
436 2715 600 2752 montibus
617 2725 646 2754 et
659 2722 840 2770 speluncis,
859 2732 960 2774 atque
975 2729 1011 2765 in
1037 2741 1153 2768 caver-

105 2762 150 2799 nis
163 2771 256 2803 terra:
271 2767 373 2816 (Heb.
391 2771 449 2816 Η,
468 2773 543 2822 58),
559 2777 605 2812 ob
619 2762 806 2827 impiorum
825 2762 962 2826 scilicet
975 2793 1151 2831 commix-

107 2824 223 2864 tionem
243 2841 252 2865 :
269 2831 426 2880 alioquin
444 2836 725 2888 seientes,quam
745 2844 848 2884 facile
868 2853 979 2896 possit
992 2863 1149 2894 consue-

107 2886 179 2923 tudo
197 2889 328 2938 fallere,
347 2899 383 2931 et
401 2896 506 2934 simul
525 2909 777 2944 conversantes
799 2908 834 2946 in
853 2886 978 2950 eadem
1006 2925 1148 2964 pertra-

109 2946 179 2964 ι...--
216 2953 242 2964 l'
352 2958 358 2964 ‘
374 2958 384 2964 '
476 2961 484 2964 ‘

108 2946 193 2987 here.
215 2953 333 3003 Neque
351 2958 385 2995 id
402 2961 532 3006 modo;
551 2975 676 3003 verum
702 2970 784 3016 quia
807 2972 881 3020 ipse
901 2985 966 3023 per
992 2946 1032 3016 sle
1063 2991 1148 3020 con-

107 3018 232 3051 gressus
242 3017 483 3066 vituperabilis
497 3032 552 3062 est.
577 3032 683 3074 atque
697 3017 879 3079 exitiosus,
893 3017 1065 3084 praeterea
1085 3055 1148 3086 au-

111 3077 170 3151 tem
194 3083 228 3114 et
253 3084 372 3130 turpis.
389 3085 465 3123 Non
486 3090 580 3126 enitn
595 3101 616 3128 a
633 3100 756 3132 natura
771 3097 890 3146 habet,
907 3101 941 3138 id
961 3105 1056 3151 quod
1074 3117 1146 3144 non

111 3145 126 3151 ..
149 3135 220 3151 l---.
232 3147 240 3151 -
351 3147 359 3151 -

109 3134 256 3185 oblectat,
275 3147 462 3194 sustinere,
485 3151 556 3189 imo
573 3163 619 3192 ne
638 3156 692 3193 vel
725 3160 904 3200 modicum
941 3134 990 3202 iiii
1023 3167 1147 3206 immo-

110 3198 166 3272 rari
187 3211 194 3236 :
215 3213 291 3272 nam
311 3208 424 3248 simile
438 3213 546 3251 simili
563 3226 705 3266 semper
720 3231 842 3260 carum
861 3232 979 3272 est,ut
999 3228 1142 3268 dicitur:

113 3255 201 3330 (tum?
212 3267 332 3305 animal
339 3271 444 3309 simile
451 3274 560 3324 diligit
569 3255 717 3325 (Εεὲιὲξι
725 3255 842 3332 Ξίξῇξ
851 3255 1142 3330 digitum

113 3319 119 3322 _
513 3319 526 3324 _
573 3319 580 3325 _
854 3319 1142 3330 _-..-.................

113 3319 267 3362 utitnicum
284 3337 462 3382 esl,atque
474 3338 642 3378 alienum.
659 3343 745 3388 Quis
753 3348 850 3384 enim
863 3360 1030 3398 umquam
1048 3354 1145 3392 indu-

110 3387 444 3461 columbam,qu:c
455 3407 561 3446 grana
577 3387 742 3452 \egit,aut
754 3387 1045 3461 turturem:pasci
1059 3428 1141 3456 cum

457 3443 472 3446 _
609 3443 629 3452 υ
664 3443 672 3450 ,
815 3443 862 3447 -_.
873 3443 1045 3461 -...,,.......
1060 3443 1141 3456 νυ...

109 3443 207 3484 milvis
218 3457 275 3488 ant
285 3456 400 3492 corvis
407 3462 613 3509 carnivorts,
621 3473 683 3504 aut
693 3468 924 3510 herbivorum
935 3486 1098 3516 anserem
1107 3487 1144 3518 et

107 3512 210 3586 gruem
226 3523 302 3550 cunt
321 3517 510 3559 Volturibus
530 3527 662 3564 ossium
693 3532 882 3570 voracibus
901 3541 1111 3586 congregari
1127 3543 1143 3577 ?

133 3575 178 3586 ιιι-ι
195 3581 220 3586 Αμ
235 3573 253 3586 2.
361 3579 368 3586 ·
466 3584 473 3586 -

643 3563 661 3564 η
702 3563 881 3570 .--_-.-_-
902 3563 1111 3586 ωηοηδημ
1131 3563 1138 3577 z

109 3563 178 3640 91m
193 3573 279 3611 enim
297 3579 444 3619 societas
465 3584 532 3624 luci
546 3589 589 3626 ad
607 3591 790 3640 tenebras,
806 3602 868 3632 aut
884 3597 1004 3635 virtuti
1021 3601 1065 3637 ad
1086 3603 1139 3639 vi-

111 3630 381 3710 i‘lﬂzﬁit’ff’t?“
397 3644 441 3710 =9
459 3646 664 3694 ίιιιρτοιιοεε
685 3630 790 3693 οιλοῖ
811 3630 1004 3703 ίσίιὶοέὲὶὀᾶἓ»
1033 3630 1140 3710 ut.

266 3683 274 3684 ί
498 3683 542 3694 τ-
560 3683 638 3688 -..ν-
652 3683 660 3690 .
685 3683 786 3693 ...ε-ν.
816 3683 1004 3703 unum“..qu
1034 3683 1138 3702 t'Itur

110 3683 385 3764 .Aposwlusdicit:
409 3705 532 3746 Factus
561 3723 635 3748 sum
661 3717 816 3754 omnibus
845 3721 985 3764 omnia;
1005 3685 1138 3761 labantis

973 3751 982 3764 ,
1005 3751 1020 3758 -
1032 3751 1137 3761 ..........

111 3751 254 3831 :autaunm
275 3760 412 3804 Indicus
427 3797 436 3813 ,
457 3777 490 3807 nt
515 3771 659 3812 δυόωσι
697 3777 958 3826 lucrifacerem;
991 3785 1142 3831 inﬁrmis

119 3818 240 3831 ιῑιὶιι-..-η
275 3821 282 3828 ¹
313 3824 328 3831 Δ

428 3812 431 3813 ν
700 3812 719 3813 ,,
736 3812 759 3814 _.
774 3812 930 3826 ,,..--.-...
946 3813 955 3826 ,

111 3812 252 3892 itimqttam
270 3821 430 3874 inﬁrmus,
446 3839 480 3867 ut
494 3834 726 3883 lucrifacerem
741 3841 917 3888 infirmos;
936 3845 979 3880 iis
989 3847 1047 3892 qui
1064 3848 1136 3884 sine

423 3872 428 3874 γ
581 3872 589 3883 ,
741 3872 914 3888 ..-,.....-..,
936 3872 1045 3892 .....,...
1064 3872 1135 3884 ...ω

111 3872 166 3918 “9‘
187 3888 284 3926 σηυιι,
304 3891 464 3936 tamquam
484 3895 512 3930 si
530 3897 602 3933 sine
619 3899 693 3946 lege
710 3911 828 3946 essent,
846 3909 880 3939 ut
898 3905 1135 3952 lucrifacere":

1253 319 1324 354 eos,
1344 310 1402 357 qui
1417 311 1492 347 sine
1509 313 1584 360 lege
1609 323 1706 352 erant
1722 318 1775 363 (l.
1803 318 1884 356 Cor.
1905 320 1940 358 9.
1956 322 2015 360 ΞΟ.
2031 323 2122 367 21)?
2150 326 2211 364 Er.
2232 327 2327 364 Istud

1253 375 1512 415 testimonium,
1525 385 1547 410 0
1567 376 1726 414 virorum
1747 381 1896 429 optimc,
1914 384 2001 422 nihil
2019 385 2064 424 ad
2085 397 2127 424 ea
2142 399 2222 434 quae
2233 389 2328 427 dicta

1250 438 1357 477 sunt,
1377 434 1528 472 confert.
1557 437 1634 474 Non
1672 441 1767 476 enim
1797 442 1930 482 Paulus
1956 447 2069 492 dixit,
2087 449 2217 488 Factus
2247 462 2327 490 sum

1251 495 1514 542 negligentibus
1535 499 1740 547 negligens,
1757 510 1818 539 aut
1831 507 1985 551 garrulis
2001 511 2168 556 garrulus
2181 541 2192 558 ,
2211 515 2330 552 avaris

1249 565 1391 601 avarus,
1411 565 1472 594 aut
1503 561 1586 607 quid
1609 561 1840 610 hujusntodi;
1863 567 1950 612 sed,
1972 569 2106 609 Facms
2134 584 2214 612 sum
2231 583 2329 614 tant-

1248 629 1356 663 quam
1374 619 1441 657 hoc
1461 621 1516 658 vel
1551 623 1663 672 illud,
1691 636 1762 663 non
1791 627 1860 665 hoc
1876 629 2113 678 :illudenint,
2137 635 2328 684 Tamquam

1247 679 1328 724 hoc,
1347 691 1418 718 non
1439 683 1536 720 idem
1556 693 1612 722 est
1625 715 1634 732 ,
1651 698 1694 724 ac
1714 688 1796 726 hoc.
1819 691 1904 728 Tale
1931 701 2051 732 autem
2070 703 2146 743 est,
2165 700 2261 746 quod
2281 702 2327 739 ab

1247 744 1482 791 Apostolotit,
1495 755 1558 784 aut
1573 749 1704 787 dicitur
1720 763 1728 786 :
1747 753 1849 799 cujus
1869 755 2148 804 coudescensus,
2163 761 2232 797 etsi
2250 772 2323 799 non

1245 815 1411 853 magnum
1429 810 1710 850 emolumentum
1727 815 1761 851 itt
1779 826 1819 852 se
1837 816 2017 862 habebat,
2038 821 2174 858 nullum
2193 823 2321 862 saltem

1245 866 1419 906 inferebat
1435 871 1706 914 detrimentum.
1731 875 1860 914 Factus
1879 879 1969 916 enim
1988 891 2062 916 sum
2079 881 2214 920 Juda'is
2231 891 2322 923 tam-

1242 940 1342 976 quam
1371 932 1540 979 Judwus,
1575 935 1767 976 utJudwos
1791 941 2040 989 lucrifacerem.
2061 945 2204 984 Etenim
2236 958 2320 985 cum

1242 1002 1286 1030 ex
1304 993 1436 1033 Judmis
1463 1006 1580 1041 esset,
1607 1001 1842 1040 circumcisus
1875 1013 1978 1044 erat:
2001 1009 2182 1055 quomodo
2214 1010 2321 1058 igitur

1243 1055 1349 1101 dicit,
1371 1055 1561 1106 Tamquam
1583 1061 1750 1110 Judazus,
1772 1073 1808 1102 et
1835 1067 2101 1110 non,Judaeus?
2119 1071 2194 1110 Una
2221 1074 2318 1110 enim

1241 1119 1428 1158 sabbatum
1445 1124 1633 1162 celebrans
1653 1133 1689 1164 et
1713 1139 1781 1164 una
1803 1130 1972 1177 jejunans
1999 1135 2132 1182 saepius
2155 1136 2318 1175 invenie-

1239 1181 1357 1228 batur,
1391 1195 1463 1221 non
1501 1191 1622 1224 tamen
1647 1189 1784 1228 violatis
1803 1200 1981 1240 prmecpta
2011 1181 2245 1236 Servatoris:
2277 1207 2318 1237 ut

1237 1247 1494 1284 consuetudine
1512 1259 1593 1285 cum
1611 1251 1664 1287 eis
1683 1257 1719 1288 et
1736 1255 1908 1291 comitatu
1925 1256 1970 1292 ad
1993 1257 2242 1304 perfectioretu
2255 1271 2318 1299 co-

1237 1307 1432 1354 gnitionem
1457 1320 1520 1347 eos
1545 1312 1744 1350 attraheret
1763 1325 1772 1350 :
1791 1315 1885 1352 sicut
1909 1318 2039 1355 medici
2067 1319 2200 1358 faciunt
2215 1350 2226 1366 ,
2253 1325 2316 1368 qui

1237 1369 1344 1415 aegris
1365 1379 1436 1408 non
1453 1381 1598 1420 semper
1613 1374 1768 1421 adsunt,
1788 1387 1857 1414 nec
1873 1379 2000 1416 eodem
2013 1391 2086 1428 quo
2107 1383 2172 1430 ipsi
2189 1385 2316 1422 morbo

1235 1429 1400 1469 laborant
1417 1460 1426 1477 ,
1446 1445 1567 1482 neque
1585 1436 1710 1475 iisdem
1730 1441 2008 1486 appetitionibus
2023 1429 2218 1491 agitantur.
2237 1447 2315 1486 Hoc

1236 1492 1332 1528 enim
1353 1495 1434 1530 vitae
1449 1495 1651 1536 institutum
1671 1501 1844 1548 magistro
1860 1505 2026 1542 couvenit
2040 1534 2049 1550 ,
2072 1513 2212 1556 tempus
2231 1519 2313 1548 cum

1237 1554 1464 1594 multitudine
1492 1569 1562 1595 non
1599 1566 1726 1606 terere,
1753 1563 1818 1601 sed
1848 1565 1966 1612 quiete
1985 1573 2022 1604 et
2054 1554 2206 1608 sollicite
2226 1581 2312 1620 per-

1236 1615 1378 1660 quirere
1407 1619 1540 1656 variam
1577 1632 1716 1660 morum
1750 1631 1856 1672 atque
1887 1627 2109 1674 ingeniorum
2139 1631 2308 1672 differen-

1237 1675 1348 1721 tiam,
1388 1679 1480 1716 sicut
1513 1683 1617 1728 pcriti
1654 1685 1780 1724 medici
1824 1687 1972 1728 faciunt.
2009 1691 2098 1729 Nam
2133 1694 2182 1732 illi
2212 1707 2310 1744 sa-pe

1233 1737 1334 1776 libris
1374 1740 1630 1792 immorantes,
1661 1751 1870 1788 morborum
1910 1764 2038 1793 causas
2077 1758 2308 1805 prmdicunt.

1231 1806 1267 1836 et
1294 1803 1453 1840 remedia
1492 1807 1648 1852 tradunt,
1675 1817 1814 1850 tantum
1847 1825 1929 1852 cum
1959 1803 2306 1867 armis-versantes,

1228 1869 1401 1909 quantum
1423 1867 1555 1905 sufficit
1568 1869 1613 1907 ad
1628 1871 1881 1916 inveniendam
1901 1887 2046 1918 causam
2065 1882 2196 1927 morbi,
2213 1892 2249 1920 et
2262 1886 2307 1921 ad

1227 1926 1426 1964 remedium
1449 1929 1692 1970 adhibendum
1709 1963 1719 1978 ,
1742 1946 1810 1972 nec
1833 1947 1914 1974 cum
1939 1939 2026 1986 ipsis
2046 1941 2210 1982 ludentes
2239 1955 2306 1982 nec

1227 1988 1458 2032 prandentes.
1480 1991 1565 2030 Haec
1583 1995 1679 2031 enim
1700 1997 1849 2034 medica.-
1870 2000 2010 2038 virtutis
2039 2005 2214 2050 professio
2235 2017 2306 2046 non

1224 2056 1296 2093 est,
1308 2059 1388 2088 cum
1401 2053 1696 2100 :egriseonvivari
1707 2065 1770 2096 aut
1789 2060 1924 2106 ludere,
1941 2064 2004 2100 sed
2013 2074 2247 2114 {egrotantetn
2259 2071 2306 2108 ad

1226 2109 1415 2150 sanitatem
1435 2115 1762 2158 reducere.Desine
1776 2123 1898 2170 igitur,
1910 2109 2104 2173 qumso,.et
2123 2129 2168 2168 de
2189 2131 2245 2170 his
2259 2143 2306 2172 ne

1228 2173 1382 2218 amplius
1393 2174 1553 2224 disquirc
1565 2207 1574 2222 .
1594 2191 1674 2218 eum
1694 2183 1810 2221 virtus
1835 2197 2030 2237 numquam
2047 2191 2212 2231 vincatur
2228 2197 2305 2233 oris

1227 2232 1373 2272 effrenis
1393 2236 1578 2280 hominum
1597 2243 1802 2294 vituperiis;
1825 2251 1887 2287 sed
1919 2232 2039 2299 potius
2067 2254 2154 2292 tnilti
2179 2258 2304 2303 crede,

1227 2301 1264 2332 et
1289 2298 1434 2336 auribus
1469 2303 1538 2338 tuis
1571 2307 1744 2344 ostiarutn
1773 2298 1979 2358 praestitue,
2006 2320 2046 2352 ut
2078 2327 2125 2355 ne
2155 2328 2303 2358 omnem

1227 2366 1431 2396 sermonem
1463 2362 1675 2410 admittant,
1705 2374 1813 2414 atque
1844 2371 1936 2408 intra
1974 2378 2156 2420 penetrale
2191 2382 2304 2418 susci~

1229 2417 1342 2464 piant,
1360 2420 1422 2466 qui
1443 2430 1600 2460 mentem
1619 2431 1716 2462 tuam
1735 2431 1932 2474 perturbet.
1949 2417 1993 2469 Et
2013 2435 2100 2472 mihi
2121 2441 2304 2483 permitte,

1227 2488 1268 2516 ea
1283 2490 1364 2526 quae
1379 2481 1462 2520 huic
1476 2486 1672 2524 narratioui
1684 2488 1816 2526 desunt
1829 2491 2026 2540 adimplere
2041 2507 2049 2531 :
2062 2481 2192 2537 festino
2207 2481 2302 2539 enini

1227 2540 1298 2578 iter
1309 2552 1428 2580 meum
1443 2545 1632 2592 perficere.
1653 2548 1754 2586 Tunc
1774 2550 1985 2591 Theodorus
1999 2556 2133 2604 inquit:
2150 2559 2302 2600 Ubinam

1226 2614 1311 2642 sunt
1327 2607 1484 2655 episcopi
1503 2637 1513 2652 ,
1533 2609 1594 2656 qui
1611 2621 1694 2648 cum
1709 2615 1843 2652 nostris
1863 2617 1962 2653 missi
1983 2625 2087 2664 sunt,
2107 2620 2276 2671 Enlysiua
2289 2653 2302 2670 ,

1227 2665 1422 2714 Palladius,
1433 2669 1604 2716 Cyriacus
1621 2679 1660 2710 et
1673 2673 1907 2715 Demetrius?
1923 2679 2077 2718 obscure
2094 2665 2226 2732 quippe
2237 2665 2301 2724 au:

1225 2727 1378 2766 divimus
1391 2731 1426 2767 in
1444 2733 1608 2770 exsilium
1623 2735 1752 2774 missos
1771 2747 1866 2776 esse.
1884 2740 2003 2778 Ertsc.
2025 2741 2063 2780 Si
2077 2743 2196 2790 priora
2211 2746 2269 2784 illa
2283 2777 2293 2790 .

1210 2822 1212 2824 .
1227 2801 1307 2838 qua:
1321 2801 1341 2828 a
1353 2793 1457 2848 nobis
1467 2795 1666 2835 audiistide
1679 2798 1784 2838 beato
1793 2800 2047 2847 Joannc,clara
2057 2813 2090 2844 et
2103 2807 2293 2848 manifesta

1225 2853 1286 2890 tibi
1300 2845 1498 2900 sunt,nihil
1521 2859 1686 2900 habentia
1701 2863 1894 2909 mendacii,
1907 2845 2015 2915 atque
2035 2869 2064 2906 si
2083 2879 2209 2910 eorum
2225 2884 2295 2910 ute-

1221 2916 1356 2954 ministi
1371 2945 1384 2963 ,
1407 2921 1562 2958 narrabo
1582 2923 1688 2962 etiam
1705 2935 1768 2969 ea,
1786 2925 1831 2964 de
1853 2929 1984 2976 quibus
2003 2941 2062 2970 me
2081 2933 2296 2983 interrogas.

1269 2978 1358 3017 CAP.
1377 2991 1438 3018 xx.
1457 3003 1506 3010 —
1521 2983 1622 3022 DIAC.
1646 2985 1696 3024 lta
1715 2987 1859 3028 abunde
1877 3002 2071 3039 persuasus
2093 3005 2190 3044 sum,
2207 2978 2298 3036 tant-

1220 3051 1326 3088 quam
1339 3043 1368 3080 si
1379 3055 1538 3091 praesens
1549 3049 1637 3086 locis
1650 3050 1738 3097 ipsis
1751 3053 1960 3093 adfuissem.
1971 3057 2163 3103 Sufficiens
2173 3069 2294 3100 autem

1220 3115 1312 3142 mea:
1326 3111 1571 3154 persuasionis
1589 3112 1762 3152 iudicium
1780 3117 1842 3153 tibi
1860 3119 1907 3155 sit
1926 3122 2078 3159 attentio
2096 3123 2141 3164 ad
2155 3135 2197 3162 ea
2213 3137 2294 3174 qua:

1218 3166 1312 3206 dicta
1329 3176 1424 3214 sunt,
1439 3183 1593 3221 quorum
1613 3177 1730 3216 adhuc
1744 3181 1892 3219 auribus
1905 3183 2132 3225 insonantem
2155 3200 2293 3228 memo-

1218 3230 1308 3266 riam
1329 3231 1464 3272 habens
1481 3262 1490 3278 ,
1509 3235 1602 3275 forte
1619 3239 1756 3287 scripto
1772 3252 1813 3279 ea
1829 3245 2009 3284 mandabo
2030 3247 2064 3285 in
2083 3251 2292 3290 membrana

1202 3293 1350 3340 .optima
1365 3303 1567 3338 atramento
1589 3301 1785 3352 descripta.
1805 3307 1850 3344 ad
1870 3311 2082 3349 memoriam
2101 3312 2290 3354 hominum

1215 3357 1332 3394 aetatis
1345 3366 1494 3406 nostrai,
1509 3369 1615 3411 atque
1627 3365 1816 3405 utilitatem
1831 3379 1957 3408 eerum
1969 3373 2030 3421 qui
2043 3376 2290 3426 episcopatum

1214 3416 1442 3466 desiderant;
1461 3431 1500 3460 ut
1512 3425 1582 3461 sint
1602 3429 1802 3468 secundum
1819 3431 1964 3472 beatum
1979 3416 2156 3478 dono-nem
2168 3416 2212 3479 ὀι
2226 3451 2290 3480 ens

1215 3477 1320 3526 hujus
1349 3484 1535 3530 temporis.
1569 3487 1630 3534 qui
1667 3499 1732 3536 pro
1767 3493 1921 3532 veritate
1951 3505 2150 3547 martyrum
2190 3501 2286 3538 viam

1219 3543 1370 3580 nmulati
1399 3551 1498 3589 sunt,
1535 3555 1596 3584 aut
1627 3549 1798 3590 desinant
1827 3565 1921 3593 onus
1949 3543 2060 3606 supra
2078 3561 2176 3597 vires
2201 3569 2287 3595 suas

1214 3610 1370 3646 portare.
1398 3605 1524 3644 lateam
1555 3616 1592 3646 et
1613 3613 1762 3658 periculi
1791 3623 1978 3664 expertem
1997 3605 2121 3656 rvitam
2148 3618 2286 3664 antple-

1211 3671 1363 3704 ttentes.
1382 3666 1534 3707 Praestat
1545 3672 1640 3710 enim
1655 3676 1750 3722 apud
1761 3679 1898 3725 peritos
1913 3680 2187 3727 gubernatores,
2198 3678 2285 3715 dato

1213 3727 1318 3765 naulo
1335 3735 1500 3770 vectores
1515 3735 1636 3773 salvos
1652 3739 1821 3784 evadere,
1838 3751 1946 3787 quam
1963 3738 2217 3786 gubernatoris
2225 3738 2282 3776 lo-

1210 3798 1290 3824 cum
1309 3799 1493 3830 sumentes
1505 3823 1515 3838 ,
1535 3807 1662 3835 navem
1681 3809 1764 3836 cum
1789 3799 1969 3837 mercibus
1987 3797 2172 3842 naufragio
2197 3807 2282 3845 pcr-

1209 3849 1310 3889 dere.
1333 3852 1395 3891 His
1414 3854 1521 3903 igitur
1543 3858 1589 3896 de
1612 3860 1716 3896 beato
1730 3860 1870 3896 Joanne
1890 3857 2078 3904 expositis,
2099 3859 2281 3906 Quomodo

1210 3915 1427 3958 severiorem
1449 3919 1556 3959 vitam
1575 3919 1790 3961 exercuerit,
1809 3924 1845 3953 et
1858 3916 2042 3962 quomOdO
2057 3917 2092 3965 il"
2112 3918 2285 3964 Εςςιοεὶἰδ
