3932 6190
493 276 517 326 ‘7
527 277 543 328 i
1761 259 2066 318 PALLADII

2173 259 2452 319 lALOGUS
3681 266 3747 322 ἠ

491 385 773 441 re’fulserit.
799 383 909 435 sive
936 377 1301 441 Antiochensi,
1329 378 1440 433 sive
1455 375 2063 446 Constantinopolitano,

488 488 540 530 et
561 473 826 544 quomodo
857 479 1127 541 promotus
1149 469 1324 536 fuerit,
1347 478 1437 524 aut
1470 478 1599 540 quot
1632 469 1850 524 insidias
1880 483 2066 538 passus

489 566 678 626 fuerit,
709 573 865 632 atque
895 577 1079 616 omnes
1103 562 1239 616 inter
1267 574 1330 616 ea
1359 560 1676 615 acerbitates
1697 601 1712 624 ,
1736 575 1854 628 que
1875 560 1942 614 ab
1970 559 2061 612 imo

490 656 668 723 probis
713 655 934 707 moleste
977 654 1261 706 elaboratze
1303 659 1448 717 sunt,
1491 667 1608 705 cum
1638 649 1834 704 dixeris
1861 661 1910 703 et
1951 664 2070 718 qua:

492 745 841 816 Porphyrium
874 753 1144 812 spectant,
1192 751 1246 796 et
1286 741 1596 795 Eunuchum
1645 739 1836 809 Ephesi
1867 738 2071 807 episeo-

493 853 646 906 pum;
685 836 925 900 enuntio,
957 850 1163 904 precor,
1197 835 1354 888 nobis
1389 833 1586 902 reliqua
1624 851 1636 886 :
1681 843 1733 887 et
1758 832 1972 900 quinam
2012 830 2065 883 in

481 943 705 991 ‘cwrcer-e
736 927 926 980 mortui
953 927 1088 988 sint,
1116 927 1328 994 quinam
1359 925 1409 977 in
1437 925 1679 978 exsilium
1709 923 1812 978 acti
1838 963 1852 986 ,
1884 937 2067 977 eorum

487 1019 577 1087 qui
604 1035 724 1072 eum
761 1017 964 1072 Joanne
1003 1015 1470 1070 counnunicabant
1513 1032 1527 1068 :
1563 1016 1761 1084 justum
1802 1014 1944 1068 enim
1989 1021 2071 1066 est

486 1113 644 1166 etiam
677 1112 864 1166 horum
893 1109 1199 1164 memoriam
1226 1107 1398 1162 facere
1425 1107 1488 1162 ad
1516 1107 1844 1162 excitandam
1875 1105 2069 1160 alaeri-

489 1212 646 1257 tatem
673 1202 980 1255 viventium.
1011 1199 1064 1254 Si
1092 1198 1232 1251 enim
1257 1198 1308 1251 in
1335 1197 1417 1251 his
1443 1197 1784 1252 smcularibiis
1810 1197 1969 1251 rebus
1985 1195 2062 1248 fa-

488 1293 636 1358 muli,
673 1292 759 1362 qui
793 1307 887 1361 pro
914 1290 1144 1344 dominis
1183 1290 1234 1342 in
1272 1303 1541 1343 carcerem
1571 1288 1946 1357 conjiciuntur,
1976 1295 2068 1340 aut

490 1383 839 1438 verberantur
861 1422 877 1447 ,
909 1388 999 1433 aut
1025 1387 1369 1448 torquentur,
1402 1378 1820 1432 benevolentiam
1855 1378 2070 1430 liberta-

489 1485 703 1545 temque
751 1473 818 1528 ab
853 1473 978 1541 ipsis
1022 1480 1458 1540 consequuntur:
1509 1477 1706 1538 quanto
1763 1468 1930 1537 magis
1979 1468 2069 1536 qui

486 1576 707 1634 propter
749 1563 1018 1619 Christum
1064 1559 1336 1629 suppliciis
1379 1559 1702 1624 afﬁciuntur,
1753 1559 1894 1626 digni
1945 1568 2068 1613 sunt

475 1661 695 1714 honore
733 1658 1113 1718 ecclesiastico,
1162 1665 1321 1724 atque
1357 1655 1768 1708 benevolentia?
1796 1654 1860 1708 de
1882 1655 2069 1724 quibus

496 1749 788 1819 Apostolus
806 1749 912 1803 ait:
963 1745 1151 1801 Vinctis
1195 1747 1339 1818 quasi
1383 1747 1531 1800 simul
1575 1746 1722 1799 vincti
1776 1745 1927 1816 (Πρὸ.
1980 1746 2064 1800 10.

489 1841 579 1910 δι)
611 1882 624 1903 ,
671 1850 827 1909 atque
887 1839 952 1893 iis
999 1839 1086 1908 qui
1143 1838 1466 1891 vexabantur
1496 1879 1509 1901 ,
1557 1838 1704 1905 quasi
1771 1837 2068 1891 vexationis

469 1934 848 2002 >socii,utpote
894 1941 947 1995 et
974 1932 1070 2000 ipsi
1122 1931 1171 1984 in
1225 1943 1449 1997 corpore
1498 1927 1791 1982 constituti.
1837 1927 2069 1981 Pretiosa

483 2022 628 2076 enim
661 2033 734 2078 est
782 2024 835 2084 in
879 2031 1142 2091 conspectu
1191 2019 1394 2073 Domim’
1457 2034 1590 2072 mors
1632 2027 1919 2071 sanctorum
1959 2017 2068 2087 ejus

489 2105 656 2171 (Ρδαι.
705 2113 974 2180 “5.15).
1021 2110 1115 2164 Ep.
1169 2109 1382 2178 Optime
1432 2108 1612 2162 dixiin
1664 2126 1676 2161 ε
1735 2108 1854 2162 audi
1887 2107 2064 2178 igitur.

492 2204 734 2274 Episcopi
773 2204 1011 2273 quidem,
1059 2213 1113 2256 ιιι
1160 2203 1308 2256 initio
1357 2201 1491 2256 fama
1546 2201 1794 2272 vulgavit,
1825 2201 1875 2255 in
1925 2215 2068 2255 mare

488 2294 715 2347 demersi
742 2303 862 2347 sunt
886 2311 897 2344 :
924 2303 980 2345 ut
1015 2304 1190 2348 autem
1224 2308 1282 2347 se
1314 2292 1472 2346 habet
1500 2293 1714 2356 veritas,
1744 2292 1796 2345 in
1824 2291 2064 2344 exsilium

489 2385 825 2454 longinquum
877 2385 1006 2452 pulsi
1037 2395 1159 2436 sunt
1205 2384 1254 2437 in
1287 2383 1535 2437 barbaras
1585 2385 1858 2451 regiones,
1891 2383 2068 2451 ibique

479 2476 644 2528 etiam
697 2489 836 2527 nunc
901 2489 930 2526 a
985 2473 1151 2526 servis
1212 2472 1436 2541 publicis
1483 2473 1870 2526 custodiuntur.
1935 2472 2065 2525 Nam

485 2582 604 2621 cum
655 2566 885 2622 venisset
951 2565 1162 2634 quidam
1233 2564 1531 2627 diaconus,
1585 2565 1674 2632 qui
1729 2564 1886 2617 simul
1941 2579 2064 2617 cum

485 2661 565 2714 eis
591 2658 691 2713 iter
719 2658 931 2720 fecerat,
964 2655 1160 2714 retulit.
1187 2655 1465 2724 (Iyriacum
1501 2653 1716 2722 quidem
1745 2653 2064 2707 Emeseuum

487 2749 744 2821 Palmyra:
773 2749 823 2801 iu
857 2748 1136 2802 Persarum
1159 2744 1379 2799 castello
1407 2758 1548 2807 esse,
1577 2745 1843 2813 octoginta
1874 2743 2066 2797 millia-

488 2839 632 2895 ribus
662 2840 795 2894 ultra
829 2839 1070 2893 Emesam
1107 2856 1119 2890 :
1153 2835 1420 2907 Eulysium
1450 2835 1695 2889 similiter
1714 2876 1727 2900 ,
1757 2835 2062 2904 episcopum

490 2933 708 2997 Bostrte,
735 2931 953 2984 ulterius
980 2930 1166 2983 itinere
1188 2929 1343 2981 trium
1371 2927 1572 2981 dierttm
1603 2927 1654 2979 in
1689 2928 1907 2980 castello
1934 2928 2063 2979 Ara-

476 3023 632 3087 bum,
664 3021 894 3088 Misphas
921 3020 1085 3084 dicto,
1115 3018 1394 3072 Saracenis
1432 3017 1707 3085 adjacente
1732 3034 1744 3069 :
1772 3016 2062 3071 Palladium

487 3111 876 3181 episcopum-in
907 3110 1095 3164 vicinia
1141 3109 1468 3180 Blemmyum
1503 3118 1593 3162 aut
1623 3107 1938 3178 Ethiopian
1967 3123 2033 3163 cu

489 3202 692 3267 stodiri,
739 3203 788 3255 in
829 3203 1023 3271 oppido
1057 3199 1232 3272 Syene
1262 3200 1404 3254 dicto
1439 3218 1451 3252 :
1490 3201 1810 3255 Demetrium
1843 3201 2065 3254 interius

491 3296 541 3347 in
565 3293 707 3351 Oasi.
733 3293 1011 3348 Mazicibus
1035 3293 1272 3363 proxima
1295 3307 1308 3356 ;
1339 3301 1462 3345 sunt
1483 3292 1625 3346 enim
1653 3300 1705 3345 et
1728 3291 1844 3344 alim
1865 3291 2060 3345 Oases:

489 3387 830 3455 Serapionem
862 3393 1038 3440 autem
1073 3393 1191 3455 post
1226 3385 1529 3438 innumeras
1558 3383 1759 3451 absque
1789 3384 1892 3436 ulla
1937 3398 2063 3452 pro-

493 3481 703 3533 batione
733 3477 1026 3532 calumnias
1048 3519 1062 3542 ,
1107 3492 1314 3531 summa
1343 3491 1462 3531 cum
1491 3475 1727 3545 judicum
1758 3475 2066 3531 crudelitate

491 3589 707 3637 ctesum,
739 3572 804 3626 ad
835 3572 1200 3627 exeussionem
1228 3585 1394 3639 usque
1423 3570 1680 3630 dentium,
1711 3577 1770 3621 ut
1801 3568 1933 3620 fama
1961 3579 2063 3634 est,

492 3667 544 3718 in
575 3664 796 3733 patriam
827 3677 974 3714 suam
1013 3661 1338 3730 relegarunt.
1371 3659 1602 3713 Hilarius
1622 3700 1636 3722 ,
1663 3658 1748 3711 vir
1775 3667 1990 3710 sanctus
2015 3668 2069 3712 et

491 3769 676 3819 senex,
701 3754 752 3807 in
777 3754 1018 3806 intimum
1045 3753 1267 3804 Pontum
1292 3751 1473 3820 pulsus
1493 3759 1594 3814 est,
1616 3749 1779 3818 plagis
1800 3749 2064 3814 concisus,

492 3861 598 3900 non
627 3861 655 3901 a
679 3845 876 3915 judice,
909 3842 1001 3897 sed
1029 3858 1057 3894 a
1085 3843 1229 3896 clero
1263 3859 1275 3894 :
1305 3840 1395 3909 qui
1439 3840 1621 3894 decem
1647 3848 1702 3894 et
1730 3848 1851 3893 octo
1879 3839 2070 3892 abhinc

491 3939 644 3994 anuis
679 3952 867 4008 panem
899 3952 1001 3990 non
1034 3935 1289 4007 gustavit,
1325 3933 1468 3987 olera
1507 3932 1618 3988 sola
1657 3941 1710 3987 et
1749 3932 2068 3986 frumentum

493 4041 699 4086 coctum
729 4027 912 4084 edens.
958 4025 1221 4081 Antonius
1268 4025 1319 4078 in
1351 4023 1617 4092 speluncis
1652 4023 1943 4077 Palaestinae
1981 4036 2068 4075 se-

493 4123 664 4191 ipsum
706 4118 1008 4175 conclusit:
1050 4114 1360 4170 Timetheus
1409 4114 1703 4177 Maronem,
1748 4122 1802 4178 et
1839 4112 2071 4166 Joannes

494 4209 673 4283 Lydia:
699 4208 971 4278 episcopi,
1006 4208 1058 4260 in
1101 4205 1403 4259 Macedonia
1431 4217 1553 4258 esse
1594 4203 1842 4257 dicuntur
1873 4220 1886 4255 :
1921 4202 2070 4255 Rho-

493 4303 619 4369 don,
651 4301 930 4370 episcopus
957 4297 1128 4357 Asiae,
1161 4294 1444 4366 Mitylenen
1479 4291 1743 4361 profectus
1773 4300 1856 4346 est
1887 4308 1898 4343 :
1933 4291 2069 4346 Gre-

491 4394 706 4464 gorius,
747 4390 928 4460 Lydia:
955 4387 1267 4459 episcopus,
1311 4386 1362 4440 in
1409 4384 1636 4455 Phrygia
1675 4398 1793 4438 esse
1831 4383 2022 4437 dicitur
2054 4401 2066 4435 :

499 4485 677 4540 Brisso
702 4492 899 4547 autem,
923 4479 1087 4536 frater
1113 4478 1353 4541 Palladii,
1383 4475 1612 4531 Ecclesia
1640 4490 1734 4528 sua
1763 4475 1902 4528 ultro
1923 4475 2072 4528 dere-

499 4579 617 4631 licta
640 4617 655 4640 ,
699 4575 752 4630 in
781 4575 953 4644 agello
982 4588 1079 4627 suo
1120 4571 1294 4641 degit,
1327 4578 1520 4624 terram
1565 4567 1789 4636 propriis
1831 4566 2072 4620 manibus

495 4666 722 4720 fodiens.
765 4664 1070 4732 Lampeties
1095 4677 1242 4728 vero,
1290 4671 1346 4714 ut
1375 4660 1540 4724 aiunt,
1575 4658 1624 4712 in
1669 4657 1864 4726 oppido
1893 4656 2072 4727 Lydia:

496 4771 523 4805 a
555 4752 784 4823 quodam
816 4752 1103 4806 Eleuthero
1125 4751 1356 4820 adjutus,
1393 4748 1706 4804 lectionibus
1736 4755 1887 4801 vacat
1916 4765 1929 4800 :
1963 4746 2070 4799 Eu-

495 4845 684 4914 genius
710 4843 761 4897 in
788 4843 956 4912 patria
984 4850 1068 4896 est
1095 4859 1108 4895 :
1142 4840 1394 4910 Elpidius,
1432 4854 1652 4908 magnus
1684 4837 1772 4892 ille
1801 4836 2073 4892 Laodicea:

495 4936 662 5009 Syria:
689 4934 991 5005 episcopus,
1025 4943 1078 4988 et
1104 4933 1332 5003 Pappus,
1372 4947 1469 5001 per
1498 4941 1664 4985 totum
1692 4929 1974 4984 triennium
2004 4927 2072 4982 de

495 5029 638 5084 scala
679 5026 873 5084 domus
927 5041 1038 5080 sum
1085 5040 1190 5080 non
1243 5024 1632 5079 descenderunt
1681 5020 2072 5091 precationibus

495 5129 743 5176 vacantes
787 5137 798 5172 :
846 5115 1150 5174 Heraclidas
1199 5116 1462 5185 Ephesius
1515 5114 1915 5184 quadriennium
1961 5111 2070 5180 jam

497 5209 816 5267 Nicomedia:
859 5209 913 5262 in
955 5221 1168 5262 carcere
1217 5206 1450 5260 inclusus
1491 5215 1593 5260 est.
1641 5203 1847 5272 Reliqui
1891 5212 2069 5256 autem

494 5301 728 5373 episcopi
755 5300 824 5357 de
851 5299 1222 5355 communione
1250 5296 1470 5352 Joannis
1490 5337 1504 5360 ,
1536 5296 1678 5351 omni
1707 5310 1802 5362 spe
1844 5293 2070 5362 objecta,

493 5393 581 5448 alii
611 5392 823 5463 quidem
861 5389 1318 5446 communicarunt
1349 5387 1542 5451 Attico,
1573 5395 1626 5440 et
1651 5386 1702 5439 in
1730 5385 1861 5438 alias
1898 5383 2070 5437 Thra-

493 5485 590 5536 cia:
619 5479 887 5538 Ecclesias
931 5479 1170 5534 translati
1220 5487 1389 5539 sunt;
1438 5477 1524 5530 alii
1571 5489 1696 5530 vero
1737 5474 2070 5528 delitescunt.

495 5573 795 5627 Anatolium
817 5572 966 5626 aiunt
988 5585 1107 5626 esse
1134 5570 1184 5624 in
1212 5569 1417 5625 Galliis.
1447 5567 1616 5621 Porro
1641 5563 2071 5635 presbyterorum

494 5658 589 5713 alii
607 5663 659 5713 tn
681 5661 929 5716 Arabiam
954 5669 1011 5717 et
1035 5661 1368 5716 Palaslinam
1388 5656 1657 5714 amandati
1681 5663 1807 5710 sunt
1830 5672 1842 5708 :
1868 5655 2074 5725 Tigrius

2175 377 2225 430 in
2257 376 2687 446 Mesopotamiam
2721 377 2980 446 relegatus
3015 386 3098 432 est
3129 397 3142 432 :
3175 377 3446 447 Philippus
3486 379 3537 433 in
3585 379 3746 434 Ponte

2171 467 2318 522 exsul
2352 475 2590 520 mortuus
2617 477 2698 520 est
2728 485 2740 520 :
2768 466 3094 537 Theophilus
3122 469 3172 521 in
3191 467 3545 538 Paphlagonia
3577 469 3742 540 degit:

2171 557 2422 614 Joannes.
2454 555 2649 611 Ethrii
2680 559 2836 622 filius,
2866 557 3122 612 Caesarea:
3151 561 3445 612 construxit
3477 569 3744 615 monaste-

2177 650 2311 702 rium
2340 668 2351 702 :
2373 649 2704 719 Stephanum
2731 651 2779 703 in
2805 649 3050 703 Arabiam
3083 649 3394 720 relegatum,
3417 665 3448 705 e
3473 651 3750 705 custodum

2176 743 2421 797 manibus
2450 743 2792 807 abstractum,
2838 742 3000 796 Isauri
3033 743 3084 794 in
3114 742 3344 796 Taurum
3395 742 3752 798 dimiserunt:

2175 833 2481 888 Sallustium
2529 833 2579 888 in
2623 834 2775 888 Creta
2807 848 2925 887 esse
2967 834 3166 888 dicunt.
3217 835 3405 888 Audivi
3449 834 3753 905 Philippum

2175 925 2514 990 monachum,
2546 933 2600 980 et
2625 929 2988 996 presbyterum
3019 925 3354 991 Seliolarum,
3385 928 3433 979 in
3466 927 3750 997 Campania

2174 1025 2450 1086 mgrotare.
2493 1015 2820 1085 Sophronias
2849 1016 3103 1070 diaconus
3135 1016 3186 1070 in
3218 1016 3504 1072 Thebaidis
3530 1034 3750 1075 carcere

2174 1107 2441 1162 detinetur
2472 1126 2483 1158 :
2517 1107 2710 1161 Paulus
2739 1106 3025 1173 diaconus,
3063 1109 3327 1162 teconomi
3354 1109 3587 1177 adjuter,
3618 1111 3752 1165 dici-

2174 1207 2261 1253 tur
2287 1199 2338 1254 in
2365 1200 2538 1253 Africa
2567 1199 2768 1254 versari
2802 1216 2815 1252 :
2851 1199 2983 1252 alius
3011 1199 3221 1264 Paulus,
3251 1199 3506 1255 diaconus
3527 1205 3756 1256 Anasta-

2173 1291 2286 1354 εἰη»,
2314 1291 2693 1360 Hierosolymis
2719 1291 2846 1344 vivit
2877 1307 2889 1342 :
2923 1289 3212 1354 Ili-lladius,
3239 1291 3517 1362 presbyter
3546 1292 3753 1359 Palatii,

2175 1383 2226 1436 in
2256 1383 2428 1452 agello
2453 1397 2550 1437 suo
2579 1381 2837 1454 Bithynia:
2860 1382 3017 1435 vitam
3046 1381 3168 1451 agit.
3200 1381 3384 1436 Plures
3410 1393 3592 1438 autem
3609 1382 3752 1438 Con-

2171 1475 2513 1543 stantinopoli
2536 1474 2854 1529 delitescunt
2879 1491 2891 1527 :
2915 1475 3001 1528 alii
3036 1475 3084 1527 in
3117 1475 3315 1542 patrias
3339 1489 3464 1530 suas
3485 1476 3750 1532 abierunt.

2171 1565 2442 1630 Silvanus,
2473 1576 2688 1620 sanctus
2713 1567 2992 1635 episcopus
3014 1607 3026 1627 ,
3059 1566 3267 1621 Troade
3293 1568 3529 1638 piseatur
3548 1609 3563 1632 ,
3595 1578 3649 1622 et
3675 1570 3753 1638 pi-

2172 1665 2318 1710 seatu
2348 1657 2476 1709 vivit
2509 1676 2522 1710 :
2566 1657 2864 1726 Stephanus
2894 1657 3185 1711 monachus
3205 1699 3219 1721 ,
3267 1659 3355 1728 qui
3393 1657 3755 1713 Romanorum

2170 1747 2421 1814 epistolas
2472 1747 2694 1812 detulit,
2745 1747 2815 1802 ob
2863 1747 2914 1801 id
2968 1748 3137 1816 ipsum
3183 1749 3513 1814 verberatus,
3569 1749 3754 1804 decem

2174 1852 2384 1893 menses
2419 1837 2875 1906 Constantinopoli
2923 1839 2975 1891 in
3003 1853 3217 1893 carcere
3245 1840 3404 1893 vitam
3449 1841 3577 1910 egit.
3623 1841 3754 1895 Cum

2170 1939 2346 1986 autem
2389 1930 2435 1984 ci
2464 1931 2766 1984 communio
2797 1931 3062 2001 proposita
3107 1941 3282 1996 esset,
3314 1941 3368 1987 et
3407 1948 3510 1986 non
3542 1933 3757 2003 acquie-

2172 2022 2354 2087 visset,
2381 2021 2633 2076 lateribus
2662 2029 2716 2076 et
2748 2029 2963 2091 pectore
2985 2022 3297 2091 ungularum
3330 2021 3583 2076 violentia
3620 2022 3758 2078 lace-

2172 2111 2330 2174 ratis,
2358 2111 2508 2179 cujus
2538 2111 2612 2164 rei
2639 2111 2753 2180 ipse
2776 2110 3020 2165 oculatus
3049 2111 3196 2165 testis
3222 2110 3317 2177 fui,
3348 2111 3549 2167 Christi
3577 2114 3753 2182 provi-

2171 2201 2346 2256 dentia
2389 2201 2441 2254 in
2487 2201 2714 2255 secunda
2746 2200 2971 2256 fortasse
3009 2203 3296 2256 certamina
3325 2213 3602 2268 servatus,
3640 2215 3754 2274 post

2172 2293 2434 2348 decimum
2461 2292 2750 2347 curationis
2776 2307 2886 2346 sua:
2915 2307 3174 2354 mensem,
3202 2293 3468 2348 Pelusium
3490 2294 3754 2364 relegatus

2173 2393 2272 2438 est.
2320 2383 2665 2437 Provincialis
2693 2381 2904 2452 quidam
2931 2382 3100 2444 miles,
3147 2398 3208 2436 ex
3237 2382 3449 2436 Schulis
3481 2383 3748 2447 Palatinis,

2173 2481 2448 2527 accusatus
2475 2482 2739 2541 tamquam
2765 2471 2986 2526 Joannis
3016 2471 3208 2537 fautor,
3237 2481 3354 2540 post
3383 2473 3512 2527 varii
3545 2476 3755 2542 generis

2172 2561 2350 2632 plagas
2375 2569 2427 2615 et
2449 2561 2807 2615 atrocissimas
2837 2561 3142 2614 abrasiones
3167 2561 3348 2616 Petras
3376 2562 3524 2616 exsul
3557 2563 3752 2620 missus

2173 2662 2273 2708 est.
2323 2653 2513 2721 Elpidii
2545 2668 2670 2706 vero
2719 2652 3010 2722 presbyteri
3060 2652 3304 2718 faruulus,
3346 2653 3752 2723 quinquaginta,

2173 2755 2232 2799 ut
2258 2746 2424 2810 aiunt,
2454 2745 2630 2798 aureis
2657 2743 2972 2809 conductus,
3001 2753 3058 2798 ut
3082 2757 3318 2798 salictum
3345 2745 3614 2800 Joannem
3636 2746 3756 2801 dolo

2172 2836 2492 2890 iuterliceret
2532 2853 2544 2888 :
2577 2851 2696 2888 cum
2729 2834 3088 2901 deprehensus
3120 2845 3260 2888 esset
3290 2844 3400 2889 tres
3426 2835 3635 2905 gladios
3663 2837 3756 2890 ha-

2172 2928 2314 2991 bere,
2339 2936 2539 2996 st-ptem
2569 2942 2630 2980 ex
2660 2927 2721 2979 iis
2751 2927 2838 2995 qui
2870 2927 3040 2995 ipsum
3067 2926 3548 2994 apprehenderant,
3573 2929 3757 2996 singil-

2169 3018 2313 3072 latim
2367 3017 2676 3087 pereussit:
2723 3031 2944 3084 quorum
2992 3026 3218 3084 quatuor
3263 3017 3513 3070 continuo
3561 3019 3756 3088 sepulti

2168 3120 2311 3176 sunt,
2340 3110 2426 3162 alii
2458 3118 2632 3162 autem
2664 3117 2771 3161 tres
2801 3117 2913 3177 post
2942 3107 3242 3161 diuturnam
3266 3109 3596 3162 curatiOuem
3619 3111 3752 3164 salvi

2170 3211 2476 3261 evaserunt,
2509 3199 2752 3253 absoluto
2782 3198 3065 3254 homicida.
3100 3199 3292 3253 Beatus
3319 3199 3626 3270 Eutrapius,
3659 3217 3755 3271 pu-

2172 3307 2263 3347 rus
2289 3309 2316 3345 a
2347 3291 2678 3354 mulieribus,
2706 3301 2911 3354 cantor,
2945 3289 3260 3344 verberibus
3281 3305 3471 3355 exesus,
3498 3300 3556 3345 et
3580 3291 3760 3346 lateri-

2172 3382 2270 3438 bus
2295 3396 2357 3435 ac
2387 3380 2558 3434 fronte
2602 3394 2771 3448 usque
2809 3379 2941 3433 adeo
2970 3377 3264 3442 laceratus,
3299 3387 3356 3432 ut
3389 3387 3443 3433 et
3469 3381 3756 3448 supercilia

2171 3486 2382 3542 quoque
2407 3471 2588 3526 evulsa
2618 3470 2758 3532 sint,
2793 3469 2993 3522 facibus
3021 3479 3291 3536 postremo
3316 3469 3380 3521 ad
3412 3469 3604 3536 latera,
3638 3481 3756 3540 post

2170 3577 2291 3616 ossa
2323 3560 2516 3616 nudata
2539 3599 2554 3621 ,
2594 3561 2861 3627 utrimque
2905 3558 3133 3612 admotis
3176 3558 3296 3612 oleo
3325 3560 3528 3626 plenis,
3559 3559 3609 3612 in
3643 3560 3756 3628 ipso

2173 3653 2398 3724 equuleo
2418 3652 2647 3705 animam
2678 3648 2970 3708 exhalavit,
3004 3649 3284 3718 mediaque
3313 3658 3470 3703 nocte
3511 3650 3757 3718 sepultus

2172 3753 2255 3798 est
2294 3759 2322 3796 a
2361 3742 2602 3806 clericis,
2632 3741 2718 3809 qui
2767 3739 2867 3793 hoc
2909 3746 3210 3808 patrarant;
3252 3752 3374 3792 cum
3418 3738 3555 3792 Deus
3596 3741 3758 3792 morti

2173 3836 2289 3905 ejus
2315 3833 2672 3888 testimonium
2718 3830 3031 3900 prtebuisset
3061 3829 3266 3885 visione
3293 3831 3661 3898 psallentium,
3691 3833 3759 3884 ob

2175 3927 2474 3983 Servatoris
2527 3923 2787 3993 passionis
2827 3921 3277 3976 confermitatem.
3334 3921 3532 3975 Retulit
3578 3933 3758 3976 autem

2175 4020 2436 4075 diacOuus
2470 4017 2557 4087 qui
2584 4017 2652 4069 ab
2671 4015 2936 4086 episcopis
2965 4013 3140 4079 rediit,
3161 4027 3194 4068 a
3217 4011 3455 4066 Praefecti
3478 4013 3759 4077 militibus,

2175 4111 2264 4181 qui
2291 4124 2384 4165 eos
2413 4109 2766 4172 deduxerunt,
2794 4119 2962 4175 usque
2997 4103 3131 4159 adeo
3157 4103 3307 4172 jussu
3333 4103 3635 4172 aliquorum
3670 4119 3756 4156 ve-

2176 4211 2360 4266 xatos,
2394 4209 2452 4254 ut
2495 4199 2628 4253 mori
2657 4206 2904 4267 optarent
2931 4204 2983 4250 et
3023 4193 3205 4249 vivere
3245 4202 3575 4249 recusarent.
3624 4192 3752 4248 Nam

2175 4292 2432 4363 pecunias
2451 4334 2464 4354 ,
2497 4305 2628 4360 quas
2654 4290 2706 4343 in
2745 4297 2988 4357 sumptus
3015 4284 3220 4340 itineris
3249 4284 3346 4337 sibi
3377 4294 3749 4352 sumpserant,

2177 4385 2384 4454 penitus
2428 4383 2676 4451 abreptas
2723 4380 2861 4434 inter
2903 4393 2962 4433 se
3008 4378 3184 4448 partiti
3214 4385 3368 4441 sunt,
3409 4386 3465 4430 et
3491 4376 3547 4429 in
3579 4389 3750 4431 macra

2171 4476 2408 4544 jumeuta
2435 4489 2530 4528 eos
2559 4472 2878 4541 iujicientes,
2907 4469 3050 4524 bidui
3080 4470 3179 4524 iter
3209 4482 3312 4522 uno
3339 4467 3425 4521 die
3455 4465 3750 4522 faciebant:

2176 4567 2337 4620 multa
2369 4573 2524 4618 nocte
2567 4565 2617 4615 iu
2649 4562 2941 4616 diversoria
2988 4560 3416 4622 iutroducentes,
3458 4568 3513 4612 ct
3549 4573 3754 4612 summo

2175 4670 2330 4710 mane
2356 4665 2478 4710 ante
2520 4653 2690 4706 lucem
2728 4651 3072 4713 reducentes,
3107 4651 3172 4702 ita
3204 4659 3257 4700 ut
3287 4665 3353 4701 ne
3382 4652 3609 4701 miseras
3639 4647 3755 4716 qui-

2176 4746 2296 4800 dem
2327 4759 2479 4799 escas
2510 4743 2816 4798 stomachus
2843 4741 3071 4796 retinere
3102 4750 3298 4807 posset.
3332 4738 3599 4806 Turpibus
3624 4753 3762 4806 pra)-

2176 4843 2318 4888 tcrca
2349 4843 2402 4889 et
2445 4832 2738 4887 inhonestis
2759 4831 2936 4885 verbis
2975 4845 3068 4883 eos
3115 4829 3371 4898 impetere
3418 4842 3520 4880 non
3564 4839 3766 4896 pareo-

2178 4925 2321 4979 baut.
2367 4923 2600 4978 Palladio
2628 4923 2786 4976 etiam
2828 4921 3076 4974 famulum
3109 4920 3478 4979 ahsmleruut,
3508 4917 3610 4969 vim
3654 4915 3764 4985 ipsi

2176 5016 2495 5079 inferentes,
2527 5026 2584 5070 ut
2624 5013 2843 5068 tabellas
2883 5011 3193 5080 deponeret.
3229 5009 3550 5064 Demetrium
3575 5013 3764 5061 autem

2177 5127 2310 5165 unus
2359 5125 2390 5164 e
2431 5107 2808 5164 deducturibus
2851 5118 3017 5173 usque
3059 5102 3194 5156 adeo
3237 5101 3469 5166 vexavit,
3509 5108 3571 5153 ut
3597 5097 3772 5152 multa

2177 5210 2332 5255 nocte
2363 5199 2572 5268 Bizyam
2607 5195 2938 5266 pervenerit;
2982 5192 3070 5262 qui
3103 5191 3278 5246 statim
3304 5189 3637 5260 gravissimis
3665 5187 3772 5242 do-

2181 5294 2378 5348 loribus
2423 5301 2533 5345 tuto
2571 5302 2796 5358 corpore
2836 5286 3102 5340 cruciatus
3130 5281 3338 5338 vivendi
3383 5281 3542 5336 finem
3593 5279 3770 5335 fecit:

2179 5387 2246 5438 ita
2279 5393 2336 5438 ut
2365 5381 2538 5436 eunt-ti
2565 5380 2729 5434 Deum
2755 5383 3092 5436 venerantes,
3121 5381 3470 5444 agnoscerent
3493 5385 3618 5424 eam
3645 5383 3772 5424 esse

2179 5489 2389 5544 poenam
2437 5469 2747 5540 iujuriarum
2783 5488 2796 5521 :
2828 5483 2948 5521 cum
2996 5463 3327 5537 praedixisset
3368 5461 3416 5515 ei
3467 5458 3770 5519 Palladius.

2180 5576 2234 5617 ut
2264 5565 2429 5618 redux
2454 5561 2668 5629 quidam
2707 5559 3002 5615 commilito
3032 5555 3265 5611 narravit
3296 5570 3310 5606 :
3343 5550 3499 5607 Aliud
3527 5551 3635 5606 iter
3661 5564 3774 5604 non

2184 5656 2416 5719 ittecttes,
2441 5651 2534 5706 sed
2557 5650 2929 5706 miserabiliter
2953 5646 3215 5702 morieris.
3250 5642 3502 5700 Ecclesiis
3531 5653 3776 5714 namque
