  <div class='ocr_page' id='page_1' title='image "/cluster/home/n/w/nwhite01/storage/ocr_20150623/47/hvd.32044073501884/128.png"; bbox 0 0 3932 6190; ppageno 0'>
   <div class='ocr_carea' id='block_1_1' title="bbox 195 277 3486 363">
    <p class='ocr_par' dir='ltr' id='par_1_1' title="bbox 195 277 3486 363">
     <span class='ocr_line' id='line_1_1' title="bbox 195 277 3486 363; baseline 0.007 -23"><span class='ocrx_word' id='word_1_1' title='bbox 195 277 248 340; x_wconf 58' lang='lat'><strong>3</strong></span> <span class='ocrx_word' id='word_1_2' title='bbox 1195 281 1281 346; x_wconf 80' lang='lat' dir='ltr'>DE</span> <span class='ocrx_word' id='word_1_3' title='bbox 1321 284 1483 349; x_wconf 80' lang='lat' dir='ltr'>VITA</span> <span class='ocrx_word' id='word_1_4' title='bbox 1521 289 1581 346; x_wconf 83' lang='lat' dir='ltr'>S.</span> <span class='ocrx_word' id='word_1_5' title='bbox 1622 285 1906 344; x_wconf 72' lang='lat' dir='ltr'>JOANMS</span> <span class='ocrx_word' id='word_1_6' title='bbox 1945 287 2448 355; x_wconf 70' lang='lat' dir='ltr'>CHRYSOSTOMI.</span> <span class='ocrx_word' id='word_1_7' title='bbox 3418 307 3486 363; x_wconf 67' lang='lat'>78</span> 
     </span>
    </p>
   </div>
   <div class='ocr_carea' id='block_1_2' title="bbox 189 390 1782 467">
    <p class='ocr_par' dir='ltr' id='par_1_2' title="bbox 189 390 1782 467">
     <span class='ocr_line' id='line_1_2' title="bbox 189 390 1782 467; baseline 0.002 -18"><span class='ocrx_word' id='word_1_8' title='bbox 189 390 710 455; x_wconf 66' lang='grc' dir='ltr'>τινονπολιτῶν,καὶ</span> <span class='ocrx_word' id='word_1_9' title='bbox 745 393 890 458; x_wconf 74' lang='grc' dir='ltr'>επως</span> <span class='ocrx_word' id='word_1_10' title='bbox 918 393 1057 467; x_wconf 68' lang='grc' dir='ltr'>ηχθη</span> <span class='ocrx_word' id='word_1_11' title='bbox 1090 410 1138 460; x_wconf 81' lang='grc' dir='ltr'>ι,</span> <span class='ocrx_word' id='word_1_12' title='bbox 1173 401 1266 453; x_wconf 75' lang='grc' dir='ltr'>καὶ</span> <span class='ocrx_word' id='word_1_13' title='bbox 1286 401 1434 463; x_wconf 73' lang='grc' dir='ltr'>ὅπως</span> <span class='ocrx_word' id='word_1_14' title='bbox 1462 401 1782 454; x_wconf 84' lang='grc' dir='ltr'>συνεσκευά-</span> 
     </span>
    </p>
   </div>
   <div class='ocr_carea' id='block_1_3' title="bbox 190 475 1783 556">
    <p class='ocr_par' dir='ltr' id='par_1_3' title="bbox 190 475 1783 556">
     <span class='ocr_line' id='line_1_3' title="bbox 190 475 1783 556; baseline 0.004 -24"><span class='ocrx_word' id='word_1_15' title='bbox 190 476 324 549; x_wconf 78' lang='grc' dir='ltr'>σθη.</span> <span class='ocrx_word' id='word_1_16' title='bbox 366 477 463 531; x_wconf 70' lang='grc' dir='ltr'>καὶ</span> <span class='ocrx_word' id='word_1_17' title='bbox 524 475 702 530; x_wconf 84' lang='grc' dir='ltr'>πάντα</span> <span class='ocrx_word' id='word_1_18' title='bbox 735 479 806 532; x_wconf 83' lang='grc' dir='ltr'>τὰ</span> <span class='ocrx_word' id='word_1_19' title='bbox 832 479 922 533; x_wconf 85' lang='grc' dir='ltr'>διά</span> <span class='ocrx_word' id='word_1_20' title='bbox 963 480 1130 552; x_wconf 87' lang='grc' dir='ltr'>μέσου</span> <span class='ocrx_word' id='word_1_21' title='bbox 1169 484 1364 555; x_wconf 79' lang='grc' dir='ltr'>πικρά,</span> <span class='ocrx_word' id='word_1_22' title='bbox 1404 484 1440 538; x_wconf 78' lang='grc' dir='ltr'>ἀ</span> <span class='ocrx_word' id='word_1_23' title='bbox 1488 485 1639 556; x_wconf 85' lang='grc' dir='ltr'>παρά</span> <span class='ocrx_word' id='word_1_24' title='bbox 1675 483 1783 538; x_wconf 88' lang='grc' dir='ltr'>τῶν</span> 
     </span>
    </p>
   </div>
   <div class='ocr_carea' id='block_1_4' title="bbox 189 559 1784 636">
    <p class='ocr_par' dir='ltr' id='par_1_4' title="bbox 189 559 1784 636">
     <span class='ocr_line' id='line_1_4' title="bbox 189 559 1784 636; baseline 0.006 -24"><span class='ocrx_word' id='word_1_25' title='bbox 189 559 537 632; x_wconf 75' lang='grc' dir='ltr'><strong>πλημμελῶν</strong></span> <span class='ocrx_word' id='word_1_26' title='bbox 589 561 895 631; x_wconf 76' lang='grc' dir='ltr'>φιλοπόνως</span> <span class='ocrx_word' id='word_1_27' title='bbox 935 564 1352 636; x_wconf 83' lang='grc' dir='ltr'>γεγεώργηται,</span> <span class='ocrx_word' id='word_1_28' title='bbox 1400 568 1570 622; x_wconf 80' lang='grc' dir='ltr'>εἰπών</span> <span class='ocrx_word' id='word_1_29' title='bbox 1619 585 1677 620; x_wconf 92' lang='grc' dir='ltr'>τε</span> <span class='ocrx_word' id='word_1_30' title='bbox 1721 569 1784 621; x_wconf 75' lang='grc' dir='ltr'>τὰ</span> 
     </span>
    </p>
   </div>
   <div class='ocr_carea' id='block_1_5' title="bbox 187 644 1779 722">
    <p class='ocr_par' dir='ltr' id='par_1_5' title="bbox 187 644 1779 722">
     <span class='ocr_line' id='line_1_5' title="bbox 187 644 1779 722; baseline 0.005 -25"><span class='ocrx_word' id='word_1_31' title='bbox 187 646 342 698; x_wconf 84' lang='grc' dir='ltr'>κατά</span> <span class='ocrx_word' id='word_1_32' title='bbox 394 645 482 698; x_wconf 76' lang='grc' dir='ltr'>τὸν</span> <span class='ocrx_word' id='word_1_33' title='bbox 540 644 853 718; x_wconf 76' lang='grc' dir='ltr'>Πορφύριον</span> <span class='ocrx_word' id='word_1_34' title='bbox 881 687 894 710; x_wconf 91' lang='grc'>,</span> <span class='ocrx_word' id='word_1_35' title='bbox 944 648 1040 701; x_wconf 57' lang='grc' dir='ltr'>καὶΙ</span> <span class='ocrx_word' id='word_1_36' title='bbox 1075 649 1167 704; x_wconf 84' lang='grc' dir='ltr'>τὸν</span> <span class='ocrx_word' id='word_1_37' title='bbox 1209 650 1436 719; x_wconf 84' lang='grc' dir='ltr'>Ἐφέσου</span> <span class='ocrx_word' id='word_1_38' title='bbox 1492 652 1779 722; x_wconf 80' lang='grc' dir='ltr'>Εὐνοῦχον,</span> 
     </span>
    </p>
   </div>
   <div class='ocr_carea' id='block_1_6' title="bbox 188 728 1782 808">
    <p class='ocr_par' dir='ltr' id='par_1_6' title="bbox 188 728 1782 808">
     <span class='ocr_line' id='line_1_6' title="bbox 188 728 1782 808; baseline 0.005 -28"><span class='ocrx_word' id='word_1_39' title='bbox 188 728 532 796; x_wconf 78' lang='grc' dir='ltr'>ἀπάγγειλον</span> <span class='ocrx_word' id='word_1_40' title='bbox 579 732 714 800; x_wconf 73' lang='grc' dir='ltr'>ἡμῖν</span> <span class='ocrx_word' id='word_1_41' title='bbox 761 731 831 784; x_wconf 85' lang='grc' dir='ltr'>τὰ</span> <span class='ocrx_word' id='word_1_42' title='bbox 875 730 1150 786; x_wconf 79' lang='grc' dir='ltr'>λείποντα.</span> <span class='ocrx_word' id='word_1_43' title='bbox 1195 734 1353 798; x_wconf 87' lang='grc' dir='ltr'>Τίνες</span> <span class='ocrx_word' id='word_1_44' title='bbox 1387 735 1443 788; x_wconf 86' lang='grc' dir='ltr'>δὲ</span> <span class='ocrx_word' id='word_1_45' title='bbox 1474 738 1532 789; x_wconf 89' lang='grc' dir='ltr'>ἐν</span> <span class='ocrx_word' id='word_1_46' title='bbox 1567 735 1782 808; x_wconf 75' lang='grc' dir='ltr'>φυλακῇ</span> 
     </span>
    </p>
   </div>
   <div class='ocr_carea' id='block_1_7' title="bbox 190 808 1780 887">
    <p class='ocr_par' dir='ltr' id='par_1_7' title="bbox 190 808 1780 887">
     <span class='ocr_line' id='line_1_7' title="bbox 190 808 1780 887; baseline 0.008 -25"><span class='ocrx_word' id='word_1_47' title='bbox 190 808 596 882; x_wconf 86' lang='grc' dir='ltr'>ἐτελεύτησαν;</span> <span class='ocrx_word' id='word_1_48' title='bbox 646 813 791 877; x_wconf 87' lang='grc' dir='ltr'>τίνες</span> <span class='ocrx_word' id='word_1_49' title='bbox 839 831 898 867; x_wconf 88' lang='grc' dir='ltr'>τε</span> <span class='ocrx_word' id='word_1_50' title='bbox 956 815 1330 887; x_wconf 80' lang='grc' dir='ltr'>ἐξωρίσθησαν</span> <span class='ocrx_word' id='word_1_51' title='bbox 1376 817 1485 872; x_wconf 90' lang='grc' dir='ltr'>τῶν</span> <span class='ocrx_word' id='word_1_52' title='bbox 1536 819 1780 874; x_wconf 76' lang='grc' dir='ltr'>Ἰωάννου</span> 
     </span>
    </p>
   </div>
   <div class='ocr_carea' id='block_1_8' title="bbox 193 894 1783 972">
    <p class='ocr_par' dir='ltr' id='par_1_8' title="bbox 193 894 1783 972">
     <span class='ocr_line' id='line_1_8' title="bbox 193 894 1783 972; baseline 0.007 -27"><span class='ocrx_word' id='word_1_53' title='bbox 193 894 562 961; x_wconf 81' lang='grc' dir='ltr'>κοινωνικῶν;</span> <span class='ocrx_word' id='word_1_54' title='bbox 596 895 808 950; x_wconf 89' lang='grc' dir='ltr'>δίκαιον</span> <span class='ocrx_word' id='word_1_55' title='bbox 855 897 965 968; x_wconf 80' lang='grc' dir='ltr'>γὰρ</span> <span class='ocrx_word' id='word_1_56' title='bbox 1005 897 1112 952; x_wconf 88' lang='grc' dir='ltr'>τῶν</span> <span class='ocrx_word' id='word_1_57' title='bbox 1141 900 1399 954; x_wconf 82' lang='grc' dir='ltr'>τοιούτων</span> <span class='ocrx_word' id='word_1_58' title='bbox 1427 900 1616 972; x_wconf 80' lang='grc' dir='ltr'>μνείας</span> <span class='ocrx_word' id='word_1_59' title='bbox 1663 905 1783 957; x_wconf 86' lang='grc' dir='ltr'>ἐπι-</span> 
     </span>
    </p>
   </div>
   <div class='ocr_carea' id='block_1_9' title="bbox 191 977 1780 1056">
    <p class='ocr_par' dir='ltr' id='par_1_9' title="bbox 191 977 1780 1056">
     <span class='ocr_line' id='line_1_9' title="bbox 191 977 1780 1056; baseline 0.006 -27"><span class='ocrx_word' id='word_1_60' title='bbox 191 977 365 1031; x_wconf 82' lang='grc' dir='ltr'>τελεῖν</span> <span class='ocrx_word' id='word_1_61' title='bbox 405 981 486 1043; x_wconf 86' lang='grc' dir='ltr'>εἰς</span> <span class='ocrx_word' id='word_1_62' title='bbox 519 979 833 1051; x_wconf 77' lang='grc' dir='ltr'>προθυμίαν</span> <span class='ocrx_word' id='word_1_63' title='bbox 893 981 1001 1034; x_wconf 86' lang='grc' dir='ltr'>τῶν</span> <span class='ocrx_word' id='word_1_64' title='bbox 1039 981 1279 1046; x_wconf 80' lang='grc' dir='ltr'>ζώντων.</span> <span class='ocrx_word' id='word_1_65' title='bbox 1333 985 1396 1037; x_wconf 86' lang='grc' dir='ltr'>Εἰ</span> <span class='ocrx_word' id='word_1_66' title='bbox 1435 990 1546 1056; x_wconf 81' lang='grc' dir='ltr'>γάρ</span> <span class='ocrx_word' id='word_1_67' title='bbox 1583 988 1640 1038; x_wconf 90' lang='grc' dir='ltr'>ἐν</span> <span class='ocrx_word' id='word_1_68' title='bbox 1669 988 1780 1048; x_wconf 83' lang='grc' dir='ltr'>τοῖς</span> 
     </span>
    </p>
   </div>
   <div class='ocr_carea' id='block_1_10' title="bbox 195 1061 1781 1139">
    <p class='ocr_par' dir='ltr' id='par_1_10' title="bbox 195 1061 1781 1139">
     <span class='ocr_line' id='line_1_10' title="bbox 195 1061 1781 1139; baseline 0.005 -26"><span class='ocrx_word' id='word_1_69' title='bbox 195 1061 471 1128; x_wconf 72' lang='grc' dir='ltr'>βιωτικοῖς</span> <span class='ocrx_word' id='word_1_70' title='bbox 527 1063 741 1128; x_wconf 78' lang='grc' dir='ltr'>τούτοις</span> <span class='ocrx_word' id='word_1_71' title='bbox 793 1066 1084 1137; x_wconf 84' lang='grc' dir='ltr'>πράγμασι</span> <span class='ocrx_word' id='word_1_72' title='bbox 1143 1068 1330 1131; x_wconf 87' lang='grc' dir='ltr'>παῖδες</span> <span class='ocrx_word' id='word_1_73' title='bbox 1366 1071 1416 1122; x_wconf 91' lang='grc' dir='ltr'>οί</span> <span class='ocrx_word' id='word_1_74' title='bbox 1473 1069 1615 1139; x_wconf 81' lang='grc' dir='ltr'>ὑπὲρ</span> <span class='ocrx_word' id='word_1_75' title='bbox 1670 1071 1781 1122; x_wconf 84' lang='grc' dir='ltr'>τῶν</span> 
     </span>
    </p>
   </div>
   <div class='ocr_carea' id='block_1_11' title="bbox 190 1143 1777 1222">
    <p class='ocr_par' dir='ltr' id='par_1_11' title="bbox 190 1143 1777 1222">
     <span class='ocr_line' id='line_1_11' title="bbox 190 1143 1777 1222; baseline 0.006 -26"><span class='ocrx_word' id='word_1_76' title='bbox 190 1143 472 1200; x_wconf 80' lang='grc' dir='ltr'>δεσποτῶν</span> <span class='ocrx_word' id='word_1_77' title='bbox 510 1147 918 1219; x_wconf 85' lang='grc' dir='ltr'>συγκλειόμενοι</span> <span class='ocrx_word' id='word_1_78' title='bbox 971 1148 1002 1220; x_wconf 81' lang='grc' dir='ltr'><strong>ἥ</strong></span> <span class='ocrx_word' id='word_1_79' title='bbox 1048 1151 1374 1220; x_wconf 76' lang='grc' dir='ltr'>τυπτόμενοι</span> <span class='ocrx_word' id='word_1_80' title='bbox 1421 1151 1454 1222; x_wconf 79' lang='grc' dir='ltr'>ἢ</span> <span class='ocrx_word' id='word_1_81' title='bbox 1513 1150 1777 1221; x_wconf 82' lang='grc' dir='ltr'>ξεόμενοι,</span> 
     </span>
    </p>
   </div>
   <div class='ocr_carea' id='block_1_12' title="bbox 191 1229 1776 1304">
    <p class='ocr_par' dir='ltr' id='par_1_12' title="bbox 191 1229 1776 1304">
     <span class='ocr_line' id='line_1_12' title="bbox 191 1229 1776 1304; baseline 0.004 -23"><span class='ocrx_word' id='word_1_82' title='bbox 191 1229 408 1293; x_wconf 74' lang='grc' dir='ltr'>εὐνοίας</span> <span class='ocrx_word' id='word_1_83' title='bbox 457 1232 554 1285; x_wconf 76' lang='grc' dir='ltr'>καὶ</span> <span class='ocrx_word' id='word_1_84' title='bbox 611 1232 926 1302; x_wconf 80' lang='grc' dir='ltr'>ἐλευθερίας</span> <span class='ocrx_word' id='word_1_85' title='bbox 985 1233 1118 1304; x_wconf 84' lang='grc' dir='ltr'>παρ’</span> <span class='ocrx_word' id='word_1_86' title='bbox 1173 1234 1353 1287; x_wconf 76' lang='grc' dir='ltr'>αὐτῶν</span> <span class='ocrx_word' id='word_1_87' title='bbox 1410 1234 1776 1298; x_wconf 82' lang='grc' dir='ltr'>ἀπολαύουσι,</span> 
     </span>
    </p>
   </div>
   <div class='ocr_carea' id='block_1_13' title="bbox 192 1314 1780 1389">
    <p class='ocr_par' dir='ltr' id='par_1_13' title="bbox 192 1314 1780 1389">
     <span class='ocr_line' id='line_1_13' title="bbox 192 1314 1780 1389; baseline 0.004 -23"><span class='ocrx_word' id='word_1_88' title='bbox 192 1314 350 1382; x_wconf 81' lang='grc' dir='ltr'>πόσῳ</span> <span class='ocrx_word' id='word_1_89' title='bbox 385 1315 548 1369; x_wconf 80' lang='grc' dir='ltr'>πλέον</span> <span class='ocrx_word' id='word_1_90' title='bbox 586 1316 636 1368; x_wconf 81' lang='grc' dir='ltr'>οι</span> <span class='ocrx_word' id='word_1_91' title='bbox 681 1317 771 1369; x_wconf 82' lang='grc' dir='ltr'>διὰ</span> <span class='ocrx_word' id='word_1_92' title='bbox 797 1318 1032 1389; x_wconf 84' lang='grc' dir='ltr'>Χριστὸν</span> <span class='ocrx_word' id='word_1_93' title='bbox 1052 1318 1476 1389; x_wconf 72' lang='grc' dir='ltr'>τιμωρούμενοι,</span> <span class='ocrx_word' id='word_1_94' title='bbox 1511 1317 1651 1383; x_wconf 80' lang='grc' dir='ltr'>ἄξιοι</span> <span class='ocrx_word' id='word_1_95' title='bbox 1687 1321 1780 1372; x_wconf 72' lang='grc' dir='ltr'>καὶ</span> 
     </span>
    </p>
   </div>
   <div class='ocr_carea' id='block_1_14' title="bbox 189 1395 1778 1472">
    <p class='ocr_par' dir='ltr' id='par_1_14' title="bbox 189 1395 1778 1472">
     <span class='ocr_line' id='line_1_14' title="bbox 189 1395 1778 1472; baseline 0.003 -23"><span class='ocrx_word' id='word_1_96' title='bbox 189 1396 364 1465; x_wconf 85' lang='grc' dir='ltr'>τιμῆς</span> <span class='ocrx_word' id='word_1_97' title='bbox 395 1397 853 1471; x_wconf 67' lang='grc' dir='ltr'>ἐκκλησιαπικῆς</span> <span class='ocrx_word' id='word_1_98' title='bbox 886 1400 980 1453; x_wconf 79' lang='grc' dir='ltr'>καὶ</span> <span class='ocrx_word' id='word_1_99' title='bbox 1006 1399 1220 1462; x_wconf 78' lang='grc' dir='ltr'>εὐνοίας</span> <span class='ocrx_word' id='word_1_100' title='bbox 1247 1401 1423 1466; x_wconf 31' lang='grc' dir='ltr'>είσίν;ν</span> <span class='ocrx_word' id='word_1_101' title='bbox 1443 1403 1572 1472; x_wconf 85' lang='grc' dir='ltr'>περί</span> <span class='ocrx_word' id='word_1_102' title='bbox 1587 1395 1661 1454; x_wconf 80' lang='grc' dir='ltr'>ὧν</span> <span class='ocrx_word' id='word_1_103' title='bbox 1683 1402 1778 1454; x_wconf 76' lang='grc' dir='ltr'>καὶ</span> 
     </span>
    </p>
   </div>
   <div class='ocr_carea' id='block_1_15' title="bbox 187 1480 1777 1554">
    <p class='ocr_par' dir='ltr' id='par_1_15' title="bbox 187 1480 1777 1554">
     <span class='ocr_line' id='line_1_15' title="bbox 187 1480 1777 1554; baseline 0.004 -22"><span class='ocrx_word' id='word_1_104' title='bbox 187 1482 216 1532; x_wconf 87' lang='lat'>6</span> <span class='ocrx_word' id='word_1_105' title='bbox 264 1480 592 1545; x_wconf 82' lang='grc' dir='ltr'>’Δπόστολος</span> <span class='ocrx_word' id='word_1_106' title='bbox 617 1481 778 1549; x_wconf 83' lang='grc' dir='ltr'>λέγει·</span> <span class='ocrx_word' id='word_1_107' title='bbox 827 1481 954 1547; x_wconf 81' lang='grc' dir='ltr'>Το’ς</span> <span class='ocrx_word' id='word_1_108' title='bbox 997 1481 1269 1552; x_wconf 75' lang='grc' dir='ltr'>δεσμίοις</span> <span class='ocrx_word' id='word_1_109' title='bbox 1299 1483 1380 1549; x_wconf 86' lang='grc' dir='ltr'>ὼς</span> <span class='ocrx_word' id='word_1_110' title='bbox 1416 1483 1777 1554; x_wconf 81' lang='grc' dir='ltr'>συνδεδεμέ-</span> 
     </span>
    </p>
   </div>
   <div class='ocr_carea' id='block_1_16' title="bbox 186 1565 1779 1638">
    <p class='ocr_par' dir='ltr' id='par_1_16' title="bbox 186 1565 1779 1638">
     <span class='ocr_line' id='line_1_16' title="bbox 186 1565 1779 1638; baseline 0.004 -23"><span class='ocrx_word' id='word_1_111' title='bbox 186 1579 304 1629; x_wconf 71' lang='grc' dir='ltr'>νοι,</span> <span class='ocrx_word' id='word_1_112' title='bbox 330 1566 448 1627; x_wconf 88' lang='grc' dir='ltr'>τοῖς</span> <span class='ocrx_word' id='word_1_113' title='bbox 468 1565 928 1635; x_wconf 84' lang='grc' dir='ltr'>κακουχουμένοις</span> <span class='ocrx_word' id='word_1_114' title='bbox 959 1566 1495 1638; x_wconf 89' lang='grc' dir='ltr'>συγκακουχούμενοι</span> <span class='ocrx_word' id='word_1_115' title='bbox 1516 1609 1530 1632; x_wconf 90' lang='grc'>,</span> <span class='ocrx_word' id='word_1_116' title='bbox 1571 1569 1647 1632; x_wconf 88' lang='grc' dir='ltr'>ώς</span> <span class='ocrx_word' id='word_1_117' title='bbox 1684 1570 1779 1623; x_wconf 73' lang='grc' dir='ltr'>καὶ</span> 
     </span>
    </p>
   </div>
   <div class='ocr_carea' id='block_1_17' title="bbox 190 1647 1776 1721">
    <p class='ocr_par' dir='ltr' id='par_1_17' title="bbox 190 1647 1776 1721">
     <span class='ocr_line' id='line_1_17' title="bbox 190 1647 1776 1721; baseline 0.005 -23"><span class='ocrx_word' id='word_1_118' title='bbox 190 1647 344 1699; x_wconf 79' lang='grc' dir='ltr'>αὐτοὶ</span> <span class='ocrx_word' id='word_1_119' title='bbox 363 1648 423 1700; x_wconf 86' lang='grc' dir='ltr'>ἐν</span> <span class='ocrx_word' id='word_1_120' title='bbox 450 1647 663 1717; x_wconf 85' lang='grc' dir='ltr'>σώματι</span> <span class='ocrx_word' id='word_1_121' title='bbox 693 1647 862 1711; x_wconf 86' lang='grc' dir='ltr'>ὀντες.</span> <span class='ocrx_word' id='word_1_122' title='bbox 899 1647 1096 1718; x_wconf 77' lang='grc' dir='ltr'>Τίμιος</span> <span class='ocrx_word' id='word_1_123' title='bbox 1125 1649 1232 1721; x_wconf 72' lang='grc' dir='ltr'>γὰρ</span> <span class='ocrx_word' id='word_1_124' title='bbox 1258 1650 1538 1704; x_wconf 74' lang='grc' dir='ltr'>ἐναντίον</span> <span class='ocrx_word' id='word_1_125' title='bbox 1555 1652 1776 1719; x_wconf 78' lang='grc' dir='ltr'>Κυρίου</span> 
     </span>
    </p>
   </div>
   <div class='ocr_carea' id='block_1_18' title="bbox 190 1729 1776 1804">
    <p class='ocr_par' dir='ltr' id='par_1_18' title="bbox 190 1729 1776 1804">
     <span class='ocr_line' id='line_1_18' title="bbox 190 1729 1776 1804; baseline 0.003 -20"><span class='ocrx_word' id='word_1_126' title='bbox 190 1733 224 1784; x_wconf 86' lang='grc' dir='ltr'>ό</span> <span class='ocrx_word' id='word_1_127' title='bbox 260 1730 523 1798; x_wconf 64' lang='grc' dir='ltr'>θάνατος</span> <span class='ocrx_word' id='word_1_128' title='bbox 554 1729 674 1784; x_wconf 80' lang='grc' dir='ltr'>τῶν</span> <span class='ocrx_word' id='word_1_129' title='bbox 702 1731 890 1785; x_wconf 79' lang='grc' dir='ltr'>ὁσίων</span> <span class='ocrx_word' id='word_1_130' title='bbox 918 1731 1127 1787; x_wconf 81' lang='grc' dir='ltr'>αὑτοῦ.</span> <span class='ocrx_word' id='word_1_131' title='bbox 1166 1733 1225 1785; x_wconf 88' lang='grc' dir='ltr'><strong>Ὀ</strong></span> <span class='ocrx_word' id='word_1_132' title='bbox 1253 1733 1499 1787; x_wconf 83' lang='grc' dir='ltr'>ἘΠΙΣΚ.</span> <span class='ocrx_word' id='word_1_133' title='bbox 1546 1735 1776 1804; x_wconf 80' lang='grc' dir='ltr'>Ἀριστα</span> 
     </span>
    </p>
   </div>
   <div class='ocr_carea' id='block_1_19' title="bbox 189 1812 1776 1889">
    <p class='ocr_par' dir='ltr' id='par_1_19' title="bbox 189 1812 1776 1889">
     <span class='ocr_line' id='line_1_19' title="bbox 189 1812 1776 1889; baseline 0.003 -22"><span class='ocrx_word' id='word_1_134' title='bbox 189 1812 371 1879; x_wconf 81' lang='grc' dir='ltr'>εἶπας·</span> <span class='ocrx_word' id='word_1_135' title='bbox 402 1816 598 1870; x_wconf 77' lang='grc' dir='ltr'>οὐκοῦν</span> <span class='ocrx_word' id='word_1_136' title='bbox 621 1817 875 1870; x_wconf 81' lang='grc' dir='ltr'>ἄκουσον.</span> <span class='ocrx_word' id='word_1_137' title='bbox 905 1819 966 1870; x_wconf 72' lang='lat' dir='ltr'>Ol</span> <span class='ocrx_word' id='word_1_138' title='bbox 993 1818 1093 1888; x_wconf 80' lang='grc' dir='ltr'>μὲν</span> <span class='ocrx_word' id='word_1_139' title='bbox 1122 1817 1442 1883; x_wconf 88' lang='grc' dir='ltr'>ἐπίσκοποι,</span> <span class='ocrx_word' id='word_1_140' title='bbox 1471 1818 1546 1880; x_wconf 87' lang='grc' dir='ltr'>ὼς</span> <span class='ocrx_word' id='word_1_141' title='bbox 1587 1818 1684 1889; x_wconf 85' lang='grc' dir='ltr'>μὲν</span> <span class='ocrx_word' id='word_1_142' title='bbox 1718 1821 1776 1873; x_wconf 89' lang='grc' dir='ltr'>ἐν</span> 
     </span>
    </p>
   </div>
   <div class='ocr_carea' id='block_1_20' title="bbox 189 1899 1771 1971">
    <p class='ocr_par' dir='ltr' id='par_1_20' title="bbox 189 1899 1771 1971">
     <span class='ocr_line' id='line_1_20' title="bbox 189 1899 1771 1971; baseline 0.003 -21"><span class='ocrx_word' id='word_1_143' title='bbox 189 1900 384 1969; x_wconf 80' lang='grc' dir='ltr'>ἀρχαῖς</span> <span class='ocrx_word' id='word_1_144' title='bbox 412 1901 444 1970; x_wconf 77' lang='grc' dir='ltr'><strong>ἠ</strong></span> <span class='ocrx_word' id='word_1_145' title='bbox 479 1901 635 1971; x_wconf 74' lang='grc' dir='ltr'>φήμη</span> <span class='ocrx_word' id='word_1_146' title='bbox 669 1899 1070 1971; x_wconf 86' lang='grc' dir='ltr'>περιέδραμεν,</span> <span class='ocrx_word' id='word_1_147' title='bbox 1103 1902 1183 1964; x_wconf 82' lang='grc' dir='ltr'>είς</span> <span class='ocrx_word' id='word_1_148' title='bbox 1227 1900 1500 1954; x_wconf 88' lang='grc' dir='ltr'>θάλασσαν</span> <span class='ocrx_word' id='word_1_149' title='bbox 1541 1901 1771 1955; x_wconf 83' lang='grc' dir='ltr'>ἐποντώ-</span> 
     </span>
    </p>
   </div>
   <div class='ocr_carea' id='block_1_21' title="bbox 191 1981 1778 2056">
    <p class='ocr_par' dir='ltr' id='par_1_21' title="bbox 191 1981 1778 2056">
     <span class='ocr_line' id='line_1_21' title="bbox 191 1981 1778 2056; baseline 0.003 -22"><span class='ocrx_word' id='word_1_150' title='bbox 191 1981 390 2054; x_wconf 88' lang='grc' dir='ltr'>θησαν·</span> <span class='ocrx_word' id='word_1_151' title='bbox 430 1982 505 2047; x_wconf 84' lang='grc' dir='ltr'>ὡς</span> <span class='ocrx_word' id='word_1_152' title='bbox 537 1983 593 2036; x_wconf 79' lang='grc' dir='ltr'>δὲ</span> <span class='ocrx_word' id='word_1_153' title='bbox 623 1986 652 2036; x_wconf 88' lang='grc' dir='ltr'>ὀ</span> <span class='ocrx_word' id='word_1_154' title='bbox 685 1983 894 2055; x_wconf 83' lang='grc' dir='ltr'>ἀληθὴς</span> <span class='ocrx_word' id='word_1_155' title='bbox 939 1983 1184 2055; x_wconf 78' lang='grc' dir='ltr'><strong>περιέχει</strong></span> <span class='ocrx_word' id='word_1_156' title='bbox 1225 1983 1400 2053; x_wconf 88' lang='grc' dir='ltr'>λόγος,</span> <span class='ocrx_word' id='word_1_157' title='bbox 1452 1985 1532 2048; x_wconf 91' lang='grc' dir='ltr'>εἰς</span> <span class='ocrx_word' id='word_1_158' title='bbox 1561 1984 1778 2056; x_wconf 75' lang='grc' dir='ltr'>ἐξορίαν</span> 
     </span>
    </p>
   </div>
   <div class='ocr_carea' id='block_1_22' title="bbox 190 2066 1772 2141">
    <p class='ocr_par' dir='ltr' id='par_1_22' title="bbox 190 2066 1772 2141">
     <span class='ocr_line' id='line_1_22' title="bbox 190 2066 1772 2141; baseline 0.002 -24"><span class='ocrx_word' id='word_1_159' title='bbox 190 2067 479 2138; x_wconf 72' lang='grc' dir='ltr'>ὑπερόριον</span> <span class='ocrx_word' id='word_1_160' title='bbox 507 2066 896 2138; x_wconf 77' lang='grc' dir='ltr'>ἀπεστάλησαν</span> <span class='ocrx_word' id='word_1_161' title='bbox 936 2069 992 2121; x_wconf 90' lang='grc' dir='ltr'>ἐν</span> <span class='ocrx_word' id='word_1_162' title='bbox 1019 2070 1143 2130; x_wconf 88' lang='grc' dir='ltr'>ταῖς</span> <span class='ocrx_word' id='word_1_163' title='bbox 1168 2067 1532 2141; x_wconf 87' lang='grc' dir='ltr'>βαρϐαρικαῖς</span> <span class='ocrx_word' id='word_1_164' title='bbox 1554 2068 1772 2134; x_wconf 79' lang='grc' dir='ltr'>ζώναις,</span> 
     </span>
    </p>
   </div>
   <div class='ocr_carea' id='block_1_23' title="bbox 188 2150 1774 2225">
    <p class='ocr_par' dir='ltr' id='par_1_23' title="bbox 188 2150 1774 2225">
     <span class='ocr_line' id='line_1_23' title="bbox 188 2150 1774 2225; baseline 0.003 -23"><span class='ocrx_word' id='word_1_165' title='bbox 188 2151 290 2202; x_wconf 74' lang='grc' dir='ltr'>ὑπὸ</span> <span class='ocrx_word' id='word_1_166' title='bbox 312 2150 528 2221; x_wconf 81' lang='grc' dir='ltr'>δημίων</span> <span class='ocrx_word' id='word_1_167' title='bbox 561 2151 731 2204; x_wconf 83' lang='grc' dir='ltr'>εἰσέτι</span> <span class='ocrx_word' id='word_1_168' title='bbox 753 2153 849 2204; x_wconf 75' lang='grc' dir='ltr'>καὶ</span> <span class='ocrx_word' id='word_1_169' title='bbox 874 2150 970 2204; x_wconf 89' lang='grc' dir='ltr'>νῦν</span> <span class='ocrx_word' id='word_1_170' title='bbox 993 2151 1414 2223; x_wconf 86' lang='grc' dir='ltr'>φρουρούμενοι.</span> <span class='ocrx_word' id='word_1_171' title='bbox 1443 2151 1646 2205; x_wconf 80' lang='grc' dir='ltr'>Ἐλθὼν</span> <span class='ocrx_word' id='word_1_172' title='bbox 1669 2154 1774 2225; x_wconf 90' lang='grc' dir='ltr'>γάρ</span> 
     </span>
    </p>
   </div>
   <div class='ocr_carea' id='block_1_24' title="bbox 185 2235 1773 2308">
    <p class='ocr_par' dir='ltr' id='par_1_24' title="bbox 185 2235 1773 2308">
     <span class='ocr_line' id='line_1_24' title="bbox 185 2235 1773 2308; baseline 0.001 -21"><span class='ocrx_word' id='word_1_173' title='bbox 185 2249 269 2296; x_wconf 88' lang='grc' dir='ltr'>τις</span> <span class='ocrx_word' id='word_1_174' title='bbox 290 2235 620 2299; x_wconf 86' lang='grc' dir='ltr'>συνοδεύσας</span> <span class='ocrx_word' id='word_1_175' title='bbox 649 2237 834 2298; x_wconf 77' lang='grc' dir='ltr'>αὐτοῖς</span> <span class='ocrx_word' id='word_1_176' title='bbox 855 2235 1102 2299; x_wconf 87' lang='grc' dir='ltr'>διάκονος</span> <span class='ocrx_word' id='word_1_177' title='bbox 1123 2237 1467 2308; x_wconf 81' lang='grc' dir='ltr'>ἀφηγήσατο,</span> <span class='ocrx_word' id='word_1_178' title='bbox 1495 2237 1773 2307; x_wconf 79' lang='grc' dir='ltr'>κυριακὸν</span> 
     </span>
    </p>
   </div>
   <div class='ocr_carea' id='block_1_25' title="bbox 189 2318 1774 2390">
    <p class='ocr_par' dir='ltr' id='par_1_25' title="bbox 189 2318 1774 2390">
     <span class='ocr_line' id='line_1_25' title="bbox 189 2318 1774 2390; baseline 0.004 -22"><span class='ocrx_word' id='word_1_179' title='bbox 189 2319 282 2384; x_wconf 71' lang='grc' dir='ltr'>μὲν</span> <span class='ocrx_word' id='word_1_180' title='bbox 311 2319 406 2372; x_wconf 78' lang='grc' dir='ltr'>τὸν</span> <span class='ocrx_word' id='word_1_181' title='bbox 440 2318 682 2390; x_wconf 78' lang='grc' dir='ltr'>Ἐμέσης</span> <span class='ocrx_word' id='word_1_182' title='bbox 725 2319 988 2390; x_wconf 76' lang='grc' dir='ltr'>ἐνδοτέρω</span> <span class='ocrx_word' id='word_1_183' title='bbox 1037 2320 1368 2390; x_wconf 84' lang='grc' dir='ltr'>ὀγδοήκοντα</span> <span class='ocrx_word' id='word_1_184' title='bbox 1417 2319 1659 2390; x_wconf 80' lang='grc' dir='ltr'>σημείων</span> <span class='ocrx_word' id='word_1_185' title='bbox 1693 2323 1774 2385; x_wconf 87' lang='grc' dir='ltr'>είς</span> 
     </span>
    </p>
   </div>
   <div class='ocr_carea' id='block_1_26' title="bbox 187 2401 1771 2476">
    <p class='ocr_par' dir='ltr' id='par_1_26' title="bbox 187 2401 1771 2476">
     <span class='ocr_line' id='line_1_26' title="bbox 187 2401 1771 2476; baseline -0.001 -20"><span class='ocrx_word' id='word_1_186' title='bbox 187 2401 508 2474; x_wconf 85' lang='grc' dir='ltr'>Παλμῦραν,</span> <span class='ocrx_word' id='word_1_187' title='bbox 548 2405 609 2456; x_wconf 77' lang='grc' dir='ltr'>τὸ</span> <span class='ocrx_word' id='word_1_188' title='bbox 656 2403 764 2457; x_wconf 86' lang='grc' dir='ltr'>τῶν</span> <span class='ocrx_word' id='word_1_189' title='bbox 807 2404 1036 2475; x_wconf 86' lang='grc' dir='ltr'>Περσῶν</span> <span class='ocrx_word' id='word_1_190' title='bbox 1081 2404 1362 2476; x_wconf 87' lang='grc' dir='ltr'>φρούριον,</span> <span class='ocrx_word' id='word_1_191' title='bbox 1411 2401 1572 2456; x_wconf 81' lang='grc' dir='ltr'>εἰναι·</span> <span class='ocrx_word' id='word_1_192' title='bbox 1598 2402 1771 2456; x_wconf 87' lang='grc' dir='ltr'>Εύλύ-</span> 
     </span>
    </p>
   </div>
   <div class='ocr_carea' id='block_1_27' title="bbox 187 2485 1771 2559">
    <p class='ocr_par' dir='ltr' id='par_1_27' title="bbox 187 2485 1771 2559">
     <span class='ocr_line' id='line_1_27' title="bbox 187 2485 1771 2559; baseline 0.001 -20"><span class='ocrx_word' id='word_1_193' title='bbox 187 2504 294 2541; x_wconf 86' lang='grc' dir='ltr'>σιον</span> <span class='ocrx_word' id='word_1_194' title='bbox 342 2487 403 2540; x_wconf 82' lang='grc' dir='ltr'>δὲ</span> <span class='ocrx_word' id='word_1_195' title='bbox 451 2487 696 2558; x_wconf 84' lang='grc' dir='ltr'>Βόστρης</span> <span class='ocrx_word' id='word_1_196' title='bbox 731 2488 828 2558; x_wconf 86' lang='grc' dir='ltr'>τῆς</span> <span class='ocrx_word' id='word_1_197' title='bbox 869 2488 1120 2559; x_wconf 80' lang='grc' dir='ltr'>’Δράϐων</span> <span class='ocrx_word' id='word_1_198' title='bbox 1150 2485 1419 2558; x_wconf 85' lang='grc' dir='ltr'>ἐσώτερον</span> <span class='ocrx_word' id='word_1_199' title='bbox 1464 2485 1581 2540; x_wconf 86' lang='grc' dir='ltr'>όδόν</span> <span class='ocrx_word' id='word_1_200' title='bbox 1601 2486 1771 2558; x_wconf 83' lang='grc' dir='ltr'>τριῶν</span> 
     </span>
    </p>
   </div>
   <div class='ocr_carea' id='block_1_28' title="bbox 184 2567 1766 2642">
    <p class='ocr_par' dir='ltr' id='par_1_28' title="bbox 184 2567 1766 2642">
     <span class='ocr_line' id='line_1_28' title="bbox 184 2567 1766 2642; baseline -0.002 -18"><span class='ocrx_word' id='word_1_201' title='bbox 184 2570 406 2642; x_wconf 63' lang='grc' dir='ltr'>ἡμερῶν</span> <span class='ocrx_word' id='word_1_202' title='bbox 456 2571 662 2640; x_wconf 80' lang='grc' dir='ltr'>ὁμοίιος</span> <span class='ocrx_word' id='word_1_203' title='bbox 711 2572 792 2634; x_wconf 87' lang='grc' dir='ltr'>εἰς</span> <span class='ocrx_word' id='word_1_204' title='bbox 837 2570 1096 2642; x_wconf 84' lang='grc' dir='ltr'>φρούριον</span> <span class='ocrx_word' id='word_1_205' title='bbox 1139 2571 1362 2640; x_wconf 78' lang='grc' dir='ltr'>Μισφᾶς</span> <span class='ocrx_word' id='word_1_206' title='bbox 1397 2567 1766 2639; x_wconf 88' lang='grc' dir='ltr'>καλούμενον,</span> 
     </span>
    </p>
   </div>
   <div class='ocr_carea' id='block_1_29' title="bbox 185 2651 1769 2728">
    <p class='ocr_par' dir='ltr' id='par_1_29' title="bbox 185 2651 1769 2728">
     <span class='ocr_line' id='line_1_29' title="bbox 185 2651 1769 2728; baseline -0.001 -21"><span class='ocrx_word' id='word_1_207' title='bbox 185 2653 408 2725; x_wconf 80' lang='grc' dir='ltr'>πλησίον</span> <span class='ocrx_word' id='word_1_208' title='bbox 447 2653 556 2706; x_wconf 89' lang='grc' dir='ltr'>τῶν</span> <span class='ocrx_word' id='word_1_209' title='bbox 605 2653 966 2726; x_wconf 84' lang='grc' dir='ltr'>Σαρακηνῶν·</span> <span class='ocrx_word' id='word_1_210' title='bbox 1013 2652 1310 2708; x_wconf 83' lang='grc' dir='ltr'>Παλλάδιον</span> <span class='ocrx_word' id='word_1_211' title='bbox 1356 2653 1412 2706; x_wconf 87' lang='grc' dir='ltr'>δὲ</span> <span class='ocrx_word' id='word_1_212' title='bbox 1465 2651 1769 2728; x_wconf 83' lang='grc' dir='ltr'>Βλεμμύων</span> 
     </span>
    </p>
   </div>
   <div class='ocr_carea' id='block_1_30' title="bbox 181 2735 1762 2808">
    <p class='ocr_par' dir='ltr' id='par_1_30' title="bbox 181 2735 1762 2808">
     <span class='ocr_line' id='line_1_30' title="bbox 181 2735 1762 2808; baseline -0.003 -17"><span class='ocrx_word' id='word_1_213' title='bbox 181 2737 213 2807; x_wconf 64' lang='grc' dir='ltr'><strong>ἢ</strong></span> <span class='ocrx_word' id='word_1_214' title='bbox 257 2737 541 2791; x_wconf 74' lang='grc' dir='ltr'>Αἰθιόπων</span> <span class='ocrx_word' id='word_1_215' title='bbox 583 2737 612 2775; x_wconf 75' lang='grc' dir='ltr'>ι»</span> <span class='ocrx_word' id='word_1_216' title='bbox 659 2738 724 2789; x_wconf 89' lang='grc' dir='ltr'>ὲκ</span> <span class='ocrx_word' id='word_1_217' title='bbox 780 2739 1038 2805; x_wconf 79' lang='grc' dir='ltr'>γειτόνων</span> <span class='ocrx_word' id='word_1_218' title='bbox 1104 2735 1457 2808; x_wconf 79' lang='grc' dir='ltr'>φρουρεῖσθαι</span> <span class='ocrx_word' id='word_1_219' title='bbox 1526 2735 1703 2807; x_wconf 73' lang='grc' dir='ltr'>Συήνη</span> <span class='ocrx_word' id='word_1_220' title='bbox 1741 2746 1762 2775; x_wconf 77' lang='grc' dir='ltr'>ε</span> 
     </span>
    </p>
   </div>
   <div class='ocr_carea' id='block_1_31' title="bbox 183 2819 1766 2894">
    <p class='ocr_par' dir='ltr' id='par_1_31' title="bbox 183 2819 1766 2894">
     <span class='ocr_line' id='line_1_31' title="bbox 183 2819 1766 2894; baseline -0.003 -20"><span class='ocrx_word' id='word_1_221' title='bbox 183 2820 519 2890; x_wconf 78' lang='grc' dir='ltr'>καλούμενον</span> <span class='ocrx_word' id='word_1_222' title='bbox 565 2819 628 2894; x_wconf 66' lang='grc' dir='ltr'>τὸ</span> <span class='ocrx_word' id='word_1_223' title='bbox 670 2819 888 2890; x_wconf 88' lang='grc' dir='ltr'>χωρίον·</span> <span class='ocrx_word' id='word_1_224' title='bbox 933 2821 1244 2891; x_wconf 78' lang='grc' dir='ltr'>Δημήτριον</span> <span class='ocrx_word' id='word_1_225' title='bbox 1274 2819 1380 2872; x_wconf 85' lang='grc' dir='ltr'>έσω</span> <span class='ocrx_word' id='word_1_226' title='bbox 1427 2820 1508 2882; x_wconf 90' lang='grc' dir='ltr'>εἰς</span> <span class='ocrx_word' id='word_1_227' title='bbox 1551 2820 1766 2882; x_wconf 87' lang='grc' dir='ltr'>Ὄασιν,</span> 
     </span>
    </p>
   </div>
   <div class='ocr_carea' id='block_1_32' title="bbox 181 2901 1765 2975">
    <p class='ocr_par' dir='ltr' id='par_1_32' title="bbox 181 2901 1765 2975">
     <span class='ocr_line' id='line_1_32' title="bbox 181 2901 1765 2975; baseline -0.002 -19"><span class='ocrx_word' id='word_1_228' title='bbox 181 2905 272 2975; x_wconf 77' lang='grc' dir='ltr'>τὴν</span> <span class='ocrx_word' id='word_1_229' title='bbox 298 2903 521 2973; x_wconf 77' lang='grc' dir='ltr'>γείτονα</span> <span class='ocrx_word' id='word_1_230' title='bbox 541 2903 650 2956; x_wconf 89' lang='grc' dir='ltr'>τῶν</span> <span class='ocrx_word' id='word_1_231' title='bbox 675 2903 956 2968; x_wconf 77' lang='grc' dir='ltr'>Μαζίκων·</span> <span class='ocrx_word' id='word_1_232' title='bbox 987 2905 1092 2957; x_wconf 66' lang='grc' dir='ltr'>εἰσὶ</span> <span class='ocrx_word' id='word_1_233' title='bbox 1112 2903 1218 2974; x_wconf 86' lang='grc' dir='ltr'>γάρ</span> <span class='ocrx_word' id='word_1_234' title='bbox 1242 2904 1335 2957; x_wconf 77' lang='grc' dir='ltr'>καὶ</span> <span class='ocrx_word' id='word_1_235' title='bbox 1363 2901 1765 2966; x_wconf 81' lang='grc' dir='ltr'>ἀλλαιῸάσεις·</span> 
     </span>
    </p>
   </div>
   <div class='ocr_carea' id='block_1_33' title="bbox 183 2985 1766 3058">
    <p class='ocr_par' dir='ltr' id='par_1_33' title="bbox 183 2985 1766 3058">
     <span class='ocr_line' id='line_1_33' title="bbox 183 2985 1766 3058; baseline -0.001 -18"><span class='ocrx_word' id='word_1_236' title='bbox 183 2987 513 3058; x_wconf 78' lang='grc' dir='ltr'>Σαραπίωνα</span> <span class='ocrx_word' id='word_1_237' title='bbox 533 2986 614 3050; x_wconf 82' lang='grc' dir='ltr'>δὲ,</span> <span class='ocrx_word' id='word_1_238' title='bbox 643 2986 783 3058; x_wconf 87' lang='grc' dir='ltr'>μετά</span> <span class='ocrx_word' id='word_1_239' title='bbox 807 2985 1007 3058; x_wconf 89' lang='grc' dir='ltr'>μυρίας</span> <span class='ocrx_word' id='word_1_240' title='bbox 1043 2986 1465 3050; x_wconf 78' lang='grc' dir='ltr'>ἀναποδείκτους</span> <span class='ocrx_word' id='word_1_241' title='bbox 1499 3002 1766 3055; x_wconf 85' lang='grc' dir='ltr'>συκοφαν-</span> 
     </span>
    </p>
   </div>
   <div class='ocr_carea' id='block_1_34' title="bbox 181 3068 1767 3141">
    <p class='ocr_par' dir='ltr' id='par_1_34' title="bbox 181 3068 1767 3141">
     <span class='ocr_line' id='line_1_34' title="bbox 181 3068 1767 3141; baseline 0 -19"><span class='ocrx_word' id='word_1_242' title='bbox 181 3072 315 3137; x_wconf 82' lang='grc' dir='ltr'>τίας,</span> <span class='ocrx_word' id='word_1_243' title='bbox 351 3071 604 3140; x_wconf 82' lang='grc' dir='ltr'>ὠμότητι</span> <span class='ocrx_word' id='word_1_244' title='bbox 635 3069 903 3122; x_wconf 81' lang='grc' dir='ltr'>δικαστῶν</span> <span class='ocrx_word' id='word_1_245' title='bbox 939 3069 1367 3141; x_wconf 87' lang='grc' dir='ltr'>καθυϐρίσαντες</span> <span class='ocrx_word' id='word_1_246' title='bbox 1393 3070 1671 3140; x_wconf 78' lang='grc' dir='ltr'>αἰκισμοῖς</span> <span class='ocrx_word' id='word_1_247' title='bbox 1706 3068 1767 3122; x_wconf 75' lang='grc' dir='ltr'>τὸ</span> 
     </span>
    </p>
   </div>
   <div class='ocr_carea' id='block_1_35' title="bbox 182 3152 1767 3226">
    <p class='ocr_par' dir='ltr' id='par_1_35' title="bbox 182 3152 1767 3226">
     <span class='ocr_line' id='line_1_35' title="bbox 182 3152 1767 3226; baseline -0.003 -17"><span class='ocrx_word' id='word_1_248' title='bbox 182 3156 338 3226; x_wconf 84' lang='grc' dir='ltr'>σῶμα</span> <span class='ocrx_word' id='word_1_249' title='bbox 367 3155 568 3225; x_wconf 77' lang='grc' dir='ltr'>μέχρις</span> <span class='ocrx_word' id='word_1_250' title='bbox 589 3154 833 3223; x_wconf 83' lang='grc' dir='ltr'>ἐκκοπῆς</span> <span class='ocrx_word' id='word_1_251' title='bbox 852 3153 962 3208; x_wconf 88' lang='grc' dir='ltr'>τῶν</span> <span class='ocrx_word' id='word_1_252' title='bbox 992 3153 1244 3219; x_wconf 83' lang='grc' dir='ltr'>ὀδόντων,</span> <span class='ocrx_word' id='word_1_253' title='bbox 1269 3154 1343 3217; x_wconf 86' lang='grc' dir='ltr'>ὡς</span> <span class='ocrx_word' id='word_1_254' title='bbox 1369 3153 1546 3222; x_wconf 85' lang='grc' dir='ltr'>λόγος,</span> <span class='ocrx_word' id='word_1_255' title='bbox 1569 3154 1648 3216; x_wconf 86' lang='grc' dir='ltr'>είς</span> <span class='ocrx_word' id='word_1_256' title='bbox 1667 3152 1767 3224; x_wconf 81' lang='grc' dir='ltr'>τὴν</span> 
     </span>
    </p>
   </div>
   <div class='ocr_carea' id='block_1_36' title="bbox 184 3234 1767 3308">
    <p class='ocr_par' dir='ltr' id='par_1_36' title="bbox 184 3234 1767 3308">
     <span class='ocr_line' id='line_1_36' title="bbox 184 3234 1767 3308; baseline -0.002 -17"><span class='ocrx_word' id='word_1_257' title='bbox 184 3238 315 3291; x_wconf 83' lang='grc' dir='ltr'>ἰδίαν</span> <span class='ocrx_word' id='word_1_258' title='bbox 332 3237 573 3308; x_wconf 81' lang='grc' dir='ltr'>πατρίδα</span> <span class='ocrx_word' id='word_1_259' title='bbox 590 3235 951 3308; x_wconf 88' lang='grc' dir='ltr'>περιώρισαν.</span> <span class='ocrx_word' id='word_1_260' title='bbox 981 3234 1224 3308; x_wconf 81' lang='grc' dir='ltr'>Ἰλάριος,</span> <span class='ocrx_word' id='word_1_261' title='bbox 1243 3237 1345 3307; x_wconf 80' lang='grc' dir='ltr'>ἁνὴ</span> <span class='ocrx_word' id='word_1_262' title='bbox 1351 3254 1383 3308; x_wconf 91' lang='grc' dir='ltr'>ρ</span> <span class='ocrx_word' id='word_1_263' title='bbox 1402 3236 1576 3304; x_wconf 82' lang='grc' dir='ltr'>ἆγιος,</span> <span class='ocrx_word' id='word_1_264' title='bbox 1601 3253 1767 3307; x_wconf 87' lang='grc' dir='ltr'>γεγη-</span> 
     </span>
    </p>
   </div>
   <div class='ocr_carea' id='block_1_37' title="bbox 183 3319 1767 3393">
    <p class='ocr_par' dir='ltr' id='par_1_37' title="bbox 183 3319 1767 3393">
     <span class='ocr_line' id='line_1_37' title="bbox 183 3319 1767 3393; baseline -0.003 -16"><span class='ocrx_word' id='word_1_265' title='bbox 183 3323 386 3393; x_wconf 67' lang='grc' dir='ltr'>ρακὼς,</span> <span class='ocrx_word' id='word_1_266' title='bbox 409 3325 491 3384; x_wconf 84' lang='grc' dir='ltr'>είς</span> <span class='ocrx_word' id='word_1_267' title='bbox 503 3323 702 3376; x_wconf 78' lang='grc' dir='ltr'>Πόντον</span> <span class='ocrx_word' id='word_1_268' title='bbox 721 3323 820 3392; x_wconf 82' lang='grc' dir='ltr'>τὴν</span> <span class='ocrx_word' id='word_1_269' title='bbox 835 3322 1099 3376; x_wconf 76' lang='grc' dir='ltr'>ἐνδοτάτω</span> <span class='ocrx_word' id='word_1_270' title='bbox 1119 3321 1460 3390; x_wconf 76' lang='grc' dir='ltr'>ἐξαπεστάλη</span> <span class='ocrx_word' id='word_1_271' title='bbox 1484 3319 1620 3390; x_wconf 88' lang='grc' dir='ltr'>μετά</span> <span class='ocrx_word' id='word_1_272' title='bbox 1631 3320 1767 3392; x_wconf 86' lang='grc' dir='ltr'>πλη-</span> 
     </span>
    </p>
   </div>
   <div class='ocr_carea' id='block_1_38' title="bbox 177 3402 1766 3476">
    <p class='ocr_par' dir='ltr' id='par_1_38' title="bbox 177 3402 1766 3476">
     <span class='ocr_line' id='line_1_38' title="bbox 177 3402 1766 3476; baseline -0.001 -18"><span class='ocrx_word' id='word_1_273' title='bbox 177 3407 299 3472; x_wconf 79' lang='grc' dir='ltr'>γὰς,</span> <span class='ocrx_word' id='word_1_274' title='bbox 318 3405 380 3458; x_wconf 78' lang='grc' dir='ltr'>οὐ</span> <span class='ocrx_word' id='word_1_275' title='bbox 400 3405 686 3468; x_wconf 77' lang='grc' dir='ltr'>δικαστοῦ,</span> <span class='ocrx_word' id='word_1_276' title='bbox 709 3405 846 3460; x_wconf 85' lang='grc' dir='ltr'>ἀλλά</span> <span class='ocrx_word' id='word_1_277' title='bbox 863 3405 958 3458; x_wconf 85' lang='grc' dir='ltr'>τοῦ</span> <span class='ocrx_word' id='word_1_278' title='bbox 979 3404 1204 3476; x_wconf 84' lang='grc' dir='ltr'>κλήρου,</span> <span class='ocrx_word' id='word_1_279' title='bbox 1219 3403 1279 3467; x_wconf 83' lang='grc' dir='ltr'>ὃς</span> <span class='ocrx_word' id='word_1_280' title='bbox 1299 3402 1766 3458; x_wconf 77' lang='grc' dir='ltr'>ὀκτωκαιδέκατον</span> 
     </span>
    </p>
   </div>
   <div class='ocr_carea' id='block_1_39' title="bbox 180 3487 1764 3562">
    <p class='ocr_par' dir='ltr' id='par_1_39' title="bbox 180 3487 1764 3562">
     <span class='ocr_line' id='line_1_39' title="bbox 180 3487 1764 3562; baseline -0.003 -18"><span class='ocrx_word' id='word_1_281' title='bbox 180 3489 295 3553; x_wconf 63' lang='lat' dir='ltr'>hoc</span> <span class='ocrx_word' id='word_1_282' title='bbox 325 3490 463 3560; x_wconf 75' lang='grc' dir='ltr'>ἔχει,</span> <span class='ocrx_word' id='word_1_283' title='bbox 509 3489 584 3562; x_wconf 80' lang='grc' dir='ltr'>μὴ</span> <span class='ocrx_word' id='word_1_284' title='bbox 633 3490 970 3560; x_wconf 79' lang='grc' dir='ltr'>γευσάμενος</span> <span class='ocrx_word' id='word_1_285' title='bbox 1018 3489 1206 3561; x_wconf 80' lang='grc' dir='ltr'>ἄρτου,</span> <span class='ocrx_word' id='word_1_286' title='bbox 1251 3487 1423 3558; x_wconf 79' lang='grc' dir='ltr'>ψιλῶν</span> <span class='ocrx_word' id='word_1_287' title='bbox 1451 3488 1698 3556; x_wconf 85' lang='grc' dir='ltr'>λαχάνων</span> <span class='ocrx_word' id='word_1_288' title='bbox 1731 3488 1764 3559; x_wconf 78' lang='grc' dir='ltr'>ἢ</span> 
     </span>
    </p>
   </div>
   <div class='ocr_carea' id='block_1_40' title="bbox 181 3571 1766 3646">
    <p class='ocr_par' dir='ltr' id='par_1_40' title="bbox 181 3571 1766 3646">
     <span class='ocr_line' id='line_1_40' title="bbox 181 3571 1766 3646; baseline -0.003 -18"><span class='ocrx_word' id='word_1_289' title='bbox 181 3574 425 3629; x_wconf 79' lang='grc' dir='ltr'>κολύϐων</span> <span class='ocrx_word' id='word_1_290' title='bbox 459 3574 916 3646; x_wconf 81' lang='grc' dir='ltr'>μεταλαμϐάνων.</span> <span class='ocrx_word' id='word_1_291' title='bbox 950 3573 1238 3637; x_wconf 82' lang='grc' dir='ltr'>’Λντώνιος</span> <span class='ocrx_word' id='word_1_292' title='bbox 1266 3575 1324 3626; x_wconf 92' lang='grc' dir='ltr'>ἐν</span> <span class='ocrx_word' id='word_1_293' title='bbox 1351 3571 1639 3642; x_wconf 85' lang='grc' dir='ltr'>σπηλαίοις</span> <span class='ocrx_word' id='word_1_294' title='bbox 1667 3572 1766 3641; x_wconf 87' lang='grc' dir='ltr'>τῆς</span> 
     </span>
    </p>
   </div>
   <div class='ocr_carea' id='block_1_41' title="bbox 181 3654 1765 3729">
    <p class='ocr_par' dir='ltr' id='par_1_41' title="bbox 181 3654 1765 3729">
     <span class='ocr_line' id='line_1_41' title="bbox 181 3654 1765 3729; baseline -0.003 -17"><span class='ocrx_word' id='word_1_295' title='bbox 181 3657 550 3729; x_wconf 76' lang='grc' dir='ltr'>Παλαιστίνης</span> <span class='ocrx_word' id='word_1_296' title='bbox 566 3658 754 3712; x_wconf 83' lang='grc' dir='ltr'>ἐαυτὸν</span> <span class='ocrx_word' id='word_1_297' title='bbox 777 3656 1060 3728; x_wconf 77' lang='grc' dir='ltr'>ἐξώρισεν·</span> <span class='ocrx_word' id='word_1_298' title='bbox 1084 3656 1348 3726; x_wconf 85' lang='grc' dir='ltr'>Τιμόθεος</span> <span class='ocrx_word' id='word_1_299' title='bbox 1371 3657 1398 3708; x_wconf 87' lang='grc' dir='ltr'>ὁ</span> <span class='ocrx_word' id='word_1_300' title='bbox 1419 3654 1765 3726; x_wconf 86' lang='grc' dir='ltr'>Μαρωνείας,</span> 
     </span>
    </p>
   </div>
   <div class='ocr_carea' id='block_1_42' title="bbox 180 3737 1761 3809">
    <p class='ocr_par' dir='ltr' id='par_1_42' title="bbox 180 3737 1761 3809">
     <span class='ocr_line' id='line_1_42' title="bbox 180 3737 1761 3809; baseline -0.003 -15"><span class='ocrx_word' id='word_1_301' title='bbox 180 3744 266 3794; x_wconf 72' lang='grc' dir='ltr'>καὶ</span> <span class='ocrx_word' id='word_1_302' title='bbox 310 3741 569 3808; x_wconf 77' lang='grc' dir='ltr'>Ἰωάννης</span> <span class='ocrx_word' id='word_1_303' title='bbox 622 3740 651 3792; x_wconf 88' lang='grc' dir='ltr'>ὀ</span> <span class='ocrx_word' id='word_1_304' title='bbox 692 3741 793 3809; x_wconf 78' lang='grc' dir='ltr'>τῆς</span> <span class='ocrx_word' id='word_1_305' title='bbox 827 3739 1046 3804; x_wconf 84' lang='grc' dir='ltr'>Λυδίας,</span> <span class='ocrx_word' id='word_1_306' title='bbox 1093 3739 1309 3806; x_wconf 88' lang='grc' dir='ltr'>λέγεται</span> <span class='ocrx_word' id='word_1_307' title='bbox 1339 3741 1395 3790; x_wconf 84' lang='grc' dir='ltr'>ἐν</span> <span class='ocrx_word' id='word_1_308' title='bbox 1424 3737 1761 3808; x_wconf 75' lang='grc' dir='ltr'>Μακεδονίᾳ·</span> 
     </span>
    </p>
   </div>
   <div class='ocr_carea' id='block_1_43' title="bbox 189 3820 1768 3893">
    <p class='ocr_par' dir='ltr' id='par_1_43' title="bbox 189 3820 1768 3893">
     <span class='ocr_line' id='line_1_43' title="bbox 189 3820 1768 3893; baseline -0.003 -17"><span class='ocrx_word' id='word_1_309' title='bbox 189 3825 390 3876; x_wconf 66' lang='grc' dir='ltr'>Ῥόδων</span> <span class='ocrx_word' id='word_1_310' title='bbox 425 3825 453 3876; x_wconf 97' lang='lat'>6</span> <span class='ocrx_word' id='word_1_311' title='bbox 492 3823 593 3893; x_wconf 80' lang='grc' dir='ltr'>τῆς</span> <span class='ocrx_word' id='word_1_312' title='bbox 627 3822 816 3885; x_wconf 84' lang='grc' dir='ltr'>’Λσίας</span> <span class='ocrx_word' id='word_1_313' title='bbox 838 3862 852 3886; x_wconf 88' lang='grc'>,</span> <span class='ocrx_word' id='word_1_314' title='bbox 894 3820 1163 3893; x_wconf 77' lang='grc' dir='ltr'>ἐπορεύθη</span> <span class='ocrx_word' id='word_1_315' title='bbox 1205 3823 1261 3874; x_wconf 91' lang='grc' dir='ltr'>ἐν</span> <span class='ocrx_word' id='word_1_316' title='bbox 1292 3821 1602 3892; x_wconf 81' lang='grc' dir='ltr'>Μιτυλήνῃ·</span> <span class='ocrx_word' id='word_1_317' title='bbox 1627 3821 1768 3892; x_wconf 85' lang='grc' dir='ltr'>Γρη-</span> 
     </span>
    </p>
   </div>
   <div class='ocr_carea' id='block_1_44' title="bbox 177 3903 1767 3978">
    <p class='ocr_par' dir='ltr' id='par_1_44' title="bbox 177 3903 1767 3978">
     <span class='ocr_line' id='line_1_44' title="bbox 177 3903 1767 3978; baseline -0.003 -19"><span class='ocrx_word' id='word_1_318' title='bbox 177 3907 360 3978; x_wconf 79' lang='grc' dir='ltr'>γέριος</span> <span class='ocrx_word' id='word_1_319' title='bbox 403 3907 435 3958; x_wconf 88' lang='lat'>6</span> <span class='ocrx_word' id='word_1_320' title='bbox 485 3906 585 3976; x_wconf 82' lang='grc' dir='ltr'>τῆς</span> <span class='ocrx_word' id='word_1_321' title='bbox 627 3906 825 3968; x_wconf 83' lang='grc' dir='ltr'>Λυδίας</span> <span class='ocrx_word' id='word_1_322' title='bbox 849 3946 863 3969; x_wconf 95' lang='grc'>,</span> <span class='ocrx_word' id='word_1_323' title='bbox 899 3904 1117 3974; x_wconf 85' lang='grc' dir='ltr'>λέγεται</span> <span class='ocrx_word' id='word_1_324' title='bbox 1165 3906 1222 3956; x_wconf 90' lang='grc' dir='ltr'>ἐν</span> <span class='ocrx_word' id='word_1_325' title='bbox 1257 3904 1489 3975; x_wconf 82' lang='grc' dir='ltr'>Φρυγίᾳ·</span> <span class='ocrx_word' id='word_1_326' title='bbox 1519 3903 1767 3976; x_wconf 87' lang='grc' dir='ltr'>Βρίσσων</span> 
     </span>
    </p>
   </div>
   <div class='ocr_carea' id='block_1_45' title="bbox 176 3987 1769 4058">
    <p class='ocr_par' dir='ltr' id='par_1_45' title="bbox 176 3987 1769 4058">
     <span class='ocr_line' id='line_1_45' title="bbox 176 3987 1769 4058; baseline -0.001 -15"><span class='ocrx_word' id='word_1_327' title='bbox 176 3989 231 4042; x_wconf 73' lang='grc' dir='ltr'>δὲ</span> <span class='ocrx_word' id='word_1_328' title='bbox 256 3993 286 4043; x_wconf 86' lang='grc' dir='ltr'>ὀ</span> <span class='ocrx_word' id='word_1_329' title='bbox 319 3989 552 4058; x_wconf 74' lang='grc' dir='ltr'>ἀδελφὸς</span> <span class='ocrx_word' id='word_1_330' title='bbox 583 3989 906 4052; x_wconf 85' lang='grc' dir='ltr'>Παλλαδίου,</span> <span class='ocrx_word' id='word_1_331' title='bbox 940 3987 1182 4050; x_wconf 80' lang='grc' dir='ltr'>ἀποστάς</span> <span class='ocrx_word' id='word_1_332' title='bbox 1210 3987 1474 4050; x_wconf 77' lang='grc' dir='ltr'>ἑκουσίως</span> <span class='ocrx_word' id='word_1_333' title='bbox 1519 3989 1618 4058; x_wconf 80' lang='grc' dir='ltr'>τῆς</span> <span class='ocrx_word' id='word_1_334' title='bbox 1643 3990 1769 4041; x_wconf 84' lang='grc' dir='ltr'>ἐαυ-</span> 
     </span>
    </p>
   </div>
   <div class='ocr_carea' id='block_1_46' title="bbox 176 4070 1768 4143">
    <p class='ocr_par' dir='ltr' id='par_1_46' title="bbox 176 4070 1768 4143">
     <span class='ocr_line' id='line_1_46' title="bbox 176 4070 1768 4143; baseline -0.002 -18"><span class='ocrx_word' id='word_1_335' title='bbox 176 4072 268 4125; x_wconf 76' lang='grc' dir='ltr'>τοῦ</span> <span class='ocrx_word' id='word_1_336' title='bbox 300 4071 650 4143; x_wconf 83' lang='grc' dir='ltr'>Ἑκκλησίας,</span> <span class='ocrx_word' id='word_1_337' title='bbox 710 4072 765 4124; x_wconf 83' lang='grc' dir='ltr'>ἐν</span> <span class='ocrx_word' id='word_1_338' title='bbox 827 4070 905 4142; x_wconf 79' lang='grc' dir='ltr'>τῷ</span> <span class='ocrx_word' id='word_1_339' title='bbox 955 4070 1184 4142; x_wconf 84' lang='grc' dir='ltr'>ἀγριδίῳ</span> <span class='ocrx_word' id='word_1_340' title='bbox 1223 4071 1389 4123; x_wconf 82' lang='grc' dir='ltr'>αὑτοῦ</span> <span class='ocrx_word' id='word_1_341' title='bbox 1417 4071 1615 4140; x_wconf 84' lang='grc' dir='ltr'>διάγει,</span> <span class='ocrx_word' id='word_1_342' title='bbox 1651 4073 1768 4136; x_wconf 84' lang='grc' dir='ltr'>ταῖς</span> 
     </span>
    </p>
   </div>
   <div class='ocr_carea' id='block_1_47' title="bbox 176 4149 1766 4227">
    <p class='ocr_par' dir='ltr' id='par_1_47' title="bbox 176 4149 1766 4227">
     <span class='ocr_line' id='line_1_47' title="bbox 176 4149 1766 4227; baseline 0 -21"><span class='ocrx_word' id='word_1_343' title='bbox 176 4157 365 4227; x_wconf 70' lang='grc' dir='ltr'>χερσὶν</span> <span class='ocrx_word' id='word_1_344' title='bbox 399 4155 594 4208; x_wconf 88' lang='grc' dir='ltr'>ἐαυτοῦ</span> <span class='ocrx_word' id='word_1_345' title='bbox 633 4154 732 4226; x_wconf 77' lang='grc' dir='ltr'>τὴν</span> <span class='ocrx_word' id='word_1_346' title='bbox 765 4154 871 4224; x_wconf 78' lang='grc' dir='ltr'>γῆν</span> <span class='ocrx_word' id='word_1_347' title='bbox 899 4152 1246 4224; x_wconf 88' lang='grc' dir='ltr'>μεταλλεύων</span> <span class='ocrx_word' id='word_1_348' title='bbox 1269 4149 1328 4188; x_wconf 68' lang='grc' dir='ltr'>δ’</span> <span class='ocrx_word' id='word_1_349' title='bbox 1358 4153 1669 4222; x_wconf 88' lang='grc' dir='ltr'>Λαμπέτιος</span> <span class='ocrx_word' id='word_1_350' title='bbox 1689 4153 1766 4216; x_wconf 82' lang='grc' dir='ltr'>δὲ,</span> 
     </span>
    </p>
   </div>
   <div class='ocr_carea' id='block_1_48' title="bbox 175 4235 1768 4308">
    <p class='ocr_par' dir='ltr' id='par_1_48' title="bbox 175 4235 1768 4308">
     <span class='ocr_line' id='line_1_48' title="bbox 175 4235 1768 4308; baseline 0.001 -20"><span class='ocrx_word' id='word_1_351' title='bbox 175 4239 252 4302; x_wconf 70' lang='grc' dir='ltr'>«τις</span> <span class='ocrx_word' id='word_1_352' title='bbox 283 4255 480 4306; x_wconf 72' lang='grc' dir='ltr'>φασιν,</span> <span class='ocrx_word' id='word_1_353' title='bbox 522 4240 578 4290; x_wconf 88' lang='grc' dir='ltr'>ἐν</span> <span class='ocrx_word' id='word_1_354' title='bbox 625 4236 812 4308; x_wconf 80' lang='grc' dir='ltr'>χωρίῳ</span> <span class='ocrx_word' id='word_1_355' title='bbox 855 4235 1052 4298; x_wconf 84' lang='grc' dir='ltr'>Λυδίας</span> <span class='ocrx_word' id='word_1_356' title='bbox 1089 4235 1242 4308; x_wconf 87' lang='grc' dir='ltr'>παρά</span> <span class='ocrx_word' id='word_1_357' title='bbox 1278 4252 1422 4298; x_wconf 90' lang='grc' dir='ltr'>τινος</span> <span class='ocrx_word' id='word_1_358' title='bbox 1451 4235 1768 4306; x_wconf 81' lang='grc' dir='ltr'>Ἐλευθέρου</span> 
     </span>
    </p>
   </div>
   <div class='ocr_carea' id='block_1_49' title="bbox 177 4318 1770 4392">
    <p class='ocr_par' dir='ltr' id='par_1_49' title="bbox 177 4318 1770 4392">
     <span class='ocr_line' id='line_1_49' title="bbox 177 4318 1770 4392; baseline 0 -21"><span class='ocrx_word' id='word_1_359' title='bbox 177 4322 669 4392; x_wconf 62' lang='grc' dir='ltr'>ἀπαιωρούμενος,</span> <span class='ocrx_word' id='word_1_360' title='bbox 704 4323 817 4384; x_wconf 91' lang='grc' dir='ltr'>τοῖς</span> <span class='ocrx_word' id='word_1_361' title='bbox 849 4318 1241 4389; x_wconf 85' lang='grc' dir='ltr'>ἀναγνώσμασι</span> <span class='ocrx_word' id='word_1_362' title='bbox 1272 4319 1565 4390; x_wconf 72' lang='grc' dir='ltr'>προσέχει·</span> <span class='ocrx_word' id='word_1_363' title='bbox 1599 4319 1770 4387; x_wconf 86' lang='grc' dir='ltr'>Εύγέ-</span> 
     </span>
    </p>
   </div>
   <div class='ocr_carea' id='block_1_50' title="bbox 179 4401 1772 4474">
    <p class='ocr_par' dir='ltr' id='par_1_50' title="bbox 179 4401 1772 4474">
     <span class='ocr_line' id='line_1_50' title="bbox 179 4401 1772 4474; baseline 0 -20"><span class='ocrx_word' id='word_1_364' title='bbox 179 4403 286 4467; x_wconf 68' lang='grc' dir='ltr'>νεός</span> <span class='ocrx_word' id='word_1_365' title='bbox 320 4407 468 4457; x_wconf 84' lang='grc' dir='ltr'>ἐστιν</span> <span class='ocrx_word' id='word_1_366' title='bbox 500 4405 559 4456; x_wconf 86' lang='grc' dir='ltr'>ἐν</span> <span class='ocrx_word' id='word_1_367' title='bbox 600 4406 665 4474; x_wconf 79' lang='grc' dir='ltr'>τῇ</span> <span class='ocrx_word' id='word_1_368' title='bbox 711 4401 970 4474; x_wconf 88' lang='grc' dir='ltr'>πατρίδι·</span> <span class='ocrx_word' id='word_1_369' title='bbox 1019 4401 1282 4465; x_wconf 82' lang='grc' dir='ltr'>Ἐλπίδιος</span> <span class='ocrx_word' id='word_1_370' title='bbox 1313 4404 1341 4454; x_wconf 89' lang='lat'>6</span> <span class='ocrx_word' id='word_1_371' title='bbox 1374 4401 1547 4472; x_wconf 86' lang='grc' dir='ltr'>μέγας</span> <span class='ocrx_word' id='word_1_372' title='bbox 1578 4401 1772 4454; x_wconf 74' lang='grc' dir='ltr'>Λαοδί-</span> 
     </span>
    </p>
   </div>
   <div class='ocr_carea' id='block_1_51' title="bbox 181 4482 1767 4557">
    <p class='ocr_par' dir='ltr' id='par_1_51' title="bbox 181 4482 1767 4557">
     <span class='ocr_line' id='line_1_51' title="bbox 181 4482 1767 4557; baseline -0.001 -21"><span class='ocrx_word' id='word_1_373' title='bbox 181 4485 328 4549; x_wconf 75' lang='grc' dir='ltr'>κείας</span> <span class='ocrx_word' id='word_1_374' title='bbox 349 4486 451 4554; x_wconf 80' lang='grc' dir='ltr'>τῆς</span> <span class='ocrx_word' id='word_1_375' title='bbox 484 4485 684 4557; x_wconf 87' lang='grc' dir='ltr'>Συρίας</span> <span class='ocrx_word' id='word_1_376' title='bbox 709 4486 826 4556; x_wconf 84' lang='grc' dir='ltr'>ἆμα</span> <span class='ocrx_word' id='word_1_377' title='bbox 848 4485 1087 4554; x_wconf 80' lang='grc' dir='ltr'>Πάππῳ,</span> <span class='ocrx_word' id='word_1_378' title='bbox 1127 4483 1254 4556; x_wconf 90' lang='grc' dir='ltr'>τρία</span> <span class='ocrx_word' id='word_1_379' title='bbox 1281 4482 1612 4555; x_wconf 77' lang='grc' dir='ltr'>πληροῦνται</span> <span class='ocrx_word' id='word_1_380' title='bbox 1652 4483 1767 4552; x_wconf 77' lang='grc' dir='ltr'>ἐτη,</span> 
     </span>
    </p>
   </div>
   <div class='ocr_carea' id='block_1_52' title="bbox 181 4566 1772 4637">
    <p class='ocr_par' dir='ltr' id='par_1_52' title="bbox 181 4566 1772 4637">
     <span class='ocr_line' id='line_1_52' title="bbox 181 4566 1772 4637; baseline -0.001 -19"><span class='ocrx_word' id='word_1_381' title='bbox 181 4569 274 4636; x_wconf 68' lang='grc' dir='ltr'>τὴν</span> <span class='ocrx_word' id='word_1_382' title='bbox 315 4568 562 4637; x_wconf 77' lang='grc' dir='ltr'>κλίμακα</span> <span class='ocrx_word' id='word_1_383' title='bbox 612 4567 714 4636; x_wconf 82' lang='grc' dir='ltr'>τῆς</span> <span class='ocrx_word' id='word_1_384' title='bbox 743 4567 950 4630; x_wconf 83' lang='grc' dir='ltr'>οἰκείας</span> <span class='ocrx_word' id='word_1_385' title='bbox 990 4567 1049 4620; x_wconf 87' lang='grc' dir='ltr'>ού</span> <span class='ocrx_word' id='word_1_386' title='bbox 1103 4566 1399 4636; x_wconf 83' lang='grc' dir='ltr'>κατῆλθον,</span> <span class='ocrx_word' id='word_1_387' title='bbox 1442 4569 1772 4636; x_wconf 82' lang='grc' dir='ltr'>προσευχαῖς</span> 
     </span>
    </p>
   </div>
   <div class='ocr_carea' id='block_1_53' title="bbox 184 4647 1768 4720">
    <p class='ocr_par' dir='ltr' id='par_1_53' title="bbox 184 4647 1768 4720">
     <span class='ocr_line' id='line_1_53' title="bbox 184 4647 1768 4720; baseline -0.001 -19"><span class='ocrx_word' id='word_1_388' title='bbox 184 4651 568 4719; x_wconf 58' lang='grc' dir='ltr'>σχολάζοντες·</span> <span class='ocrx_word' id='word_1_389' title='bbox 613 4649 972 4720; x_wconf 77' lang='grc' dir='ltr'>Ἡρακλειδᾶς</span> <span class='ocrx_word' id='word_1_390' title='bbox 1004 4651 1041 4716; x_wconf 75' lang='grc' dir='ltr'>,ὁ</span> <span class='ocrx_word' id='word_1_391' title='bbox 1097 4647 1344 4717; x_wconf 88' lang='grc' dir='ltr'>Ἐφέσιος</span> <span class='ocrx_word' id='word_1_392' title='bbox 1383 4648 1439 4701; x_wconf 90' lang='grc' dir='ltr'>ἐν</span> <span class='ocrx_word' id='word_1_393' title='bbox 1480 4650 1545 4718; x_wconf 77' lang='grc' dir='ltr'>τῇ</span> <span class='ocrx_word' id='word_1_394' title='bbox 1581 4648 1768 4718; x_wconf 76' lang='grc' dir='ltr'>εἱρκτῇ</span> 
     </span>
    </p>
   </div>
   <div class='ocr_carea' id='block_1_54' title="bbox 186 4730 1768 4803">
    <p class='ocr_par' dir='ltr' id='par_1_54' title="bbox 186 4730 1768 4803">
     <span class='ocr_line' id='line_1_54' title="bbox 186 4730 1768 4803; baseline -0.004 -15"><span class='ocrx_word' id='word_1_395' title='bbox 186 4733 272 4803; x_wconf 73' lang='grc' dir='ltr'>τῆς</span> <span class='ocrx_word' id='word_1_396' title='bbox 311 4733 686 4803; x_wconf 80' lang='grc' dir='ltr'>Νικομηδείας</span> <span class='ocrx_word' id='word_1_397' title='bbox 715 4733 1125 4800; x_wconf 78' lang='grc' dir='ltr'>ἐγκέκλεισται,</span> <span class='ocrx_word' id='word_1_398' title='bbox 1155 4731 1446 4802; x_wconf 69' lang='grc' dir='ltr'>τετραετής</span> <span class='ocrx_word' id='word_1_399' title='bbox 1486 4733 1600 4784; x_wconf 89' lang='grc' dir='ltr'>ἐστι</span> <span class='ocrx_word' id='word_1_400' title='bbox 1642 4730 1768 4800; x_wconf 85' lang='grc' dir='ltr'>χρό-</span> 
     </span>
    </p>
   </div>
   <div class='ocr_carea' id='block_1_55' title="bbox 189 4814 1772 4883">
    <p class='ocr_par' dir='ltr' id='par_1_55' title="bbox 189 4814 1772 4883">
     <span class='ocr_line' id='line_1_55' title="bbox 189 4814 1772 4883; baseline -0.002 -15"><span class='ocrx_word' id='word_1_401' title='bbox 189 4833 282 4881; x_wconf 74' lang='grc' dir='ltr'>νος.</span> <span class='ocrx_word' id='word_1_402' title='bbox 323 4819 386 4871; x_wconf 74' lang='lat' dir='ltr'>Ol</span> <span class='ocrx_word' id='word_1_403' title='bbox 426 4816 483 4869; x_wconf 86' lang='grc' dir='ltr'>δέ</span> <span class='ocrx_word' id='word_1_404' title='bbox 520 4816 698 4868; x_wconf 75' lang='grc' dir='ltr'>λοιποὶ</span> <span class='ocrx_word' id='word_1_405' title='bbox 724 4815 832 4868; x_wconf 89' lang='grc' dir='ltr'>τῶν</span> <span class='ocrx_word' id='word_1_406' title='bbox 870 4814 1199 4869; x_wconf 86' lang='grc' dir='ltr'>κοινωνικῶν</span> <span class='ocrx_word' id='word_1_407' title='bbox 1232 4815 1566 4877; x_wconf 87' lang='grc' dir='ltr'>ἐπισκόπων,</span> <span class='ocrx_word' id='word_1_408' title='bbox 1592 4814 1640 4865; x_wconf 83' lang='grc' dir='ltr'>οἰ</span> <span class='ocrx_word' id='word_1_409' title='bbox 1675 4814 1772 4883; x_wconf 81' lang='grc' dir='ltr'>μὲν</span> 
     </span>
    </p>
   </div>
   <div class='ocr_carea' id='block_1_56' title="bbox 188 4895 1772 4969">
    <p class='ocr_par' dir='ltr' id='par_1_56' title="bbox 188 4895 1772 4969">
     <span class='ocr_line' id='line_1_56' title="bbox 188 4895 1772 4969; baseline -0.003 -17"><span class='ocrx_word' id='word_1_410' title='bbox 188 4901 477 4954; x_wconf 71' lang='grc' dir='ltr'>ἀνέλπιστα</span> <span class='ocrx_word' id='word_1_411' title='bbox 522 4899 919 4969; x_wconf 73' lang='grc' dir='ltr'>ἐνθυμηθέντες</span> <span class='ocrx_word' id='word_1_412' title='bbox 943 4938 958 4960; x_wconf 91' lang='grc'>,</span> <span class='ocrx_word' id='word_1_413' title='bbox 993 4897 1355 4967; x_wconf 76' lang='grc' dir='ltr'>ἐκοινώνησαν</span> <span class='ocrx_word' id='word_1_414' title='bbox 1395 4895 1624 4964; x_wconf 81' lang='grc' dir='ltr'>’Λττικῷ</span> <span class='ocrx_word' id='word_1_415' title='bbox 1650 4938 1663 4960; x_wconf 93' lang='grc'>,</span> <span class='ocrx_word' id='word_1_416' title='bbox 1694 4898 1772 4960; x_wconf 86' lang='grc' dir='ltr'>είς</span> 
     </span>
    </p>
   </div>
   <div class='ocr_carea' id='block_1_57' title="bbox 183 4980 1774 5054">
    <p class='ocr_par' dir='ltr' id='par_1_57' title="bbox 183 4980 1774 5054">
     <span class='ocr_line' id='line_1_57' title="bbox 183 4980 1774 5054; baseline -0.001 -20"><span class='ocrx_word' id='word_1_417' title='bbox 183 4983 373 5053; x_wconf 76' lang='grc' dir='ltr'>ἐτέρας</span> <span class='ocrx_word' id='word_1_418' title='bbox 416 4983 804 5054; x_wconf 65' lang='grc' dir='ltr'>μετατεθὲν-τες</span> <span class='ocrx_word' id='word_1_419' title='bbox 852 4981 1180 5052; x_wconf 76' lang='grc' dir='ltr'>Ἐκκλησίας</span> <span class='ocrx_word' id='word_1_420' title='bbox 1215 4982 1314 5050; x_wconf 80' lang='grc' dir='ltr'>τῆς</span> <span class='ocrx_word' id='word_1_421' title='bbox 1354 4980 1602 5051; x_wconf 78' lang='grc' dir='ltr'>Θρᾴκης·</span> <span class='ocrx_word' id='word_1_422' title='bbox 1631 4983 1678 5033; x_wconf 83' lang='grc' dir='ltr'><strong>οἱ</strong></span> <span class='ocrx_word' id='word_1_423' title='bbox 1717 4981 1774 5034; x_wconf 83' lang='grc' dir='ltr'>δὲ</span> 
     </span>
    </p>
   </div>
   <div class='ocr_carea' id='block_1_58' title="bbox 180 5059 1770 5138">
    <p class='ocr_par' dir='ltr' id='par_1_58' title="bbox 180 5059 1770 5138">
     <span class='ocr_line' id='line_1_58' title="bbox 180 5059 1770 5138; baseline -0.002 -20"><span class='ocrx_word' id='word_1_424' title='bbox 180 5067 361 5138; x_wconf 81' lang='grc' dir='ltr'>ἇδηλοί</span> <span class='ocrx_word' id='word_1_425' title='bbox 394 5069 569 5120; x_wconf 88' lang='grc' dir='ltr'>εἰσιν·</span> <span class='ocrx_word' id='word_1_426' title='bbox 609 5066 913 5118; x_wconf 81' lang='grc' dir='ltr'>Ἀνατόλιον</span> <span class='ocrx_word' id='word_1_427' title='bbox 950 5065 1004 5116; x_wconf 89' lang='grc' dir='ltr'>δέ</span> <span class='ocrx_word' id='word_1_428' title='bbox 1038 5081 1199 5133; x_wconf 84' lang='grc' dir='ltr'>φασιν</span> <span class='ocrx_word' id='word_1_429' title='bbox 1233 5059 1371 5116; x_wconf 79' lang='grc' dir='ltr'>εἶναι</span> <span class='ocrx_word' id='word_1_430' title='bbox 1409 5064 1466 5114; x_wconf 85' lang='grc' dir='ltr'>ἐν</span> <span class='ocrx_word' id='word_1_431' title='bbox 1499 5061 1770 5124; x_wconf 85' lang='grc' dir='ltr'>Γαλλίαις.</span> 
     </span>
    </p>
   </div>
   <div class='ocr_carea' id='block_1_59' title="bbox 179 5146 1774 5222">
    <p class='ocr_par' dir='ltr' id='par_1_59' title="bbox 179 5146 1774 5222">
     <span class='ocr_line' id='line_1_59' title="bbox 179 5146 1774 5222; baseline -0.002 -21"><span class='ocrx_word' id='word_1_432' title='bbox 179 5149 300 5204; x_wconf 80' lang='grc' dir='ltr'>τῶν</span> <span class='ocrx_word' id='word_1_433' title='bbox 333 5151 393 5204; x_wconf 78' lang='grc' dir='ltr'>δέ</span> <span class='ocrx_word' id='word_1_434' title='bbox 433 5149 825 5222; x_wconf 78' lang='grc' dir='ltr'>πρεσϐυτέρων</span> <span class='ocrx_word' id='word_1_435' title='bbox 863 5149 910 5202; x_wconf 88' lang='grc' dir='ltr'>οί</span> <span class='ocrx_word' id='word_1_436' title='bbox 940 5148 1137 5216; x_wconf 69' lang='grc' dir='ltr'>μένεείς</span> <span class='ocrx_word' id='word_1_437' title='bbox 1173 5146 1430 5217; x_wconf 78' lang='grc' dir='ltr'>’Λραϐίαν</span> <span class='ocrx_word' id='word_1_438' title='bbox 1453 5147 1543 5198; x_wconf 71' lang='grc' dir='ltr'>καὶ</span> <span class='ocrx_word' id='word_1_439' title='bbox 1575 5146 1774 5198; x_wconf 86' lang='grc' dir='ltr'>Παλαι-</span> 
     </span>
    </p>
   </div>
   <div class='ocr_carea' id='block_1_60' title="bbox 182 5228 1774 5305">
    <p class='ocr_par' dir='ltr' id='par_1_60' title="bbox 182 5228 1774 5305">
     <span class='ocr_line' id='line_1_60' title="bbox 182 5228 1774 5305; baseline -0.004 -18"><span class='ocrx_word' id='word_1_440' title='bbox 182 5235 366 5305; x_wconf 80' lang='grc' dir='ltr'>στίνην</span> <span class='ocrx_word' id='word_1_441' title='bbox 396 5233 842 5304; x_wconf 87' lang='grc' dir='ltr'>περιωρίσθησαν</span> <span class='ocrx_word' id='word_1_442' title='bbox 867 5247 878 5259; x_wconf 92' lang='grc'>·</span> <span class='ocrx_word' id='word_1_443' title='bbox 904 5232 1124 5302; x_wconf 80' lang='grc' dir='ltr'>Τίγριος</span> <span class='ocrx_word' id='word_1_444' title='bbox 1147 5229 1205 5281; x_wconf 78' lang='grc' dir='ltr'>δὲ</span> <span class='ocrx_word' id='word_1_445' title='bbox 1232 5229 1310 5290; x_wconf 81' lang='grc' dir='ltr'>εἰς</span> <span class='ocrx_word' id='word_1_446' title='bbox 1345 5230 1442 5296; x_wconf 77' lang='grc' dir='ltr'>τὴν</span> <span class='ocrx_word' id='word_1_447' title='bbox 1484 5228 1654 5298; x_wconf 87' lang='grc' dir='ltr'>μέσην</span> <span class='ocrx_word' id='word_1_448' title='bbox 1675 5229 1774 5299; x_wconf 71' lang='grc' dir='ltr'>τὴν</span> 
     </span>
    </p>
   </div>
   <div class='ocr_carea' id='block_1_61' title="bbox 185 5309 1774 5387">
    <p class='ocr_par' dir='ltr' id='par_1_61' title="bbox 185 5309 1774 5387">
     <span class='ocr_line' id='line_1_61' title="bbox 185 5309 1774 5387; baseline -0.003 -20"><span class='ocrx_word' id='word_1_449' title='bbox 185 5315 451 5386; x_wconf 82' lang='grc' dir='ltr'>Ποταμῶν</span> <span class='ocrx_word' id='word_1_450' title='bbox 484 5314 858 5387; x_wconf 82' lang='grc' dir='ltr'>περιωρίσθη·</span> <span class='ocrx_word' id='word_1_451' title='bbox 892 5315 1154 5376; x_wconf 73' lang='grc' dir='ltr'>Φίλιππος</span> <span class='ocrx_word' id='word_1_452' title='bbox 1199 5309 1548 5380; x_wconf 83' lang='grc' dir='ltr'>ἐτελεύτησε,</span> <span class='ocrx_word' id='word_1_453' title='bbox 1589 5311 1774 5379; x_wconf 68' lang='grc' dir='ltr'>φυγὼν</span> 
     </span>
    </p>
   </div>
   <div class='ocr_carea' id='block_1_62' title="bbox 179 5394 1765 5473">
    <p class='ocr_par' dir='ltr' id='par_1_62' title="bbox 179 5394 1765 5473">
     <span class='ocr_line' id='line_1_62' title="bbox 179 5394 1765 5473; baseline -0.003 -22"><span class='ocrx_word' id='word_1_454' title='bbox 179 5397 235 5451; x_wconf 65' lang='grc' dir='ltr'>ἓν</span> <span class='ocrx_word' id='word_1_455' title='bbox 275 5400 469 5473; x_wconf 83' lang='grc' dir='ltr'>Πόντῳ</span> <span class='ocrx_word' id='word_1_456' title='bbox 499 5417 514 5430; x_wconf 94' lang='grc'>·</span> <span class='ocrx_word' id='word_1_457' title='bbox 546 5398 804 5468; x_wconf 73' lang='grc' dir='ltr'>Θεόφιλος</span> <span class='ocrx_word' id='word_1_458' title='bbox 845 5399 1019 5466; x_wconf 81' lang='grc' dir='ltr'>διάγει</span> <span class='ocrx_word' id='word_1_459' title='bbox 1064 5398 1120 5450; x_wconf 90' lang='grc' dir='ltr'>ἐν</span> <span class='ocrx_word' id='word_1_460' title='bbox 1162 5394 1507 5466; x_wconf 66' lang='grc' dir='ltr'>Πασλαγονίᾳ</span> <span class='ocrx_word' id='word_1_461' title='bbox 1538 5412 1556 5434; x_wconf 79' lang='grc'><strong>&gt;</strong></span> <span class='ocrx_word' id='word_1_462' title='bbox 1593 5395 1765 5450; x_wconf 70' lang='grc' dir='ltr'>Ἰωάνα</span> 
     </span>
    </p>
   </div>
   <div class='ocr_carea' id='block_1_63' title="bbox 239 5524 935 5620">
    <p class='ocr_par' dir='ltr' id='par_1_63' title="bbox 239 5524 935 5620">
     <span class='ocr_line' id='line_1_63' title="bbox 239 5524 935 5620; baseline -0.007 -25"><span class='ocrx_word' id='word_1_463' title='bbox 239 5545 271 5620; x_wconf 61' lang='grc' dir='ltr'>ε</span> <span class='ocrx_word' id='word_1_464' title='bbox 289 5545 501 5620; x_wconf 64' lang='grc' dir='ltr'>ρωῇειι</span> <span class='ocrx_word' id='word_1_465' title='bbox 519 5546 750 5620; x_wconf 64' lang='grc' dir='ltr'>προήχθηί</span> <span class='ocrx_word' id='word_1_466' title='bbox 774 5524 935 5604; x_wconf 65' lang='grc' dir='ltr'>ἑῑεοι.</span> 
     </span>
    </p>
   </div>
   <div class='ocr_carea' id='block_1_64' title="bbox 236 5602 874 5724">
    <p class='ocr_par' dir='ltr' id='par_1_64' title="bbox 236 5602 874 5724">
     <span class='ocr_line' id='line_1_64' title="bbox 236 5602 874 5699; baseline -0.006 -42"><span class='ocrx_word' id='word_1_467' title='bbox 236 5602 272 5699; x_wconf 56' lang='grc' dir='ltr'><strong><em>ξ</em></strong></span> <span class='ocrx_word' id='word_1_468' title='bbox 503 5602 600 5656; x_wconf 68' lang='grc' dir='ltr'>τῶν</span> <span class='ocrx_word' id='word_1_469' title='bbox 621 5602 874 5657; x_wconf 73' lang='grc' dir='ltr'>Ᾰῖθιόπων.</span> 
     </span>
     <span class='ocr_line' id='line_1_65' title="bbox 295 5667 738 5724; baseline -0.005 -7"><span class='ocrx_word' id='word_1_470' title='bbox 295 5667 434 5724; x_wconf 64' lang='lat' dir='ltr'>Lege</span> <span class='ocrx_word' id='word_1_471' title='bbox 456 5671 523 5723; x_wconf 72' lang='grc' dir='ltr'>αις</span> <span class='ocrx_word' id='word_1_472' title='bbox 543 5669 738 5724; x_wconf 69' lang='grc' dir='ltr'>Συήνην.</span> 
     </span>
    </p>
   </div>
   <div class='ocr_carea' id='block_1_65' title="bbox 241 5725 825 5794">
    <p class='ocr_par' dir='ltr' id='par_1_65' title="bbox 241 5725 825 5794">
     <span class='ocr_line' id='line_1_66' title="bbox 241 5725 825 5794; baseline -0.01 -13"><span class='ocrx_word' id='word_1_473' title='bbox 241 5725 480 5792; x_wconf 68' lang='grc' dir='ltr'>ίῧοδτκ.</span> <span class='ocrx_word' id='word_1_474' title='bbox 506 5729 825 5794; x_wconf 67' lang='grc' dir='ltr'>ἐργαζόμενος.</span> 
     </span>
    </p>
   </div>
   <div class='ocr_carea' id='block_1_66' title="bbox 1889 403 3483 490">
    <p class='ocr_par' dir='ltr' id='par_1_66' title="bbox 1889 403 3483 490">
     <span class='ocr_line' id='line_1_67' title="bbox 1889 403 3483 490; baseline 0.014 -37"><span class='ocrx_word' id='word_1_475' title='bbox 1889 417 1984 490; x_wconf 69' lang='grc' dir='ltr'>νης</span> <span class='ocrx_word' id='word_1_476' title='bbox 2029 403 2056 456; x_wconf 88' lang='lat'>6</span> <span class='ocrx_word' id='word_1_477' title='bbox 2104 406 2194 490; x_wconf 82' lang='grc' dir='ltr'>τοῦ</span> <span class='ocrx_word' id='word_1_478' title='bbox 2247 409 2466 490; x_wconf 80' lang='grc' dir='ltr'>Αίθρίου</span> <span class='ocrx_word' id='word_1_479' title='bbox 2523 414 2880 485; x_wconf 80' lang='grc' dir='ltr'>μοναστήριον</span> <span class='ocrx_word' id='word_1_480' title='bbox 2963 417 3361 490; x_wconf 75' lang='grc' dir='ltr'>συνεκρότησεν</span> <span class='ocrx_word' id='word_1_481' title='bbox 3423 421 3483 475; x_wconf 64' lang='grc' dir='ltr'>ἐν</span> 
     </span>
    </p>
   </div>
   <div class='ocr_carea' id='block_1_67' title="bbox 1887 485 3499 567">
    <p class='ocr_par' dir='ltr' id='par_1_67' title="bbox 1887 485 3499 567">
     <span class='ocr_line' id='line_1_68' title="bbox 1887 485 3499 567; baseline 0.012 -32"><span class='ocrx_word' id='word_1_482' title='bbox 1887 485 2195 567; x_wconf 53' lang='grc' dir='ltr'>ἐξαισαρείᾳ</span> <span class='ocrx_word' id='word_1_483' title='bbox 2217 500 2260 567; x_wconf 50' lang='grc' dir='ltr'>ξ·</span> <span class='ocrx_word' id='word_1_484' title='bbox 2299 489 2569 559; x_wconf 85' lang='grc' dir='ltr'>Στέφανον</span> <span class='ocrx_word' id='word_1_485' title='bbox 2599 494 2678 556; x_wconf 86' lang='grc' dir='ltr'>εἰς</span> <span class='ocrx_word' id='word_1_486' title='bbox 2728 493 2984 564; x_wconf 81' lang='grc' dir='ltr'>Ἀραϐίαν</span> <span class='ocrx_word' id='word_1_487' title='bbox 3007 485 3351 567; x_wconf 72' lang='grc' dir='ltr'>ἐξορισθέντα</span> <span class='ocrx_word' id='word_1_488' title='bbox 3372 501 3499 553; x_wconf 75' lang='grc' dir='ltr'>τῶν.</span> 
     </span>
    </p>
   </div>
   <div class='ocr_carea' id='block_1_68' title="bbox 1883 563 3503 643">
    <p class='ocr_par' dir='ltr' id='par_1_68' title="bbox 1883 563 3503 643">
     <span class='ocr_line' id='line_1_69' title="bbox 1883 563 3503 643; baseline 0.01 -29"><span class='ocrx_word' id='word_1_489' title='bbox 1883 563 2092 635; x_wconf 86' lang='grc' dir='ltr'>δημίων</span> <span class='ocrx_word' id='word_1_490' title='bbox 2121 566 2444 623; x_wconf 84' lang='grc' dir='ltr'>ἀπέσπασαν</span> <span class='ocrx_word' id='word_1_491' title='bbox 2470 572 2518 623; x_wconf 86' lang='grc' dir='ltr'><strong>οἱ</strong></span> <span class='ocrx_word' id='word_1_492' title='bbox 2553 563 2827 643; x_wconf 80' lang='grc' dir='ltr'>Ἱσαυροι,</span> <span class='ocrx_word' id='word_1_493' title='bbox 2867 563 3236 642; x_wconf 81' lang='grc' dir='ltr'>ἀπολύσαντες</span> <span class='ocrx_word' id='word_1_494' title='bbox 3263 578 3503 633; x_wconf 68' lang='grc' dir='ltr'>ἀνὰ.τόν.</span> 
     </span>
    </p>
   </div>
   <div class='ocr_carea' id='block_1_69' title="bbox 1885 643 3482 727">
    <p class='ocr_par' dir='ltr' id='par_1_69' title="bbox 1885 643 3482 727">
     <span class='ocr_line' id='line_1_70' title="bbox 1885 643 3482 727; baseline 0.008 -32"><span class='ocrx_word' id='word_1_495' title='bbox 1885 643 2132 727; x_wconf 49' lang='grc' dir='ltr'>Ίξαῦρον·</span> <span class='ocrx_word' id='word_1_496' title='bbox 2171 647 2492 704; x_wconf 86' lang='grc' dir='ltr'>Σαλούστιόν</span> <span class='ocrx_word' id='word_1_497' title='bbox 2523 668 2687 721; x_wconf 84' lang='grc' dir='ltr'>φασιν</span> <span class='ocrx_word' id='word_1_498' title='bbox 2731 654 2787 705; x_wconf 87' lang='grc' dir='ltr'>ἐν</span> <span class='ocrx_word' id='word_1_499' title='bbox 2829 657 2894 725; x_wconf 79' lang='grc' dir='ltr'>τῇ</span> <span class='ocrx_word' id='word_1_500' title='bbox 2943 657 3136 727; x_wconf 78' lang='grc' dir='ltr'>Κρήτῃ</span> <span class='ocrx_word' id='word_1_501' title='bbox 3159 675 3174 689; x_wconf 89' lang='grc'>·</span> <span class='ocrx_word' id='word_1_502' title='bbox 3215 656 3482 712; x_wconf 80' lang='grc' dir='ltr'>Φίλιππον</span> 
     </span>
    </p>
   </div>
   <div class='ocr_carea' id='block_1_70' title="bbox 1884 725 3481 806">
    <p class='ocr_par' dir='ltr' id='par_1_70' title="bbox 1884 725 3481 806">
     <span class='ocr_line' id='line_1_71' title="bbox 1884 725 3481 806; baseline 0.009 -30"><span class='ocrx_word' id='word_1_503' title='bbox 1884 725 1974 777; x_wconf 84' lang='grc' dir='ltr'>τὸν</span> <span class='ocrx_word' id='word_1_504' title='bbox 2006 728 2251 799; x_wconf 75' lang='grc' dir='ltr'>άσκητὴν</span> <span class='ocrx_word' id='word_1_505' title='bbox 2272 768 2295 794; x_wconf 59' lang='grc' dir='ltr'>,η</span> <span class='ocrx_word' id='word_1_506' title='bbox 2323 731 2416 784; x_wconf 73' lang='grc' dir='ltr'>καὶ</span> <span class='ocrx_word' id='word_1_507' title='bbox 2446 731 2815 803; x_wconf 83' lang='grc' dir='ltr'>πρεσϐύτερον</span> <span class='ocrx_word' id='word_1_508' title='bbox 2855 732 2963 786; x_wconf 88' lang='grc' dir='ltr'>τῶν</span> <span class='ocrx_word' id='word_1_509' title='bbox 2995 725 3202 806; x_wconf 81' lang='grc' dir='ltr'>σχολῶν</span> <span class='ocrx_word' id='word_1_510' title='bbox 3223 777 3236 800; x_wconf 86' lang='grc'>,</span> <span class='ocrx_word' id='word_1_511' title='bbox 3265 736 3481 806; x_wconf 72' lang='grc' dir='ltr'>ἥκουσα</span> 
     </span>
    </p>
   </div>
   <div class='ocr_carea' id='block_1_71' title="bbox 1883 808 3488 884">
    <p class='ocr_par' dir='ltr' id='par_1_71' title="bbox 1883 808 3488 884">
     <span class='ocr_line' id='line_1_72' title="bbox 1883 808 3488 884; baseline 0.005 -25"><span class='ocrx_word' id='word_1_512' title='bbox 1883 808 2271 877; x_wconf 74' lang='grc' dir='ltr'>ἀρρωστοῦντα</span> <span class='ocrx_word' id='word_1_513' title='bbox 2298 812 2355 863; x_wconf 86' lang='grc' dir='ltr'>ἐν</span> <span class='ocrx_word' id='word_1_514' title='bbox 2389 813 2713 884; x_wconf 82' lang='grc' dir='ltr'>Καμπανίᾳ.</span> <span class='ocrx_word' id='word_1_515' title='bbox 2745 812 3053 882; x_wconf 81' lang='grc' dir='ltr'>Σωφρόνιος</span> <span class='ocrx_word' id='word_1_516' title='bbox 3089 814 3394 879; x_wconf 80' lang='grc' dir='ltr'>ὀ-διάκονος</span> <span class='ocrx_word' id='word_1_517' title='bbox 3425 817 3488 867; x_wconf 85' lang='grc' dir='ltr'>ἐν</span> 
     </span>
    </p>
   </div>
   <div class='ocr_carea' id='block_1_72' title="bbox 1884 886 3503 961">
    <p class='ocr_par' dir='ltr' id='par_1_72' title="bbox 1884 886 3503 961">
     <span class='ocr_line' id='line_1_73' title="bbox 1884 886 3503 961; baseline 0.007 -25"><span class='ocrx_word' id='word_1_518' title='bbox 1884 886 2094 958; x_wconf 70' lang='grc' dir='ltr'>φυλακῇ</span> <span class='ocrx_word' id='word_1_519' title='bbox 2149 890 2266 941; x_wconf 89' lang='grc' dir='ltr'>ἐστι</span> <span class='ocrx_word' id='word_1_520' title='bbox 2309 890 2408 959; x_wconf 82' lang='grc' dir='ltr'>τῆς</span> <span class='ocrx_word' id='word_1_521' title='bbox 2461 891 2762 961; x_wconf 78' lang='grc' dir='ltr'>Θηϐαΐδος·</span> <span class='ocrx_word' id='word_1_522' title='bbox 2811 892 3019 956; x_wconf 88' lang='grc' dir='ltr'>Παῦλος</span> <span class='ocrx_word' id='word_1_523' title='bbox 3055 895 3082 945; x_wconf 88' lang='lat'>6</span> <span class='ocrx_word' id='word_1_524' title='bbox 3121 892 3396 956; x_wconf 86' lang='grc' dir='ltr'>διάκονος,</span> <span class='ocrx_word' id='word_1_525' title='bbox 3454 897 3503 947; x_wconf 82' lang='grc' dir='ltr'>ὀ..</span> 
     </span>
    </p>
   </div>
   <div class='ocr_carea' id='block_1_73' title="bbox 1885 966 3482 1042">
    <p class='ocr_par' dir='ltr' id='par_1_73' title="bbox 1885 966 3482 1042">
     <span class='ocr_line' id='line_1_74' title="bbox 1885 966 3482 1042; baseline 0.004 -22"><span class='ocrx_word' id='word_1_526' title='bbox 1885 966 2076 1033; x_wconf 70' lang='grc' dir='ltr'>Βοηθὸς</span> <span class='ocrx_word' id='word_1_527' title='bbox 2116 968 2208 1021; x_wconf 85' lang='grc' dir='ltr'>τοῦ</span> <span class='ocrx_word' id='word_1_528' title='bbox 2261 970 2580 1039; x_wconf 87' lang='grc' dir='ltr'>οἰκονόμου,</span> <span class='ocrx_word' id='word_1_529' title='bbox 2633 971 2850 1038; x_wconf 85' lang='grc' dir='ltr'>λέγεται</span> <span class='ocrx_word' id='word_1_530' title='bbox 2895 973 2952 1024; x_wconf 84' lang='grc' dir='ltr'>ἐν</span> <span class='ocrx_word' id='word_1_531' title='bbox 2996 971 3228 1042; x_wconf 79' lang='grc' dir='ltr'>’Λφρικῇ</span> <span class='ocrx_word' id='word_1_532' title='bbox 3266 989 3282 1002; x_wconf 90' lang='grc'>·</span> <span class='ocrx_word' id='word_1_533' title='bbox 3326 971 3482 1034; x_wconf 82' lang='grc' dir='ltr'>ἄλλος</span> 
     </span>
    </p>
   </div>
   <div class='ocr_carea' id='block_1_74' title="bbox 1885 1044 3477 1120">
    <p class='ocr_par' dir='ltr' id='par_1_74' title="bbox 1885 1044 3477 1120">
     <span class='ocr_line' id='line_1_75' title="bbox 1885 1044 3477 1120; baseline 0.006 -24"><span class='ocrx_word' id='word_1_534' title='bbox 1885 1044 2112 1109; x_wconf 86' lang='grc' dir='ltr'>Παῦλος,</span> <span class='ocrx_word' id='word_1_535' title='bbox 2151 1049 2179 1099; x_wconf 91' lang='grc' dir='ltr'>ὀ</span> <span class='ocrx_word' id='word_1_536' title='bbox 2208 1048 2309 1118; x_wconf 76' lang='grc' dir='ltr'>τῆς</span> <span class='ocrx_word' id='word_1_537' title='bbox 2349 1050 2726 1114; x_wconf 83' lang='grc' dir='ltr'>Ἀναστασίας,</span> <span class='ocrx_word' id='word_1_538' title='bbox 2768 1051 2916 1104; x_wconf 74' lang='grc' dir='ltr'>ἐστὶν</span> <span class='ocrx_word' id='word_1_539' title='bbox 2949 1050 3007 1103; x_wconf 81' lang='grc' dir='ltr'>ἐν</span> <span class='ocrx_word' id='word_1_540' title='bbox 3039 1050 3439 1120; x_wconf 80' lang='grc' dir='ltr'>Ἱεροσολύμοις</span> <span class='ocrx_word' id='word_1_541' title='bbox 3464 1069 3477 1082; x_wconf 89' lang='grc'>·</span> 
     </span>
    </p>
   </div>
   <div class='ocr_carea' id='block_1_75' title="bbox 1894 1125 3482 1200">
    <p class='ocr_par' dir='ltr' id='par_1_75' title="bbox 1894 1125 3482 1200">
     <span class='ocr_line' id='line_1_76' title="bbox 1894 1125 3482 1200; baseline 0.004 -22"><span class='ocrx_word' id='word_1_542' title='bbox 1894 1125 2164 1188; x_wconf 83' lang='grc' dir='ltr'>Ἐλλάδιος</span> <span class='ocrx_word' id='word_1_543' title='bbox 2219 1130 2247 1180; x_wconf 90' lang='grc' dir='ltr'>ό</span> <span class='ocrx_word' id='word_1_544' title='bbox 2297 1129 2702 1200; x_wconf 83' lang='grc' dir='ltr'>πρεσϐύτερος,</span> <span class='ocrx_word' id='word_1_545' title='bbox 2756 1132 2784 1183; x_wconf 88' lang='grc' dir='ltr'>ό</span> <span class='ocrx_word' id='word_1_546' title='bbox 2827 1128 2921 1183; x_wconf 89' lang='grc' dir='ltr'>τοῦ</span> <span class='ocrx_word' id='word_1_547' title='bbox 2962 1129 3268 1193; x_wconf 83' lang='grc' dir='ltr'>Παλατίου,</span> <span class='ocrx_word' id='word_1_548' title='bbox 3303 1130 3482 1198; x_wconf 81' lang='grc' dir='ltr'>διάγει</span> 
     </span>
    </p>
   </div>
   <div class='ocr_carea' id='block_1_76' title="bbox 1877 1203 3486 1280">
    <p class='ocr_par' dir='ltr' id='par_1_76' title="bbox 1877 1203 3486 1280">
     <span class='ocr_line' id='line_1_77' title="bbox 1877 1203 3486 1280; baseline 0.006 -25"><span class='ocrx_word' id='word_1_549' title='bbox 1877 1203 1936 1255; x_wconf 76' lang='grc' dir='ltr'>ἐν</span> <span class='ocrx_word' id='word_1_550' title='bbox 1972 1204 2200 1276; x_wconf 84' lang='grc' dir='ltr'>ἀγριδίῳ</span> <span class='ocrx_word' id='word_1_551' title='bbox 2225 1207 2325 1276; x_wconf 75' lang='grc' dir='ltr'>τῆς</span> <span class='ocrx_word' id='word_1_552' title='bbox 2356 1207 2607 1272; x_wconf 85' lang='grc' dir='ltr'>Βιθυνίας</span> <span class='ocrx_word' id='word_1_553' title='bbox 2647 1208 2782 1280; x_wconf 84' lang='grc' dir='ltr'>ἰδίῳ.</span> <span class='ocrx_word' id='word_1_554' title='bbox 2818 1208 3044 1273; x_wconf 87' lang='grc' dir='ltr'>Πλείους</span> <span class='ocrx_word' id='word_1_555' title='bbox 3071 1208 3126 1262; x_wconf 81' lang='grc' dir='ltr'>δὲ</span> <span class='ocrx_word' id='word_1_556' title='bbox 3153 1208 3486 1280; x_wconf 79' lang='grc' dir='ltr'>κρύπτονται</span> 
     </span>
    </p>
   </div>
   <div class='ocr_carea' id='block_1_77' title="bbox 1883 1287 3480 1358">
    <p class='ocr_par' dir='ltr' id='par_1_77' title="bbox 1883 1287 3480 1358">
     <span class='ocr_line' id='line_1_78' title="bbox 1883 1287 3480 1358; baseline 0.003 -19"><span class='ocrx_word' id='word_1_557' title='bbox 1883 1289 1938 1339; x_wconf 87' lang='grc' dir='ltr'>ἐν</span> <span class='ocrx_word' id='word_1_558' title='bbox 1968 1287 2557 1350; x_wconf 83' lang='grc' dir='ltr'>Κωνσταντινουπόλει,</span> <span class='ocrx_word' id='word_1_559' title='bbox 2591 1287 2740 1341; x_wconf 79' lang='grc' dir='ltr'>ἄλλοι</span> <span class='ocrx_word' id='word_1_560' title='bbox 2767 1289 2823 1341; x_wconf 86' lang='grc' dir='ltr'>δέ</span> <span class='ocrx_word' id='word_1_561' title='bbox 2858 1288 3104 1358; x_wconf 81' lang='grc' dir='ltr'>ἀπῆλθον</span> <span class='ocrx_word' id='word_1_562' title='bbox 3133 1291 3211 1353; x_wconf 84' lang='grc' dir='ltr'>είς</span> <span class='ocrx_word' id='word_1_563' title='bbox 3245 1289 3343 1352; x_wconf 82' lang='grc' dir='ltr'>τάς</span> <span class='ocrx_word' id='word_1_564' title='bbox 3375 1307 3480 1343; x_wconf 88' lang='grc' dir='ltr'>πα-</span> 
     </span>
    </p>
   </div>
   <div class='ocr_carea' id='block_1_78' title="bbox 1880 1367 3483 1440">
    <p class='ocr_par' dir='ltr' id='par_1_78' title="bbox 1880 1367 3483 1440">
     <span class='ocr_line' id='line_1_79' title="bbox 1880 1367 3483 1440; baseline -0.001 -19"><span class='ocrx_word' id='word_1_565' title='bbox 1880 1369 2088 1440; x_wconf 86' lang='grc' dir='ltr'>τρίδας.</span> <span class='ocrx_word' id='word_1_566' title='bbox 2144 1369 2400 1432; x_wconf 82' lang='grc' dir='ltr'>Σιλϐανὸς</span> <span class='ocrx_word' id='word_1_567' title='bbox 2446 1367 2500 1421; x_wconf 82' lang='grc' dir='ltr'>δὲ</span> <span class='ocrx_word' id='word_1_568' title='bbox 2545 1371 2572 1421; x_wconf 89' lang='lat'>6</span> <span class='ocrx_word' id='word_1_569' title='bbox 2622 1371 2774 1438; x_wconf 72' lang='grc' dir='ltr'>ἅγιος</span> <span class='ocrx_word' id='word_1_570' title='bbox 2818 1370 3116 1432; x_wconf 85' lang='grc' dir='ltr'>ἐπίσκοπος</span> <span class='ocrx_word' id='word_1_571' title='bbox 3160 1371 3216 1422; x_wconf 85' lang='grc' dir='ltr'>ἐν</span> <span class='ocrx_word' id='word_1_572' title='bbox 3269 1369 3483 1440; x_wconf 82' lang='grc' dir='ltr'>Τρωάδι</span> 
     </span>
    </p>
   </div>
   <div class='ocr_carea' id='block_1_79' title="bbox 1881 1449 3484 1520">
    <p class='ocr_par' dir='ltr' id='par_1_79' title="bbox 1881 1449 3484 1520">
     <span class='ocr_line' id='line_1_80' title="bbox 1881 1449 3484 1520; baseline -0.001 -18"><span class='ocrx_word' id='word_1_573' title='bbox 1881 1450 2058 1514; x_wconf 79' lang='grc' dir='ltr'>ἐστὶν,</span> <span class='ocrx_word' id='word_1_574' title='bbox 2092 1449 2322 1504; x_wconf 84' lang='grc' dir='ltr'>ἁλιεύων</span> <span class='ocrx_word' id='word_1_575' title='bbox 2352 1450 2444 1502; x_wconf 72' lang='grc' dir='ltr'>καὶ</span> <span class='ocrx_word' id='word_1_576' title='bbox 2476 1449 2583 1514; x_wconf 80' lang='grc' dir='ltr'>ζῶν</span> <span class='ocrx_word' id='word_1_577' title='bbox 2612 1466 2624 1480; x_wconf 96' lang='grc'>·</span> <span class='ocrx_word' id='word_1_578' title='bbox 2669 1449 2940 1519; x_wconf 81' lang='grc' dir='ltr'>Στέφανος</span> <span class='ocrx_word' id='word_1_579' title='bbox 2962 1452 2990 1504; x_wconf 91' lang='grc' dir='ltr'>ό</span> <span class='ocrx_word' id='word_1_580' title='bbox 3015 1449 3260 1520; x_wconf 84' lang='grc' dir='ltr'>ἀσκητὴς</span> <span class='ocrx_word' id='word_1_581' title='bbox 3281 1489 3294 1510; x_wconf 86' lang='grc'><strong>.</strong></span> <span class='ocrx_word' id='word_1_582' title='bbox 3326 1452 3353 1502; x_wconf 81' lang='grc' dir='ltr'>ὁ</span> <span class='ocrx_word' id='word_1_583' title='bbox 3384 1450 3484 1513; x_wconf 78' lang='grc' dir='ltr'>τάς</span> 
     </span>
    </p>
   </div>
   <div class='ocr_carea' id='block_1_80' title="bbox 1891 1529 3483 1599">
    <p class='ocr_par' dir='ltr' id='par_1_80' title="bbox 1891 1529 3483 1599">
     <span class='ocr_line' id='line_1_81' title="bbox 1891 1529 3483 1599; baseline -0.001 -17"><span class='ocrx_word' id='word_1_584' title='bbox 1891 1529 2176 1599; x_wconf 84' lang='grc' dir='ltr'>Ῥωμαίων</span> <span class='ocrx_word' id='word_1_585' title='bbox 2216 1530 2505 1592; x_wconf 82' lang='grc' dir='ltr'>ἐπιστολὰς</span> <span class='ocrx_word' id='word_1_586' title='bbox 2535 1530 2894 1599; x_wconf 82' lang='grc' dir='ltr'>διακομίσας,</span> <span class='ocrx_word' id='word_1_587' title='bbox 2935 1531 2993 1585; x_wconf 86' lang='grc' dir='ltr'>ἐν</span> <span class='ocrx_word' id='word_1_588' title='bbox 3040 1532 3483 1584; x_wconf 81' lang='grc' dir='ltr'>Κωνσταντινου-</span> 
     </span>
    </p>
   </div>
   <div class='ocr_carea' id='block_1_81' title="bbox 1882 1607 3482 1681">
    <p class='ocr_par' dir='ltr' id='par_1_81' title="bbox 1882 1607 3482 1681">
     <span class='ocr_line' id='line_1_82' title="bbox 1882 1607 3482 1681; baseline 0.001 -21"><span class='ocrx_word' id='word_1_589' title='bbox 1882 1609 2063 1672; x_wconf 85' lang='grc' dir='ltr'>πόλει,</span> <span class='ocrx_word' id='word_1_590' title='bbox 2117 1607 2307 1661; x_wconf 81' lang='grc' dir='ltr'>τούτου</span> <span class='ocrx_word' id='word_1_591' title='bbox 2349 1608 2514 1662; x_wconf 73' lang='grc' dir='ltr'>αὑτοῦ</span> <span class='ocrx_word' id='word_1_592' title='bbox 2555 1611 2740 1662; x_wconf 80' lang='grc' dir='ltr'>’ένεκεν</span> <span class='ocrx_word' id='word_1_593' title='bbox 2781 1609 3114 1681; x_wconf 74' lang='grc' dir='ltr'>τυπτηθεὶς,</span> <span class='ocrx_word' id='word_1_594' title='bbox 3163 1609 3255 1662; x_wconf 57' lang='grc' dir='ltr'>ἐπὶ⁵</span> <span class='ocrx_word' id='word_1_595' title='bbox 3304 1607 3482 1679; x_wconf 74' lang='grc' dir='ltr'>μῆνας</span> 
     </span>
    </p>
   </div>
   <div class='ocr_carea' id='block_1_82' title="bbox 1879 1687 3480 1760">
    <p class='ocr_par' dir='ltr' id='par_1_82' title="bbox 1879 1687 3480 1760">
     <span class='ocr_line' id='line_1_83' title="bbox 1879 1687 3480 1760; baseline 0.001 -20"><span class='ocrx_word' id='word_1_596' title='bbox 1879 1689 2008 1741; x_wconf 89' lang='grc' dir='ltr'>δέκα</span> <span class='ocrx_word' id='word_1_597' title='bbox 2048 1689 2126 1750; x_wconf 82' lang='grc' dir='ltr'>είς</span> <span class='ocrx_word' id='word_1_598' title='bbox 2164 1688 2261 1757; x_wconf 76' lang='grc' dir='ltr'>τὴν</span> <span class='ocrx_word' id='word_1_599' title='bbox 2311 1687 2535 1758; x_wconf 75' lang='grc' dir='ltr'>εἱρκτὴν</span> <span class='ocrx_word' id='word_1_600' title='bbox 2578 1687 2802 1759; x_wconf 75' lang='grc' dir='ltr'>ἐϐλήθη.</span> <span class='ocrx_word' id='word_1_601' title='bbox 2844 1688 3214 1759; x_wconf 88' lang='grc' dir='ltr'>Προταθείσης</span> <span class='ocrx_word' id='word_1_602' title='bbox 3247 1690 3291 1742; x_wconf 81' lang='grc' dir='ltr'>δ’</span> <span class='ocrx_word' id='word_1_603' title='bbox 3329 1689 3480 1760; x_wconf 77' lang='grc' dir='ltr'>αὐτῷ</span> 
     </span>
    </p>
   </div>
   <div class='ocr_carea' id='block_1_83' title="bbox 1880 1767 3478 1838">
    <p class='ocr_par' dir='ltr' id='par_1_83' title="bbox 1880 1767 3478 1838">
     <span class='ocr_line' id='line_1_84' title="bbox 1880 1767 3478 1838; baseline 0.002 -19"><span class='ocrx_word' id='word_1_604' title='bbox 1880 1769 2164 1831; x_wconf 85' lang='grc' dir='ltr'>κοινωνίας</span> <span class='ocrx_word' id='word_1_605' title='bbox 2185 1809 2198 1831; x_wconf 90' lang='grc'>,</span> <span class='ocrx_word' id='word_1_606' title='bbox 2239 1769 2313 1831; x_wconf 80' lang='grc' dir='ltr'>ὼς</span> <span class='ocrx_word' id='word_1_607' title='bbox 2351 1768 2450 1820; x_wconf 83' lang='grc' dir='ltr'>οὐκ</span> <span class='ocrx_word' id='word_1_608' title='bbox 2478 1768 2703 1838; x_wconf 85' lang='grc' dir='ltr'>ἐπείσθη</span> <span class='ocrx_word' id='word_1_609' title='bbox 2725 1808 2737 1830; x_wconf 90' lang='grc'>,</span> <span class='ocrx_word' id='word_1_610' title='bbox 2787 1767 2997 1832; x_wconf 76' lang='grc' dir='ltr'>ξεσθεὶς</span> <span class='ocrx_word' id='word_1_611' title='bbox 3030 1769 3257 1836; x_wconf 88' lang='grc' dir='ltr'>εἰσάγαν</span> <span class='ocrx_word' id='word_1_612' title='bbox 3283 1769 3382 1833; x_wconf 87' lang='grc' dir='ltr'>τάς</span> <span class='ocrx_word' id='word_1_613' title='bbox 3417 1785 3478 1822; x_wconf 77' lang='grc' dir='ltr'>τι</span> 
     </span>
    </p>
   </div>
   <div class='ocr_carea' id='block_1_84' title="bbox 1879 1839 3474 1918">
    <p class='ocr_par' dir='ltr' id='par_1_84' title="bbox 1879 1839 3474 1918">
     <span class='ocr_line' id='line_1_85' title="bbox 1879 1839 3474 1918; baseline 0.001 -20"><span class='ocrx_word' id='word_1_614' title='bbox 1879 1847 2119 1916; x_wconf 79' lang='grc' dir='ltr'>πλευράς</span> <span class='ocrx_word' id='word_1_615' title='bbox 2147 1848 2248 1900; x_wconf 70' lang='grc' dir='ltr'>καὶ</span> <span class='ocrx_word' id='word_1_616' title='bbox 2272 1847 2334 1899; x_wconf 78' lang='grc' dir='ltr'>τὸ</span> <span class='ocrx_word' id='word_1_617' title='bbox 2369 1845 2563 1914; x_wconf 78' lang='grc' dir='ltr'>στῆθος</span> <span class='ocrx_word' id='word_1_618' title='bbox 2584 1885 2598 1906; x_wconf 85' lang='grc'><strong>.</strong></span> <span class='ocrx_word' id='word_1_619' title='bbox 2626 1839 2701 1899; x_wconf 84' lang='grc' dir='ltr'>ὧν</span> <span class='ocrx_word' id='word_1_620' title='bbox 2729 1847 2841 1915; x_wconf 87' lang='grc' dir='ltr'>ἐγὼ</span> <span class='ocrx_word' id='word_1_621' title='bbox 2880 1847 3156 1915; x_wconf 78' lang='grc' dir='ltr'>αὐτόπτης</span> <span class='ocrx_word' id='word_1_622' title='bbox 3183 1849 3474 1918; x_wconf 83' lang='grc' dir='ltr'>ἐγενόμην,</span> 
     </span>
    </p>
   </div>
   <div class='ocr_carea' id='block_1_85' title="bbox 1877 1925 3478 1996">
    <p class='ocr_par' dir='ltr' id='par_1_85' title="bbox 1877 1925 3478 1996">
     <span class='ocr_line' id='line_1_86' title="bbox 1877 1925 3478 1996; baseline 0.002 -20"><span class='ocrx_word' id='word_1_623' title='bbox 1877 1929 1941 1994; x_wconf 82' lang='grc' dir='ltr'>τῇ</span> <span class='ocrx_word' id='word_1_624' title='bbox 1974 1925 2066 1978; x_wconf 87' lang='grc' dir='ltr'>τοῦ</span> <span class='ocrx_word' id='word_1_625' title='bbox 2097 1925 2336 1996; x_wconf 85' lang='grc' dir='ltr'>Χριστοῦ</span> <span class='ocrx_word' id='word_1_626' title='bbox 2367 1925 2655 1996; x_wconf 76' lang='grc' dir='ltr'>ἐπιμελείᾳ</span> <span class='ocrx_word' id='word_1_627' title='bbox 2699 1925 2986 1989; x_wconf 75' lang='grc' dir='ltr'>διασωθεὶς</span> <span class='ocrx_word' id='word_1_628' title='bbox 3021 1927 3151 1988; x_wconf 77' lang='grc' dir='ltr'>ἴσως</span> <span class='ocrx_word' id='word_1_629' title='bbox 3185 1927 3262 1989; x_wconf 89' lang='grc' dir='ltr'>εἰς</span> <span class='ocrx_word' id='word_1_630' title='bbox 3295 1926 3478 1980; x_wconf 84' lang='grc' dir='ltr'>δευτέ-</span> 
     </span>
    </p>
   </div>
   <div class='ocr_carea' id='block_1_86' title="bbox 1879 2002 3475 2075">
    <p class='ocr_par' dir='ltr' id='par_1_86' title="bbox 1879 2002 3475 2075">
     <span class='ocr_line' id='line_1_87' title="bbox 1879 2002 3475 2075; baseline 0 -18"><span class='ocrx_word' id='word_1_631' title='bbox 1879 2022 2006 2074; x_wconf 88' lang='grc' dir='ltr'>ρους</span> <span class='ocrx_word' id='word_1_632' title='bbox 2040 2004 2293 2072; x_wconf 85' lang='grc' dir='ltr'>ἀγῶνας,</span> <span class='ocrx_word' id='word_1_633' title='bbox 2333 2004 2471 2072; x_wconf 86' lang='grc' dir='ltr'>μετά</span> <span class='ocrx_word' id='word_1_634' title='bbox 2527 2004 2659 2057; x_wconf 84' lang='grc' dir='ltr'>δέκα</span> <span class='ocrx_word' id='word_1_635' title='bbox 2719 2005 2896 2074; x_wconf 75' lang='grc' dir='ltr'>μῆνας</span> <span class='ocrx_word' id='word_1_636' title='bbox 2925 2004 3025 2074; x_wconf 75' lang='grc' dir='ltr'>τῆς</span> <span class='ocrx_word' id='word_1_637' title='bbox 3059 2002 3354 2075; x_wconf 85' lang='grc' dir='ltr'>θεραπείας</span> <span class='ocrx_word' id='word_1_638' title='bbox 3384 2004 3475 2070; x_wconf 76' lang='grc' dir='ltr'>ἐξ·</span> 
     </span>
    </p>
   </div>
   <div class='ocr_carea' id='block_1_87' title="bbox 1877 2082 3481 2155">
    <p class='ocr_par' dir='ltr' id='par_1_87' title="bbox 1877 2082 3481 2155">
     <span class='ocr_line' id='line_1_88' title="bbox 1877 2082 3481 2155; baseline 0.002 -20"><span class='ocrx_word' id='word_1_639' title='bbox 1877 2083 2090 2154; x_wconf 84' lang='grc' dir='ltr'>ωρίσθη</span> <span class='ocrx_word' id='word_1_640' title='bbox 2132 2085 2212 2147; x_wconf 87' lang='grc' dir='ltr'>εἰς</span> <span class='ocrx_word' id='word_1_641' title='bbox 2247 2084 2306 2137; x_wconf 77' lang='grc' dir='ltr'>τὸ</span> <span class='ocrx_word' id='word_1_642' title='bbox 2337 2082 2657 2153; x_wconf 86' lang='grc' dir='ltr'>Πηλούσιον.</span> <span class='ocrx_word' id='word_1_643' title='bbox 2685 2082 3068 2153; x_wconf 88' lang='grc' dir='ltr'>Προϐικιάλιός</span> <span class='ocrx_word' id='word_1_644' title='bbox 3099 2101 3182 2146; x_wconf 90' lang='grc' dir='ltr'>τις</span> <span class='ocrx_word' id='word_1_645' title='bbox 3214 2083 3481 2155; x_wconf 86' lang='grc' dir='ltr'>στρατιώ-</span> 
     </span>
    </p>
   </div>
   <div class='ocr_carea' id='block_1_88' title="bbox 1873 2161 3478 2234">
    <p class='ocr_par' dir='ltr' id='par_1_88' title="bbox 1873 2161 3478 2234">
     <span class='ocr_line' id='line_1_89' title="bbox 1873 2161 3478 2234; baseline 0.001 -21"><span class='ocrx_word' id='word_1_646' title='bbox 1873 2179 1974 2231; x_wconf 88' lang='grc' dir='ltr'>της</span> <span class='ocrx_word' id='word_1_647' title='bbox 2001 2161 2109 2215; x_wconf 90' lang='grc' dir='ltr'>τῶν</span> <span class='ocrx_word' id='word_1_648' title='bbox 2134 2163 2265 2234; x_wconf 73' lang='grc' dir='ltr'>περὶ</span> <span class='ocrx_word' id='word_1_649' title='bbox 2290 2163 2380 2216; x_wconf 82' lang='grc' dir='ltr'>τὸν</span> <span class='ocrx_word' id='word_1_650' title='bbox 2417 2161 2641 2232; x_wconf 83' lang='grc' dir='ltr'>βασιλέα</span> <span class='ocrx_word' id='word_1_651' title='bbox 2667 2162 2876 2233; x_wconf 88' lang='grc' dir='ltr'>σχολῶν</span> <span class='ocrx_word' id='word_1_652' title='bbox 2894 2204 2908 2227; x_wconf 92' lang='grc'>,</span> <span class='ocrx_word' id='word_1_653' title='bbox 2935 2162 3246 2234; x_wconf 74' lang='grc' dir='ltr'>διαϐληθεὶς</span> <span class='ocrx_word' id='word_1_654' title='bbox 3278 2162 3355 2226; x_wconf 82' lang='grc' dir='ltr'>ὼς</span> <span class='ocrx_word' id='word_1_655' title='bbox 3387 2180 3478 2232; x_wconf 80' lang='grc' dir='ltr'>φι-</span> 
     </span>
    </p>
   </div>
   <div class='ocr_carea' id='block_1_89' title="bbox 1874 2240 3479 2313">
    <p class='ocr_par' dir='ltr' id='par_1_89' title="bbox 1874 2240 3479 2313">
     <span class='ocr_line' id='line_1_90' title="bbox 1874 2240 3479 2313; baseline 0.001 -21"><span class='ocrx_word' id='word_1_656' title='bbox 1874 2240 2042 2311; x_wconf 81' lang='grc' dir='ltr'>λητὴς</span> <span class='ocrx_word' id='word_1_657' title='bbox 2083 2241 2332 2296; x_wconf 84' lang='grc' dir='ltr'>Ἰωάννου</span> <span class='ocrx_word' id='word_1_658' title='bbox 2360 2286 2373 2308; x_wconf 90' lang='grc'>,</span> <span class='ocrx_word' id='word_1_659' title='bbox 2427 2242 2563 2313; x_wconf 85' lang='grc' dir='ltr'>μετά</span> <span class='ocrx_word' id='word_1_660' title='bbox 2597 2242 2810 2311; x_wconf 81' lang='grc' dir='ltr'>πληγὰς</span> <span class='ocrx_word' id='word_1_661' title='bbox 2841 2242 3216 2313; x_wconf 81' lang='grc' dir='ltr'>πολυτρόπους</span> <span class='ocrx_word' id='word_1_662' title='bbox 3257 2242 3350 2295; x_wconf 69' lang='grc' dir='ltr'>καὶ</span> <span class='ocrx_word' id='word_1_663' title='bbox 3393 2240 3479 2306; x_wconf 82' lang='grc' dir='ltr'>ξε·</span> 
     </span>
    </p>
   </div>
   <div class='ocr_carea' id='block_1_90' title="bbox 1875 2321 3477 2394">
    <p class='ocr_par' dir='ltr' id='par_1_90' title="bbox 1875 2321 3477 2394">
     <span class='ocr_line' id='line_1_91' title="bbox 1875 2321 3477 2394; baseline 0.001 -22"><span class='ocrx_word' id='word_1_664' title='bbox 1875 2322 2011 2385; x_wconf 79' lang='grc' dir='ltr'>σμδν</span> <span class='ocrx_word' id='word_1_665' title='bbox 2041 2322 2234 2392; x_wconf 82' lang='grc' dir='ltr'>ἀφειδῆ</span> <span class='ocrx_word' id='word_1_666' title='bbox 2262 2322 2532 2394; x_wconf 78' lang='grc' dir='ltr'>ἐξωρίσθη</span> <span class='ocrx_word' id='word_1_667' title='bbox 2564 2324 2643 2387; x_wconf 83' lang='grc' dir='ltr'>εἰς</span> <span class='ocrx_word' id='word_1_668' title='bbox 2675 2323 2907 2394; x_wconf 81' lang='grc' dir='ltr'>Πέτρας.</span> <span class='ocrx_word' id='word_1_669' title='bbox 2942 2322 3172 2392; x_wconf 76' lang='grc' dir='ltr'>Οἰκέτης</span> <span class='ocrx_word' id='word_1_670' title='bbox 3197 2323 3253 2375; x_wconf 76' lang='grc' dir='ltr'>δὲ</span> <span class='ocrx_word' id='word_1_671' title='bbox 3293 2321 3477 2374; x_wconf 83' lang='grc' dir='ltr'>Ἐλπι-</span> 
     </span>
    </p>
   </div>
   <div class='ocr_carea' id='block_1_91' title="bbox 1871 2399 3475 2473">
    <p class='ocr_par' dir='ltr' id='par_1_91' title="bbox 1871 2399 3475 2473">
     <span class='ocr_line' id='line_1_92' title="bbox 1871 2399 3475 2473; baseline 0.001 -21"><span class='ocrx_word' id='word_1_672' title='bbox 1871 2399 1982 2452; x_wconf 84' lang='grc' dir='ltr'>δίου</span> <span class='ocrx_word' id='word_1_673' title='bbox 2020 2399 2114 2453; x_wconf 88' lang='grc' dir='ltr'>τοῦ</span> <span class='ocrx_word' id='word_1_674' title='bbox 2164 2400 2560 2473; x_wconf 86' lang='grc' dir='ltr'>πρεσϐυτέρου,</span> <span class='ocrx_word' id='word_1_675' title='bbox 2599 2402 2922 2472; x_wconf 75' lang='grc' dir='ltr'>μισθωθεὶς,</span> <span class='ocrx_word' id='word_1_676' title='bbox 2955 2400 3030 2463; x_wconf 86' lang='grc' dir='ltr'>ῶς</span> <span class='ocrx_word' id='word_1_677' title='bbox 3065 2419 3196 2469; x_wconf 78' lang='grc' dir='ltr'>φασι</span> <span class='ocrx_word' id='word_1_678' title='bbox 3221 2402 3475 2470; x_wconf 49' lang='grc' dir='ltr'>,ηπεντή-</span> 
     </span>
    </p>
   </div>
   <div class='ocr_carea' id='block_1_92' title="bbox 1873 2478 3474 2550">
    <p class='ocr_par' dir='ltr' id='par_1_92' title="bbox 1873 2478 3474 2550">
     <span class='ocr_line' id='line_1_93' title="bbox 1873 2478 3474 2550; baseline -0.001 -18"><span class='ocrx_word' id='word_1_679' title='bbox 1873 2478 2462 2550; x_wconf 83' lang='grc' dir='ltr'>κοντα-νομισμάτων,</span> <span class='ocrx_word' id='word_1_680' title='bbox 2512 2480 2598 2532; x_wconf 83' lang='grc' dir='ltr'>ἴνα</span> <span class='ocrx_word' id='word_1_681' title='bbox 2631 2481 2722 2533; x_wconf 81' lang='grc' dir='ltr'>τὸν</span> <span class='ocrx_word' id='word_1_682' title='bbox 2767 2481 2921 2547; x_wconf 75' lang='grc' dir='ltr'>ἅγιον</span> <span class='ocrx_word' id='word_1_683' title='bbox 2963 2479 3214 2548; x_wconf 73' lang='grc' dir='ltr'>Ἰωάννην</span> <span class='ocrx_word' id='word_1_684' title='bbox 3253 2479 3474 2548; x_wconf 76' lang='grc' dir='ltr'>δολοφοο</span> 
     </span>
    </p>
   </div>
   <div class='ocr_carea' id='block_1_93' title="bbox 1870 2557 3465 2630">
    <p class='ocr_par' dir='ltr' id='par_1_93' title="bbox 1870 2557 3465 2630">
     <span class='ocr_line' id='line_1_94' title="bbox 1870 2557 3465 2630; baseline 0.003 -22"><span class='ocrx_word' id='word_1_685' title='bbox 1870 2558 2040 2630; x_wconf 71' lang='grc' dir='ltr'>νήσῃ,</span> <span class='ocrx_word' id='word_1_686' title='bbox 2091 2557 2368 2628; x_wconf 82' lang='grc' dir='ltr'>φωραθεὶς</span> <span class='ocrx_word' id='word_1_687' title='bbox 2420 2559 2514 2610; x_wconf 77' lang='grc' dir='ltr'>ἐπὶ</span> <span class='ocrx_word' id='word_1_688' title='bbox 2565 2558 2740 2628; x_wconf 86' lang='grc' dir='ltr'>τούτῳ</span> <span class='ocrx_word' id='word_1_689' title='bbox 2787 2561 2932 2628; x_wconf 83' lang='grc' dir='ltr'>τρεῖς</span> <span class='ocrx_word' id='word_1_690' title='bbox 2977 2559 3115 2626; x_wconf 68' lang='grc' dir='ltr'>ἔχων</span> <span class='ocrx_word' id='word_1_691' title='bbox 3157 2559 3465 2630; x_wconf 71' lang='grc' dir='ltr'>ῥομφαίας.</span> 
     </span>
    </p>
   </div>
   <div class='ocr_carea' id='block_1_94' title="bbox 1870 2627 3467 2706">
    <p class='ocr_par' dir='ltr' id='par_1_94' title="bbox 1870 2627 3467 2706">
     <span class='ocr_line' id='line_1_95' title="bbox 1870 2627 3467 2706; baseline 0.001 -20"><span class='ocrx_word' id='word_1_692' title='bbox 1870 2627 2063 2688; x_wconf 78' lang='grc' dir='ltr'>ἔπαισε</span> <span class='ocrx_word' id='word_1_693' title='bbox 2094 2627 2219 2699; x_wconf 67' lang='grc' dir='ltr'>τους</span> <span class='ocrx_word' id='word_1_694' title='bbox 2254 2637 2583 2706; x_wconf 88' lang='grc' dir='ltr'>κατέχοντας</span> <span class='ocrx_word' id='word_1_695' title='bbox 2610 2627 2773 2688; x_wconf 73' lang='grc' dir='ltr'>αὑτὸν</span> <span class='ocrx_word' id='word_1_696' title='bbox 2805 2627 2944 2689; x_wconf 82' lang='grc' dir='ltr'>κατὰ</span> <span class='ocrx_word' id='word_1_697' title='bbox 2991 2636 3154 2706; x_wconf 84' lang='grc' dir='ltr'>μέρος</span> <span class='ocrx_word' id='word_1_698' title='bbox 3184 2636 3324 2688; x_wconf 85' lang='grc' dir='ltr'>ἑπτά</span> <span class='ocrx_word' id='word_1_699' title='bbox 3345 2653 3356 2663; x_wconf 82' lang='grc'><em>’</em></span> <span class='ocrx_word' id='word_1_700' title='bbox 3390 2627 3467 2688; x_wconf 81' lang='grc' dir='ltr'>ὧν</span> 
     </span>
    </p>
   </div>
   <div class='ocr_carea' id='block_1_95' title="bbox 1871 2715 3470 2787">
    <p class='ocr_par' dir='ltr' id='par_1_95' title="bbox 1871 2715 3470 2787">
     <span class='ocr_line' id='line_1_96' title="bbox 1871 2715 3470 2787; baseline 0 -20"><span class='ocrx_word' id='word_1_701' title='bbox 1871 2717 1920 2767; x_wconf 81' lang='grc' dir='ltr'>σί</span> <span class='ocrx_word' id='word_1_702' title='bbox 1948 2717 2044 2784; x_wconf 74' lang='grc' dir='ltr'>μὲν</span> <span class='ocrx_word' id='word_1_703' title='bbox 2080 2716 2343 2787; x_wconf 85' lang='grc' dir='ltr'>τέσσαρες</span> <span class='ocrx_word' id='word_1_704' title='bbox 2367 2717 2681 2786; x_wconf 88' lang='grc' dir='ltr'>παραυτίκα</span> <span class='ocrx_word' id='word_1_705' title='bbox 2705 2716 3015 2784; x_wconf 73' lang='grc' dir='ltr'>ἐτάφησαν·</span> <span class='ocrx_word' id='word_1_706' title='bbox 3051 2715 3178 2768; x_wconf 49' lang='grc' dir='ltr'>οίηδὲ</span> <span class='ocrx_word' id='word_1_707' title='bbox 3205 2717 3353 2786; x_wconf 87' lang='grc' dir='ltr'>τρεῖς</span> <span class='ocrx_word' id='word_1_708' title='bbox 3377 2716 3470 2767; x_wconf 78' lang='grc' dir='ltr'>ἐπὶ</span> 
     </span>
    </p>
   </div>
   <div class='ocr_carea' id='block_1_96' title="bbox 1873 2792 3467 2866">
    <p class='ocr_par' dir='ltr' id='par_1_96' title="bbox 1873 2792 3467 2866">
     <span class='ocr_line' id='line_1_97' title="bbox 1873 2792 3467 2866; baseline -0.002 -17"><span class='ocrx_word' id='word_1_709' title='bbox 1873 2798 2055 2850; x_wconf 80' lang='grc' dir='ltr'>ἰκανὸν</span> <span class='ocrx_word' id='word_1_710' title='bbox 2097 2794 2287 2864; x_wconf 89' lang='grc' dir='ltr'>χρόνον</span> <span class='ocrx_word' id='word_1_711' title='bbox 2317 2794 2738 2866; x_wconf 86' lang='grc' dir='ltr'>ἐπιμεληθέντες</span> <span class='ocrx_word' id='word_1_712' title='bbox 2771 2792 3089 2863; x_wconf 81' lang='grc' dir='ltr'>ἐσώθησαν,</span> <span class='ocrx_word' id='word_1_713' title='bbox 3123 2793 3218 2845; x_wconf 86' lang='grc' dir='ltr'>τοῦ</span> <span class='ocrx_word' id='word_1_714' title='bbox 3265 2793 3467 2862; x_wconf 73' lang='grc' dir='ltr'>φονέως</span> 
     </span>
    </p>
   </div>
   <div class='ocr_carea' id='block_1_97' title="bbox 1868 2873 3464 2946">
    <p class='ocr_par' dir='ltr' id='par_1_97' title="bbox 1868 2873 3464 2946">
     <span class='ocr_line' id='line_1_98' title="bbox 1868 2873 3464 2946; baseline -0.001 -18"><span class='ocrx_word' id='word_1_715' title='bbox 1868 2874 2252 2939; x_wconf 87' lang='grc' dir='ltr'>ἀπολυθέντος.</span> <span class='ocrx_word' id='word_1_716' title='bbox 2313 2876 2615 2945; x_wconf 82' lang='grc' dir='ltr'>Εύτρόπιος</span> <span class='ocrx_word' id='word_1_717' title='bbox 2668 2877 2696 2927; x_wconf 89' lang='lat'>6</span> <span class='ocrx_word' id='word_1_718' title='bbox 2751 2875 3060 2945; x_wconf 84' lang='grc' dir='ltr'>μακάριος,</span> <span class='ocrx_word' id='word_1_719' title='bbox 3095 2874 3331 2946; x_wconf 81' lang='grc' dir='ltr'>ἄφθορος</span> <span class='ocrx_word' id='word_1_720' title='bbox 3358 2873 3464 2928; x_wconf 72' lang='grc' dir='ltr'>ἀπὸ</span> 
     </span>
    </p>
   </div>
   <div class='ocr_carea' id='block_1_98' title="bbox 1868 2953 3466 3026">
    <p class='ocr_par' dir='ltr' id='par_1_98' title="bbox 1868 2953 3466 3026">
     <span class='ocr_line' id='line_1_99' title="bbox 1868 2953 3466 3026; baseline -0.001 -19"><span class='ocrx_word' id='word_1_721' title='bbox 1868 2955 2181 3023; x_wconf 82' lang='grc' dir='ltr'>γυναικῶν,</span> <span class='ocrx_word' id='word_1_722' title='bbox 2228 2955 2438 3026; x_wconf 81' lang='grc' dir='ltr'>ψάλτης</span> <span class='ocrx_word' id='word_1_723' title='bbox 2462 2998 2476 3018; x_wconf 85' lang='grc'>,</span> <span class='ocrx_word' id='word_1_724' title='bbox 2525 2953 2822 3024; x_wconf 77' lang='grc' dir='ltr'>τυπτηθεὶς</span> <span class='ocrx_word' id='word_1_725' title='bbox 2857 2955 2950 3007; x_wconf 76' lang='grc' dir='ltr'>καὶ</span> <span class='ocrx_word' id='word_1_726' title='bbox 2993 2953 3199 3018; x_wconf 82' lang='grc' dir='ltr'>ξεσθείς</span> <span class='ocrx_word' id='word_1_727' title='bbox 3240 2957 3466 3023; x_wconf 83' lang='grc' dir='ltr'>εἰσάγαν</span> 
     </span>
    </p>
   </div>
   <div class='ocr_carea' id='block_1_99' title="bbox 1866 3032 3470 3106">
    <p class='ocr_par' dir='ltr' id='par_1_99' title="bbox 1866 3032 3470 3106">
     <span class='ocr_line' id='line_1_100' title="bbox 1866 3032 3470 3106; baseline 0.001 -20"><span class='ocrx_word' id='word_1_728' title='bbox 1866 3035 1966 3098; x_wconf 74' lang='grc' dir='ltr'>τὰς</span> <span class='ocrx_word' id='word_1_729' title='bbox 1999 3033 2240 3106; x_wconf 86' lang='grc' dir='ltr'>πλευρὰς</span> <span class='ocrx_word' id='word_1_730' title='bbox 2271 3036 2366 3088; x_wconf 82' lang='grc' dir='ltr'>σὺν</span> <span class='ocrx_word' id='word_1_731' title='bbox 2400 3033 2479 3104; x_wconf 81' lang='grc' dir='ltr'>τῷ</span> <span class='ocrx_word' id='word_1_732' title='bbox 2511 3032 2782 3104; x_wconf 85' lang='grc' dir='ltr'>μετώπῳ.</span> <span class='ocrx_word' id='word_1_733' title='bbox 2818 3034 2894 3095; x_wconf 85' lang='grc' dir='ltr'>ώς</span> <span class='ocrx_word' id='word_1_734' title='bbox 2926 3034 3020 3086; x_wconf 77' lang='grc' dir='ltr'>καὶ</span> <span class='ocrx_word' id='word_1_735' title='bbox 3041 3033 3138 3096; x_wconf 73' lang='grc' dir='ltr'>τὰς</span> <span class='ocrx_word' id='word_1_736' title='bbox 3166 3033 3337 3105; x_wconf 78' lang='grc' dir='ltr'>ὀφρῦς</span> <span class='ocrx_word' id='word_1_737' title='bbox 3372 3051 3470 3088; x_wconf 81' lang='grc' dir='ltr'>κα-</span> 
     </span>
    </p>
   </div>
   <div class='ocr_carea' id='block_1_100' title="bbox 1871 3111 3466 3184">
    <p class='ocr_par' dir='ltr' id='par_1_100' title="bbox 1871 3111 3466 3184">
     <span class='ocr_line' id='line_1_101' title="bbox 1871 3111 3466 3184; baseline -0.002 -18"><span class='ocrx_word' id='word_1_738' title='bbox 1871 3113 2275 3183; x_wconf 75' lang='grc' dir='ltr'>τασπασθῆναι,</span> <span class='ocrx_word' id='word_1_739' title='bbox 2307 3113 2607 3182; x_wconf 87' lang='grc' dir='ltr'>λαμπάδων</span> <span class='ocrx_word' id='word_1_740' title='bbox 2637 3113 2786 3184; x_wconf 82' lang='grc' dir='ltr'>αὐτῷ</span> <span class='ocrx_word' id='word_1_741' title='bbox 2809 3111 3115 3166; x_wconf 86' lang='grc' dir='ltr'>τελευταῖον</span> <span class='ocrx_word' id='word_1_742' title='bbox 3147 3115 3264 3174; x_wconf 87' lang='grc' dir='ltr'>ταῖς</span> <span class='ocrx_word' id='word_1_743' title='bbox 3303 3112 3466 3165; x_wconf 82' lang='grc' dir='ltr'>πλευ-</span> 
     </span>
    </p>
   </div>
   <div class='ocr_carea' id='block_1_101' title="bbox 1869 3189 3464 3265">
    <p class='ocr_par' dir='ltr' id='par_1_101' title="bbox 1869 3189 3464 3265">
     <span class='ocr_line' id='line_1_102' title="bbox 1869 3189 3464 3265; baseline -0.002 -18"><span class='ocrx_word' id='word_1_744' title='bbox 1869 3197 1990 3265; x_wconf 88' lang='grc' dir='ltr'>ραῖς</span> <span class='ocrx_word' id='word_1_745' title='bbox 2011 3193 2402 3264; x_wconf 80' lang='grc' dir='ltr'>ἀμφοτέρωθεν</span> <span class='ocrx_word' id='word_1_746' title='bbox 2425 3195 2651 3263; x_wconf 86' lang='grc' dir='ltr'>γυμνοῖς</span> <span class='ocrx_word' id='word_1_747' title='bbox 2693 3191 2902 3254; x_wconf 87' lang='grc' dir='ltr'>ὀστέοις</span> <span class='ocrx_word' id='word_1_748' title='bbox 2940 3189 3464 3261; x_wconf 76' lang='grc' dir='ltr'>προσπιλωθεισῶν¹</span> 
     </span>
    </p>
   </div>
   <div class='ocr_carea' id='block_1_102' title="bbox 1869 3269 3469 3344">
    <p class='ocr_par' dir='ltr' id='par_1_102' title="bbox 1869 3269 3469 3344">
     <span class='ocr_line' id='line_1_103' title="bbox 1869 3269 3469 3344; baseline -0.002 -18"><span class='ocrx_word' id='word_1_749' title='bbox 1869 3272 2300 3344; x_wconf 88' lang='grc' dir='ltr'>ἐλαιοκομουσῶν</span> <span class='ocrx_word' id='word_1_750' title='bbox 2321 3273 2367 3336; x_wconf 76' lang='grc' dir='ltr'>ε,</span> <span class='ocrx_word' id='word_1_751' title='bbox 2407 3271 2769 3342; x_wconf 85' lang='grc' dir='ltr'>προσεκπνέει</span> <span class='ocrx_word' id='word_1_752' title='bbox 2828 3269 2906 3340; x_wconf 83' lang='grc' dir='ltr'>τῷ</span> <span class='ocrx_word' id='word_1_753' title='bbox 2957 3269 3117 3340; x_wconf 84' lang='grc' dir='ltr'>ξύλῳ,</span> <span class='ocrx_word' id='word_1_754' title='bbox 3152 3271 3341 3338; x_wconf 72' lang='grc' dir='ltr'>ταφεὶς</span> <span class='ocrx_word' id='word_1_755' title='bbox 3377 3287 3469 3342; x_wconf 79' lang='grc' dir='ltr'>με·</span> 
     </span>
    </p>
   </div>
   <div class='ocr_carea' id='block_1_103' title="bbox 1869 3349 3470 3421">
    <p class='ocr_par' dir='ltr' id='par_1_103' title="bbox 1869 3349 3470 3421">
     <span class='ocr_line' id='line_1_104' title="bbox 1869 3349 3470 3421; baseline -0.002 -15"><span class='ocrx_word' id='word_1_756' title='bbox 1869 3352 2134 3421; x_wconf 85' lang='grc' dir='ltr'>σονυκτίῳ</span> <span class='ocrx_word' id='word_1_757' title='bbox 2161 3350 2312 3420; x_wconf 85' lang='grc' dir='ltr'>παρά</span> <span class='ocrx_word' id='word_1_758' title='bbox 2335 3349 2445 3403; x_wconf 87' lang='grc' dir='ltr'>τῶν</span> <span class='ocrx_word' id='word_1_759' title='bbox 2472 3349 2631 3402; x_wconf 87' lang='grc' dir='ltr'>τοῦτο</span> <span class='ocrx_word' id='word_1_760' title='bbox 2659 3349 2977 3418; x_wconf 87' lang='grc' dir='ltr'>δρασάντων</span> <span class='ocrx_word' id='word_1_761' title='bbox 3005 3349 3316 3418; x_wconf 84' lang='grc' dir='ltr'>ίερατικῶν,</span> <span class='ocrx_word' id='word_1_762' title='bbox 3347 3366 3470 3403; x_wconf 84' lang='grc' dir='ltr'>συν-</span> 
     </span>
    </p>
   </div>
   <div class='ocr_carea' id='block_1_104' title="bbox 1867 3427 3470 3501">
    <p class='ocr_par' dir='ltr' id='par_1_104' title="bbox 1867 3427 3470 3501">
     <span class='ocr_line' id='line_1_105' title="bbox 1867 3427 3470 3501; baseline -0.004 -19"><span class='ocrx_word' id='word_1_763' title='bbox 1867 3429 2418 3501; x_wconf 80' lang='grc' dir='ltr'>επιμαρτυρήσαντος</span> <span class='ocrx_word' id='word_1_764' title='bbox 2447 3427 2541 3480; x_wconf 74' lang='grc' dir='ltr'>τοῦ</span> <span class='ocrx_word' id='word_1_765' title='bbox 2565 3427 2701 3480; x_wconf 86' lang='grc' dir='ltr'>Θεοῦ</span> <span class='ocrx_word' id='word_1_766' title='bbox 2731 3428 2808 3498; x_wconf 80' lang='grc' dir='ltr'>τῷ</span> <span class='ocrx_word' id='word_1_767' title='bbox 2836 3427 3053 3496; x_wconf 86' lang='grc' dir='ltr'>θανάτῳ</span> <span class='ocrx_word' id='word_1_768' title='bbox 3082 3427 3320 3497; x_wconf 80' lang='grc' dir='ltr'>ὀπτασίᾳ</span> <span class='ocrx_word' id='word_1_769' title='bbox 3341 3427 3470 3496; x_wconf 72' lang='grc' dir='ltr'>ψαλ.</span> 
     </span>
    </p>
   </div>
   <div class='ocr_carea' id='block_1_105' title="bbox 1866 3505 3467 3578">
    <p class='ocr_par' dir='ltr' id='par_1_105' title="bbox 1866 3505 3467 3578">
     <span class='ocr_line' id='line_1_106' title="bbox 1866 3505 3467 3578; baseline -0.004 -15"><span class='ocrx_word' id='word_1_770' title='bbox 1866 3511 2064 3563; x_wconf 89' lang='grc' dir='ltr'>λόντων</span> <span class='ocrx_word' id='word_1_771' title='bbox 2095 3509 2182 3562; x_wconf 87' lang='grc' dir='ltr'>διὰ</span> <span class='ocrx_word' id='word_1_772' title='bbox 2209 3508 2272 3560; x_wconf 83' lang='grc' dir='ltr'>τὸ</span> <span class='ocrx_word' id='word_1_773' title='bbox 2308 3506 2630 3578; x_wconf 81' lang='grc' dir='ltr'>σύμμορφον</span> <span class='ocrx_word' id='word_1_774' title='bbox 2662 3505 2754 3560; x_wconf 86' lang='grc' dir='ltr'>τοῦ</span> <span class='ocrx_word' id='word_1_775' title='bbox 2813 3506 3083 3576; x_wconf 85' lang='grc' dir='ltr'>σωτηρίου</span> <span class='ocrx_word' id='word_1_776' title='bbox 3122 3507 3348 3568; x_wconf 86' lang='grc' dir='ltr'>πάθους.</span> <span class='ocrx_word' id='word_1_777' title='bbox 3375 3509 3467 3560; x_wconf 72' lang='grc' dir='ltr'>Διρ</span> 
     </span>
    </p>
   </div>
   <div class='ocr_carea' id='block_1_106' title="bbox 1868 3583 3466 3660">
    <p class='ocr_par' dir='ltr' id='par_1_106' title="bbox 1868 3583 3466 3660">
     <span class='ocr_line' id='line_1_107' title="bbox 1868 3583 3466 3660; baseline -0.001 -18"><span class='ocrx_word' id='word_1_778' title='bbox 1868 3592 2115 3660; x_wconf 88' lang='grc' dir='ltr'>ηγήσατο</span> <span class='ocrx_word' id='word_1_779' title='bbox 2137 3589 2194 3642; x_wconf 88' lang='grc' dir='ltr'>δέ</span> <span class='ocrx_word' id='word_1_780' title='bbox 2227 3589 2254 3640; x_wconf 87' lang='lat'>6</span> <span class='ocrx_word' id='word_1_781' title='bbox 2283 3585 2556 3650; x_wconf 86' lang='grc' dir='ltr'>ἀναλύσας</span> <span class='ocrx_word' id='word_1_782' title='bbox 2583 3585 2829 3648; x_wconf 84' lang='grc' dir='ltr'>διάκονος</span> <span class='ocrx_word' id='word_1_783' title='bbox 2873 3584 2981 3638; x_wconf 84' lang='grc' dir='ltr'>ἀπὸ</span> <span class='ocrx_word' id='word_1_784' title='bbox 3017 3583 3126 3638; x_wconf 89' lang='grc' dir='ltr'>τῶν</span> <span class='ocrx_word' id='word_1_785' title='bbox 3155 3584 3466 3641; x_wconf 82' lang='grc' dir='ltr'>ἐπισκόπων</span> 
     </span>
    </p>
   </div>
   <div class='ocr_carea' id='block_1_107' title="bbox 1867 3665 3476 3738">
    <p class='ocr_par' dir='ltr' id='par_1_107' title="bbox 1867 3665 3476 3738">
     <span class='ocr_line' id='line_1_108' title="bbox 1867 3665 3476 3738; baseline -0.002 -16"><span class='ocrx_word' id='word_1_786' title='bbox 1867 3671 1950 3722; x_wconf 68' lang='grc' dir='ltr'>δτι</span> <span class='ocrx_word' id='word_1_787' title='bbox 1978 3671 2028 3722; x_wconf 86' lang='grc' dir='ltr'>οί</span> <span class='ocrx_word' id='word_1_788' title='bbox 2060 3669 2353 3738; x_wconf 85' lang='grc' dir='ltr'>ἐπαρχικοί</span> <span class='ocrx_word' id='word_1_789' title='bbox 2397 3669 2448 3719; x_wconf 92' lang='grc' dir='ltr'>οί</span> <span class='ocrx_word' id='word_1_790' title='bbox 2487 3667 2766 3735; x_wconf 86' lang='grc' dir='ltr'>διάγοντες</span> <span class='ocrx_word' id='word_1_791' title='bbox 2808 3666 3005 3729; x_wconf 72' lang='grc' dir='ltr'>αὐτοὺς</span> <span class='ocrx_word' id='word_1_792' title='bbox 3061 3667 3154 3719; x_wconf 69' lang='grc' dir='ltr'>ἐπὶ</span> <span class='ocrx_word' id='word_1_793' title='bbox 3209 3665 3476 3718; x_wconf 74' lang='grc' dir='ltr'>τοσοῦτον</span> 
     </span>
    </p>
   </div>
   <div class='ocr_carea' id='block_1_108' title="bbox 1867 3744 3475 3820">
    <p class='ocr_par' dir='ltr' id='par_1_108' title="bbox 1867 3744 3475 3820">
     <span class='ocr_line' id='line_1_109' title="bbox 1867 3744 3475 3820; baseline -0.003 -17"><span class='ocrx_word' id='word_1_794' title='bbox 1867 3749 2090 3818; x_wconf 73' lang='grc' dir='ltr'>ἑθλιψαν</span> <span class='ocrx_word' id='word_1_795' title='bbox 2127 3747 2245 3800; x_wconf 84' lang='grc' dir='ltr'>κατ’</span> <span class='ocrx_word' id='word_1_796' title='bbox 2281 3747 2500 3808; x_wconf 85' lang='grc' dir='ltr'>ἐντολάς</span> <span class='ocrx_word' id='word_1_797' title='bbox 2533 3764 2716 3810; x_wconf 90' lang='grc' dir='ltr'>τινων,</span> <span class='ocrx_word' id='word_1_798' title='bbox 2751 3747 2827 3810; x_wconf 85' lang='grc' dir='ltr'>ώς</span> <span class='ocrx_word' id='word_1_799' title='bbox 2850 3744 3108 3815; x_wconf 71' lang='grc' dir='ltr'>εὔχεσθαι</span> <span class='ocrx_word' id='word_1_800' title='bbox 3146 3747 3343 3809; x_wconf 81' lang='grc' dir='ltr'>αὐτοὺς</span> <span class='ocrx_word' id='word_1_801' title='bbox 3377 3745 3475 3820; x_wconf 86' lang='grc' dir='ltr'>θά-</span> 
     </span>
    </p>
   </div>
   <div class='ocr_carea' id='block_1_109' title="bbox 1867 3821 3482 3897">
    <p class='ocr_par' dir='ltr' id='par_1_109' title="bbox 1867 3821 3482 3897">
     <span class='ocr_line' id='line_1_110' title="bbox 1867 3821 3482 3897; baseline -0.005 -15"><span class='ocrx_word' id='word_1_802' title='bbox 1867 3847 2025 3884; x_wconf 87' lang='grc' dir='ltr'>νατον</span> <span class='ocrx_word' id='word_1_803' title='bbox 2069 3826 2351 3892; x_wconf 86' lang='grc' dir='ltr'>ἐπελθεῖν,</span> <span class='ocrx_word' id='word_1_804' title='bbox 2394 3828 2488 3880; x_wconf 70' lang='grc' dir='ltr'>καὶ</span> <span class='ocrx_word' id='word_1_805' title='bbox 2539 3826 2600 3880; x_wconf 76' lang='grc' dir='ltr'>τὸ</span> <span class='ocrx_word' id='word_1_806' title='bbox 2642 3826 2740 3897; x_wconf 83' lang='grc' dir='ltr'>ζῇν</span> <span class='ocrx_word' id='word_1_807' title='bbox 2789 3824 3190 3896; x_wconf 84' lang='grc' dir='ltr'>παραιτεῖσθαι.</span> <span class='ocrx_word' id='word_1_808' title='bbox 3237 3823 3319 3877; x_wconf 81' lang='grc' dir='ltr'>Τὰ</span> <span class='ocrx_word' id='word_1_809' title='bbox 3367 3821 3482 3894; x_wconf 37' lang='grc' dir='ltr'>μὲν,</span> 
     </span>
    </p>
   </div>
   <div class='ocr_carea' id='block_1_110' title="bbox 1867 3903 3466 3982">
    <p class='ocr_par' dir='ltr' id='par_1_110' title="bbox 1867 3903 3466 3982">
     <span class='ocr_line' id='line_1_111' title="bbox 1867 3903 3466 3982; baseline -0.006 -18"><span class='ocrx_word' id='word_1_810' title='bbox 1867 3911 1976 3982; x_wconf 83' lang='grc' dir='ltr'>γὰρ</span> <span class='ocrx_word' id='word_1_811' title='bbox 2003 3910 2059 3961; x_wconf 85' lang='grc' dir='ltr'>ἐν</span> <span class='ocrx_word' id='word_1_812' title='bbox 2091 3906 2376 3978; x_wconf 87' lang='grc' dir='ltr'>ἀργυρίοις</span> <span class='ocrx_word' id='word_1_813' title='bbox 2405 3905 2767 3974; x_wconf 87' lang='grc' dir='ltr'>ἀναλώματα,</span> <span class='ocrx_word' id='word_1_814' title='bbox 2804 3905 2839 3958; x_wconf 75' lang='grc' dir='ltr'><strong>ἃ</strong></span> <span class='ocrx_word' id='word_1_815' title='bbox 2873 3903 3014 3956; x_wconf 89' lang='grc' dir='ltr'>κατά</span> <span class='ocrx_word' id='word_1_816' title='bbox 3046 3903 3142 3974; x_wconf 72' lang='grc' dir='ltr'>τὴν</span> <span class='ocrx_word' id='word_1_817' title='bbox 3173 3904 3290 3957; x_wconf 77' lang='grc' dir='ltr'>ὀδὺν</span> <span class='ocrx_word' id='word_1_818' title='bbox 3320 3903 3466 3971; x_wconf 78' lang='grc' dir='ltr'>εἰλήο</span> 
     </span>
    </p>
   </div>
   <div class='ocr_carea' id='block_1_111' title="bbox 1869 3982 3462 4060">
    <p class='ocr_par' dir='ltr' id='par_1_111' title="bbox 1869 3982 3462 4060">
     <span class='ocr_line' id='line_1_112' title="bbox 1869 3982 3462 4060; baseline -0.004 -17"><span class='ocrx_word' id='word_1_819' title='bbox 1869 4005 2096 4060; x_wconf 89' lang='grc' dir='ltr'>φεισαν,</span> <span class='ocrx_word' id='word_1_820' title='bbox 2147 3987 2237 4055; x_wconf 79' lang='grc' dir='ltr'>ὑφ’</span> <span class='ocrx_word' id='word_1_821' title='bbox 2283 3985 2339 4037; x_wconf 82' lang='grc' dir='ltr'>ἐν</span> <span class='ocrx_word' id='word_1_822' title='bbox 2381 3984 2823 4047; x_wconf 85' lang='grc' dir='ltr'>ἀποσπάσαντες,</span> <span class='ocrx_word' id='word_1_823' title='bbox 2867 3985 2947 4046; x_wconf 88' lang='grc' dir='ltr'>εἰς</span> <span class='ocrx_word' id='word_1_824' title='bbox 2981 3982 3245 4052; x_wconf 77' lang='grc' dir='ltr'>ἀλλήλους</span> <span class='ocrx_word' id='word_1_825' title='bbox 3273 3982 3462 4052; x_wconf 87' lang='grc' dir='ltr'>διεμε-</span> 
     </span>
    </p>
   </div>
   <div class='ocr_carea' id='block_1_112' title="bbox 1873 4061 3462 4141">
    <p class='ocr_par' dir='ltr' id='par_1_112' title="bbox 1873 4061 3462 4141">
     <span class='ocr_line' id='line_1_113' title="bbox 1873 4061 3462 4141; baseline -0.005 -19"><span class='ocrx_word' id='word_1_826' title='bbox 1873 4068 2138 4141; x_wconf 85' lang='grc' dir='ltr'>ρίσθησαν</span> <span class='ocrx_word' id='word_1_827' title='bbox 2159 4067 2211 4129; x_wconf 69' lang='grc' dir='ltr'>ιι,</span> <span class='ocrx_word' id='word_1_828' title='bbox 2241 4065 2426 4135; x_wconf 81' lang='grc' dir='ltr'>ξηροῖς</span> <span class='ocrx_word' id='word_1_829' title='bbox 2461 4063 2517 4116; x_wconf 86' lang='grc' dir='ltr'>δέ</span> <span class='ocrx_word' id='word_1_830' title='bbox 2546 4065 2659 4127; x_wconf 91' lang='grc' dir='ltr'>τοῖς</span> <span class='ocrx_word' id='word_1_831' title='bbox 2685 4061 2995 4141; x_wconf 35' lang='grc' dir='ltr'>-ὀνοζυγίοις</span> <span class='ocrx_word' id='word_1_832' title='bbox 3030 4061 3462 4141; x_wconf 74' lang='grc' dir='ltr'>ἐπιρρίπτοντες,</span> 
     </span>
    </p>
   </div>
   <div class='ocr_carea' id='block_1_113' title="bbox 1869 4139 3464 4217">
    <p class='ocr_par' dir='ltr' id='par_1_113' title="bbox 1869 4139 3464 4217">
     <span class='ocr_line' id='line_1_114' title="bbox 1869 4139 3464 4217; baseline -0.009 -15"><span class='ocrx_word' id='word_1_833' title='bbox 1869 4139 1979 4203; x_wconf 81' lang='grc' dir='ltr'>τῶν</span> <span class='ocrx_word' id='word_1_834' title='bbox 2004 4147 2099 4201; x_wconf 86' lang='grc' dir='ltr'>δύο</span> <span class='ocrx_word' id='word_1_835' title='bbox 2120 4145 2343 4217; x_wconf 77' lang='grc' dir='ltr'>ἡμερῶν</span> <span class='ocrx_word' id='word_1_836' title='bbox 2368 4143 2468 4215; x_wconf 84' lang='grc' dir='ltr'>τὴν</span> <span class='ocrx_word' id='word_1_837' title='bbox 2490 4141 2608 4197; x_wconf 75' lang='grc' dir='ltr'>ὁδὸν</span> <span class='ocrx_word' id='word_1_838' title='bbox 2639 4139 2768 4212; x_wconf 86' lang='grc' dir='ltr'>μίαν</span> <span class='ocrx_word' id='word_1_839' title='bbox 2792 4141 3030 4201; x_wconf 84' lang='grc' dir='ltr'>ἐποίουν,</span> <span class='ocrx_word' id='word_1_840' title='bbox 3053 4140 3275 4210; x_wconf 81' lang='grc' dir='ltr'>βαθεῖαν</span> <span class='ocrx_word' id='word_1_841' title='bbox 3301 4142 3464 4195; x_wconf 78' lang='grc' dir='ltr'>ἐσπέ.</span> 
     </span>
    </p>
   </div>
   <div class='ocr_carea' id='block_1_114' title="bbox 1871 4219 3463 4300">
    <p class='ocr_par' dir='ltr' id='par_1_114' title="bbox 1871 4219 3463 4300">
     <span class='ocr_line' id='line_1_115' title="bbox 1871 4219 3463 4300; baseline -0.005 -20"><span class='ocrx_word' id='word_1_842' title='bbox 1871 4245 1972 4300; x_wconf 90' lang='grc' dir='ltr'>ραν</span> <span class='ocrx_word' id='word_1_843' title='bbox 2015 4227 2322 4294; x_wconf 77' lang='grc' dir='ltr'>εἰσάγοντες</span> <span class='ocrx_word' id='word_1_844' title='bbox 2342 4263 2358 4288; x_wconf 88' lang='grc'>,</span> <span class='ocrx_word' id='word_1_845' title='bbox 2399 4224 2492 4276; x_wconf 56' lang='grc' dir='ltr'>καὶ¹</span> <span class='ocrx_word' id='word_1_846' title='bbox 2521 4221 2703 4293; x_wconf 78' lang='grc' dir='ltr'>ὄρθρῳ</span> <span class='ocrx_word' id='word_1_847' title='bbox 2734 4219 2996 4300; x_wconf 80' lang='grc' dir='ltr'>σκοτεινῷ</span> <span class='ocrx_word' id='word_1_848' title='bbox 3024 4220 3310 4288; x_wconf 77' lang='grc' dir='ltr'>ἐξάγοντες</span> <span class='ocrx_word' id='word_1_849' title='bbox 3330 4263 3345 4286; x_wconf 93' lang='grc'>,</span> <span class='ocrx_word' id='word_1_850' title='bbox 3389 4219 3463 4286; x_wconf 86' lang='grc' dir='ltr'>ώς</span> 
     </span>
    </p>
   </div>
   <div class='ocr_carea' id='block_1_115' title="bbox 1874 4299 3463 4376">
    <p class='ocr_par' dir='ltr' id='par_1_115' title="bbox 1874 4299 3463 4376">
     <span class='ocr_line' id='line_1_116' title="bbox 1874 4299 3463 4376; baseline -0.004 -17"><span class='ocrx_word' id='word_1_851' title='bbox 1874 4306 2010 4376; x_wconf 85' lang='grc' dir='ltr'>μηδὲ</span> <span class='ocrx_word' id='word_1_852' title='bbox 2040 4304 2138 4369; x_wconf 78' lang='grc' dir='ltr'>τὰς</span> <span class='ocrx_word' id='word_1_853' title='bbox 2173 4302 2364 4365; x_wconf 86' lang='grc' dir='ltr'>ἀθλίας</span> <span class='ocrx_word' id='word_1_854' title='bbox 2385 4302 2596 4372; x_wconf 80' lang='grc' dir='ltr'>τροφάς</span> <span class='ocrx_word' id='word_1_855' title='bbox 2620 4301 2873 4369; x_wconf 83' lang='grc' dir='ltr'>κατέχειν</span> <span class='ocrx_word' id='word_1_856' title='bbox 2901 4299 2990 4352; x_wconf 83' lang='grc' dir='ltr'>τὸν</span> <span class='ocrx_word' id='word_1_857' title='bbox 3013 4300 3299 4369; x_wconf 83' lang='grc' dir='ltr'>στόμαχον.</span> <span class='ocrx_word' id='word_1_858' title='bbox 3337 4301 3463 4372; x_wconf 76' lang='grc' dir='ltr'>Ῥή-</span> 
     </span>
    </p>
   </div>
   <div class='ocr_carea' id='block_1_116' title="bbox 1873 4378 3468 4457">
    <p class='ocr_par' dir='ltr' id='par_1_116' title="bbox 1873 4378 3468 4457">
     <span class='ocr_line' id='line_1_117' title="bbox 1873 4378 3468 4457; baseline -0.004 -20"><span class='ocrx_word' id='word_1_859' title='bbox 1873 4385 2008 4457; x_wconf 89' lang='grc' dir='ltr'>μασί</span> <span class='ocrx_word' id='word_1_860' title='bbox 2034 4401 2095 4436; x_wconf 89' lang='grc' dir='ltr'>τε</span> <span class='ocrx_word' id='word_1_861' title='bbox 2130 4385 2375 4454; x_wconf 79' lang='grc' dir='ltr'>αἰσχροῖς</span> <span class='ocrx_word' id='word_1_862' title='bbox 2393 4381 2487 4434; x_wconf 73' lang='grc' dir='ltr'>καὶ</span> <span class='ocrx_word' id='word_1_863' title='bbox 2509 4380 2765 4450; x_wconf 86' lang='grc' dir='ltr'>ἀσέμνοις</span> <span class='ocrx_word' id='word_1_864' title='bbox 2795 4379 3078 4448; x_wconf 84' lang='grc' dir='ltr'>βάλλοντες</span> <span class='ocrx_word' id='word_1_865' title='bbox 3100 4380 3200 4431; x_wconf 84' lang='grc' dir='ltr'>οὐκ</span> <span class='ocrx_word' id='word_1_866' title='bbox 3230 4378 3468 4447; x_wconf 84' lang='grc' dir='ltr'>ἐφείδον-</span> 
     </span>
    </p>
   </div>
   <div class='ocr_carea' id='block_1_117' title="bbox 1871 4457 3463 4527">
    <p class='ocr_par' dir='ltr' id='par_1_117' title="bbox 1871 4457 3463 4527">
     <span class='ocr_line' id='line_1_118' title="bbox 1871 4457 3463 4527; baseline -0.006 -11"><span class='ocrx_word' id='word_1_867' title='bbox 1871 4482 1948 4516; x_wconf 91' lang='grc' dir='ltr'>το.</span> <span class='ocrx_word' id='word_1_868' title='bbox 1973 4461 2271 4518; x_wconf 88' lang='grc' dir='ltr'>Παλλαδίου</span> <span class='ocrx_word' id='word_1_869' title='bbox 2299 4461 2356 4512; x_wconf 81' lang='grc' dir='ltr'>δέ</span> <span class='ocrx_word' id='word_1_870' title='bbox 2386 4459 2480 4512; x_wconf 79' lang='grc' dir='ltr'>καὶ</span> <span class='ocrx_word' id='word_1_871' title='bbox 2509 4459 2598 4513; x_wconf 85' lang='grc' dir='ltr'>τὸν</span> <span class='ocrx_word' id='word_1_872' title='bbox 2621 4458 2786 4510; x_wconf 89' lang='grc' dir='ltr'>παῖδα</span> <span class='ocrx_word' id='word_1_873' title='bbox 2813 4457 3126 4526; x_wconf 87' lang='grc' dir='ltr'>ἀφείλαντο,</span> <span class='ocrx_word' id='word_1_874' title='bbox 3147 4457 3463 4527; x_wconf 78' lang='grc' dir='ltr'>βιασάμενοι</span> 
     </span>
    </p>
   </div>
   <div class='ocr_carea' id='block_1_118' title="bbox 1873 4535 3464 4610">
    <p class='ocr_par' dir='ltr' id='par_1_118' title="bbox 1873 4535 3464 4610">
     <span class='ocr_line' id='line_1_119' title="bbox 1873 4535 3464 4610; baseline -0.004 -15"><span class='ocrx_word' id='word_1_875' title='bbox 1873 4542 2034 4596; x_wconf 71' lang='grc' dir='ltr'>αὑτὸν</span> <span class='ocrx_word' id='word_1_876' title='bbox 2075 4541 2168 4593; x_wconf 73' lang='grc' dir='ltr'>καὶ</span> <span class='ocrx_word' id='word_1_877' title='bbox 2210 4540 2588 4610; x_wconf 88' lang='grc' dir='ltr'>γραμματεῖον</span> <span class='ocrx_word' id='word_1_878' title='bbox 2633 4535 2909 4589; x_wconf 87' lang='grc' dir='ltr'>ἐκθέσθαι.</span> <span class='ocrx_word' id='word_1_879' title='bbox 2951 4537 3261 4606; x_wconf 72' lang='grc' dir='ltr'>Δημήτριον</span> <span class='ocrx_word' id='word_1_880' title='bbox 3292 4537 3349 4589; x_wconf 82' lang='grc' dir='ltr'>δὲ</span> <span class='ocrx_word' id='word_1_881' title='bbox 3385 4537 3464 4600; x_wconf 80' lang='grc' dir='ltr'>εἰς</span> 
     </span>
    </p>
   </div>
   <div class='ocr_carea' id='block_1_119' title="bbox 1870 4611 3454 4688">
    <p class='ocr_par' dir='ltr' id='par_1_119' title="bbox 1870 4611 3454 4688">
     <span class='ocr_line' id='line_1_120' title="bbox 1870 4611 3454 4688; baseline -0.004 -14"><span class='ocrx_word' id='word_1_882' title='bbox 1870 4618 2121 4674; x_wconf 87' lang='grc' dir='ltr'>τοσοῦτον</span> <span class='ocrx_word' id='word_1_883' title='bbox 2148 4617 2360 4686; x_wconf 72' lang='grc' dir='ltr'>έθλιψεν</span> <span class='ocrx_word' id='word_1_884' title='bbox 2389 4611 2464 4679; x_wconf 74' lang='grc' dir='ltr'>εἷς</span> <span class='ocrx_word' id='word_1_885' title='bbox 2501 4616 2608 4668; x_wconf 87' lang='grc' dir='ltr'>τῶν</span> <span class='ocrx_word' id='word_1_886' title='bbox 2631 4614 2950 4682; x_wconf 89' lang='grc' dir='ltr'>διαγόντων,</span> <span class='ocrx_word' id='word_1_887' title='bbox 2983 4614 3058 4677; x_wconf 82' lang='grc' dir='ltr'>ὡς</span> <span class='ocrx_word' id='word_1_888' title='bbox 3090 4616 3184 4668; x_wconf 66' lang='grc' dir='ltr'>καῖ⁸</span> <span class='ocrx_word' id='word_1_889' title='bbox 3211 4615 3416 4688; x_wconf 82' lang='grc' dir='ltr'>Ζιϐύνῃ</span> <span class='ocrx_word' id='word_1_890' title='bbox 3441 4617 3454 4656; x_wconf 73' lang='grc' dir='ltr'><strong>ἱ</strong></span> 
     </span>
    </p>
   </div>
   <div class='ocr_carea' id='block_1_120' title="bbox 1875 4692 3486 4771">
    <p class='ocr_par' dir='ltr' id='par_1_120' title="bbox 1875 4692 3486 4771">
     <span class='ocr_line' id='line_1_121' title="bbox 1875 4692 3486 4771; baseline -0.008 -18"><span class='ocrx_word' id='word_1_891' title='bbox 1875 4700 2092 4771; x_wconf 85' lang='grc' dir='ltr'>βαθεῖαν</span> <span class='ocrx_word' id='word_1_892' title='bbox 2137 4697 2375 4768; x_wconf 77' lang='grc' dir='ltr'>ἑσπέραν</span> <span class='ocrx_word' id='word_1_893' title='bbox 2426 4694 2703 4756; x_wconf 85' lang='grc' dir='ltr'>ἐπελθεῖν,</span> <span class='ocrx_word' id='word_1_894' title='bbox 2763 4693 2820 4755; x_wconf 79' lang='grc' dir='ltr'>ὃς</span> <span class='ocrx_word' id='word_1_895' title='bbox 2862 4693 3014 4764; x_wconf 71' lang='grc' dir='ltr'>παρὰ</span> <span class='ocrx_word' id='word_1_896' title='bbox 3061 4692 3227 4755; x_wconf 86' lang='grc' dir='ltr'>πόδας</span> <span class='ocrx_word' id='word_1_897' title='bbox 3276 4696 3356 4757; x_wconf 82' lang='grc' dir='ltr'>εἰς</span> <span class='ocrx_word' id='word_1_898' title='bbox 3404 4695 3486 4747; x_wconf 81' lang='grc' dir='ltr'>τὸ.</span> 
     </span>
    </p>
   </div>
   <div class='ocr_carea' id='block_1_121' title="bbox 1875 4771 3462 4849">
    <p class='ocr_par' dir='ltr' id='par_1_121' title="bbox 1875 4771 3462 4849">
     <span class='ocr_line' id='line_1_122' title="bbox 1875 4771 3462 4849; baseline -0.003 -19"><span class='ocrx_word' id='word_1_899' title='bbox 1875 4777 2036 4849; x_wconf 89' lang='grc' dir='ltr'>σῶμα</span> <span class='ocrx_word' id='word_1_900' title='bbox 2083 4773 2450 4843; x_wconf 84' lang='grc' dir='ltr'>ἐϐασανίσθη,</span> <span class='ocrx_word' id='word_1_901' title='bbox 2501 4772 2789 4835; x_wconf 88' lang='grc' dir='ltr'>ἐπωδύνως</span> <span class='ocrx_word' id='word_1_902' title='bbox 2849 4771 2910 4825; x_wconf 78' lang='grc' dir='ltr'>τὸ</span> <span class='ocrx_word' id='word_1_903' title='bbox 2965 4773 3064 4842; x_wconf 79' lang='grc' dir='ltr'>ζῇν</span> <span class='ocrx_word' id='word_1_904' title='bbox 3123 4772 3462 4844; x_wconf 75' lang='grc' dir='ltr'>ἀπορρήξας,</span> 
     </span>
    </p>
   </div>
   <div class='ocr_carea' id='block_1_122' title="bbox 1872 4851 3465 4922">
    <p class='ocr_par' dir='ltr' id='par_1_122' title="bbox 1872 4851 3465 4922">
     <span class='ocr_line' id='line_1_123' title="bbox 1872 4851 3465 4922; baseline -0.003 -12"><span class='ocrx_word' id='word_1_905' title='bbox 1872 4859 1948 4921; x_wconf 85' lang='grc' dir='ltr'>ὡς</span> <span class='ocrx_word' id='word_1_906' title='bbox 1994 4857 2118 4919; x_wconf 77' lang='grc' dir='ltr'>τοὺς</span> <span class='ocrx_word' id='word_1_907' title='bbox 2163 4853 2573 4916; x_wconf 77' lang='grc' dir='ltr'>ἐπιθειάζοντας</span> <span class='ocrx_word' id='word_1_908' title='bbox 2623 4851 2910 4922; x_wconf 79' lang='grc' dir='ltr'>γνωρίζειν</span> <span class='ocrx_word' id='word_1_909' title='bbox 2955 4851 3051 4921; x_wconf 82' lang='grc' dir='ltr'>τὴν</span> <span class='ocrx_word' id='word_1_910' title='bbox 3098 4851 3206 4902; x_wconf 89' lang='grc' dir='ltr'>τῶν</span> <span class='ocrx_word' id='word_1_911' title='bbox 3255 4851 3465 4922; x_wconf 80' lang='grc' dir='ltr'>ὕϐρεων</span> 
     </span>
    </p>
   </div>
   <div class='ocr_carea' id='block_1_123' title="bbox 1873 4929 3463 5004">
    <p class='ocr_par' dir='ltr' id='par_1_123' title="bbox 1873 4929 3463 5004">
     <span class='ocr_line' id='line_1_124' title="bbox 1873 4929 3463 5004; baseline -0.004 -16"><span class='ocrx_word' id='word_1_912' title='bbox 1873 4937 2065 5004; x_wconf 76' lang='grc' dir='ltr'>ποινήν</span> <span class='ocrx_word' id='word_1_913' title='bbox 2092 4950 2105 4964; x_wconf 93' lang='grc'>·</span> <span class='ocrx_word' id='word_1_914' title='bbox 2142 4932 2494 5003; x_wconf 86' lang='grc' dir='ltr'>προειπόντος</span> <span class='ocrx_word' id='word_1_915' title='bbox 2532 4929 2680 5000; x_wconf 85' lang='grc' dir='ltr'>αύτῴ</span> <span class='ocrx_word' id='word_1_916' title='bbox 2723 4931 2816 4982; x_wconf 74' lang='grc' dir='ltr'>καὶ</span> <span class='ocrx_word' id='word_1_917' title='bbox 2857 4929 3178 4992; x_wconf 87' lang='grc' dir='ltr'>Παλλαδίου,</span> <span class='ocrx_word' id='word_1_918' title='bbox 3217 4929 3292 4993; x_wconf 89' lang='grc' dir='ltr'>ώς</span> <span class='ocrx_word' id='word_1_919' title='bbox 3317 4931 3346 4981; x_wconf 89' lang='grc' dir='ltr'>ὀ</span> <span class='ocrx_word' id='word_1_920' title='bbox 3377 4931 3463 4982; x_wconf 87' lang='grc' dir='ltr'>ἐλ-</span> 
     </span>
    </p>
   </div>
   <div class='ocr_carea' id='block_1_124' title="bbox 1876 5008 3463 5083">
    <p class='ocr_par' dir='ltr' id='par_1_124' title="bbox 1876 5008 3463 5083">
     <span class='ocr_line' id='line_1_125' title="bbox 1876 5008 3463 5083; baseline -0.004 -17"><span class='ocrx_word' id='word_1_921' title='bbox 1876 5013 1983 5066; x_wconf 84' lang='grc' dir='ltr'>θὼν</span> <span class='ocrx_word' id='word_1_922' title='bbox 2010 5013 2309 5083; x_wconf 80' lang='grc' dir='ltr'>διηγήσατο</span> <span class='ocrx_word' id='word_1_923' title='bbox 2339 5008 2747 5080; x_wconf 85' lang='grc' dir='ltr'>συστρατιώτης</span> <span class='ocrx_word' id='word_1_924' title='bbox 2775 5048 2788 5069; x_wconf 83' lang='grc'>,</span> <span class='ocrx_word' id='word_1_925' title='bbox 2833 5009 2915 5060; x_wconf 86' lang='grc' dir='ltr'>δτι</span> <span class='ocrx_word' id='word_1_926' title='bbox 2969 5008 3170 5076; x_wconf 82' lang='grc' dir='ltr'>Ἀλλην</span> <span class='ocrx_word' id='word_1_927' title='bbox 3215 5009 3334 5060; x_wconf 74' lang='grc' dir='ltr'>όδὸν</span> <span class='ocrx_word' id='word_1_928' title='bbox 3367 5010 3463 5078; x_wconf 70' lang='grc' dir='ltr'>οὐχ</span> 
     </span>
    </p>
   </div>
   <div class='ocr_carea' id='block_1_125' title="bbox 1874 5087 3464 5158">
    <p class='ocr_par' dir='ltr' id='par_1_125' title="bbox 1874 5087 3464 5158">
     <span class='ocr_line' id='line_1_126' title="bbox 1874 5087 3464 5158; baseline -0.004 -14"><span class='ocrx_word' id='word_1_929' title='bbox 1874 5091 2148 5154; x_wconf 83' lang='grc' dir='ltr'>ὁδεύσεις,</span> <span class='ocrx_word' id='word_1_930' title='bbox 2197 5088 2430 5158; x_wconf 87' lang='grc' dir='ltr'>οἰκτρῶς</span> <span class='ocrx_word' id='word_1_931' title='bbox 2473 5087 2821 5157; x_wconf 72' lang='grc' dir='ltr'>τελευτήσας.</span> <span class='ocrx_word' id='word_1_932' title='bbox 2860 5087 3158 5157; x_wconf 69' lang='grc' dir='ltr'>Ἐκκλησία</span> <span class='ocrx_word' id='word_1_933' title='bbox 3214 5090 3310 5156; x_wconf 73' lang='grc' dir='ltr'>ρ-ἐν</span> <span class='ocrx_word' id='word_1_934' title='bbox 3357 5087 3464 5155; x_wconf 80' lang='grc' dir='ltr'>γὰρ</span> 
     </span>
    </p>
   </div>
   <div class='ocr_carea' id='block_1_126' title="bbox 1937 5227 2430 5288">
    <p class='ocr_par' dir='ltr' id='par_1_126' title="bbox 1937 5227 2430 5288">
     <span class='ocr_line' id='line_1_127' title="bbox 1937 5227 2430 5288; baseline -0.014 -8"><span class='ocrx_word' id='word_1_935' title='bbox 1937 5233 1956 5252; x_wconf 77' lang='grc'><strong><em>⁸</em></strong></span> <span class='ocrx_word' id='word_1_936' title='bbox 1981 5229 2162 5288; x_wconf 78' lang='lat' dir='ltr'>Georg.</span> <span class='ocrx_word' id='word_1_937' title='bbox 2189 5233 2236 5275; x_wconf 79' lang='grc' dir='ltr'>ἐν</span> <span class='ocrx_word' id='word_1_938' title='bbox 2259 5227 2430 5288; x_wconf 76' lang='grc' dir='ltr'>Καρία.</span> 
     </span>
    </p>
   </div>
   <div class='ocr_carea' id='block_1_127' title="bbox 1951 5288 2954 5348">
    <p class='ocr_par' dir='ltr' id='par_1_127' title="bbox 1951 5288 2954 5348">
     <span class='ocr_line' id='line_1_128' title="bbox 1951 5288 2954 5348; baseline -0.008 -8"><span class='ocrx_word' id='word_1_939' title='bbox 1951 5289 1966 5328; x_wconf 70' lang='grc' dir='ltr'>ί</span> <span class='ocrx_word' id='word_1_940' title='bbox 2017 5291 2165 5340; x_wconf 76' lang='lat' dir='ltr'>Forte</span> <span class='ocrx_word' id='word_1_941' title='bbox 2209 5288 2472 5348; x_wconf 81' lang='lat' dir='ltr'>legendum</span> <span class='ocrx_word' id='word_1_942' title='bbox 2519 5288 2954 5348; x_wconf 75' lang='grc' dir='ltr'>προοπελαθεισῶν,</span> 
     </span>
    </p>
   </div>
   <div class='ocr_carea' id='block_1_128' title="bbox 1875 5349 3439 5411">
    <p class='ocr_par' dir='ltr' id='par_1_128' title="bbox 1875 5349 3439 5411">
     <span class='ocr_line' id='line_1_129' title="bbox 1875 5349 3439 5411; baseline 0.029 -27"><span class='ocrx_word' id='word_1_943' title='bbox 1875 5355 1972 5400; x_wconf 55' lang='grc' dir='ltr'>λὸω</span> <span class='ocrx_word' id='word_1_944' title='bbox 1996 5353 2088 5400; x_wconf 78' lang='lat' dir='ltr'>huc</span> <span class='ocrx_word' id='word_1_945' title='bbox 2109 5349 2349 5411; x_wconf 79' lang='lat' dir='ltr'>quadrare</span> <span class='ocrx_word' id='word_1_946' title='bbox 2373 5362 2466 5411; x_wconf 76' lang='lat' dir='ltr'><strong>non</strong></span> <span class='ocrx_word' id='word_1_947' title='bbox 2490 5353 2670 5409; x_wconf 61' lang='lat' dir='ltr'>puiCSL</span> <span class='ocrx_word' id='word_1_948' title='bbox 2838 5409 2848 5411; x_wconf 97' lang='lat'><em>_</em></span> <span class='ocrx_word' id='word_1_949' title='bbox 3023 5407 3030 5411; x_wconf 90' lang='lat'>.</span> <span class='ocrx_word' id='word_1_950' title='bbox 3138 5406 3148 5411; x_wconf 89' lang='grc'><strong>-</strong></span> <span class='ocrx_word' id='word_1_951' title='bbox 3320 5404 3350 5411; x_wconf 89' lang='grc'><strong>--</strong></span> <span class='ocrx_word' id='word_1_952' title='bbox 3430 5403 3439 5411; x_wconf 82' lang='grc'><strong><em>-</em></strong></span> 
     </span>
    </p>
   </div>
   <div class='ocr_carea' id='block_1_129' title="bbox 1940 5404 3464 5472">
    <p class='ocr_par' dir='ltr' id='par_1_129' title="bbox 1940 5404 3464 5472">
     <span class='ocr_line' id='line_1_130' title="bbox 1940 5404 3464 5472; baseline -0.009 -9"><span class='ocrx_word' id='word_1_953' title='bbox 1940 5417 1964 5453; x_wconf 77' lang='grc'>8</span> <span class='ocrx_word' id='word_1_954' title='bbox 1992 5414 2072 5462; x_wconf 85' lang='lat' dir='ltr'>Sic</span> <span class='ocrx_word' id='word_1_955' title='bbox 2095 5404 2247 5460; x_wconf 69' lang='lat' dir='ltr'>eiiilio</span> <span class='ocrx_word' id='word_1_956' title='bbox 2266 5404 2531 5467; x_wconf 62' lang='lat' dir='ltr'>recentioi,</span> <span class='ocrx_word' id='word_1_957' title='bbox 2549 5422 2636 5469; x_wconf 86' lang='lat' dir='ltr'>pro</span> <span class='ocrx_word' id='word_1_958' title='bbox 2649 5409 2850 5472; x_wconf 64' lang='lat' dir='ltr'>eoqupd</span> <span class='ocrx_word' id='word_1_959' title='bbox 2865 5416 3007 5456; x_wconf 74' lang='lat' dir='ltr'><strong>antea</strong></span> <span class='ocrx_word' id='word_1_960' title='bbox 3023 5406 3212 5472; x_wconf 66' lang='lat' dir='ltr'>legeng</span> <span class='ocrx_word' id='word_1_961' title='bbox 3225 5417 3297 5472; x_wconf 55' lang='grc' dir='ltr'>ιιι-τ</span> <span class='ocrx_word' id='word_1_962' title='bbox 3314 5404 3464 5472; x_wconf 71' lang='grc' dir='ltr'>ἐλαιό-</span> 
     </span>
    </p>
   </div>
   <div class='ocr_carea' id='block_1_130' title="bbox 1876 5465 3461 5536">
    <p class='ocr_par' dir='ltr' id='par_1_130' title="bbox 1876 5465 3461 5536">
     <span class='ocr_line' id='line_1_131' title="bbox 1876 5465 3461 5536; baseline -0.009 -13"><span class='ocrx_word' id='word_1_963' title='bbox 1876 5475 2138 5536; x_wconf 18' lang='grc' dir='ltr'>κωμοςνῶν.</span> <span class='ocrx_word' id='word_1_964' title='bbox 2171 5465 2660 5536; x_wconf 42' lang='grc' dir='ltr'>ϐοοτίςνοοξιῂεὲτοι</span> <span class='ocrx_word' id='word_1_965' title='bbox 2679 5465 3142 5536; x_wconf 35' lang='grc' dir='ltr'>,ἐλαίῳικομοςυσῶι</span> <span class='ocrx_word' id='word_1_966' title='bbox 3169 5465 3293 5536; x_wconf 50' lang='grc' dir='ltr'>Οιιὶέ]</span> <span class='ocrx_word' id='word_1_967' title='bbox 3387 5466 3461 5536; x_wconf 58' lang='grc' dir='ltr'>Ιςτ</span> 
     </span>
    </p>
   </div>
   <div class='ocr_carea' id='block_1_131' title="bbox 1877 5524 3462 5597">
    <p class='ocr_par' dir='ltr' id='par_1_131' title="bbox 1877 5524 3462 5597">
     <span class='ocr_line' id='line_1_132' title="bbox 1877 5524 3462 5597; baseline -0.009 -11"><span class='ocrx_word' id='word_1_968' title='bbox 1877 5524 2743 5597; x_wconf 57' lang='grc' dir='ltr'>εείυι·’ἐ)αιογεμο·ἴσῶν⁶2ὶοιηροείιρ</span> <span class='ocrx_word' id='word_1_969' title='bbox 2779 5524 2909 5578; x_wconf 73' lang='lat' dir='ltr'>einim</span> <span class='ocrx_word' id='word_1_970' title='bbox 2937 5524 3001 5576; x_wconf 67' lang='grc' dir='ltr'>Μ</span> <span class='ocrx_word' id='word_1_971' title='bbox 3023 5540 3182 5588; x_wconf 75' lang='lat' dir='ltr'>genus</span> <span class='ocrx_word' id='word_1_972' title='bbox 3203 5545 3227 5575; x_wconf 71' lang='grc' dir='ltr'>ιι</span> <span class='ocrx_word' id='word_1_973' title='bbox 3260 5524 3462 5574; x_wconf 66' lang='lat' dir='ltr'>Palladii</span> 
     </span>
    </p>
   </div>
   <div class='ocr_carea' id='block_1_132' title="bbox 1879 5590 2820 5646">
    <p class='ocr_par' dir='ltr' id='par_1_132' title="bbox 1879 5590 2820 5646">
     <span class='ocr_line' id='line_1_133' title="bbox 1879 5590 2820 5646; baseline -0.01 0"><span class='ocrx_word' id='word_1_974' title='bbox 1879 5590 2140 5646; x_wconf 67' lang='grc' dir='ltr'>ῖςτιεοὶίιιιο</span> <span class='ocrx_word' id='word_1_975' title='bbox 2165 5590 2364 5643; x_wconf 70' lang='lat' dir='ltr'>mihime</span> <span class='ocrx_word' id='word_1_976' title='bbox 2379 5590 2660 5644; x_wconf 72' lang='lat' dir='ltr'>abhorreinl.</span> <span class='ocrx_word' id='word_1_977' title='bbox 2685 5590 2820 5639; x_wconf 79' lang='grc' dir='ltr'>Εοιτ.</span> 
     </span>
    </p>
   </div>
   <div class='ocr_carea' id='block_1_133' title="bbox 1942 5649 3463 5728">
    <p class='ocr_par' dir='ltr' id='par_1_133' title="bbox 1942 5649 3463 5728">
     <span class='ocr_line' id='line_1_134' title="bbox 1942 5649 3463 5728; baseline 0 -32"><span class='ocrx_word' id='word_1_978' title='bbox 1942 5658 1967 5696; x_wconf 77' lang='grc' dir='ltr'>ιι</span> <span class='ocrx_word' id='word_1_979' title='bbox 1996 5658 2174 5728; x_wconf 50' lang='lat' dir='ltr'>georg.</span> <span class='ocrx_word' id='word_1_980' title='bbox 2199 5656 2615 5728; x_wconf 46' lang='lat' dir='ltr'>aua&#39;pepéga~ozu,‘fl</span> <span class='ocrx_word' id='word_1_981' title='bbox 2658 5665 2766 5728; x_wconf 47' lang='grc' dir='ltr'>πῖλοι</span> <span class='ocrx_word' id='word_1_982' title='bbox 2797 5649 3059 5720; x_wconf 60' lang='grc' dir='ltr'>ὑποζυγίοις</span> <span class='ocrx_word' id='word_1_983' title='bbox 3083 5663 3168 5712; x_wconf 86' lang='lat' dir='ltr'>pro</span> <span class='ocrx_word' id='word_1_984' title='bbox 3190 5649 3463 5728; x_wconf 60' lang='grc' dir='ltr'>ὀνοζνγίοις.</span> 
     </span>
    </p>
   </div>
   <div class='ocr_carea' id='block_1_134' title="bbox 1957 5711 3465 5779">
    <p class='ocr_par' dir='ltr' id='par_1_134' title="bbox 1957 5711 3465 5779">
     <span class='ocr_line' id='line_1_135' title="bbox 1957 5711 3465 5779; baseline -0.009 -11"><span class='ocrx_word' id='word_1_985' title='bbox 1957 5720 1969 5756; x_wconf 74' lang='grc' dir='ltr'>ί</span> <span class='ocrx_word' id='word_1_986' title='bbox 2007 5711 2498 5779; x_wconf 56' lang='grc' dir='ltr'>ι⁷01ιΪΒιζύῃ,’1ζίειιι</span> <span class='ocrx_word' id='word_1_987' title='bbox 2545 5713 2649 5762; x_wconf 70' lang='lat' dir='ltr'>Mox</span> <span class='ocrx_word' id='word_1_988' title='bbox 2679 5713 2854 5771; x_wconf 71' lang='lat' dir='ltr'>Gecrg.</span> <span class='ocrx_word' id='word_1_989' title='bbox 2895 5711 3067 5770; x_wconf 72' lang='grc' dir='ltr'>γνῶναι</span> <span class='ocrx_word' id='word_1_990' title='bbox 3100 5725 3184 5774; x_wconf 67' lang='lat' dir='ltr'>pro</span> <span class='ocrx_word' id='word_1_991' title='bbox 3210 5711 3465 5775; x_wconf 59' lang='grc' dir='ltr'>γνωρίζειν,</span> 
     </span>
    </p>
   </div>
   <div class='ocr_carea' id='block_1_135' title="bbox 3003 5282 3461 5333">
    <p class='ocr_par' dir='ltr' id='par_1_135' title="bbox 3003 5282 3461 5333">
     <span class='ocr_line' id='line_1_136' title="bbox 3003 5282 3461 5333; baseline -0.015 0"><span class='ocrx_word' id='word_1_992' title='bbox 3003 5288 3163 5333; x_wconf 82' lang='lat' dir='ltr'>lhema</span> <span class='ocrx_word' id='word_1_993' title='bbox 3207 5282 3337 5330; x_wconf 86' lang='lat' dir='ltr'><strong>cnim</strong></span> <span class='ocrx_word' id='word_1_994' title='bbox 3383 5298 3461 5327; x_wconf 73' lang='grc' dir='ltr'>πι-</span> 
     </span>
    </p>
   </div>
  </div>
