2694 4342
177 235 220 274 73
854 227 912 264 DE
941 224 1047 263 VlTA
1075 223 1112 260 S.
1141 220 1330 260 JUANNIS
1355 223 1689 263 ClliiYSOSTUJll.
2331 219 2380 270 η

177 316 271 350 viros
301 315 436 346 sanctos
465 307 609 344 ontniuo
632 304 919 352 appropinquare
948 311 1018 338 non
1047 297 1226 342 sinebant,

177 376 387 410 divertente‘s
405 376 466 406 aut
482 369 516 406 in
537 366 690 411 stabula,
713 365 770 402 ubi
789 370 988 402 scortorum
1008 367 1085 398 erat
1106 359 1207 396 multi

177 437 261 473 tudo
277 447 285 480 ;
303 439 361 471 aut
377 434 410 469 iu
431 431 746 471 Samaritanorum,
769 426 823 464 vel
852 425 1054 463 .ludacorum
1073 431 1228 470 synago-

179 509 252 546 gas,
267 497 440 545 pra‘cipue
459 495 559 532 Tarsi
580 505 588 530 :
610 493 656 530 ita
675 498 710 540 ut
731 491 805 528 illic
825 490 860 526 in
880 487 1060 534 angustias
1077 484 1227 529 redacti,

178 564 278 596 etiam
297 557 389 596 aliud
408 556 494 604 quid
511 555 730 603 cogitarent,
751 551 845 600 quod
863 555 944 588 erat
971 548 1118 585 minimc
1139 555 1230 592 prae-

179 622 392 660 meditatum.
413 620 514 658 Unus
539 625 659 656 autem
679 627 720 654 ex
738 613 916 663 episcopis
935 612 1025 650 dixit
1045 623 1053 648 :
1073 609 1164 656 Quid
1183 609 1230 646 ob

177 683 366 721 diversoria
395 681 604 719 tristamur?
633 690 715 717 num
741 678 835 716 enim
867 677 902 713 in
935 675 1037 712 nobis
1063 679 1140 718 est,
1169 672 1229 709 ubi

177 746 407 788 dirersemur,
437 750 474 781 ut
503 743 643 791 propria
659 742 842 779 voluntate
868 739 1036 776 indecore
1067 741 1228 784 agentes,

178 818 299 854 [tentias
317 807 469 844 demus?
487 817 532 843 an
551 805 718 854 ignoratis
735 804 810 840 haec
823 801 940 839 omnia
953 801 1026 848 jam
1040 799 1231 846 cootigisse

177 882 216 908 ac
235 870 350 907 fututa
368 879 458 915 esse,
476 879 556 906 cum
572 869 664 906 Deus
683 867 720 904 in
735 865 790 904 his
809 864 974 902 omnibus
984 859 1231 911 glorificetur?

177 934 288 978 quam
303 932 421 969 multa;
438 936 481 968 ex
500 931 568 968 illis
584 929 831 967 meretricibus
847 938 926 976 qutc
941 927 1002 964 Dei
1017 925 1230 962 oblivionem

177 1003 359 1046 ceperant,
378 1003 439 1034 aut
454 998 498 1034 ab
517 996 616 1032 initio
635 1003 717 1032 eum
735 1005 779 1032 ne
805 998 932 1030 norant
951 991 1107 1040 quidem,
1129 989 1232 1027 nobis

178 1062 264 1098 visis
282 1061 329 1097 ita
349 1059 499 1103 vexatis,
523 1059 557 1096 in
576 1058 737 1095 timorem
759 1058 818 1094 Dei
846 1063 879 1094 et
901 1057 1149 1104 cogitationem
1168 1065 1232 1092 ve-

178 1129 318 1166 nerunt,
343 1123 490 1159 fortasse
509 1121 543 1158 in
562 1121 686 1158 melius
705 1129 902 1164 conversae,
918 1125 980 1156 aut
1007 1119 1132 1156 saltem
1159 1129 1232 1156 non

177 1183 353 1232 prolapsa:
380 1184 414 1220 in
442 1181 570 1230 pejus?
588 1179 664 1219 Νοη
691 1192 814 1230 parum
835 1187 889 1218 est
905 1180 1070 1217 rationali
1089 1181 1231 1227 animae,

178 1257 258 1294 qum
273 1257 292 1282 a
313 1245 640 1294 perturbationibus
655 1251 821 1289 vexatur,
843 1243 900 1282 vel
917 1244 1096 1281 modicum
1116 1245 1234 1292 reSpi-

180 1319 273 1353 rarts
288 1307 380 1354 quod
397 1313 450 1343 est
463 1307 682 1344 castimonia:
695 1305 890 1343 fomentum
909 1318 917 1342 :
933 1305 1023 1344 adeo
1039 1313 1074 1342 ut
1089 1305 1233 1352 dixerit,

179 1371 236 1418 qui
256 1370 330 1408 lucc
345 1370 522 1411 sustinuit,
538 1379 721 1406 sacrorum
748 1368 923 1416 interpres
940 1369 1070 1406 Paulus
1085 1381 1093 1405 :
1109 1367 1236 1406 Christi

180 1434 282 1468 bonus
298 1432 380 1468 odor
396 1443 511 1468 sumus
524 1433 558 1468 in
572 1432 622 1468 his
640 1432 696 1479 qui
712 1431 798 1468 salvi
812 1432 912 1478 ﬁunt,
926 1437 957 1468 ct
972 1431 1009 1468 in
1021 1431 1072 1467 his
1090 1431 1148 1479 qui
1159 1443 1238 1479 per-

179 1501 256 1531 eunt
277 1494 329 1542 (2.
343 1493 421 1532 Cor.
441 1495 475 1531 2.
495 1495 552 1541 15)
571 1522 580 1538 ,
602 1506 640 1531 eo
657 1495 747 1542 quod
769 1495 996 1542 spectaculum
1023 1494 1103 1540 facti
1120 1505 1238 1530 sumus

179 1557 306 1604 angelis
334 1561 365 1592 et
391 1555 578 1592 hominibus
596 1556 606 1602 (
625 1556 656 1592 ι.
672 1555 751 1593 Cor.
769 1557 805 1593 4.
825 1555 888 1604 9).
909 1556 962 1592 Eo
988 1562 1108 1592 autem
1125 1566 1239 1602 usque

181 1616 401 1654 crudelitatis
417 1623 658 1664 proruperunt
673 1617 830 1654 iocorum
853 1617 996 1654 illorum
1016 1618 1172 1665 episcopi
1193 1617 1239 1655 de

179 1677 428 1714 communiunt:
459 1676 646 1724 Theophili
681 1689 742 1724 per
773 1684 884 1715 totum
909 1677 1116 1724 Orientem,
1147 1679 1239 1717 sicut

179 1739 298 1776 retulit
325 1739 521 1777 monachus
544 1740 604 1787 qui
633 1739 714 1778 inde
731 1740 850 1784 rediit,
871 1747 911 1777 ut
931 1741 1092 1788 plerique
1110 1751 1236 1778 eorum

181 1810 247 1836 non
275 1799 378 1836 modo
403 1799 562 1837 debitam
584 1801 840 1838 humanitatem
862 1802 993 1838 nostris
1025 1812 1095 1838 non
1127 1803 1234 1839 exhi-

181 1859 338 1906 bucrint,
369 1872 488 1898 verum
507 1861 599 1900 datis
618 1863 825 1900 muneribus
844 1863 1082 1900 Prmtorianos
1103 1864 1234 1903 milites

181 1923 404 1970 induruerint,
437 1931 474 1962 ut
502 1935 568 1963 eos
596 1926 696 1964 ocius
721 1936 742 1964 e
767 1927 969 1964 civitatibus
999 1928 1232 1974 expellerent.

179 1985 268 2024 Sunt
285 1993 402 2024 autem
421 1988 481 2034 qui
503 1988 578 2026 lucc
595 1989 774 2036 pra-cipue
791 1989 920 2034 fecere,
937 1989 1038 2026 Tarsi
1057 1996 1094 2026 et
1111 1991 1238 2028 Antio-

177 2048 264 2086 chia:
281 2050 458 2098 episcopi,
479 2057 585 2099 atque
613 2051 784 2100 Eulogius
802 2052 976 2090 Ctesarea:
1005 2053 1234 2097 Palaestinae;

181 2116 258 2148 ante
287 2122 410 2150 omnes
440 2119 558 2150 autem
591 2114 780 2161 episcopus
801 2115 950 2162 Ancyrae
970 2121 1006 2152 et
1024 2115 1236 2154 Ammonius

181 2173 318 2218 Pelusii,
338 2175 464 2221 partim
483 2175 600 2220 donis,
619 2176 748 2222 partim
767 2175 890 2219 minis,
910 2176 1124 2214 deductores
1143 2178 1238 2214 mili-

180 2241 231 2272 tes
256 2236 426 2274 adversus
453 2247 518 2274 eos
546 2238 659 2285 magis
689 2245 966 2283 exasperantes,
1001 2244 1038 2275 ut
1062 2249 1106 2276 ne
1137 2240 1238 2278 laicis

179 2298 316 2344 quidem
349 2309 415 2336 eos
449 2299 616 2348 excipere
651 2300 853 2337 volentibus
887 2299 921 2336 id
958 2301 1235 2348 permitterent:

181 2360 266 2397 sicut
292 2362 328 2398 in
343 2361 538 2399 Catholicis
557 2363 682 2400 scribit
712 2362 756 2399 ad
772 2361 897 2400 Caium
929 2363 1054 2400 beatus
1082 2364 1238 2402 Joannes

179 2421 342 2460 adversus
370 2423 560 2472 quemdam
586 2425 818 2473 episcopum,
853 2424 1133 2472 hospitalitatem
1163 2427 1238 2464 Caii

180 2483 323 2522 laudans
336 2514 346 2529 ,
363 2497 516 2534 eumque
535 2497 657 2530 orans.
677 2498 724 2524 ne
743 2487 928 2535 improbos
949 2489 1138 2536 episcopos
1155 2489 1239 2526 imi-

178 2553 283 2584 tctur.
315 2549 373 2586 Sic
401 2556 516 2587 autem
537 2551 643 2588 verba
671 2561 710 2589 se
741 2551 877 2588 habent
899 2563 908 2587 :
933 2551 1016 2589 Caio
1045 2553 1236 2599 carissimo,

179 2619 275 2654 quem
295 2619 354 2656 rgo
369 2611 472 2658 diligo
488 2613 522 2648 in
539 2614 687 2650 veritate.
707 2613 904 2659 Carissime,
925 2614 967 2650 de
983 2614 1137 2652 omnibus
1155 2626 1238 2652 ora-

179 2670 302 2706 tionem
319 2672 405 2716 facio
422 2684 578 2720 prospere
591 2682 621 2712 te
636 2677 768 2724 ingredi
784 2684 814 2714 et
834 2678 956 2721 valere,
973 2679 1058 2716 sicut
1076 2691 1239 2728 prospere

179 2731 248 2778 «git
265 2732 378 2768 anima
399 2740 470 2770 tua.
491 2734 632 2772 Gavisus
659 2749 731 2775 sum
751 2740 848 2776 ualde
866 2742 1074 2778 venientibus
1093 2742 1236 2789 quibus-

179 2793 270 2839 dam,
288 2800 320 2830 ct
335 2797 549 2834 narrantibus
568 2799 650 2835 mihi
664 2827 674 2842 ,
693 2801 783 2847 quod
800 2802 835 2838 in
853 2804 992 2841 ueritate
1008 2804 1164 2842 ambulas
1177 2833 1186 2847 ,
1207 2811 1238 2842 et

179 2856 213 2892 in
224 2856 342 2903 quibus
355 2864 488 2895 sanctos
499 2860 658 2904 refecisti.
678 2861 791 2907 Majtts
805 2863 856 2900 Itis
871 2876 937 2901 non
953 2865 1058 2903 habeo
1071 2867 1237 2914 gaudium

181 2917 228 2961 (3.
241 2916 344 2955 Joan.
365 2919 469 2968 int).
489 2921 534 2958 Et
549 2921 649 2959 addit
667 2935 676 2958 :
700 2923 831 2972 Scripsi
853 2925 1037 2972 Ecclesiae;
1053 2930 1114 2965 sed
1131 2933 1162 2966 is
1178 2933 1236 2978 qui

181 2985 266 3015 autat
294 2981 479 3028 primatum
505 2993 618 3032 gerere
643 2985 678 3022 in
705 2985 752 3022 eis
771 2985 985 3036 Diotrrphcs,
1017 3001 1086 3027 non
1117 2991 1236 3038 recipit

183 3051 251 3085 nos,
275 3043 380 3080 verbis
405 3045 560 3094 malignis
581 3047 745 3096 garricns,
769 3055 800 3085 et
817 3051 913 3096 quasi
938 3063 1006 3088 non
1023 3052 1054 3088 ei
1075 3055 1140 3090 ista
1157 3053 1234 3101 suf-

183 3102 314 3149 ﬁciant;
338 3116 442 3153 neque
459 3108 530 3154 ipse
549 3109 691 3156 suscipit
709 3113 844 3158 fratres,
865 3119 896 3149 et
913 3125 970 3150 eos
989 3115 1046 3161 qui
1063 3115 1236 3162 suscipere

183 3164 303 3210 uolunt,
321 3169 484 3214 prohibet,
501 3170 586 3206 etde
601 3171 741 3208 ecclesia
759 3175 861 3222 ejicit.
882 3175 1017 3214 Deinde
1033 3188 1160 3216 rursus
1172 3179 1236 3216 ad-

183 3232 298 3264 monet
316 3239 326 3265 :
345 3227 532 3274 Carissime,
553 3232 624 3269 noli
641 3233 766 3270 imitari
783 3235 911 3272 malum
928 3247 940 3272 :
965 3237 1026 3284 qui
1049 3240 1137 3276 enim
1153 3240 1236 3279 bene

185 3286 273 3330 facit,
300 3299 340 3325 ea:
364 3289 436 3327 Deo
468 3299 541 3337 est;
561 3294 619 3342 qui
654 3297 745 3333 male
775 3297 878 3344 facit,
914 3309 982 3336 non
1010 3301 1094 3338 vidit
1123 3303 1236 3340 Deum

183 3345 329 3413 tibide
345 3351 428 3390 9-ll
447 3354 474 3402 ).
501 3355 602 3394 Hunc
617 3364 735 3395 autem
755 3365 890 3398 textum
909 3361 954 3399 de
970 3365 1082 3402 veteri
1097 3366 1234 3403 malitia

183 3413 351 3476 integrum
377 3415 566 3463 attulimus,
599 3425 638 3457 ut
665 3420 771 3469 hujus
801 3425 976 3470 temporis
997 3425 1234 3474 Diotrephum

182 3473 352 3518 ingenium
371 3485 642 3525 exponeremus.
671 3483 848 3522 Caeterum
871 3486 1037 3525 laudabat
1057 3497 1094 3526 et
1122 3473 1232 3528 mira-

183 3530 280 3601 batur
295 3538 456 3601 secundae
475 3541 708 3590 Cappadociae
737 3546 947 3594 episcopos,
969 3556 1009 3585 ut
1033 3551 1093 3598 qui
1119 3552 1231 3598 pluri-

182 3599 244 3631 mis
259 3605 337 3661 cum
363 3599 526 3650 lacrymis
552 3606 821 3644 condoluissent
841 3610 1022 3647 exsulibus
1039 3613 1233 3661 cpisc0pis,

183 3659 370 3696 praesertim
395 3663 620 3702 mitissimum
642 3667 870 3705 Theodorum
887 3697 896 3713 ,
919 3670 1124 3717 Tyanorum
1154 3659 1233 3722 cpi?-

182 3723 332 3764 seopum,
351 3729 385 3758 et
403 3723 610 3772 Bosporium
631 3729 790 3766 Colonia}
803 3758 813 3774 ,
837 3731 896 3778 qui
917 3733 1230 3780 quadragesimum

183 3781 334 3842 octavum
348 3783 382 3818 in
397 3787 598 3835 episcopatu
613 3790 740 3836 agebat
755 3800 888 3828 annum
903 3805 912 3837 ;
931 3799 967 3829 et
982 3793 1227 3842 Serapionem,

184 3835 366 3881 Ostracina:
382 3849 600 3896 episcopum,
618 3851 678 3898 qui
697 3851 932 3899 quadraginta
945 3835 1103 3902 quinque
1117 3867 1230 3894 annos

185 3907 303 3938 munus
327 3907 546 3956 episcttpatus
575 3911 732 3959 gerebat.
751 3912 844 3950 Cum
865 3913 1081 3964 aliquamdiu
1109 3916 1228 3956 Theo~

1301 303 1410 338 dorus
1431 313 1503 348 pne
1523 309 1668 349 stupore
1685 302 1938 344 obmutuisset,
1959 301 2048 339 dixit
2069 313 2076 337 :
2097 300 2187 345 Quid
2208 300 2314 348 igitur
2332 299 2376 335 ad

1301 364 1378 401 hzec
1397 363 1558 401 dicemus
1573 393 1582 407 ,
1596 355 1732 401 Pater?
1761 363 1850 400 Num
1873 362 1961 400 hora
1989 364 2064 412 jam
2084 363 2277 401 novissima
2305 371 2375 405 est.

1301 431 1338 462 et
1355 423 1522 469 defectio,
1541 425 1738 462 secundum
1755 425 1920 470 Paulum,
1938 437 2000 473 per
2019 427 2084 463 ista
2101 425 2239 462 initium
2258 425 2374 472 capit:

1303 485 1349 524 Ut
1381 486 1525 523 demum
1565 487 1732 523 reveletur
1765 487 1858 532 ﬁlius
1903 487 2128 534 perditionis,
2165 487 2378 524 adversarius

1301 551 1353 597 (2.
1373 549 1493 587 Thess.
1513 551 1548 586 ‘2.
1567 550 1634 597 3)?
1659 549 1749 586 Nam
1773 548 1888 586 malos
1907 559 2080 596 prospere
2099 560 2226 596 agere,
2245 556 2282 586 ct
2303 549 2380 585 lure

1301 619 1467 659 patrare,
1490 618 1525 648 et
1545 612 1675 648 durare
1701 619 1738 648 et
1758 611 1976 658 prtevalcrc,
1999 618 2036 648 et
2059 611 2174 648 bonos
2202 612 2318 660 premi
2340 622 2380 648 ac

1301 675 1464 724 spoliari,
1482 674 1581 711 illum
1602 674 1892 721 appr0pinquare
1909 683 1992 710 cum
2011 672 2164 709 horrore
2183 683 2241 710 me
2255 674 2382 710 admo-

1301 744 1375 774 nct.
1398 737 1516 774 Ense.
1539 735 1728 772 Proximus
1747 735 1890 783 quidem
1911 739 1968 770 est
1989 732 2069 769 ﬁnis
2084 762 2093 777 ,
2115 733 2380 780 sapientissimo

1302 798 1505 841 Theodore,
1525 799 1624 846 juxta
1645 809 1728 835 eum
1748 798 1806 845 qui
1828 798 1878 834 ait
1899 809 1906 832 :
1929 795 2071 840 Filioli,
2091 797 2277 833 novissima
2296 797 2381 832 hora

1303 863 1378 910 est(
1400 862 1431 898 l.
1447 859 1553 897 Joan.
1569 861 1606 896 9..
1625 860 1690 907 18)
1713 873 1721 897 :
1745 866 1780 897 et
1799 859 1905 906 juxta
1927 858 2014 896 illud
2033 871 2040 894 :
2063 858 2156 895 Exiit
2177 860 2381 905 paterfami-

1303 923 1368 960 lias
1399 923 1490 959 circa
1521 923 1738 958 undecimam
1771 921 1890 958 horam
1925 920 2116 957 conducere
2143 921 2318 968 operarios
2347 921 2383 956 in

1303 987 1436 1023 vineam
1461 996 1560 1022 suam
1583 983 1727 1033 (Matth.
1745 983 1860 1031 20.1)
1880 995 1890 1021 :
1911 983 1998 1020 hora
2027 989 2146 1020 autem
2169 982 2382 1020 duodecima

1304 1049 1426 1086 ultima
1451 1055 1522 1086 est.
1545 1047 1584 1086 Si
1611 1057 1696 1085 vero
1724 1053 1806 1084 ante
1836 1047 2119 1094 quadringentos
2146 1056 2261 1083 annos
2287 1045 2383 1082 dicta

1305 1118 1359 1147 est
1379 1111 1424 1148 ab
1443 1111 1618 1158 Apostolo
1649 1110 1796 1153 ultima,
1829 1109 1944 1146 multo
1965 1109 2078 1156 magis
2109 1119 2205 1146 nunc
2236 1114 2384 1156 propter

1307 1174 1384 1211 haec
1401 1174 1534 1210 omnia.
1555 1173 1692 1210 Deinde
1709 1173 1789 1209 haec
1806 1171 1850 1208 ab
1865 1172 1967 1208 initio
1985 1172 2215 1220 contigerunt
2232 1171 2384 1208 Domino

1306 1236 1552 1284 permittente,
1583 1235 1626 1272 ad
1654 1234 1876 1272 exercendus
1895 1242 2060 1276 sanctos,
2091 1245 2172 1270 cum
2190 1245 2252 1272 eos
2271 1245 2387 1282 expe-

1307 1305 1398 1336 teret
1427 1297 1605 1340 diabolus,
1634 1297 1727 1334 sicut
1755 1296 1806 1332 ait
1833 1295 2005 1333 Servator
2032 1307 2039 1330 :
2071 1295 2217 1338 Simon,
2247 1295 2384 1339 Simon,

1307 1360 1466 1408 expetivit
1490 1371 1549 1396 vos
1566 1359 1733 1402 Satanas,
1764 1364 1800 1394 ut
1829 1357 1991 1394 cribruret
2012 1358 2099 1393 sicut
2130 1357 2279 1392 triticum
2294 1368 2307 1393 :
2327 1368 2387 1404 ego

1307 1429 1419 1459 autem
1435 1422 1554 1472 rogavi
1581 1433 1643 1469 pro
1659 1427 1705 1466 te,
1722 1427 1759 1456 ut
1781 1431 1849 1457 non
1871 1420 2008 1466 deﬁciat
2033 1419 2118 1466 ﬁdes
2136 1427 2194 1456 tua
2209 1418 2310 1468 (Luc.
2325 1419 2386 1456 22.

1307 1485 1460 1532 31.52).
1489 1484 1612 1531 Neque
1628 1493 1715 1520 vero
1733 1493 1798 1531 pro
1819 1483 1897 1520 solo
1919 1483 2026 1520 Petro
2054 1483 2192 1532 rogavit
2206 1483 2388 1528 Christus,

1308 1545 1370 1583 sed
1404 1556 1468 1592 pro
1499 1545 1670 1583 omnibus
1703 1545 1837 1582 Christi
1870 1545 1978 1582 ﬁdem
2007 1545 2224 1584 habentibus
2258 1559 2266 1582 :
2299 1543 2387 1584 nihil

1309 1607 1404 1644 aliud
1423 1607 1647 1656 signiﬁcante
1667 1607 1802 1652 cribro,
1829 1618 1937 1656 quam
1958 1607 2082 1646 orbem
2107 1615 2298 1651 terrarum.
2321 1621 2388 1647 ve-

1311 1671 1483 1717 luptattnn
1515 1680 1557 1707 ac
1588 1670 1756 1708 dolorum
1788 1671 1958 1718 plenum,
1991 1681 2054 1718 per
2079 1682 2159 1720 quze
2187 1672 2296 1710 veluti
2325 1683 2389 1722 per

1308 1732 1482 1770 foramina
1524 1733 1658 1770 terreni
1701 1733 1866 1770 homines
1899 1733 1935 1770 in
1979 1743 2102 1771 orcum
2139 1735 2312 1772 excidunt
2343 1737 2388 1774 ab

1305 1796 1423 1834 alente
1443 1797 1573 1841 tritico,
1591 1797 1676 1834 dum
1697 1797 1795 1834 velut
1814 1808 1834 1834 a
1857 1796 2095 1836 foraminibus
2113 1806 2357 1837 secernuntur
2377 1813 2385 1835 :

1305 1859 1386 1896 aliis
1413 1859 1558 1906 quidem
1579 1859 1826 1898 difﬂuentibus
1846 1859 1956 1897 veluti
1977 1870 2042 1907 per
2076 1861 2239 1898 foramen
2270 1862 2387 1910 inglu-

1305 1920 1389 1958 vici.
1419 1920 1572 1964 Quorum
1589 1921 1682 1958 Deus
1705 1928 1820 1958 venter
1847 1928 1896 1958 est
1923 1921 2107 1970 (Philipp.
2124 1923 2161 1960 ὅ.
2181 1923 2278 1972 l9);
2308 1924 2388 1962 aliis

1305 1989 1424 2019 autem
1443 1993 1508 2030 per
1528 1983 1750 2030 voluptatum
1769 1983 1973 2028 illecebras,
1993 1983 2038 2021 de
2054 1984 2184 2031 quibus
2202 1985 2382 2033 prOpheta

1305 2045 1368 2088 ait,
1381 2043 1515 2092 Spiritu
1526 2045 1761 2092 fornicationis
1771 2045 1902 2081 seducti
1909 2053 1988 2081 sunt
1999 2057 2010 2081 :
2023 2057 2130 2092 neque
2141 2047 2230 2082 enim
2242 2049 2388 2094 fornica-

1307 2113 1394 2144 tores
1406 2134 1416 2152 ,
1432 2119 1538 2151 neque
1551 2107 1714 2152 adulteri,
1730 2118 1838 2154 neque
1853 2107 1985 2152 molles,
2001 2119 2144 2156 regnum
2157 2108 2222 2146 Dei
2237 2111 2388 2156 posside-

1307 2167 1388 2204 bunt
1404 2169 1454 2216 (l.
1472 2169 1550 2205 Cor.
1567 2170 1602 2206 6.
1623 2169 1682 2218 lO)
1701 2181 1708 2205 :
1726 2169 1806 2206 aliis
1824 2181 1888 2217 per
1905 2170 2092 2207 avaritiam
2113 2183 2120 2206 :
2140 2171 2279 2210 scilicet
2301 2174 2384 2220 qui-

1308 2240 1460 2278 cumque
1478 2231 1690 2268 idniolatria:
1705 2232 1895 2280 cenjngem
1912 2233 1980 2270 sibi
1995 2233 2262 2280 desponsarunt
2279 2247 2288 2272 :
2307 2235 2388 2272 aliis

1309 2301 1372 2338 per
1392 2293 1481 2330 iram
1497 2299 1535 2330 et
1549 2293 1720 2337 furorem,
1741 2294 1800 2340 qui
1823 2294 1953 2332 ferales
1971 2295 2138 2333 tenebras
2161 2304 2388 2342 amaverunt,

1309 2353 1355 2390 de
1376 2355 1504 2400 quibus
1523 2355 1682 2392 Joannes
1703 2368 1710 2392 :
1731 2355 1798 2398 Qui
1815 2357 1884 2392 odit
1904 2359 2045 2404 fratrem
2061 2370 2174 2403 suunt,
2189 2361 2224 2396 in
2245 2361 2389 2398 tenebris

1307 2420 1358 2450 est
1386 2425 1490 2462 usque
1505 2415 1618 2452 adhuc
1636 2416 1686 2462 (ι.
1701 2413 1806 2451 Joan.
1838 2415 1872 2450 2.
1895 2417 1956 2461 9):
1974 2417 2035 2453 Ira
2051 2419 2162 2463 enim,
2179 2427 2218 2455 ut
2231 2421 2281 2456 ait
2297 2421 2390 2458 Pro-

1309 2476 1514 2522 verbiorum
1535 2484 1674 2522 auctor,
1693 2477 1803 2524 perdit
1817 2477 1917 2514 etiam
1930 2479 2230 2527 sapientes(Proo.
2247 2482 2306 2520 15.
2323 2483 2385 2530 1);

1309 2538 1389 2575 aliis
1406 2549 1470 2586 per
1490 2538 1664 2576 incuriam
1683 2545 1719 2576 et
1749 2539 1968 2576 oblivionem
1985 2567 1996 2584 ,
2019 2541 2054 2577 in
2077 2545 2262 2582 memoria:
2293 2546 2387 2594 vigi-

1310 2600 1419 2637 lantia
1449 2610 1519 2637 non
1554 2600 1818 2648 perdurantes,
1853 2608 1888 2638 et
1913 2601 1998 2638 illud
2028 2610 2220 2649 precantes
2241 2606 2389 2645 dicunt:

1310 2662 1514 2700 Dormitauit
1543 2664 1660 2700 anima
1682 2675 1756 2700 mea
1787 2674 1858 2710 pra:
1894 2664 1994 2700 lautia
2033 2664 2045 2713 (
2069 2665 2164 2704 Psal.
2185 2667 2269 2705 118.
2293 2668 2342 2706 28
2361 2670 2389 2717 ).

1309 2727 1408 2775 Quos
1430 2727 1608 2764 miserans
1629 2727 1830 2774 Scriptura,
1851 2727 1926 2766 ait:
1952 2729 2013 2767 Va:
2031 2731 2124 2768 vobis
2148 2732 2206 2778 qui
2237 2732 2390 2778 perdidi-

1309 2793 1369 2829 stis
1387 2791 1585 2840 patientiam
1598 2791 1612 2828 !
1631 2797 1662 2827 et
1686 2791 1768 2837 quid
1783 2791 1915 2840 facietis
1929 2822 1940 2839 ,
1956 2804 2033 2831 cum
2057 2794 2206 2832 visitabit
2215 2793 2386 2833 Dominus

1309 2853 1434 2902 (Eccti.
1449 2853 1486 2890 2.
1507 2853 1662 2900 16.17)?
1677 2853 1757 2892 aliis
1780 2865 1845 2902 per
1875 2855 2158 2892 irrationabiiem
2173 2857 2386 2894 ostentatio-

1308 2927 1407 2962 nem,
1427 2915 1473 2954 de
1489 2916 1620 2963 quibus
1637 2917 1830 2955 Psalmista
1851 2917 2070 2966 praedicebat
2089 2931 2098 2955 :
2123 2918 2291 2962 Quoniam
2317 2919 2388 2958 dis»

1307 2979 1430 3028 sipavit
1447 2977 1543 3018 Deus
1559 2991 1638 3018 ossa
1654 2979 1849 3017 hominibus
1876 2980 2111 3028 placcntium(
2132 2979 2232 3016 Psat.
2247 2977 2307 3017 52.
2328 2981 2388 3031 6i;

1307 3041 1386 3082 aliis
1415 3053 1480 3090 per
1497 3044 1740 3092 arrogantiam
1760 3049 1795 3080 et
1819 3041 1950 3080 fastum
1965 3071 1975 3088 ,
1992 3042 2087 3090 quod
2114 3049 2169 3080 est
2189 3043 2356 3092 superbia
2378 3057 2388 3082 :

1309 3117 1399 3156 quos
1415 3107 1528 3145 veluti
1561 3106 1699 3144 ordinis
1729 3105 1939 3143 desertores
1966 3104 2142 3152 propheta
2175 3105 2386 3143 insimulat:

1303 3170 1458 3218 Superbi
1475 3171 1590 3218 inique
1609 3169 1753 3218 agebant
1777 3179 2016 3216 usquequaque
2033 3181 2044 3213 ,-
2063 3179 2085 3204 α
2109 3167 2182 3218 lege
2203 3175 2390 3208 autcmlua

1307 3245 1377 3271 non
1387 3233 1552 3271 declinari
1565 3232 1678 3281 (Psal.
1694 3231 1777 3268 118.
1791 3231 1866 3279 51).
1883 3231 2172 3280 Unumquodque
2184 3239 2304 3271 autem
2317 3232 2387 3272 ho-

1307 3306 1388 3334 rum
1409 3296 1578 3333 vitiorum
1600 3294 1703 3342 plura
1731 3293 1800 3330 alia
1829 3293 2099 3342 subsequuntur
2118 3306 2126 3331 :
2146 3294 2390 3333 fastuminvio

1307 3359 1380 3405 dia,
1395 3358 1582 3396 avaritiam
1603 3357 1740 3402 odium,
1762 3356 1984 3394 illiberalitas
2011 3357 2235 3396 mendacium
2257 3371 2267 3404 ;
2288 3359 2388 3396 furo-

1306 3432 1382 3460 rem
1403 3422 1455 3459 ira
1475 3421 1532 3458 vel
1553 3419 1867 3466 excandescentia,
1887 3421 2129 3464 contumeliae,
2150 3421 2384 3462 invidentia};

1305 3484 1582 3522 fornicationem
1613 3483 1747 3520 oblivio
1763 3511 1773 3528 ,
1809 3483 1986 3522 securitas
2001 3511 2010 3529 ,
2031 3485 2186 3532 pigritia,
2208 3484 2276 3520 zeli
2299 3482 2383 3518 hont

1305 3547 1480 3591 defectus,
1500 3545 1709 3593 inutilisque
1738 3546 1882 3594 vigilia;
1912 3557 2040 3583 vanam
2083 3546 2234 3592 gloriam
2263 3542 2385 3578 curio-

1306 3612 1408 3654 sitas,
1433 3609 1620 3656 perceptio
1637 3608 1834 3653 donorum,
1855 3619 2000 3656 pompa,
2021 3606 2285 3644 simulationes,
2301 3611 2386 3646 pcr—

1305 3681 1476 3708 sonarum
1502 3671 1746 3717 acceptiones,
1767 3670 1942 3712 fallaciae;
1963 3666 2170 3714 superbiam
2187 3661 2383 3701 dementia.

1305 3733 1625 3777 immisericordiae,
1645 3733 1755 3779 impia
1775 3732 1882 3773 facta,
1902 3727 2036 3765 mentis
2045 3722 2259 3763 emotioncs,
2277 3725 2386 3766 atque

1305 3796 1396 3832 alias
1413 3796 1508 3840 alite,
1529 3805 1576 3832 ne
1592 3796 1711 3842 plures
1730 3800 1938 3832 recensens,
1952 3791 2157 3822 sermonem
2178 3779 2278 3842 hune
2295 3789 2367 3816 one

1307 3867 1382 3894 rem
1401 3885 1410 3902 ,
1445 3867 1526 3894 eum
1561 3840 1704 3894 abunde
1725 3853 2010 3890 demonstratum
2040 3842 2100 3882 sit,
2129 3840 2224 3888 quod
2245 3840 2380 3878 dictum

1309 3926 1376 3958 ρει,
1409 3919 1610 3967 Unicuique
1642 3922 1760 3952 autem
1791 3912 1918 3947 horum
1961 3903 2126 3940 vitiorum
2164 3903 2385 3941 contrarian:
