2694 4342
263 281 308 319 τις
1127 240 1342 291 Ρλιιλυιι
1370 242 1538 287 ῠιΑιοε
1547 249 1601 287 US
2429 250 2470 287 τις

265 359 432 394 virtutem
453 351 544 386 Deus
557 337 728 392 opposuit
749 349 754 372 τ
775 335 874 374 verbi
904 335 1018 384 gratia
1036 361 1046 379 ,
1064 331 1218 370 luxuria
1235 329 1345 368 casti-

265 392 391 457 ίιςιεηι,
419 406 602 459 gulosiuli
627 399 906 452 temperantiam
923 428 932 445 ,
952 396 1114 435 avaritia:
1143 392 1349 442 justitiam,

263 481 326 516 irae
349 456 544 514 Ieniiatem,
558 459 711 505 tristitia:
727 463 912 513 gaudium,
929 459 1102 499 oblivioni
1117 456 1348 501 memoriam,

263 527 440 574 socordiae
459 529 684 579 patientiam,
710 525 902 564 dementiae
931 522 1175 572 prudentiam,
1193 517 1346 568 ignaviae

266 595 534 637 fortitudinem,
546 589 696 629 vanitati
716 588 975 631 humilitatem,
994 591 1032 622 et
1057 584 1138 621 aliis
1153 583 1242 619 alias
1263 579 1347 637 :liis

269 655 435 694 amnibus
453 636 613 688 divinam
633 647 888 694 Seripturarn:
907 643 974 681 soli
998 649 1118 679 autem
1149 639 1254 676 tastui
1273 636 1349 675 vir-

269 721 382 754 tutem
401 711 621 750 contrariam
641 719 712 746 non
743 707 843 745 dedit
859 706 907 742 ob
927 703 1224 752 exsuperantiam
1253 700 1347 745 vitii,

270 778 423 824 seipsum
445 775 494 812 illi
523 782 730 816 reservans,
747 770 840 807 sicut
867 767 958 806 dixit
979 779 988 803 :
1010 765 1104 802 Deus
1121 762 1277 812 superbis
1294 773 1350 799 re-

269 840 354 878 sistit
381 839 474 886 (Jac.
504 837 538 874 4.
569 836 590 874 6
611 837 622 883 )
647 847 656 872 :
678 833 772 870 sicut
792 831 902 870 etiam
929 830 1006 878 ipse
1026 827 1203 877 propheta
1223 835 1352 873 preca-

270 914 348 948 tur,
369 901 496 938 dicens
515 911 524 934 :
548 896 639 934 Leva
669 906 790 932 manus
810 901 888 931 tuas
915 893 952 929 in
983 891 1162 939 superbius
1185 899 1304 926 eorum
1317 888 1353 924 in

273 965 372 1002 tinem
390 965 403 1011 (
425 961 522 999 Psal.
544 962 603 998 75.
626 961 650 998 5
671 959 682 1008 )
711 970 720 994 :
741 963 779 996 et
796 966 922 994 rursus
935 983 945 1000 ,
963 953 1084 992 Redde
1097 951 1354 990 retributionem

273 1028 424 1076 superbis
445 1027 456 1075 (
481 1025 575 1063 Psal.
591 1025 651 1062 95.
670 1022 696 1060 2
713 1023 742 1070 ).
766 1021 812 1058 Ει
846 1017 1150 1068 quemadmodum
1171 1025 1215 1053 es
1235 1013 1354 1052 fructu

273 1091 380 1128 arbor
403 1087 649 1136 cognoscitur,
671 1092 710 1122 ut
727 1085 778 1121 ait
796 1082 975 1120 Dominus
995 1092 1004 1116 :
1026 1079 1084 1117 Ea:
1107 1078 1275 1127 fructibus
1293 1087 1354 1114 eo-

274 1163 349 1189 mn
364 1149 572 1200 cognoscetis
592 1159 648 1186 eos
671 1147 683 1197 (
702 1145 828 1184 Matth.
859 1146 895 1182 7.
921 1143 988 1191 16)
1008 1155 1018 1179 :
1040 1143 1087 1180 ita
1107 1141 1356 1188 unusquisque

275 1199 460 1246 hominum
475 1236 486 1252 ,
507 1207 584 1244 sive
613 1205 684 1243 sint
701 1203 814 1242 sancti
832 1231 843 1250 ,
861 1201 938 1240 sive
956 1201 1135 1239 dicantur.
1155 1199 1217 1238 Sic
1235 1206 1356 1236 autem

276 1271 411 1318 ﬁliique
429 1276 514 1308 sunt
533 1267 779 1316 improborum
799 1265 1058 1312 prosperitates
1077 1264 1236 1301 immota:
1254 1292 1264 1308 ,
1283 1262 1359 1299 Deo

277 1341 362 1381 erga
381 1333 480 1380 ipsos
511 1331 690 1379 patienter
709 1333 852 1376 agente.
873 1327 950 1365 Hoc
967 1327 1064 1364 enim
1085 1325 1201 1374 ipsum
1220 1324 1325 1362 decet
1347 1336 1356 1360 :

275 1391 325 1432 ita
347 1387 386 1432 ut
415 1394 530 1431 sancti
550 1392 706 1440 idipsum
725 1401 770 1429 ex
791 1399 945 1438 persona
966 1399 1091 1426 eorum
1106 1417 1117 1433 ,
1145 1387 1204 1434 qui
1221 1395 1358 1424 vesan-

276 1465 348 1501 tur,
371 1455 627 1504 proclamarint
643 1453 687 1490 ad
701 1452 987 1490 consolationem
1005 1451 1168 1488 omnium
1179 1454 1357 1491 nostrum,

277 1521 338 1572 qui
355 1529 450 1561 nunc
471 1517 640 1570 patimur.
677 1516 822 1558 Primus
853 1514 1037 1568 patientia:
1057 1512 1152 1549 lilius
1170 1511 1253 1556 Job,
1275 1509 1362 1559 quid

278 1593 360 1635 post
378 1586 490 1623 multa
511 1586 561 1624 ait
579 1585 597 1622 ?
623 1584 710 1634 quid
727 1584 856 1622 enim?
879 1582 1060 1632 Numquid
1079 1593 1122 1618 es:
1149 1573 1286 1616 homine
1312 1589 1362 1614 reo

279 1648 456 1696 prehensio
489 1647 590 1685 mea?
615 1647 837 1696 inculpatum
862 1657 902 1684 se
935 1655 1016 1683 esse
1051 1641 1270 1692 signiﬁcans.
1315 1639 1361 1677 Et

279 1704 384 1756 quare
410 1721 478 1746 non
491 1711 622 1746 irascar
636 1709 656 1746 .7
672 1711 730 1756 qui
751 1708 929 1755 adspicitis
955 1719 1021 1747 me.
1044 1704 1276 1746 admiremini,
1300 1713 1362 1749 po-

281 1765 397 1808 nentes
414 1783 553 1808 manum
569 1782 672 1818 super
684 1769 876 1806 maxillam.
891 1768 933 1805 Si
945 1768 1034 1804 enim
1052 1765 1250 1802 recordatus
1264 1764 1362 1810 [uero

286 1830 444 1882 religiose
469 1833 553 1878 vixi,
573 1839 604 1868 ct
624 1833 760 1868 dolores
777 1829 925 1867 obtinent
941 1839 1078 1866 carnem
1103 1837 1226 1863 meam.
1245 1825 1364 1869 Quare

287 1895 384 1943 impii
403 1896 518 1932 vivunt
533 1924 544 1940 ,
575 1901 606 1930 et
634 1893 864 1930 inecterarunt
881 1892 916 1928 in
931 1891 1057 1928 divitiis
1069 1891 1086 1926 ?
1103 1889 1228 1928 Semen
1248 1899 1365 1925 eorum

281 1960 468 1994 secundum
499 1956 672 2000 animam,
696 1955 761 2002 ﬁlii
778 1961 893 1992 autem
918 1965 1036 1992 eorum
1060 1954 1096 1990 in
1121 1952 1230 1989 oculis
1253 1958 1362 1989 sunt:

285 2018 406 2058 duntur
427 2031 547 2057 eorum
563 2019 738 2056 abundant
755 2047 766 2064 ,
787 2019 888 2056 timor
917 2026 1027 2056 autent
1058 2015 1182 2053 nullibi
1201 2026 1214 2052 :
1243 2015 1366 2064 ﬂagel-

285 2085 358 2120 lum
373 2083 435 2120 Dei
447 2094 516 2120 non
534 2089 583 2120 est
601 2093 706 2130 super
722 2081 816 2119 illos.
832 2081 902 2118 Bos
922 2092 1038 2118 eorum
1057 2091 1126 2116 non
1145 2080 1366 2115 immaturum

287 2141 416 2195 peperit
437 2155 450 2182 .'
467 2151 600 2182 seruata
617 2149 667 2181 est
683 2143 726 2179 ab
743 2149 842 2188 wstu,
863 2144 899 2179 in
919 2149 1033 2178 ventre
1053 2140 1180 2178 habens
1201 2151 1269 2176 non
1291 2141 1367 2188 fru-

287 2211 395 2242 strata
411 2212 474 2244 est.
499 2205 644 2242 Manent
661 2210 775 2241 autem
793 2205 880 2241 sicut
900 2214 978 2241 oves
997 2210 1185 2250 perpetuos.
1208 2201 1368 2250 Infantes

287 2280 405 2305 eorum
425 2268 611 2312 adludunt,
632 2273 779 2304 tenentes
794 2267 996 2315 psalterium
1009 2272 1040 2302 et
1057 2266 1240 2310 citharam,
1256 2270 1288 2302 et
1308 2265 1371 2302 lat-

294 2324 411 2368 lantur
429 2331 466 2368 in
495 2341 576 2368 voce
601 2330 726 2376 psalmi
751 2339 764 2366 :
785 2335 1064 2366 consummarunt
1084 2329 1119 2366 in
1144 2328 1241 2365 bonis
1265 2328 1370 2364 vitam

295 2402 412 2435 suam,
436 2395 468 2426 et
485 2391 524 2427 in
537 2390 656 2437 requie
669 2387 802 2436 inferni
823 2388 1107 2426 obdormierunt.
1131 2388 1226 2426 Dicit
1250 2396 1372 2428 autem

299 2448 452 2488 Domino
469 2463 482 2489 :
499 2451 633 2488 Recede
659 2461 682 2486 α
699 2461 768 2494 me,
787 2451 864 2488 uias
880 2457 961 2488 tuas
984 2451 1076 2488 scire
1089 2451 1174 2487 nolo
1195 2450 1234 2499 (Ι
1237 2451 1293 2488 ob.
1309 2451 1373 2498 21,

296 2513 422 2560 to“).
440 2513 534 2551 Huic
549 2523 715 2552 consona
730 2511 911 2552 malorum
928 2513 1094 2551 tolerans
1107 2520 1142 2552 et
1161 2514 1373 2553 divinorum

295 2575 520 2622 iudiciorum
543 2586 664 2624 praeco
687 2575 800 2612 David
813 2577 880 2619 ait,
898 2576 1004 2622 juxta
1023 2575 1114 2614 illud
1132 2591 1140 2614 :
1159 2576 1374 2615 Misericor-

297 2636 395 2673 diam
412 2645 446 2675 et
461 2639 640 2686 judicium
656 2639 810 2675 cantabo
826 2639 906 2681 tibi,
927 2639 1092 2677 Domine.
1119 2641 1238 2686 Quam
1258 2641 1372 2679 bonus

294 2697 395 2734 Deus
418 2698 550 2736 Israeli
575 2700 680 2736 rectis
707 2701 813 2736 corde
833 2699 1135 2749 (Psal.l()0.l.et
1153 2703 1210 2739 72.
1235 2703 1281 2750 1).
1303 2703 1376 2740 Mei

299 2767 416 2798 autem
425 2763 696 2806 penemotisunt
708 2761 922 2807 pedes,pene
929 2763 1036 2809 επιιεὶ
1047 2770 1130 2800 sunt
1141 2775 1286 2811 gressus
1304 2765 1374 2800 mei

301 2819 420 2869 (Psal.
435 2822 494 2859 72.
510 2822 562 2869 2).
580 2822 682 2859 Cur?
697 2822 792 2866 Quia
810 2825 924 2859 ulaui
941 2836 1049 2870 super
1064 2826 1204 2874 iniquos
1216 2855 1224 2870 ,
1249 2831 1372 2873 paceni

297 2888 524 2926 peccatorum
543 2882 676 2919 uidens.
700 2880 744 2916 Et
765 2881 852 2918 alibi
872 2893 1024 2926 rursus,
1046 2894 1136 2930 opes
1154 2895 1284 2922 eorum
1309 2884 1377 2921 da-

301 2951 450 2984 mnans,
459 2943 550 2980 dicit
563 2956 572 2979 :
584 2943 694 2979 Boves
707 2952 828 2978 eorum
841 2952 988 2985 nouae,
1003 2954 1080 2979 oves
1091 2957 1212 2980 eorum
1225 2947 1374 2992 fretam,

301 3003 524 3040 abundantes
539 3005 576 3040 in
587 3003 787 3050 egressibus
803 3003 895 3045 suis,
911 3006 1162 3049 promptuaria
1173 3017 1296 3043 eorum
1307 3009 1378 3055 ρίε.

301 3075 362 3110 na,
384 3066 587 3102 eructantia
597 3075 642 3100 ea:
655 3063 720 3098 hoc
732 3063 769 3098 in
784 3063 875 3098 illud
889 3075 902 3100 .'
919 3065 1006 3110 βιίιε
1016 3076 1138 3102 eorum
1155 3071 1376 3115 compositae,

301 3126 435 3160 circum
447 3132 600 3166 ornatw,
615 3129 653 3159 ut
667 3123 866 3159 similitudo
874 3124 996 3168 templi
1006 3125 1123 3173 (Psal.
1138 3127 1220 3165 “3.
1238 3129 1301 3168 H.
1315 3131 1377 3170 15,

302 3183 376 3230 12).
395 3184 467 3222 Sed
479 3190 515 3222 et
529 3185 664 3220 malam
678 3193 808 3221 eorum
822 3187 1062 3224 concordiam
1076 3194 1111 3226 et
1122 3199 1248 3236 pacem
1259 3193 1379 3231 admi-

302 3254 390 3282 rans
400 3245 515 3282 addit:
529 3243 613 3280 Non
622 3251 672 3280 est
685 3246 1002 3293 clamorinplateis
1011 3261 1263 3300 eorunt,neque
1272 3256 1378 3293 ruina

301 3306 515 3342 maceriam
525 3305 691 3344 domibus
705 3318 828 3344 eorum
843 3310 854 3356 (
869 3309 963 3347 Ibid.
977 3322 1009 3348 υ.
1026 3311 1086 3348 11.
1101 3320 1134 3350 et
1149 3314 1222 3356 l5).
1239 3315 1378 3358 Deinde

301 3363 522 3411 vituperans
532 3372 744 3413 corruptam
761 3369 859 3414 vulgi
873 3371 1104 3416 opinionem,
1125 3375 1176 3411 ait
1195 3389 1203 3412 :
1221 3376 1377 3418 Beatum

305 3424 464 3490 disserunt
481 3425 662 3490 populum,
680 3429 737 3464 cui
755 3431 829 3466 [nec
851 3433 942 3469 sunt.
971 3433 1014 3472 Et
1033 3435 1134 3474 addit
1152 3449 1161 3475 :
1181 3437 1310 3478 Beatus
1323 3454 1381 3490 po-

307 3486 409 3531 pulus
427 3514 439 3532 ,
461 3488 558 3535 cujus
589 3488 758 3528 Dominus
789 3492 899 3532 Iacob
924 3497 1064 3546 adjutor
1090 3501 1180 3548 ejus.
1211 3503 1256 3540 Et
1274 3486 1379 3544 ncteo

306 3556 418 3609 usque
438 3549 570 3587 sistens
590 3552 793 3591 testimonia
813 3583 821 3598 ,
851 3555 978 3596 faciam
993 3588 1002 3602 .
1025 3567 1062 3597 ιιι
1079 3564 1380 3609 pericliteturim-

307 3608 464 3676 perlecta
485 3612 604 3676 oratio
617 3641 628 3657 ,
649 3615 732 3652 audi
762 3627 888 3655 rursus
917 3608 1103 3660 Abhacum
1123 3637 1204 3664 cum
1221 3630 1378 3676 quodam

304 3670 446 3729 planctu
467 3681 576 3720 super
595 3673 800 3722 huiusmodi
829 3679 1088 3729 indignantem,
1106 3697 1151 3725 ac
1170 3670 1350 3728 dicentem
1369 3703 1378 3728 :

307 3728 500 3800 Usquequo,
522 3733 681 3800 Domine,
702 3739 856 3776 clamabo
871 3770 880 3785 ,
899 3743 1068 3791 injuriam
1085 3750 1215 3793 patiens
1229 3779 1238 3795 ,
1261 3759 1294 3788 et
1312 3764 1380 3789 non

304 3793 464 3830 mudies
479 3795 650 3859 (Allabac.
670 3801 704 3838 1.
725 3801 748 3838 Ξ
781 3823 797 3830 -
811 3803 834 3840 4
852 3803 887 3850 )?
908 3805 1055 3852 injurias
1089 3811 1186 3848 enim
1209 3793 1378 3859 proximi.

305 3857 612 3923 i'f‘fq‘PItCIIav-it.
633 3862 678 3900 Et
692 3863 842 3904 fratrum
861 3877 986 3907 amans
1005 3871 1128 3910 addit:
1157 3857 1380 3923 Vociferabor

305 3911 352 3941 ad
367 3916 412 3954 te,
441 3920 472 3949 et
487 3927 554 3954 non
569 3923 726 3960 salt-abis.
749 3927 864 3971 Quare
880 3932 1054 3968 ostendisti
1076 3934 1160 3971 mihi
1186 3911 1329 3976 labores,
1344 3911 1378 3975 et

1425 323 1567 362 dolores
1590 318 1756 361 ciderelu
1771 318 1969 361 (erumnam
1985 335 2034 362 ac
2043 325 2256 373 impietatem
2267 331 2338 369 fex
2348 334 2480 374 αάυενδο

1426 380 1494 424 incl
1507 387 1645 434 factum
1653 392 1705 423 est
1713 385 1911 434 judicium,
1925 394 1956 423 et
1963 384 2078 434 judea:
2093 389 2232 435 accipit.
2248 389 2381 431 [ἀείτί-ο
2390 394 2479 431 die."

1423 449 1510 495 pata
1534 453 1588 484 est
1619 447 1691 492 lea',
1721 453 1754 483 et
1787 457 1858 482 non
1893 446 2102 494 perducitur
2125 448 2300 496 judicium
2332 452 2364 489 in
2389 452 2482 501 ﬁnem

1423 511 1510 560 quia
1543 510 1674 555 impius
1707 509 1877 556 prcralet
1911 511 2082 546 adversus
2114 511 2256 558 justum
2277 514 2355 560 (Job
2387 517 2438 552 l7.
2463 521 2482 556 9

1425 577 1494 616 sqq
1513 568 1525 615 )
1540 567 1676 604 Eodem
1695 567 1830 614 spiritu
1843 568 1954 604 etiam
1969 568 2339 608 misericordissimus
2351 582 2482 611 sanctu-

1425 638 1524 668 rum.
1535 626 1733 665 Jeremias.
1748 627 1926 665 haesitans
1939 638 2016 676 prs:
2026 629 2123 672 aliis.
2135 630 2267 667 clamat
2281 643 2289 667 :
2302 630 2421 670 Justus
2437 646 2480 679 es,

1425 684 1592 728 Domine,
1603 685 1774 733 quoniam
1794 685 1890 731 apud
1906 693 1938 722 te
1957 687 2196 734 defensionem
2211 689 2389 727 instituant
2405 703 2417 729 :
2431 704 2482 730 ae-

1425 750 1631 780 rumtamen
1650 743 1797 790 judicia
1819 744 1947 791 loquar
1969 747 2016 782 ad
2039 755 2092 790 te,
2115 747 2275 786 Domine.
2301 749 2414 795 Quare
2434 755 2483 790 via

1423 811 1653 864 peccatorum
1677 809 1939 864 promeretur?
1957 808 2142 864 abundant
2168 821 2301 864 omnes,
2325 814 2380 859 qui
2399 825 2479 860 pm.

1422 857 1633 894 uarieantur
1648 855 1980 902 prcuaricationcs.
2007 855 2194 894 Plantasti
2206 869 2262 896 eos
2277 888 2286 902 ,
2309 855 2338 896 et
2356 855 2477 901 radices

1421 917 1665 967 egeruntutoc
1680 923 1752 961 est,
1770 917 1928 954 licenter
1942 917 2102 963 vivunt),
2117 925 2150 954 et
2169 918 2322 966 fecerunt
2339 921 2481 968 fructum
2530 904 2536 910 ⁸

1422 982 1521 1020 (non
1550 981 1660 1030 plane
1683 981 1867 1028 spiritus)
1894 994 1903 1018 :
1929 982 2148 1029 propinquus
2171 993 2207 1020 es
2229 984 2282 1020 ori
2303 996 2428 1028 eorum,
2450 994 2479 1024 et

1423 1046 1526 1090 longe
1547 1054 1570 1079 a
1589 1041 1737 1079 renibus
1767 1055 1890 1080 eorum
1913 1042 2020 1087 (Jer.
2040 1044 2098 1080 12.
2129 1047 2160 1082 I.
2186 1045 2248 1092 2).
2283 1046 2344 1084 llis
2371 1054 2478 1086 autem

1425 1097 1580 1132 omnino
1598 1094 1701 1140 paria
1722 1095 1872 1142 sapiens
1890 1095 2070 1142 propheta
2099 1095 2306 1143 Sopltonias
2324 1096 2405 1144 [into
2421 1097 2484 1134 lla-

1427 1147 1586 1204 lacltias]
1607 1183 1617 1198 ,
1648 1155 1820 1192 homines
1853 1161 1892 1192 ut
1914 1157 2118 1194 maledicos
2141 1152 2314 1204 culpatis,
2345 1159 2402 1205 qui
2432 1157 2482 1196 Dei

1427 1215 1704 1262 providentiam
1725 1223 1918 1257 accusant.
1933 1222 2160 1264 sanctosque
2181 1218 2336 1254 ηιίιιιιυς
2355 1219 2480 1258 dirum.

1430 1279 1476 1306 ex
1485 1277 1647 1316 persona
1659 1267 1803 1304 Domini
1821 1269 1894 1305 ait:
1909 1267 2134 1316 lngraoastis
2143 1281 2248 1316 super
2264 1281 2317 1307 me
2329 1280 2487 1307 sermones-

1431 1336 1588 1375 uestros,
1607 1331 1657 1367 ait
1679 1329 1854 1368 Dominus
1869 1358 1879 1374 ,
1906 1338 1939 1368 et
1965 1332 2112 1369 dixistis
2133 1344 2146 1369 :
2181 1332 2222 1369 in
2244 1344 2310 1381 quo
2327 1339 2440 1370 contra
2458 1343 2485 1370 te

1433 1389 1548 1426 locuti
1566 1391 1722 1428 sumus?
1747 1389 1902 1427 Dixistis
1936 1402 1948 1427 :
1980 1389 2118 1434 Vanus,
2145 1393 2206 1440 qui
2226 1393 2328 1428 seruit
2353 1391 2428 1429 Deo.
2448 1391 2486 1428 Et

1430 1447 1514 1495 quid
1533 1447 1682 1493 amplius
1707 1447 1824 1485 nobis.
1862 1447 1946 1495 quia
1971 1447 2213 1484 custodiuimus
2231 1448 2384 1484 ntandata
2401 1447 2486 1494 ejus,

1431 1515 1464 1546 et
1491 1509 1572 1557 quia
1613 1509 1866 1548 anzbulavimus
1895 1510 2070 1556 supplices
2111 1517 2190 1547 ante
2221 1510 2339 1559 facient
2368 1508 2493 1545 Domini.

1433 1573 1676 1622 omnipotentis
1693 1572 1710 1608 ?
1729 1577 1760 1609 et
1781 1583 1872 1609 nun"
1892 1584 1956 1610 nos
1975 1572 2207 1619 beati/ianuas
2223 1573 2360 1616 alienos,
2376 1578 2404 1608 et
2415 1571 2490 1608 tedi-

1433 1636 1583 1687 ῥεσηιιιι·
1607 1645 1724 1671 omnes
1739 1663 1748 1677 .
1783 1635 1845 1683 qui
1870 1636 2002 1684 faciunt
2033 1635 2217 1681 injustitias
2237 1663 2246 1678 ,
2267 1640 2298 1671 et
2319 1634 2495 1670 restiterant!

1435 1703 1525 1749 Deo,
1545 1713 1575 1740 ρι
1605 1700 1732 1740 sanati
1758 1705 1852 1736 sunt.
1882 1697 1969 1736 Haec
1986 1698 2158 1745 obloquttti
2189 1705 2291 1742 sunt,
2319 1697 2374 1743 qui
2390 1696 2490 1732 timent

1434 1766 1644 1810 Dominum,
1656 1761 1890 1813 urnisquisque
1903 1761 1949 1796 ad
1961 1761 2153 1807 proximum
2165 1771 2262 1796 suum
2280 1759 2377 1805 (Μαι.
2393 1758 2426 1794 5.
2440 1757 2492 1792 l3-

1435 1828 1531 1877 16).
1547 1829 1684 1874 Quibus
1711 1824 1844 1864 similia
1888 1823 2015 1866 infert,
2040 1823 2182 1870 pietatis
2205 1831 2332 1868 prtrco,
2353 1817 2492 1856 Paulus:

1437 1890 1526 1928 Mali
1543 1897 1657 1926 autem
1678 1890 1832 1926 homines
1850 1897 1881 1926 et
1911 1887 2107 1926 sedne-tores
2145 1885 2320 1933 proﬁcient
2338 1883 2370 1918 in
2387 1881 2495 1930 pejus,

1435 1961 1611 2000 errantes,
1632 1954 1664 1990 ei
1686 1953 1721 1990 in
1753 1964 1902 1990 errorem
1936 1953 2104 1988 mittentes
2140 1948 2152 1994 (
2172 1948 2207 1984 ἓ.
2239 1946 2324 1984 Tim.
2356 1946 2389 1982 5.
2409 1944 2449 1980 15
2470 1942 2492 1989 ).

1439 2017 1580 2055 Deinde
1619 2019 1830 2054 sanctarum
1872 2016 2046 2052 vilitatem
2075 2011 2290 2058 designans.
2326 2004 2496 2044 ait:Pttto

1437 2079 1527 2116 enim
1549 2078 1644 2127 quod
1664 2076 1758 2116 Deus
1772 2089 1834 2115 nos
1851 2077 2026 2124 apostolos
2046 2074 2246 2114 novissimos
2263 2067 2494 2110 άεηιοηδιναυίίι

1437 2141 1536 2189 quasi
1556 2141 1658 2177 morti
1689 2141 1877 2176 destinatos
1897 2151 1909 2177 :
1939 2141 2020 2188 quia
2037 2140 2266 2188 spectaculum
2295 2133 2377 2186 farti
2393 2140 2496 2167 tum“

1438 2204 1567 2241 mundo
1585 2209 1616 2240 et
1632 2203 1765 2252 angelis
1786 2209 1818 2240 et
1836 2203 2041 2239 hominibus.
2061 2201 2152 2238 Nam
2175 2212 2276 2247 usque
2295 2200 2328 2235 in
2347 2198 2429 2234 hanc
2449 2192 2498 2227 lto-

1438 2277 1514 2303 rant
1542 2271 1574 2302 et
1605 2265 1774 2302 esurimus
1793 2271 1824 2301 et
1841 2265 1973 2302 sitimus
2005 2271 2036 2301 ct
2069 2265 2152 2301 nudi
2172 2273 2286 2300 storms
2312 2268 2341 2298 et
2360 2254 2498 2304 colap/tt't

1439 2329 1605 2366 caedimur
1625 2334 1656 2365 et
1689 2327 1866 2366 instabiles
1897 2339 2017 2365 smnus
2053 2334 2082 2364 et
2119 2327 2305 2376 fatigamur
2337 2326 2498 2370 operante!

1442 2389 1600 2427 manibus
1635 2389 1761 2426 nostris
1792 2400 1804 2427 :
1837 2399 2032 2436 corporeas
2060 2398 2239 2426 :erumnas
2271 2387 2496 2422 dinumerans.

1443 2451 1702 2495 Maledicimur,
1725 2457 1758 2488 et
1779 2451 2008 2488 benedicimus
2018 2463 2031 2495 ;
2043 2449 2331 2498 persequutionem
2349 2445 2502 2494 patiatur,

1441 2519 1473 2551 et
1507 2515 1740 2559 sustinemus;
1769 2513 2061 2560 blasphemamur,
2092 2519 2123 2550 et
2158 2511 2390 2551 obsecramus,-
2419 2512 2498 2541 tam-

1441 2587 1546 2623 quam
1563 2581 1790 2624 purgamcnta
1812 2575 1932 2611 mundi
1961 2575 2046 2621 facti
2071 2585 2210 2617 sumus,
2241 2571 2383 2608 omnium
2399 2566 2500 2616 perip-

1441 2649 1535 2676 sema
1569 2649 1676 2685 usque
1715 2637 1863 2684 adhuc(
1899 2638 1933 2674 1.
1953 2637 2032 2674 Cor.
2054 2639 2091 2675 ὁ.
2127 2636 2276 2684 9-15);
2310 2643 2388 2670 cum
2419 2630 2500 2666 Deus

1445 2701 1574 2745 borius,
1587 2701 1766 2747 etjustus,
1782 2700 1982 2738 secundum
1997 2711 2148 2738 arcanas
2163 2699 2335 2748 quasdam
2344 2695 2498 2735 rationes,

1444 2761 1550 2798 stadii
1569 2761 1696 2805 instar,
1713 2761 1888 2799 mundum
1903 2763 2105 2810 explicarit,
2117 2769 2154 2800 et
2174 2761 2286 2800 nostri
2302 2755 2430 2796 arbitrii
2444 2763 2502 2790 nos

1447 2822 1586 2866 fecerit,
1603 2827 1644 2859 ut
1659 2823 1803 2870 propria
1818 2824 2004 2862 voluntate
2021 2835 2098 2862 rem
2128 2823 2388 2872 aggredientes,
2401 2818 2503 2866 jusms

1447 2893 1574 2930 poenas
1592 2884 1790 2928 solvamus,
1801 2885 1892 2922 sicut
1907 2885 1981 2923 Lex
1997 2887 2070 2923 ait:
2088 2886 2194 2924 Posui
2203 2891 2282 2922 ante
2295 2882 2410 2932 [aciem
2421 2886 2503 2915 ιιιαιη

1447 2945 1551 2980 vitam
1595 2951 1627 2980 et
1656 2951 1798 2982 mortem
1825 2957 1838 2983 :
1857 2947 1945 2994 elige
1971 2948 2063 2994 quod
2089 2947 2138 2983 uis
2166 2946 2180 2995 (
2205 2945 2314 2982 Eccli.
2341 2943 2396 2980 15.
2425 2938 2504 2984 13i-

1447 3005 1522 3043 Cur
1539 3013 1658 3042 autem
1677 3009 1839 3054 posuerit
1857 3037 1866 3052 ,
1898 3020 1970 3047 non
1990 3016 2046 3048 est
2075 3010 2181 3056 hujus
2201 3007 2370 3056 temporis
2385 3004 2504 3042 dicere.

1449 3067 1518 3104 nisi
1548 3067 1642 3114 quod
1665 3069 1796 3116 posuit.
1821 3069 1947 3118 Neque
1966 3071 2063 3108 enim
2090 3071 2275 3119 sapientiae
2294 3068 2431 3107 luisset.
2451 3069 2506 3099 nos

1451 3128 1749 3168 inconvertibiles
1772 3141 1855 3169 esse
1873 3131 1988 3170 laetos
2003 3162 2017 3178 ,
2031 3133 2140 3170 nullis
2159 3131 2349 3181 propositis
2368 3123 2507 3176 prmutiis

1450 3197 1486 3228 et
1515 3199 1638 3230 mente
1659 3203 1729 3230 non
1751 3201 1851 3232 recte
1870 3205 1890 3230 ιι
1916 3202 2025 3233 ente:
2049 3194 2320 3234 inconvertibile
2345 3191 2433 3228 enim
2449 3183 2506 3222 80“

1451 3253 1527 3291 Deo
1543 3254 1765 3301 sempiterno
1799 3258 1980 3304 congruit.
2004 3257 2105 3294 Duc.
2128 3257 2304 3294 Praeclare
2321 3259 2356 3291 et
2377 3249 2506 3297 sapic”-

1452 3321 1506 3353 ter
1529 3316 1732 3361 occurristi,
1749 3317 1871 3361 later,
1899 3320 2130 3364 praesentium
2152 3318 2280 3356 mentis
2305 3315 2422 3352 oculos
2439 3309 2508 3346 illu-

1451 3377 1606 3421 minans,
1625 3379 1686 3425 qui
1706 3379 1744 3415 in
1765 3379 1822 3416 liis
1843 3389 1989 3428 semper
2003 3379 2188 3417 oll'endunt
2203 3379 2250 3414 ob
2263 3377 2507 3423 Scripturarum

1451 3438 1668 3486 imperitiam
1701 3451 1710 3475 :
1736 3446 1772 3476 et
1801 3443 1885 3488 quia
1908 3441 1970 3478 diu
2000 3442 2225 3490 gymnasium
2250 3438 2402 3476 Ecclesia
2429 3432 2510 3471 luit.

1454 3505 1609 3544 victores
1628 3517 1713 3544 suos
1747 3508 1948 3545 ostendens
1974 3510 2074 3544 viros
2085 3517 2126 3544 ac
2143 3506 2325 3548 mulieres,
2354 3496 2511 3539 anteactis

1454 3568 1678 3614 temporibus
1698 3596 1708 3612 ,
1727 3567 1860 3605 Christi
1894 3576 2040 3605 carnem
2069 3578 2138 3604 non
2169 3567 2280 3614 gratis
2312 3559 2511 3601 cumedisse.

1453 3630 1652 3668 Contristat
1683 3637 1804 3667 autem
1833 3639 1902 3669 nos
1929 3636 2046 3666 vestra
2070 3628 2283 3665 instaliilitas
2314 3633 2375 3662 seu
2403 3627 2513 3668 perso-

1451 3700 1592 3738 quutio,
1611 3699 1719 3738 atque
1737 3693 1978 3729 Ecclesiarum
1987 3689 2267 3727 subversimEe.
2282 3687 2332 3736 (τι)
2353 3684 2454 3721 Miror
2469 3685 2512 3719 te,

1455 3752 1614 3788 virorum
1651 3753 1930 3789 holitiratissinte
1947 3779 1964 3795 ,.
1980 3751 2183 3793 Theodore,
2205 3750 2264 3796 qui
2294 3743 2514 3790 nmltiplicetn

1456 3813 1646 3851 utilitatem
1667 3814 1858 3852 cunl'essus
1872 3824 1996 3851 rursus
2011 3813 2191 3851 contraria
2211 3809 2380 3857 loqueris.
2397 3804 2516 3840 Bealul

1455 3875 1550 3912 enim
1571 3886 1638 3912 nos
1656 3875 1857 3922 praedicans
1876 3882 1916 3912 ut
1931 3875 2100 3918 victores,
2121 3870 2342 3910 miserabiles
2369 3865 2454 3902 dicis
2479 3865 2514 3896 ut

1499 3947 1548 3987 (α)
1570 3948 1626 3978 Hic
1641 3946 1751 3988 incipit
1767 3944 1985 3988 fragmentum
2001 3944 2158 3986 Cujacian.
2175 3939 2300 3974 incdit.
2317 3942 2365 3971 ιτ.
2383 3930 2494 3968 Dum!-
