3932 6190
402 261 471 330 ⁸1⁸)
1395 258 1480 321 DE
1519 265 1677 321 VlTA
1717 265 1770 320 S.
1813 262 2090 320 JOANNIS
2125 263 2611 322 CHRYSOS'I'OMI.
3611 271 3679 325 78

402 389 653 457 expulsos
681 425 695 445 ,
728 383 974 455 quoniam
1037 381 1286 436 Etclesiis
1320 380 1506 450 privati
1565 393 1768 433 sumus.
1822 377 1986 438 Idem,

403 478 530 534 mihi
576 477 683 546 pati
739 474 935 528 videris
962 515 974 534 ,
1005 472 1145 543 quod
1201 472 1423 536 rustici,
1453 472 1542 540 qui
1592 470 1834 540 Olympia
1872 486 1993 538 spe-

403 578 549 623 ctant
578 583 591 619 :
629 567 703 621 illi
735 566 876 621 enim
905 579 999 618 ore
1028 564 1192 628 hiant,
1224 563 1548 632 perlibenter
1587 562 1838 615 videntes
1863 577 1995 629 prse—

405 664 505 714 mia
538 702 552 718 .
604 661 965 729 lacrymantur
1010 666 1185 710 autem
1241 654 1619 708 miserabiliter
1663 652 1728 706 ad
1780 660 1993 706 certan-

405 754 530 804 tium
563 750 762 819 plagas.
814 747 939 800 Mihi
983 754 1156 800 autem
1199 754 1416 814 praestat
1453 745 1614 797 valles
1644 753 1698 798 et
1748 743 1908 796 silvas
1941 751 1994 796 et

406 844 574 897 maria
606 841 882 911 pervagari
906 856 1024 893 eum
1051 839 1272 892 veritate
1296 879 1310 902 ,
1339 853 1496 906 quam
1525 836 1743 889 multam
1772 835 1992 902 gloriam

407 933 685 1002 praesentis
725 931 992 986 felicitatis
1039 930 1321 985 habentem
1355 970 1368 993 ,
1397 928 1674 982 mendacio
1700 928 1992 995 subjaccre.

416 1023 705 1078 Veritatem
737 1024 880 1076 enim
923 1021 1125 1074 habens
1145 1063 1159 1085 ,
1189 1020 1395 1074 habebo
1422 1019 1598 1074 omnia
1628 1035 1641 1083 ;
1671 1018 1862 1072 etenim
1896 1017 1993 1086 ipsi

409 1117 643 1171 serviunt
695 1114 873 1168 omnia
919 1130 932 1164 :
974 1112 1308 1166 mendacium
1340 1125 1465 1165 vero
1489 1109 1787 1180 possidens,
1817 1125 1882 1162 ne
1911 1123 1994 1162 me

412 1207 580 1274 ipsum
611 1204 826 1274 quidem
856 1202 1082 1265 habebo,
1112 1216 1233 1255 cum
1275 1201 1414 1254 illius
1445 1215 1548 1252 non
1581 1199 1700 1251 sim.
1733 1198 1992 1252 (Ia-terum

413 1296 686 1350 veritatem
719 1294 925 1348 habens
949 1334 964 1358 ,
998 1308 1104 1346 non
1141 1292 1452 1362 simpliciter
1472 1306 1587 1344 eam
1615 1290 1809 1344 habere
1837 1291 1956 1344 volo
1975 1331 1988 1355 ,

419 1396 476 1440 ut
500 1385 765 1440 dominam
794 1395 885 1440 aut
907 1399 1113 1439 servam
1141 1394 1233 1437 aut
1252 1383 1501 1447 vicinam,
1525 1382 1618 1436 sed
1649 1391 1705 1436 ut
1731 1397 1989 1445 sororem,

411 1480 537 1534 etsi
585 1478 698 1533 ﬁeri
729 1479 914 1548 possit,
938 1485 1001 1532 ut
1037 1477 1341 1546 eonjugem,
1376 1477 1540 1544 ipsius
1560 1475 1826 1542 voluptate
1854 1476 1949 1528 frui
1975 1518 1988 1541 ,

409 1579 461 1623 et
487 1576 673 1638 postea
704 1567 952 1622 heredem
973 1610 988 1633 ,
1017 1577 1284 1637 tamquam
1328 1566 1594 1636 prepriam
1631 1581 1871 1620 uxorem.
1903 1564 1991 1618 Fi-

411 1661 477 1714 lia
501 1661 642 1715 enim
671 1668 754 1714 est
780 1659 1003 1712 sincera:
1045 1658 1187 1712 illius
1236 1657 1472 1711 veritatis
1502 1698 1517 1723 ,
1548 1656 1698 1724 cujus
1723 1671 1886 1726 gener
1915 1655 1993 1708 vir

413 1751 629 1820 probus.
656 1750 755 1816 Qui
785 1749 927 1803 enim
952 1749 1053 1803 hoc
1097 1749 1424 1818 signaculum
1455 1747 1689 1816 possidet
1716 1788 1731 1812 ,
1769 1747 1992 1815 repube-

409 1844 530 1908 scit,
548 1857 836 1912 numquam
863 1842 1090 1896 senescit
1117 1855 1213 1896 nec
1243 1841 1541 1906 marcescit,
1572 1842 1691 1909 igne
1719 1839 1989 1894 ardentio-

407 1949 518 1987 rem
543 1931 752 1988 habens
782 1935 979 1998 zelum,
1012 1933 1302 1987 acutiorem
1329 1932 1504 2001 gladio
1535 1947 1832 1986 sermonem
1856 1972 1868 1992 ,
1918 1932 1992 1986 le-

403 2024 607 2077 viorem
629 2023 802 2092 aquila
829 2023 988 2076 vitam
1024 2040 1036 2076 :
1065 2022 1282 2092 impigre
1309 2022 1475 2075 currit
1502 2022 1566 2074 ad
1594 2020 1988 2090 Scripturarum

404 2111 806 2166 meditationem
833 2154 848 2177 ,
885 2112 1029 2166 velut
1070 2111 1134 2166 ad
1187 2120 1412 2165 matrem
1451 2112 1638 2164 dooms
1677 2111 1985 2165 custodem:

405 2201 565 2255 lloret
591 2201 790 2270 jngiter
816 2200 969 2254 lzetus
989 2241 1004 2265 ,
1032 2214 1134 2254 non
1164 2201 1367 2268 capitur
1401 2207 1541 2253 metu
1569 2239 1584 2264 ,
1620 2199 1872 2268 gloriatur
1904 2200 1986 2252 in-

403 2289 664 2360 trepidus,
693 2304 846 2344 sacro
883 2289 1061 2344 furore
1110 2289 1387 2358 tripudiat,
1424 2291 1690 2344 neminem
1734 2289 1860 2353 odit,
1887 2289 1987 2343 nii-

402 2388 612 2434 seratur
655 2394 748 2434 eos
785 2379 874 2448 qui
925 2379 1123 2433 saeculo
1169 2380 1488 2443 abutuntur,
1523 2379 1705 2433 beatos
1733 2379 1860 2433 dicit
1898 2379 1985 2448 qui

399 2469 504 2523 sibi
535 2470 717 2522 vivunt
747 2471 1005 2535 contenti,
1037 2470 1275 2523 tristatur
1303 2469 1525 2538 spiritali
1567 2470 1775 2523 tristitia
1801 2471 1869 2522 ob
1894 2485 1986 2524 ec—

400 2561 828 2616 clesiasticorum
860 2561 1157 2615 socordiam
1196 2576 1209 2612 :
1251 2560 1320 2614 de
1363 2560 1554 2630 quibus
1573 2561 1981 2630 aitApostolus:

403 2651 472 2704 Et
503 2650 755 2719 Spiritum
780 2663 1005 2704 sanctum
1048 2651 1201 2704 nolite
1235 2651 1529 2704 contristare
1549 2692 1579 2713 ,,
1609 2651 1660 2702 in
1684 2667 1778 2720 quo
1804 2652 1986 2721 signati

397 2741 522 2793 estis
554 2741 608 2792 in
639 2741 769 2793 diem
800 2741 1154 2810 redemptionis
1177 2739 1196 2812 (
1219 2741 1404 2810 Ephes.
1440 2743 1492 2795 4.
1523 2741 1624 2810 50)
1666 2756 1680 2793 :
1712 2742 1986 2800 contristat

397 2841 584 2885 autem
611 2831 863 2901 Spiritum
912 2831 1000 2902 qui
1047 2841 1190 2901 terga
1235 2833 1284 2886 ei
1323 2831 1413 2884 dat
1441 2846 1535 2900 per
1577 2833 1967 2900 negligentiam.

399 2921 610 2994 Ecquid
636 2923 812 2976 omnia
847 2924 1176 2992 percenseo?
1206 2925 1430 2977 moritur
1465 2939 1585 2976 cum
1633 2924 1875 2978 libertate
1901 2924 1980 2976 lo-

394 3014 598 3082 quendi
626 3055 639 3078 ,
671 3014 882 3068 nemine
931 3015 1242 3068 contristato
1273 3022 1462 3082 pra-ter
1491 3012 1758 3067 daemones
1779 3055 1793 3078 ,
1825 3013 1982 3082 etqui

396 3105 531 3174 ipsis
555 3104 780 3173 proximi
809 3113 930 3158 sunt
954 3120 967 3155 :
997 3104 1229 3158 abundat
1256 3105 1328 3156 illi
1353 3113 1578 3172 tempus,
1608 3120 1712 3156 non
1736 3119 1983 3158 consum-

397 3195 503 3264 psit
531 3195 649 3250 dies
684 3196 734 3250 in
779 3195 1071 3250 malefactis
1104 3213 1115 3247 :
1145 3195 1433 3264 duplicavit
1461 3194 1636 3248 datam
1669 3195 1976 3264 pecuniam,

396 3286 772 3357 honorumque
815 3300 1033 3354 operum
1063 3284 1317 3353 praemisit
1353 3298 1544 3338 usuras
1565 3323 1580 3349 ,
1613 3283 1821 3338 modico
1850 3293 1980 3338 tem-

395 3386 530 3446 pore
576 3378 843 3447 longtcvos
870 3375 1105 3448 implevit
1140 3390 1308 3429 annos
1342 3392 1356 3440 ;
1407 3383 1777 3430 testamentum
1815 3374 1981 3428 bono-

395 3483 518 3520 rum
550 3481 655 3520 uon
687 3470 905 3534 scribit;
952 3469 1132 3522 vivens
1161 3465 1325 3534 enim,
1357 3476 1409 3521 ct
1437 3465 1668 3518 sentiens
1693 3480 1754 3518 ea
1780 3464 1984 3534 disper-

393 3558 484 3610 sit.
539 3557 771 3612 Pulsavit
814 3575 957 3612 mors
999 3559 1297 3629 corpusculi
1346 3555 1585 3612 ostium?
1639 3557 1781 3623 prius
1826 3571 1979 3624 quam

395 3655 629 3702 mortem
678 3648 866 3703 viderit
900 3665 1019 3719 quae
1045 3650 1174 3704 foris
1215 3657 1297 3704 est
1319 3691 1334 3715 ,
1363 3647 1577 3710 clamat,
1633 3645 1972 3700 Discedamus

399 3739 544 3804 hinc,
577 3738 828 3792 accinens
857 3756 872 3790 :
908 3738 1023 3792 Heu
1065 3740 1208 3805 mihi,
1262 3741 1381 3808 quia
1407 3735 1652 3793 iaculatus
1690 3751 1826 3788 meus
1861 3753 1980 3804 pro-

395 3828 632 3898 longatus
673 3837 744 3881 est
781 3828 966 3898 (Psal.
996 3829 1115 3884 H9.
1148 3831 1180 3885 5
1211 3832 1267 3898 )!
1309 3847 1371 3884 ac
1427 3829 1527 3885 nisi
1555 3841 1768 3900 propter
1815 3828 1977 3885 llettm

395 3920 486 3986 qui
511 3932 632 3970 eam
668 3918 920 3982 miserat,
944 3918 1044 3988 ipsi
1079 3919 1199 3973 lites
1231 3919 1558 3984 intenderet,
1598 3921 1813 3990 exigens
1838 3920 1974 3990 quod

394 4009 569 4064 serius
601 4009 761 4062 venit.
805 4010 1109 4080 Acquiescit
1143 4011 1356 4066 demum
1394 4012 1646 4067 liberatus
1674 4013 1740 4067 ab
1780 4028 1976 4066 rerum-

395 4112 530 4151 noso
556 4112 802 4168 corpore,
826 4109 879 4152 ut
903 4115 929 4152 a
955 4099 1142 4154 vitioso
1166 4101 1448 4169 hospitiolo
1476 4103 1678 4157 ruinam
1709 4104 1973 4157 minante:

394 4202 581 4240 aurem
611 4190 813 4242 arrexit
843 4189 906 4242 ad
933 4206 1052 4244 eum
1083 4191 1171 4260 qui
1213 4191 1381 4245 dixit:
1410 4191 1575 4262 Euge,
1615 4210 1752 4246 serve
1781 4194 1904 4246 bone
1930 4203 1975 4246 et

397 4277 565 4344 ﬁdelis
585 4276 794 4347 (Matth.
818 4278 906 4332 25.
930 4279 1046 4350 2|),
1066 4281 1338 4334 auditurus
1371 4291 1422 4335 et
1447 4281 1667 4352 reliqua.
1692 4282 1770 4336 Sit
1800 4295 1973 4337 autem

397 4368 488 4422 tibi
519 4384 708 4424 eorum
753 4385 871 4439 qum
901 4371 1125 4425 dicimus
1159 4384 1358 4426 certum
1407 4373 1654 4427 indicium
1693 4376 1973 4429 verborum

396 4458 547 4527 copia
583 4477 597 4513 :
624 4455 711 4512 Ex
757 4459 1068 4513 abundantia
1111 4463 1240 4514 enim
1287 4463 1453 4515 cordis
1482 4480 1536 4516 os
1567 4462 1782 4531 loquitur
1813 4464 1972 4534 (Ibid.

396 4546 486 4606 12.
516 4550 632 4620 54).
682 4549 846 4606 Porro
873 4553 959 4620 qui
990 4567 1108 4606 cum
1150 4553 1423 4608 mendacio
1454 4554 1596 4616 vivit,
1628 4555 1784 4607 vitam
1817 4553 1976 4610 habet

401 4642 798 4710 perturbatam,
844 4644 1124 4714 aliquando
1150 4645 1362 4714 quidem
1401 4645 1679 4699 immodice
1709 4646 1972 4715 gaudens,

400 4732 469 4784 ob
499 4731 884 4787 incrementum
917 4736 1152 4803 pecunia:
1183 4744 1271 4788 aut
1300 4751 1473 4804 parva:
1499 4736 1756 4805 gloriolae,
1789 4747 1878 4790 aut
1907 4741 1975 4790 ob

399 4837 635 4877 amorem
665 4824 1032 4890 meretriculas,
1063 4835 1149 4880 aut
1177 4835 1387 4893 promer
1406 4826 1733 4882 inimicorum
1761 4843 1974 4882 suorum

402 4911 681 4967 adversam
710 4913 970 4967 fortunam
999 4931 1011 4966 :
1035 4915 1316 4982 aliquando
1345 4925 1518 4970 autem
1549 4918 1784 4970 tristatur
1809 4934 1976 4985 usipie

398 5001 462 5056 ad
511 5012 761 5069 mortem,
809 5003 934 5057 dum
989 5006 1308 5058 mutationes
1363 5007 1592 5059 somniat
1648 5017 1700 5060 et
1748 5005 1978 5061 incertos

401 5101 620 5146 eventus
642 5133 660 5158 ,
695 5103 982 5164 noctesque
1010 5095 1166 5150 habet
1194 5096 1480 5161 insomnes,
1511 5112 1572 5152 ac
1598 5099 1732 5150 male
1762 5098 1974 5152 dormit.

398 5181 531 5247 Quin
573 5192 629 5236 et
676 5183 964 5237 amicorum
1013 5185 1229 5238 insidias
1269 5187 1380 5252 ipse
1424 5189 1736 5256 suspicatur,
1777 5205 1841 5242 ne
1880 5190 1976 5243 sibi

399 5270 609 5337 quidem
643 5273 944 5338 conlidens,
990 5274 1234 5328 omnihns
1267 5275 1524 5343 derogans
1555 5274 1706 5330 tidem
1740 5287 1792 5332 ut
1833 5295 1980 5336 mett—

401 5359 634 5415 tlacibus.
681 5362 784 5430 Qui
835 5363 1131 5433 hujusmodi
1172 5372 1271 5429 est,
1316 5363 1528 5419 timidus
1566 5377 1645 5421 est
1692 5377 1746 5421 ut
1795 5368 1974 5438 lepus,

402 5451 567 5504 audax
603 5461 662 5505 ut
710 5470 932 5521 porcus,
982 5455 1136 5508 fallax
1174 5467 1222 5508 Ill
1256 5455 1541 5510 chatnmleo
1567 5498 1581 5522 ,
1629 5457 1878 5527 deceptor
1925 5472 1980 5514 ιιι

411 5539 608 5603 perdix,
636 5541 1014 5596 itnmiset'ieors
1043 5556 1097 5598 ιιι
1126 5546 1299 5616 lupus,
1333 5547 1711 5600 itnmansuelus
1743 5557 1796 5601 ιιι
1823 5565 1975 5603 Inus:

404 5627 651 5698 stiiipsius
701 5631 980 5700 inimicus,
1033 5635 1389 5692 indesinenter
1435 5637 1694 5705 invidens,
1745 5639 1973 5708 seipsum

2106 379 2405 434 necessario
2434 381 2704 446 crucians,
2739 395 2835 435 nec
2862 379 2912 434 id
2943 381 3103 435 sentit
3127 400 3138 435 :
3163 397 3285 436 cum
3307 381 3447 437 enim
3481 385 3675 436 malum

2100 480 2284 522 contra
2315 470 2474 524 alium
2505 471 2721 539 cogitat,
2754 472 2984 541 seipsum
3018 472 3164 541 prius
3190 471 3416 541 pessime
3448 483 3674 543 torquet.

2102 560 2329 614 Pulsavit
2361 563 2540 616 mors?
2570 563 2746 615 omnia
2779 562 2887 628 dat,
2919 573 2975 616 ut
3005 563 3267 617 modicum
3295 564 3468 618 adhuc
3493 564 3676 630 duret,

2100 651 2322 717 Cupidus
2353 652 2472 705 vita:
2498 669 2510 704 :
2536 651 2795 705 indultum
2826 653 2923 706 sibi
2960 662 3166 722 tempus
3199 652 3387 706 frustra
3426 669 3676 707 consum-

2095 739 2500 808 psit2prteterea
2516 742 2787 796 denarium
2819 758 2921 795 non
2953 742 3256 810 duplicavit,
3279 758 3446 812 neque
3470 742 3672 796 salvum

2099 832 2400 886 custodivit.
2423 833 2627 901 Jugiter
2655 832 2832 886 tremit
2856 844 2907 885 ut
2940 831 3141 896 foliutn,
3166 847 3445 887 senescere
3465 830 3670 897 nolens,

2099 932 2152 976 et
2177 940 2294 992 quae
2311 923 2645 978 delirantium
2665 938 2848 978 senum
2873 933 2995 976 sunt
3015 924 3238 992 patitur:
3260 931 3481 976 mortem
3503 923 3670 986 timet,

2100 1023 2155 1068 ut
2177 1014 2332 1069 deum
2361 1033 2374 1069 :
2397 1015 2525 1069 deus
2553 1015 2626 1068 illi
2646 1023 2727 1068 est
2753 1015 2972 1069 visibilis
2997 1014 3242 1067 mundus.
3269 1005 3333 1067 Et
3354 1014 3476 1082 quid
3500 1010 3675 1067 ultra?

2099 1105 2370 1171 pallescit,
2402 1106 2618 1172 horret,
2649 1107 2835 1159 anxius
2864 1115 2943 1160 est
2964 1122 2976 1158 :
2996 1104 3230 1158 divinum
3257 1104 3508 1174 judicium
3541 1120 3676 1174 pra:-

2099 1195 2350 1258 veuicus,
2394 1196 2626 1263 seipsum
2660 1196 2846 1264 punit,
2887 1196 3212 1250 conscientia
3255 1196 3399 1249 ilhtm
3426 1197 3675 1250 atrociter

2101 1291 2410 1354 torquente,
2461 1293 2513 1339 et
2544 1284 2952 1354 unumquodque
2984 1295 3254 1354 peccatum
3286 1285 3337 1338 in
3366 1284 3672 1338 memoriam

2101 1383 2403 1438 revocante,
2425 1375 2664 1443 graviora
2697 1377 2911 1444 patitur,
2941 1391 3097 1445 quam
3131 1376 3163 1429 ii
3194 1391 3414 1444 quorum
3446 1391 3669 1446 corpora

2097 1468 2406 1522 verberibus
2424 1468 2769 1523 concidantur
2793 1486 2805 1520 :
2830 1469 3091 1522 serviliter
3115 1484 3172 1522 se
3197 1467 3424 1522 demittit
3448 1465 3512 1521 ad
3538 1472 3673 1520 teut-

2099 1558 2308 1626 poralcs
2335 1567 2652 1625 potestates,
2702 1558 2839 1613 fmde
2870 1552 3132 1612 blanditur
3161 1552 3354 1612 mundo
3377 1600 3391 1625 ,
3438 1568 3534 1628 pro
3569 1570 3675 1611 uno

2098 1647 2315 1700 domino
2341 1648 2573 1702 intinitos
2601 1647 2758 1701 habet
2789 1648 2964 1713 heros,
2996 1656 3053 1703 ut
3081 1665 3186 1704 non
3215 1651 3408 1704 serviat
3433 1650 3670 1705 veritati:

2110 1736 2279 1790 timeri
2310 1737 2479 1805 cepit,
2505 1753 2622 1790 eum
2648 1738 2759 1805 ipse
2781 1753 2968 1792 omnes
3005 1739 3185 1792 tinteat
3206 1739 3300 1810 (a).
3346 1739 3470 1795 I—lzcc
3494 1749 3670 1794 autem

2099 1828 2188 1881 tibi
2221 1843 2315 1896 pro
2347 1829 2479 1882 virili
2508 1845 2534 1880 a
2565 1829 2717 1884 nobis
2739 1829 2876 1882 dicta
2901 1828 3026 1882 sint.
3058 1829 3113 1884 Si
3145 1831 3262 1898 quis
3291 1839 3466 1884 autem
3495 1832 3672 1885 veritIs

2096 1928 2148 1972 ct
2174 1918 2465 1986 elegantius
2491 1918 2710 1983 dicens,
2753 1918 3167 1973 imbecillitatem
3215 1923 3444 1972 nostram
3489 1935 3670 1975 emcn-

2097 2007 2332 2072 daverit,
2367 2010 2506 2062 hunc
2544 2010 2768 2064 libenter
2800 2009 3117 2077 accipiemus
3152 2020 3206 2062 ut
3235 2019 3586 2064 correctorem
3617 2013 3670 2064 et

2094 2097 2316 2152 fratrum
2362 2110 2625 2153 amantem
2651 2141 2664 2164 ,
2716 2109 2871 2168 atque
2910 2100 3175 2154 Servatori
3226 2099 3416 2168 gratias
3456 2116 3670 2168 agemus

2094 2192 2310 2259 propter
2335 2191 2530 2246 omnia.
2569 2190 2759 2244 Verum
2793 2189 2904 2258 ipse
2932 2190 3057 2243 mihi
3091 2206 3296 2259 expone
3321 2189 3670 2244 Occidentalis

2093 2279 2287 2351 Synodi
2322 2296 2538 2348 scopum
2571 2295 2631 2334 ac
2661 2280 2927 2334 decretum
2951 2321 2963 2343 ,
2997 2291 3048 2334 et
3079 2280 3293 2349 obsigna
3323 2281 3479 2332 verba
3513 2296 3625 2333 mea
3651 2321 3666 2341 .

2092 2370 2351 2439 siquidem
2380 2371 2469 2424 tibi
2500 2372 2823 2440 placuerunt,
2856 2382 2908 2424 ut
2932 2371 3129 2425 utiliter
3148 2370 3307 2424 dicta.
3334 2369 3462 2424 Cum
3492 2382 3666 2424 autem

2094 2461 2232 2531 loqui
2280 2462 2542 2526 desiisset,
2597 2463 2708 2516 haec
2752 2465 2825 2516 ait
2874 2461 3186 2517 Theodorus
3219 2481 3231 2516 :
3263 2463 3377 2516 Tibi
3422 2463 3665 2532 quidem,

2091 2552 2177 2620 qui
2214 2552 2327 2605 haec
2368 2553 2620 2617 narrasti,
2659 2552 2746 2606 det
2793 2553 2931 2607 Deus
2967 2553 3380 2607 misericordiam
3416 2548 3665 2624 consequi

2091 2642 2142 2695 in
2167 2642 2250 2695 illa
2274 2642 2380 2709 die,
2407 2650 2512 2695 tum
2539 2643 2654 2712 quia
2683 2658 2710 2695 a
2737 2643 2915 2695 talium
2946 2643 3316 2696 commuuiOue
3344 2642 3664 2709 abstinulsti,

2091 2743 2199 2787 tum
2231 2735 2348 2802 quia
2381 2734 2530 2788 nobis
2559 2736 2670 2788 limc
2697 2743 2874 2803 aperte
2913 2733 3230 2788 disseruisti.
3260 2733 3518 2788 Cmterum
3559 2734 3663 2787 Du-

2091 2830 2262 2882 minus
2294 2829 2588 2882 meminerit
2611 2829 2781 2882 omnis
2808 2828 3049 2881 sacrificii
3071 2827 3308 2890 Joannis,
3328 2827 3496 2896 quiad
3520 2839 3665 2880 mor-

2093 2929 2196 2974 tem
2235 2935 2398 2989 nsque
2427 2918 2670 2988 loquendi
2701 2918 2993 2971 libertatem
3041 2933 3143 2971 non
3195 2916 3404 2987 abjecit.
3462 2917 3665 2988 Scopus'

2089 3009 2340 3063 Ecclesitc
2361 3009 2608 3062 Romana:
2631 3009 2726 3061 iste
2752 3016 2852 3072 est,
2873 3024 2975 3059 non
2998 3007 3390 3061 communicare
3415 3019 3659 3076 umquam

2089 3101 2443 3156 Orientalibus
2483 3102 2762 3170 CpiSCOlllS,
2813 3101 3103 3169 praiserlim
3148 3099 3463 3169 Theophila,
3493 3099 3661 3154 donec

2091 3193 2343 3246 Dominus
2370 3191 2574 3245 dederit
2599 3192 2768 3245 locum
2794 3190 3070 3244 univerSali
3089 3189 3319 3258 Synodo,
3342 3206 3458 3259 qum
3481 3199 3658 3258 putre-

2090 3283 2235 3335 factis
2267 3283 2518 3336 membris
2547 3297 2747 3345 enrum,
2784 3280 2870 3348 qui
2904 3280 3015 3334 lucc
3047 3289 3336 3350 patrarunt,
3369 3280 3658 3334 medeatur.

2089 3371 2199 3425 Etsi
2227 3372 2364 3426 enim
2397 3371 2592 3425 dormit
2621 3371 2805 3424 beatus
2832 3370 3092 3436 Joannes,
3135 3372 3314 3440 vigilat
3353 3379 3525 3424 tamen
3565 3387 3657 3425 ve-

2088 3462 2216 3515 ritas
2240 3502 2254 3524 ,
2298 3468 2513 3529 propter
2552 3475 2708 3528 quam
2741 3458 3006 3528 inquisitio
3032 3460 3149 3512 erit.
3195 3460 3297 3512 Eos
3341 3469 3537 3521 autem,
3571 3459 3658 3529 qul

2088 3553 2206 3605 talia
2228 3552 2277 3604 in
2301 3551 2528 3604 Ecclesia
2557 3557 2942 3618 pcrpetrarunt,
2973 3549 3194 3603 libenter
3223 3551 3580 3615 eouveuiiein,
3606 3553 3656 3605 in

2086 3637 2272 3695 faciem
2313 3641 2491 3695 dicens
2516 3657 2528 3692 :
2554 3638 2776 3695 Ubinam
2808 3639 3202 3693 sacerdotium?
3245 3639 3331 3694 ubi
3375 3641 3655 3701 sanctitas,

2087 3730 2171 3786 uhi
2210 3731 2556 3786 llltlllsUCllldt)
2586 3741 2638 3786 et
2667 3731 2970 3785 communio
2999 3731 3334 3785 uaturaﬂubi
3363 3731 3657 3785 Servatoris

2086 3825 2368 3878 mandata?
2399 3823 2488 3877 uhi
2531 3823 2656 3878 illud
2685 3841 2695 3874 :
2722 3823 2782 3877 Si
2825 3820 2975 3888 o/fcrs
3006 3839 3185 3876 mimus
3221 3833 3390 3885 tuum,
3421 3832 3467 3875 et
3493 3837 3658 3875 πίονε-

2083 3916 2233 3973 datus
2282 3913 2436 3983 fueris
2469 3915 2583 3982 quia
2626 3914 2782 3982 frater
2828 3923 2942 3966 tuus
2985 3913 3128 3967 habet
3165 3914 3358 3983 aliquid
3394 3914 3656 3967 adversum

2083 4024 2147 4075 te,
2188 4010 2330 4073 male,
2366 4008 2505 4078 prius
2536 4006 2858 4059 reconciliare
2881 4006 3030 4074 fratri
3059 4015 3141 4059 tuo
3160 4048 3174 4072 ,
3204 4015 3250 4059 et
3291 4007 3362 4060 sic
3393 4005 3518 4071 affer
3543 4022 3655 4059 mu-

2082 4122 2174 4156 nus
2205 4116 2340 4156 tuum
2361 4101 2567 4172 (Matth.
2594 4102 2644 4157 5.
2666 4101 2757 4156 95.
2783 4095 2917 4172 2-4)?
2949 4096 3032 4150 ubi
3070 4097 3195 4151 illud
3222 4115 3233 4149 :
3261 4097 3322 4151 Si
3339 4099 3448 4168 quis
3469 4107 3516 4150 te
3539 4114 3654 4167 per-

2083 4194 2287 4246 cusserit
2330 4194 2380 4245 in
2424 4191 2686 4245 maxillam
2724 4191 2984 4253 dextram,
3025 4185 3218 4239 obverte
3248 4187 3323 4239 illi
3362 4197 3408 4239 et
3444 4187 3654 4240 alteram

2083 4282 2236 4350 (Ibid.
2279 4299 2328 4336 ι’.
2375 4282 2501 4352 '59)?
2529 4282 2614 4336 ubi
2649 4281 3036 4350 Scripturarutn
3078 4277 3378 4333 meditatio?
3410 4285 3462 4330 et
3503 4276 3651 4343 illud,

2084 4371 2214 4425 Ecce
2248 4389 2395 4442 quant
2439 4372 2620 4424 bonum
2660 4380 2706 4425 et
2733 4388 2879 4440 quam
2896 4369 3198 4440 jucundum,
3227 4368 3452 4422 habitare
3474 4372 3654 4439 fratres

2082 4463 2133 4515 in
2161 4479 2313 4535 unum
2333 4461 2498 4532 (Psal.
2531 4460 2647 4514 152.
2677 4460 2763 4530 l)?
2791 4460 2877 4512 ubi
2908 4459 3054 4524 illud,
3077 4459 3281 4512 Fratres
3308 4461 3360 4512 in
3386 4459 3652 4512 necessitao

2083 4551 2212 4604 tibus
2246 4553 2390 4606 utiles
2417 4550 2554 4605 sint?
2588 4566 2680 4603 cur
2711 4548 2835 4601 illud
2886 4569 2897 4605 :
2941 4544 3132 4600 Frater
3187 4549 3275 4619 Qui
3303 4565 3332 4601 α
3374 4551 3530 4618 fratre
3558 4549 3653 4600 ad-

2072 4642 2310 4712 juvatur,
2359 4651 2410 4693 ut
2447 4641 2614 4692 civitas
2645 4638 2834 4691 munita
2878 4634 3054 4708 (Prov.
3087 4637 3172 4691 l7.
3206 4638 3290 4702 17,
3322 4649 3366 4692 et
3399 4639 3483 4692 18.
3519 4639 3606 4710 19)
3637 4681 3651 4704 ,

2083 4732 2440 4803 pervcrtistis,
2497 4740 2550 4784 et
2595 4730 2670 4782 sic
2716 4726 2946 4783 fecistis?
2994 4728 3212 4792 Frater,
3263 4729 3349 4799 qui
3400 4744 3429 4782 a
3495 4728 3654 4783 fratre

2084 4831 2304 4876 vexatur
2329 4830 2419 4873 aut
2445 4820 2735 4888 spoliatur,
2783 4826 2838 4872 ttt
2882 4819 3067 4872 civitas
3108 4819 3426 4874 miserabilis
3457 4829 3510 4875 et
3539 4821 3654 4872 sine

2083 4911 2266 4963 muris.
2295 4908 2428 4975 Quid
2461 4907 2668 4962 tandem
2702 4907 2860 4977 igitur
2885 4909 3041 4962 veluti
3075 4925 3185 4964 rem
3227 4927 3331 4964 non
3370 4910 3654 4964 concilian-

2083 5001 2203 5054 dam
2229 4997 2534 5069 persequuti
2563 4999 2714 5065 estis,
2746 5015 2776 5052 ο
2815 5009 2914 5067 ter,
2946 5009 2999 5056 et
3035 5018 3138 5057 non
3179 5004 3342 5057 semel
3374 5003 3655 5057 infelices?

2083 5109 2183 5164 qua
2213 5093 2419 5146 tandem
2449 5090 2650 5147 ratione
2680 5092 2934 5147 adversus
2973 5095 3138 5159 illum,
3177 5103 3438 5160 tamquam
3470 5093 3654 5144 adver-

2083 5201 2172 5239 sus
2203 5186 2469 5238 inimicum
2490 5227 2502 5248 ,
2534 5185 2731 5239 credent
2762 5187 3021 5240 intentare
3051 5203 3153 5240 non
3185 5185 3445 5253 refugistis
3465 5185 3490 5236 ?
3517 5197 3651 5252 quo-

2085 5277 2241 5329 modo
2285 5276 2426 5328 venit
2478 5280 2526 5328 iu
2582 5285 2810 5330 mentem
2858 5285 3084 5329 vestram
3132 5278 3209 5329 sic
3257 5275 3509 5328 adversus
3561 5290 3654 5329 vos

2085 5367 2306 5421 invicem
2352 5367 2593 5421 efferari?
2645 5370 2783 5422 unde
2840 5377 3034 5420 tantum
3085 5367 3430 5419 mutationem
3473 5376 3653 5420 osten-

2085 5459 2275 5522 distis,
2321 5469 2373 5512 ιιι
2412 5477 2440 5512 a
2487 5471 2759 5513 mansueto
2806 5460 2868 5511 ad
2913 5459 3110 5511 immite
3152 5467 3204 5512 et
3245 5458 3653 5516 immansuetum

2088 5551 2416 5603 trausirctis?
2449 5549 2711 5611 Admiror,
2733 5560 2783 5602 et
2804 5548 2934 5599 llalltt
2959 5547 3357 5603 conversionem
3386 5550 3653 5607 admirans

2150 5655 2221 5714 (η)
2255 5652 2333 5699 llic
2361 5649 2535 5700 desinit
2561 5649 2893 5709 fragmentum.
