2694 4342
215 298 262 335 τιι
1095 256 1312 306 ρΑιιΑυιι
1341 255 1573 296 DtaLocUS
2397 244 2443 284 εδ

218 377 450 421 vhstupesco,
471 369 614 404 intuens
631 356 752 396 omnia
771 351 818 392 ob
836 353 870 391 id
888 350 996 390 nimis
1013 351 1208 386 commota.
1226 342 1300 381 Cur

217 413 484 476 tanta'audacla
513 423 618 465 elati,
651 417 830 457 mamilius
862 413 1085 464 pra-bentem
1106 415 1143 446 et
1169 414 1302 456 pueros

215 510 282 536 vos
297 495 530 536 nutrientem,
547 487 611 525 Dei
631 483 845 524 Ecclesium,
861 485 900 516 ut
918 475 1122 516 inscendam
1139 471 1302 510 vuIVam.

215 554 444 598 contumeliis
467 532 638 589 aﬂccistis
659 552 694 584 et
714 539 948 582 concidistis?
969 545 1009 576 ut
1037 536 1246 583 impleretur
1269 532 1304 568 in

221 596 322 658 rubis
355 613 610 664 propheticum
639 607 726 647 illud
745 620 754 644 :
774 605 844 643 Pro
863 602 985 652 quibus
1011 596 1206 649 persequuti
1227 599 1306 663 sunt

216 685 253 721 in
281 655 398 731 gladio
425 655 569 726 .fratrcm
601 683 701 711 suum
721 700 731 717 ,
763 675 794 706 et
821 666 958 704 vulvam
989 663 1242 710 inbefactarnnt
1271 655 1308 692 in

219 719 310 782 terr;
329 719 448 792 (Amos
465 740 498 777 l.
522 737 594 786 Η).
607 735 696 773 Cum
718 733 785 770 hac
803 730 908 768 vulva
927 733 1146 774 congressus
1165 719 1309 757 divinus

217 815 255 846 et
285 785 455 844 salutat-.5
486 785 622 844 sermo,
658 807 722 834 vos
750 801 859 842 atque
893 791 992 828 illum
1024 785 1241 828 seminavit,
1273 788 1310 820 et

220 867 398 918 piantavit
419 867 454 903 in
476 863 580 902 bonis
609 858 808 898 innumeris
829 866 872 892 ac
896 853 1045 891 utilibus
1073 848 1198 886 rebus.
1219 844 1310 882 Nam

219 943 302 972 cum
334 927 518 968 deberetis
536 925 640 962 vobis
659 922 814 960 invicem
845 927 951 966 opem
987 915 1082 952 l'erre
1099 911 1144 948 ad
1163 920 1204 948 ea
1229 917 1312 956 qua:

221 993 396 1037 decebat;
431 989 514 1040 quid
545 997 664 1026 causa:
691 990 770 1029 est,
801 993 866 1020 cur
894 979 1084 1028 quiescere
1117 979 1154 1011 et
1185 975 1312 1020 pacate

221 1058 355 1107 degere
373 1037 502 1094 saltem
523 1053 558 1090 in
583 1057 770 1100 posterum
793 1057 867 1084 non
885 1040 1082 1081 censuistis
1095 1039 1112 1074 ?
1131 1037 1184 1076 Ad
1206 1045 1312 1073 usum

223 1101 334 1170 lgiiur
363 1125 400 1157 et
431 1123 596 1154 mutuum
624 1111 797 1150 auxilium
825 1105 982 1148 conditi,
1011 1101 1098 1152 quid
1128 1109 1210 1137 eam
1247 1107 1314 1134 ne-

223 1159 386 1231 giexistis
410 1179 586 1228 gratiam,
619 1186 691 1212 non
724 1171 833 1210 modo
868 1177 940 1206 non
973 1165 1208 1203 sublevantes
1244 1159 1316 1197 fra-

224 1225 291 1284 iris
312 1225 488 1285 laborem,
519 1239 584 1278 sed
605 1244 642 1276 et
662 1236 879 1285 repellentes
904 1237 1014 1279 atque
1039 1239 1059 1266 a
1083 1225 1229 1276 propria
1253 1233 1316 1260 co-

225 1307 394 1356 gnatione
414 1300 694 1342 abseindcntes?
713 1308 794 1336 cum
817 1295 992 1344 propheta
1013 1291 1144 1328 clamet
1159 1287 1204 1325 ad
1225 1295 1313 1322 vos:

227 1372 354 1408 Nonne
373 1369 476 1406 Pater
493 1377 584 1404 unus
599 1365 752 1402 omnium
774 1358 958 1397 nostrum?
987 1364 1098 1392 nonne
1119 1351 1210 1388 οειω
1227 1359 1317 1386 unus

227 1434 379 1471 condidit
400 1444 461 1469 nos
483 1427 654 1479 (illalaclt.
673 1427 711 1464 εὶ.
734 1423 822 1472 10)?
840 1421 912 1459 Sed
937 1418 1066 1457 dicetis
1089 1415 1176 1452 mihi
1195 1425 1203 1449 :
1225 1412 1318 1450 Pec-

227 1499 323 1534 cavit
341 1497 376 1533 in
397 1496 529 1542 legem.
549 1486 726 1539 Qualem?
745 1498 852 1536 quam
871 1495 936 1522 vos
953 1479 1193 1520 conculcastis
1207 1506 1216 1521 ,
1236 1487 1316 1514 eam

229 1572 294 1609 per
314 1558 508 1606 nequitiam
529 1556 760 1602 dissipantes.
786 1550 852 1588 [ibi
873 1559 960 1594 ergo
982 1551 1120 1583 natura:
1140 1543 1213 1585 lex,
1234 1550 1318 1576 cor-

229 1600 349 1669 rigere
375 1631 457 1658 cum
475 1600 648 1655 leuitate?
669 1614 777 1661 Quid,
801 1621 938 1660 quzeso,
959 1609 1038 1656 lege
1060 1605 1217 1643 hostium
1255 1600 1320 1638 ah-

232 1689 390 1725 utentes,
410 1677 669 1728 persequimini
686 1704 694 1720 ,
717 1675 800 1712 dum
824 1671 1013 1710 consulitis
1041 1673 1078 1705 et
1103 1665 1209 1714 agitis
1239 1673 1320 1712 qua:

231 1744 412 1782 contraria
442 1747 528 1778 sunt
556 1746 594 1778 et
625 1737 822 1776 inimicitiis
850 1735 987 1782 digna?
1017 1733 1160 1778 Quanto
1190 1729 1322 1765 melius

232 1808 370 1850 fuerat,
395 1812 433 1842 ut
452 1803 561 1842 simul
583 1801 810 1843 habitantes,
831 1805 940 1845 atque
961 1797 997 1832 in
1019 1805 1130 1831 unum
1152 1791 1321 1829 victitan-

233 1878 310 1916 tes,
329 1868 533 1906 communia
553 1873 589 1903 et
607 1865 700 1902 bona
719 1859 872 1900 consilia
893 1859 1048 1896 invicem
1076 1855 1324 1894 communica-

234 1933 323 1970 retis
337 1960 346 1976 ,
369 1931 412 1968 ad
441 1929 594 1978 gloriam
616 1934 653 1964 et
678 1924 830 1973 gratiam
851 1922 970 1960 Patris
988 1919 1126 1957 vestri?
1147 1917 1322 1955 Filiorum

235 1994 330 2030 enim
357 1977 470 2028 virtus
489 1997 526 2028 ct
555 1989 752 2038 gratiarum
784 1990 982 2024 concentus
1011 1979 1116 2018 valde
1143 1977 1326 2027 jucundus

237 2063 292 2094 est
312 2054 521 2103 parentibus
537 2083 546 2096 ,
570 2052 629 2099 qui
653 2049 742 2088 nihil
760 2048 856 2086 aliud
875 2058 895 2084 a
915 2046 1038 2084 liberis
1057 2045 1132 2081 suis
1152 2048 1328 2089 expetunt

238 2128 345 2166 quam
364 2116 464 2153 illud.
488 2115 563 2152 Hoc.
583 2113 692 2150 etiam
716 2110 828 2158 probe
849 2109 970 2152 nosti,
991 2105 1086 2154 quod
1107 2104 1277 2142 amicitiae
1291 2110 1327 2140 et

240 2164 501 2216 benevolentia:
532 2173 714 2212 vinculum
748 2171 838 2208 nihil
871 2168 970 2206 aliud
1001 2168 1071 2210 sit,
1100 2176 1208 2214 quam
1240 2164 1327 2201 eniti

241 2249 277 2280 et
295 2241 415 2279 omnia
446 2238 565 2275 facere
585 2247 666 2284 quae
684 2234 854 2282 placeant
872 2231 966 2279 patri
981 2259 990 2274 ,
1007 2236 1122 2272 ortus,
1140 2227 1327 2265 educatio-

244 2305 300 2342 nis
327 2309 434 2350 atque
467 2296 755 2338 conservatiouis
784 2294 936 2332 auct0ri.
970 2294 1084 2338 Quem
1107 2297 1146 2328 ut
1174 2289 1329 2328 delirum

243 2369 543 2407 contemnentes,
577 2360 670 2398 bella
703 2361 738 2396 in
773 2357 932 2396 Ecclesia
959 2353 1202 2398 acccndistis,
1229 2351 1331 2398 juxta

247 2428 474 2477 prophetam.
494 2425 555 2473 qui
578 2423 690 2461 dicit:
713 2420 893 2458 Insaniam
913 2419 950 2456 in
963 2416 1064 2455 domo
1086 2415 1225 2454 Domini
1246 2415 1334 2462 ﬁxe-

245 2498 326 2528 runt
349 2491 451 2540 (Osce
467 2489 503 2528 9.
525 2487 586 2534 8);
609 2497 690 2524 cum
718 2484 878 2522 excitare
911 2487 1018 2530 atque
1048 2479 1185 2516 hortari
1207 2483 1334 2515 mutuo

247 2539 454 2592 deberetis:
476 2549 606 2588 deinde
626 2554 758 2596 prtutcr
783 2551 940 2583 mentem
965 2547 1002 2580 ct
1021 2540 1240 2579 sententiam
1262 2539 1332 2576 Pa-

249 2616 315 2654 tris
332 2615 424 2652 bella
446 2610 685 2660 implacabilia
707 2609 801 2645 inter
827 2617 891 2644 vos
909 2610 1090 2653 gerentes.
1115 2601 1218 2640 Addo
1237 2599 1335 2649 quod

249 2683 286 2715 ct
305 2677 417 2714 Deum
437 2681 474 2714 et
491 2684 617 2712 omnes
636 2671 698 2720 qui
725 2669 770 2706 ad
801 2679 884 2706 cum
903 2666 1102 2711 accedunt,
1123 2664 1236 2713 ipsius
1253 2663 1336 2711 qui-

250 2740 334 2778 dem
355 2739 470 2783 lilios,
492 2742 632 2773 vestros
650 2743 738 2770 vero
759 2732 888 2775 fratres
908 2729 1144 2766 Vehementer
1161 2726 1337 2772 obstupe-

252 2801 402 2838 tacitae
431 2804 576 2840 movet,
609 2806 676 2834 nec
709 2801 830 2831 tacere
860 2791 1061 2840 permittit:
1090 2799 1208 2837 neque
1239 2787 1337 2825 enim

254 2862 409 2900 ﬁliorum
424 2861 586 2898 utilitatis
603 2858 789 2906 negligens
802 2863 856 2893 est
871 2861 908 2892 et
924 2851 1179 2891 sollicitudinis
1192 2858 1339 2896 expers.

255 2927 420 2964 Vestram
439 2924 548 2972 igitur
565 2921 784 2960 dementiam
807 2929 902 2966 aegre
920 2916 1040 2953 ferens
1055 2944 1064 2960 ,
1085 2920 1193 2962 atque
1212 2922 1339 2950 eorum

257 2986 529 3034 oppressionem
545 3012 554 3027 ,
576 2983 637 3030 qui
663 2981 832 3028 injuriam
851 2977 1062 3026 patiuntur:
1083 2975 1164 3012 ideo
1193 2975 1341 3020 impune

257 3059 323 3086 vos
349 3047 502 3086 evadere
517 3047 654 3096 justum
685 3053 756 3080 non
785 3046 908 3088 putat,
943 3039 1038 3076 sicut
1065 3035 1190 3084 cmpit.
1217 3034 1343 3081 Neque

259 3110 354 3147 enim
373 3111 438 3157 ipsi
454 3110 640 3152 decorum,
659 3112 779 3154 neque
791 3103 895 3140 vobis
911 3108 1026 3139 tutum
1041 3104 1098 3136 est
1115 3111 1124 3135 :
1144 3103 1181 3134 et
1195 3096 1344 3134 morhus

263 3176 381 3208 \‘t‘ster
395 3171 594 3208 tolerabilis
613 3179 685 3206 non
707 3174 776 3211 est,
800 3175 866 3202 nec
885 3175 982 3202 cura:
997 3161 1203 3207 cujuslibet.
1223 3159 1344 3206 Plagis

263 3231 360 3267 enim
387 3237 426 3268 et
455 3229 654 3267 innumeris
685 3229 793 3266 etiam
822 3227 1016 3274 castigatos
1037 3221 1211 3258 vibicibus
1240 3219 1345 3256 dcte-

265 3291 380 3327 riores
405 3290 520 3326 factos
539 3300 620 3326 esse
640 3299 706 3324 vos
722 3288 832 3324 videt.
853 3287 999 3323 Multum
1019 3285 1115 3322 enim
1137 3281 1346 3320 insensibile

266 3359 304 3391 et
322 3351 516 3389 inﬂexibile
536 3351 570 3386 in
590 3350 693 3386 vobis
709 3348 908 3392 redundat,
929 3349 1056 3384 fratres
1071 3375 1080 3389 ,
1101 3353 1292 3394 germanos
1313 3349 1350 3380 et

267 3411 562 3454 contubernales,
585 3415 759 3458 pr.cterea
776 3415 813 3445 et
829 3409 1108 3452 conitedcralos,
1128 3413 1237 3453 atque
1253 3405 1350 3452 ejus-

270 3479 353 3516 dem
375 3485 511 3514 mensa:
530 3483 573 3510 ac
593 3472 674 3509 lecti
707 3472 898 3518 participes
925 3479 961 3508 et
991 3471 1096 3508 unius
1115 3467 1352 3516 ejusdemque

269 3537 510 3588 cognationis,
532 3535 624 3572 adeo
644 3533 678 3570 in
699 3532 820 3568 odium
841 3533 1086 3579 turpissimum
1105 3529 1352 3578 pervenistis,

272 3609 311 3640 ut
330 3611 394 3640 eos
413 3600 522 3638 etiam
551 3607 570 3633 a
600 3595 731 3632 finibus
749 3593 904 3641 propriis
927 3601 960 3630 et
983 3592 1166 3630 communi
1186 3588 1264 3628 lare
1291 3599 1355 3626 ex-

275 3662 440 3711 puleritis
457 3668 494 3698 et
513 3657 637 3708 procul
669 3655 848 3704 ejeceritis
861 3682 871 3698 ,
893 3655 971 3691 sine
989 3655 1132 3691 civitate
1161 3663 1204 3690 ac
1221 3653 1354 3693 domo;

276 3726 430 3774 denique
443 3724 610 3768 exsules,
631 3726 804 3768 quantum
832 3718 868 3754 in
889 3717 990 3754 vobis
1011 3716 1076 3752 l'uit
1094 3727 1104 3752 :
1126 3723 1162 3753 et
1183 3716 1260 3752 luce
1279 3724 1356 3750 mo-

279 3787 345 3832 ιῑιὶ,
365 3797 436 3824 non
456 3787 500 3824 ad
521 3783 666 3832 aliquod
687 3789 828 3828 tempus
847 3779 1012 3816 exsilium
1031 3778 1281 3820 terminantes,
1294 3775 1357 3812 sed

281 3847 315 3882 in
336 3855 506 3894 quantum
523 3846 702 3896 potuistis,
719 3844 754 3881 in
777 3842 954 3880 inlinitum
977 3839 1100 3883 etiam,
1122 3849 1185 3885 per
1200 3836 1358 3874 crudeli-

281 3914 390 3944 tatem
413 3917 456 3945 ac
475 3909 620 3945 nimiam
643 3907 774 3944 mentis
797 3910 926 3940 vestra:
945 3901 1178 3938 emotionem.
1199 3897 1301 3944 Quod
1324 3898 1358 3934 in

283 3967 340 4004 his
365 3972 401 4004 et
429 3967 463 4004 in
496 3968 600 4006 beato
634 3968 772 4005 Joanne
805 3965 958 4008 fecistis.
995 3960 1204 4000 intestinum
1235 3958 1356 3997 odium

1373 335 1680 377 reacoendeutes,
1713 342 1755 369 ac
1777 329 1887 369 veluti
1921 335 2066 367 acutum
2099 325 2254 377 gladium
2283 327 2328 368 ad
2355 329 2442 368 hunc

1375 408 1490 446 usque
1505 397 1600 434 diem
1620 395 1796 432 adversus
1812 403 1894 431 eum
1921 393 2076 440 linguam
2103 392 2344 438 imminentes,
2362 393 2443 430 iram

1375 459 1634 509 amplectimini
1663 468 1729 506 pro
1748 457 1824 494 utili
1843 455 2007 494 doctrina
2021 484 2031 500 ,
2050 454 2301 493 contumeliam
2327 454 2360 491 iu
2379 454 2444 492 Ec-

1377 524 1487 562 clesia
1507 523 1551 560 ad
1581 521 1805 560 audientium
1827 519 2138 568 inquinamentum
2157 517 2388 556 eﬁ‘undeutes.
2405 517 2446 556 Et

1379 588 1458 624 hcce
1475 585 1621 634 quidem
1645 584 1716 622 illis
1732 583 1828 621 dicta
1845 583 1932 625 sint,
1953 581 2084 629 quibus
2105 581 2273 618 Dominus
2291 581 2324 617 in
2344 581 2448 618 misce

1381 648 1538 687 ricordia
1559 655 1596 686 et
1622 647 1772 685 lenitate
1801 644 1972 683 retribuit
2001 643 2198 681 secundum
2227 653 2347 691 opera.
2375 643 2447 681 Tibi

1381 723 1482 758 vero,
1505 712 1547 750 B.
1570 711 1752 754 Joannes,
1773 709 1904 758 quibus
1922 719 1965 746 ex
1986 707 2108 745 verbis
2130 707 2448 744 immarcescibilem

1381 785 1554 813 coronam
1593 773 1785 812 conﬁciam
1825 778 2106 818 coutevtamque
2145 769 2346 816 imponam,
2377 775 2450 816 post

1382 840 1522 878 exitum
1539 849 1560 876 c
1580 839 1662 874 vita:
1685 837 1791 884 hujus
1808 835 1927 873 stadio
1949 841 1983 872 te
2001 833 2164 872 laudibus
2182 832 2308 870 et't'errc
2326 843 2392 869 nun
2409 833 2449 868 ti-

1384 901 1516 939 mens?
1536 900 1684 938 evasisti
1706 900 1802 936 enim
1824 897 2032 946 procellam.
2054 895 2110 933 An
2128 895 2358 932 Mosaieorum
2377 894 2450 930 illo-

1384 976 1464 1002 rum
1487 964 1720 1002 tlosculorunt
1738 971 1912 1000 coronam
1931 966 2068 1004 texam,
2089 968 2180 1006 quos
2195 957 2292 995 dedit
2309 956 2380 1002 ille,
2397 955 2452 1005 qui

1385 1026 1572 1066 benedixit
1599 1031 1788 1062 actuosum
1809 1023 1942 1071 Joscph
1959 1051 1968 1065 .
1991 1027 2029 1059 ct
2045 1020 2358 1068 contemplativum
2375 1018 2452 1057 Levi

1385 1089 1643 1128 sacerdotem?
1665 1089 1700 1126 in
1722 1095 1756 1126 te
1782 1087 1880 1125 enim
1901 1093 2095 1134 utrumque
2118 1084 2236 1122 video.
2266 1082 2310 1120 In
2327 1080 2454 1120 bench

1386 1153 1500 1190 ctione
1519 1151 1662 1188 Domini
1681 1158 1772 1188 terra
1791 1157 1865 1195 tua,
1894 1156 1925 1186 ct
1953 1160 1974 1185 a
2005 1147 2174 1184 montibus
2193 1146 2267 1184 atrii
2285 1153 2316 1183 ct
2336 1156 2406 1182 rore
2427 1152 2456 1182 et

1386 1215 1510 1264 abysso
1529 1215 1676 1263 fontium
1695 1213 1913 1261 subjacentc,
1933 1218 1963 1248 et
1982 1217 2134 1259 tempore
2151 1209 2360 1258 germinum,
2379 1207 2453 1243 solis

1387 1277 1647 1314 cenversionum
1661 1281 1692 1312 et
1715 1285 1960 1323 congressuum
1980 1273 2144 1309 mensium
2157 1299 2168 1315 ,
2195 1282 2216 1307 a
2233 1270 2350 1308 vertice
2367 1279 2454 1306 mana

1389 1341 1475 1376 tium
1493 1339 1669 1387 principii,
1689 1343 1720 1374 et
1738 1349 1759 1372 a
1774 1337 1897 1373 verlicc
1915 1336 2056 1372 collium
2075 1340 2277 1371 retentorum
2294 1337 2386 1368 crum
2399 1342 2449 1368 stt-

1390 1413 1452 1450 pcr
1469 1408 1573 1450 caput
1591 1399 1724 1448 Joscph
1745 1399 1798 1449 (et
1817 1399 1846 1436 si
1877 1399 1960 1446 quis
1987 1397 2116 1434 similis
2141 1395 2300 1444 Joseph),
2320 1400 2351 1431 et
2366 1403 2458 1440 super

1389 1465 1546 1503 rerticcm
1564 1463 1712 1511 fratrum
1739 1462 1860 1512 quibus
1889 1461 2028 1510 pra-[uit
2041 1488 2052 1506 ,
2074 1460 2286 1509 gloriﬁcatur
2305 1458 2469 1506 priancv-

1391 1530 1484 1566 nitus
1500 1529 1588 1565 inter
1608 1528 1746 1575 fratres.
1768 1525 1874 1562 Tauri
1896 1523 2119 1572 pulchritudo
2136 1523 2210 1570 ejus
2230 1531 2367 1564 cornua,
2387 1520 2458 1555 uni-

1391 1591 1506 1628 carnis
1536 1601 1666 1626 cornua
1699 1589 1794 1625 illius
1814 1597 1826 1624 :
1845 1588 1882 1623 in
1909 1587 1994 1633 ipsis
2029 1584 2200 1622 vvntilabit
2229 1589 2338 1632 gentos
2369 1581 2460 1618 simnl

1391 1663 1500 1702 usque
1527 1653 1572 1688 ad
1601 1651 1764 1688 terminos
1783 1657 1884 1687 terrte
1903 1649 2021 1698 (Deut.
2038 1649 2098 1686 53.
2115 1649 2162 1685 l3
2179 1667 2196 1677 -
2211 1647 2285 1692 17).
2309 1645 2352 1682 Et
2383 1644 2459 1682 Levi

1393 1714 1484 1750 dixit
1503 1714 1553 1762 (et
1573 1714 1603 1751 si
1624 1717 1704 1760 quis
1725 1723 1807 1750 eum
1830 1712 1990 1748 imitatus
2009 1710 2080 1758 est)
2098 1723 2106 1747 :
2131 1709 2216 1746 Date
2232 1707 2310 1744 Levi
2326 1707 2463 1755 manife-

1393 1783 1464 1813 stos
1483 1777 1582 1825 ejus,
1612 1782 1642 1812 et
1664 1775 1838 1812 reritatem
1860 1775 1934 1821 ejus
1952 1774 2024 1809 uiro
2043 1779 2185 1816 sancto,
2210 1781 2306 1818 quem
2324 1775 2460 1806 tentare-

1393 1847 1475 1877 ruut
1505 1841 1540 1876 in
1558 1839 1765 1882 tentatione,
1797 1837 2046 1874 malt'dixcrunt
2077 1836 2108 1872 ci
2126 1835 2172 1870 ad
2191 1844 2312 1882 aquari
2336 1836 2461 1869 contra-

1396 1901 1569 1939 dictionis.
1604 1900 1671 1944 Qui
1700 1899 1788 1936 dixit
1817 1899 1908 1947 patri
1933 1904 1965 1935 et
1995 1898 2124 1934 matri:
2153 1895 2236 1932 Non
2265 1893 2333 1931 uidi
2361 1900 2410 1936 te;
2435 1897 2464 1928 et

1397 1969 1522 2015 fratres
1538 1976 1618 2002 suos
1636 1975 1703 2000 non
1723 1963 1874 2011 agnouit.
1895 1961 2074 1999 custodiuit
2101 1959 2233 2007 eloquia
2261 1965 2318 1994 tua
2331 1984 2340 2001 ,
2357 1961 2388 1992 et
2409 1967 2464 2002 pa-

1397 2036 1491 2064 ctum
1522 2035 1616 2064 tuum
1645 2026 1818 2062 servavit:
1852 2023 2084 2072 manifestavit
2113 2019 2370 2070 iustiﬁcationes
2399 2023 2466 2052 tuas

1399 2091 1524 2135 Iacob,
1545 2097 1576 2126 et
1596 2089 1703 2136 legem
1723 2095 1818 2126 tuam
1847 2087 1985 2124 lsracli.
2013 2086 2121 2123 Ponet
2144 2095 2274 2131 semper
2294 2081 2467 2130 thymiama

1399 2155 1435 2190 in
1457 2154 1640 2202 festiuitate
1657 2159 1717 2188 tua
1737 2163 1840 2198 super
1859 2150 1969 2187 altare
1991 2156 2099 2186 tuum.
2121 2147 2286 2191 Benedic,
2315 2143 2466 2186 Domine,

1401 2217 1598 2266 forti'udini
1615 2216 1704 2264 ejus,
1725 2222 1756 2252 ct
1775 2226 1880 2263 opera
1900 2225 2064 2250 manuum
2079 2213 2153 2260 ejus
2169 2211 2329 2258 suscipe:
2345 2211 2470 2256 percute

1401 2279 1624 2326 supercilium
1652 2278 1872 2314 inimicorum
1901 2276 2150 2324 insurgentium
2180 2273 2216 2308 in
2245 2283 2340 2314 cunt,
2370 2275 2398 2305 et
2418 2267 2471 2315 qui

1403 2343 1548 2379 oderunt
1581 2352 1678 2386 eum,
1715 2351 1784 2376 non
1815 2345 2024 2387 consurgant
2063 2335 2180 2386 (Ibid.
2209 2333 2319 2372 8-H
2342 2333 2368 2381 ).
2402 2329 2472 2377 Ego

1403 2410 1524 2442 autem
1547 2410 1583 2440 et
1614 2402 1701 2440 illud
1730 2401 1958 2439 addiderim:
1981 2401 2048 2446 Qui
2080 2399 2232 2446 diligunt
2261 2405 2340 2434 eum
2357 2422 2368 2439 ,
2393 2391 2479 2430 Jesu'

1403 2464 1564 2508 Christe,
1581 2475 1651 2500 non
1673 2462 1968 2501 confundantur:
1989 2469 2090 2498 tuum
2111 2459 2206 2496 enim
2233 2455 2415 2506 imperium
2440 2453 2480 2489 in-

1405 2528 1552 2566 smcula.
1577 2528 1706 2564 Amen.
1728 2527 1846 2564 Ense.
1869 2525 1915 2562 Et
1937 2525 2006 2562 hoc
2023 2530 2095 2561 tua:
2113 2521 2354 2570 intelligentia
2373 2517 2475 2555 docuv

1406 2596 1570 2629 mentum
1585 2619 1594 2633 ,
1625 2599 1798 2626 sensuum
1820 2595 2002 2625 scrutator
2019 2586 2232 2629 Theodore,
2257 2582 2410 2632 proferre
2433 2577 2483 2615 ἀοι

1408 2652 1580 2690 thesauro
1596 2650 1728 2688 mentis
1746 2655 1830 2694 tum,
1853 2655 1892 2686 ut
1911 2649 1961 2685 ait
1977 2647 2166 2688 Servatur.
2191 2646 2289 2684 Nora
2308 2651 2338 2681 et
2351 2648 2476 2679 vetera:

1407 2721 1531 2752 vetera
1550 2712 1695 2760 quidem
1710 2741 1720 2756 ,
1741 2711 1910 2748 humana:
1929 2710 2115 2758 sapientia:
2140 2710 2373 2749 documenta;
2393 2711 2476 2741 nova

1408 2786 1512 2820 vero,
1528 2774 1644 2812 sancti
1658 2773 1815 2819 Spiritus
1829 2772 1986 2820 eloquia.
2005 2771 2058 2810 Ex
2073 2772 2201 2819 quibus
2215 2767 2390 2806 thesauris
2402 2763 2479 2802 utri-

1409 2849 1480 2887 que
1500 2838 1590 2886 parti
1609 2835 1704 2885 qtted
1719 2835 1940 2884 congruebat
1955 2835 2125 2873 tribuisti.
2144 2833 2230 2872 Tum
2245 2831 2384 2880 quidem
2401 2836 2478 2876 pru-

1411 2903 1544 2940 dentie
1557 2907 1612 2938 est
1625 2901 1744 2948 eloqui
1757 2911 1837 2948 qua:
1852 2899 2103 2947 peccatoribus
2114 2894 2384 2936 conveniebant,
2397 2896 2428 2928 ct
2439 2888 2478 2925 de

1413 2966 1569 3004 Mosaira
1582 2963 1834 3002 benedictione
1848 2961 1978 3000 Joanni
1992 2961 2152 2999 debitam
2163 2968 2330 2997 coronam
2345 2961 2477 2992 texere:

1415 3029 1475 3077 qui
1491 3027 1698 3065 sacerdotio
1717 3027 1796 3063 sine
1810 3025 1940 3062 all‘ectu
1960 3023 2118 3068 functus,
2136 3032 2219 3060 vero
2237 3016 2408 3068 ignoravit
2422 3022 2480 3060 pit-

1415 3097 1508 3128 trem
1539 3096 1576 3126 et
1606 3095 1758 3126 matrem
1776 3094 1814 3126 et
1839 3087 2147 3134 consanguineum
2177 3091 2291 3132 genus
2313 3079 2357 3117 ob‘
2381 3084 2482 3114 exsu-

1415 3153 1618 3203 perantiam
1646 3151 1822 3198 justitim,
1853 3149 1916 3187 sed
1947 3149 2045 3186 solos
2072 3153 2222 3186 noverat
2252 3142 2348 3182 verbi
2379 3134 2481 3178 divini

1418 3221 1602 3252 amatores
1619 3220 1656 3250 et
1672 3212 1860 3260 aperarios
1904 3211 2018 3248 Porro
2039 3211 2098 3258 qui
2119 3213 2242 3246 nostro
2263 3211 2418 3252 tempore
2431 3197 2484 3234 vi-

1419 3278 1552 3315 dentur
1571 3276 1732 3324 episcOpi
1747 3303 1757 3317 ,
1777 3275 1913 3311 luteum
1933 3273 2078 3321 quidem
2097 3281 2210 3320 genus
2232 3270 2266 3306 in
2285 3269 2436 3316 quzestus
2451 3264 2490 3296 et

1421 3339 1569 3376 militias
1585 3344 1620 3374 ct
1636 3337 1828 3382 dignitates
1845 3336 2086 3378 iuvexerunt,
2107 3327 2328 3381 prmvarieati
2354 3327 2490 3372 leget!»

1421 3411 1502 3450 quae
1520 3399 1608 3436 dicit
1625 3411 1633 3434 :
1653 3381 1735 3434 Non
1755 3397 1886 3432 dabunt
1903 3395 2100 3432 sacerdotes
2116 3394 2206 3440 ﬁlios
2221 3402 2300 3428 suos
2317 3389 2352 3424 in
2372 3381 2488 3434 princio

1423 3449 1482 3512 per
1500 3468 1530 3498 ct
1550 3459 1792 3498 obmubuloncs
1812 3459 1884 3506 regi
1902 3457 2028 3507 (Leuit.
2049 3457 2104 3494 [8.
2129 3453 2190 3502 21)
2211 3449 2410 3499 :spiritales
2427 3453 2488 3512 aur

1425 3531 1498 3562 tem
1517 3524 1614 3560 viros
1632 3522 1772 3560 insidiis
1785 3550 1794 3566 ,
1813 3521 1986 3558 :erumnis
2000 3548 2011 3566 ,
2027 3517 2200 3556 custodiis
2229 3521 2336 3560 atque
2363 3504 2488 3547 exsiliis

1425 3594 1669 3629 consumunt,
1702 3594 1913 3632 moramque
1940 3583 2068 3620 bibunt
2097 3577 2332 3628 ignorantiam
2348 3603 2357 3619 ,
2377 3581 2416 3607 ex
2440 3566 2489 3602 Ιιῖε

1430 3656 1597 3699 putantes
1628 3660 1668 3686 se
1698 3649 1842 3684 virtutis
1869 3645 2005 3682 amicos
2029 3643 2291 3682 dehonestare,
2309 3636 2355 3674 de
2371 3631 2491 3693 quibus

1430 3713 1594 3762 praedixit
1610 3712 1783 3749 Servator
1799 3721 1806 3747 :
1830 3708 1970 3746 Veniant
1985 3707 2071 3750 dies,
2089 3702 2258 3752 inquibus
2271 3697 2428 3762 putabunt
2440 3687 2494 3762 liti

1431 3750 1616 3811 bccideriut
1632 3785 1704 3818 vos,
1717 3771 1911 3818 obsequium
1928 3780 1964 3806 se
1977 3750 2224 3815 prtestareVDeo
2245 3761 2360 3809 (Jonu.
2375 3750 2493 3818 itif)-

1432 3835 1557 3884 Neque
1573 3812 1738 3874 videlicet
1757 3812 1810 3872 de,
1822 3812 2016 3880 gentilibus
2029 3829 2132 3871 dixit,
2145 3824 2226 3872 quia
2241 3821 2398 3860 dixisset,
2410 3812 2492 3852 diis:

1433 3880 1637 3945 qui-plures
1649 3903 1685 3934 et
1700 3907 1770 3934 non
1791 3904 1899 3930 uuutn
1915 3891 2130 3939 signiﬁcant.
2143 3884 2244 3932 Quod
2259 3887 2375 3917 autem
2395 3880 2496 3945 unum

1436 3965 1473 3996 et
1491 3937 1606 3996 solum
1627 3955 1848 3994 nominavit.
1871 3937 2027 3990 ostendit
2045 3959 2106 3986 cos
2121 3975 2129 3992 ,
2146 3945 2204 3993 qui
2227 3951 2322 3980 nunc
2339 3937 2497 3978 Ecclesia
