2694 4342
165 286 200 324 81

169 361 327 406 puetcxtt.
346 361 406 389 nos
423 345 680 395 depraedantnr.
699 341 892 376 Pcrversos
909 343 1064 381 namque
1081 338 1202 366 mores

793 402 800 406 ‘
1035 405 1041 406 κ
1069 393 1125 406 Ι-ΑΙ
1146 401 1201 406 -_-

169 393 247 457 Istros
265 393 490 460 Invidiamque
508 407 748 448 occultantes,
769 402 846 448 ejus
866 407 988 437 curam
1009 405 1048 432 se
1069 393 1204 430 habere

172 453 470 517 veil—insimulani,
490 479 593 518 quam
622 465 722 503 lactis
749 461 1024 500 labefactat-unt.
1047 454 1117 493 Sed
1139 453 1204 490 etsi

175 543 234 578 hoc
251 537 452 576 siunilabunt
465 562 473 576 .
489 541 610 570 rerum
625 528 741 566 exitus
757 527 853 573 ipsos
867 523 1057 568 redarguet
1071 546 1081 562 ,
1097 517 1206 554 obse-

175 607 288 650 quutos
303 609 376 637 esse
386 597 430 642 ei,
443 596 498 642 qui
519 593 688 641 gloriatus
699 595 754 626 est
773 599 781 624 :
799 585 880 622 Non
897 583 1054 620 movebar
1070 591 1091 615 τι
1109 587 1210 626 gene-

177 640 290 702 r'utt'ane
305 664 334 699 in
353 640 592 710 generationem
612 655 682 691 sine
700 652 788 688 malo
807 648 922 700 (Psol.
945 646 1003 683 10.
1023 644 1086 692 6).
1107 640 1209 710 Noti-

177 729 250 764 dum
267 725 353 763 enim
371 722 519 770 speciem
537 729 637 755 novm
657 716 837 752 hmrescos
861 711 1049 748 invenerat
1075 703 1210 752 iniqui-

181 787 252 825 tatis
262 769 411 824 inventor
423 791 453 820 et
469 782 629 830 pessima:
646 773 946 822 ceucupisceutize
959 769 1122 808 excultor
1134 775 1212 803 ser-

183 860 278 897 pons,
297 858 370 885 cum
393 843 594 892 praepositos
613 839 856 876 Eeelesiarum
875 834 919 870 ad
939 837 1080 869 mutuas
1095 827 1214 866 caedes

183 895 322 948 eti‘eraviI
339 908 521 945 ambitione
539 901 719 941 catl.etlr;e
733 907 768 936 ct
785 899 909 946 primre
928 895 1040 938 sedis,
1057 903 1120 939 per
1133 900 1214 938 qua:

184 973 356 1009 scissuram
381 969 546 1006 fecerunt.
577 965 615 1002 Si
641 963 736 1000 enim
761 961 916 1008 Spiritus
938 957 1000 994 Dei
1022 953 1214 992 concordia

185 1039 270 1069 esset
290 1032 373 1068 inter
391 1029 566 1077 episcopos
580 1055 590 1072 ,
611 1032 647 1062 et
667 1031 704 1061 tit
720 1029 847 1059 anc-tor
867 1019 1031 1057 criminis
1045 1045 1054 1062 ,
1075 1021 1137 1052 aut
1158 1015 1215 1050 itt-

185 1095 300 1143 dignns
331 1093 516 1131 sacerdotio
530 1121 538 1136 ,
559 1096 618 1126 aut
632 1119 641 1135 ,
663 1085 932 1134 lllTchOphiiUS
946 1084 994 1120 ait
1009 1111 1018 1127 ,
1039 1079 1218 1129 superbia:

186 1157 358 1199 obnoxius,
375 1156 480 1192 arceri
499 1154 678 1192 debuisset
693 1151 850 1189 Joannes
867 1161 876 1184 :
895 1153 1036 1195 poterat
1054 1144 1220 1190 omnipo-

189 1225 259 1254 tens
277 1217 332 1254 Dei
354 1217 510 1264 sapientia
529 1216 605 1263 jure
623 1225 642 1251 a
657 1212 860 1250 sacerdotio
881 1211 980 1248 illtttn
999 1218 1138 1248 arcere.
1160 1211 1219 1241 aut

189 1280 318 1318 modum
334 1281 484 1319 invenire
502 1290 562 1327 per
581 1289 686 1326 quem
705 1276 782 1313 sine
803 1274 956 1312 tumultu
971 1278 1008 1308 et
1028 1271 1106 1307 sine
1125 1268 1220 1306 ﬂeti-

189 1342 248 1379 lnts
273 1343 458 1390 eiiccretur,
473 1343 606 1380 scilicet
624 1347 684 1376 attt
703 1345 816 1375 tuorte
829 1365 838 1381 ,
871 1341 933 1373 aut
961 1331 1141 1382 paralysi,
1161 1335 1223 1366 aut

189 1405 362 1441 amissione
379 1405 492 1448 vocis,
508 1410 541 1439 ιιι
564 1403 725 1439 novimus
742 1399 920 1447 aliquibus
943 1407 987 1434 ex
1008 1393 1224 1432 adversariis

190 1466 360 1510 accidisse,
377 1474 410 1503 et
429 1468 562 1513 aliquos
578 1465 692 1502 adhuc
713 1463 746 1500 in
765 1473 809 1500 eo
827 1471 908 1498 esse
927 1466 965 1496 ut
985 1458 1062 1494 luce
1081 1456 1224 1504 patian-

192 1535 257 1566 tur.
275 1529 324 1566 Ex
343 1541 408 1576 quo
425 1536 535 1566 autem
557 1536 605 1566 tot
621 1535 657 1566 et
675 1533 771 1565 tanta
791 1525 983 1564 Servatorc
1005 1522 1150 1568 indigna
1171 1519 1224 1556 l'a-

193 1597 246 1626 cta
265 1591 470 1638 subseqnuta
489 1597 578 1635 sunt,
599 1590 671 1637 ipse
693 1589 838 1636 quidem
859 1597 931 1624 non
947 1584 1133 1632 depositus
1150 1588 1224 1626 est,

195 1650 252 1686 sed
271 1651 303 1686 in
321 1652 474 1688 exsiliuttt
494 1659 588 1689 actus
604 1665 612 1688 :
627 1651 771 1689 evidens
789 1655 846 1687 est
863 1647 995 1685 diaboli
1019 1656 1100 1683 esse
1121 1655 1226 1692 opus.

193 1711 287 1758 citius
299 1723 435 1758 regnum
448 1712 586 1750 Joannis
599 1714 848 1761 praedicatione
858 1709 1125 1748 destruebatur.
1138 1707 1228 1744 Novi

193 1773 322 1820 quider
343 1785 400 1812 sex
419 1777 596 1824 episeoiios
613 1777 740 1813 merito
769 1787 788 1812 a
809 1775 947 1812 Joanne
965 1771 1172 1820 depositus,
1193 1776 1232 1806 ut

194 1835 408 1874 sacerdotalis
425 1838 599 1886 dignitatis
623 1845 822 1886 emptores,
851 1837 896 1875 de
914 1836 1046 1884 quibus
1061 1835 1231 1882 superius

197 1896 274 1933 dixi.
305 1897 386 1943 Quis
403 1899 609 1948 lacrymatus
628 1901 704 1938 est?
731 1901 831 1947 cuius
859 1909 878 1936 e
905 1898 1053 1934 naribus
1079 1895 1230 1934 stillavit

197 1959 346 2005 satgttis?
360 1970 434 2008 qua:
447 1963 566 1999 aranei
581 1962 648 1999 tela
664 1963 844 1999 conscissa
859 1961 934 1998 est?
952 1961 1034 2008 quis
1046 1959 1154 1996 domo
1169 1968 1232 1994 sea

200 2022 307 2064 pulsus
325 2022 398 2058 est?
423 2025 500 2070 quis
519 2023 574 2060 vel
601 2024 706 2060 obolo
735 2023 929 2060 mulctatus
948 2022 1027 2059 est?
1048 2021 1129 2068 quis
1149 2029 1234 2056 vero

199 2079 281 2117 Asia:
297 2082 489 2127 circulator,
511 2090 570 2120 aut
588 2084 708 2130 opifex
724 2112 734 2128 ,
750 2089 811 2119 attt
837 2083 990 2130 agricola
1007 2109 1016 2125 ,
1032 2087 1094 2118 aut
1120 2088 1234 2124 sutor,

199 2147 251 2176 aut
270 2141 433 2188 plebeius,
453 2152 634 2191 gratanter
653 2155 722 2181 nou
737 2144 849 2180 audiit
863 2144 958 2191 quod
975 2143 1155 2180 acciderat
1175 2153 1238 2188 pro

199 2203 403 2242 vindicandis
429 2208 540 2243 sacris
568 2207 725 2252 legibus?
745 2206 936 2242 accinens:
955 2205 1066 2249 Quam
1084 2204 1241 2251 magniﬁ-

201 2271 267 2300 cata
285 2273 356 2302 sunt
373 2279 475 2310 opera
494 2275 564 2311 tuo,
583 2267 751 2304 Domine!
771 2268 884 2303 omnia
902 2268 936 2303 in
952 2267 1118 2314 sapientia
1135 2268 1242 2314 fecisti

202 2324 306 2370 (Psul.
323 2329 402 2366 105.
418 2329 495 2375 24).
511 2329 577 2366 Ubi
596 2329 688 2365 enim
709 2330 800 2366 Deus
819 2337 998 2376 operatur,
1015 2329 1134 2366 omnia
1156 2329 1246 2366 fiunt

203 2387 231 2423 in
241 2391 405 2436 sapientia
423 2403 432 2428 :
449 2392 506 2428 ubi
521 2402 603 2430 vero
621 2392 793 2429 bonorum
811 2403 894 2428 osor
913 2393 1064 2437 datmon,
1081 2394 1246 2430 similiter

201 2451 310 2488 omnia
326 2453 358 2488 in
378 2453 590 2501 insipientia.
621 2455 732 2492 Porro
753 2455 990 2502 insipientiam
1012 2466 1068 2492 res
1083 2456 1246 2493 absurda:

201 2521 402 2560 sequuntur,
421 2516 582 2561 invidie,
601 2517 730 2562 enidos,
743 2517 901 2565 iurgium
916 2545 926 2562 ,
943 2517 1136 2563 stimulatio,
1153 2518 1249 2554 l'uro—

204 2583 282 2642 res,
297 2576 380 2611 rixze
393 2605 402 2618 ,
420 2577 603 2616 discordia:
617 2608 626 2624 ,
645 2579 818 2627 fragores,
837 2579 1084 2627 imperitorum
1104 2580 1250 2627 consiti-

209 2639 309 2679 τθιῖο.
328 2639 587 2684 magistratuum
609 2641 736 2687 fervor,
757 2653 894 2686 cruces,
918 2643 1066 2680 laterum
1087 2642 1249 2680 abrasio-

209 2697 434 2764 "Callatia,
462 2701 526 2737 rivi
553 2705 760 2750 sanguiuutn
777 2733 787 2750 ,
814 2705 1056 2744 intolerabiles
1084 2707 1250 2751 mulctm,

209 2756 462 2802 publicationes
479 2760 661 2807 bonorum,
677 2765 870 2804 solutiones
883 2767 1081 2805 divinarum
1097 2768 1255 2806 sanctio-

210 2831 306 2865 num,
315 2830 534 2872 contemptus
545 2825 826 2876 legumppudoris
835 2836 870 2866 et
879 2831 1086 2880 frugalitatis
1094 2838 1255 2870 cootcm-

212 2888 312 2952 ptus,
333 2885 430 2922 orbis
451 2893 620 2925 terrarum
639 2891 804 2936 scissura,
828 2900 957 2940 parata:
979 2901 1070 2932 terra
1092 2896 1254 2943 marique

213 2945 344 3013 insidifc
363 2949 516 2992 navales,
535 2958 731 2997 equestres,
753 2954 1002 3004 pedestresque
1020 2957 1194 2994 machina:
1212 2957 1256 2994 ad

215 3006 494 3051 iml‘edimelllllm
523 3021 644 3048 eorum
674 3015 732 3061 qui
753 3017 910 3054 veritatis
938 3029 1044 3056 causa
1075 3019 1254 3056 exsulant.

215 3066 389 3128 Diomede
421 3071 525 3118 igitur
555 3074 684 3111 audent
713 3076 862 3115 dicere:
893 3080 954 3116 Dei
989 3080 1258 3128 dispensmpme

215 3125 240 3161 ³⁸
255 3138 360 3166 “’¹²¹υ⁵
379 3131 511 3177 tElei-ius
528 3135 605 3171 est?
624 3136 744 3174 Dicant
758 3147 874 3178 autem
893 3142 993 3186 Inibi,
1009 3125 1069 3190 qui
1092 3143 1158 3179 ista
1181 3153 1262 3188 pcr-

351 3205 358 3228 ²
374 3193 498 3262 Ν⁰ξ¹¹¹θ
521 3204 658 3244 Ροίυῐϊιι
676 3203 903 3250 omnipotens
924 3205 985 3242 Dei
1007 3206 1180 3254 Sapientia
1205 3206 1261 3241 iu-

217 3254 350 3298 voibili,
369 3263 404 3294 ut
421 3258 506 3304 dixi,
529 3262 656 3300 virtute
671 3264 860 3310 Joannem,
882 3267 911 3303 si
933 3268 1100 3316 indiguus
1120 3268 1259 3308 fuisset.

217 3322 374 3382 “illave”:
387 3329 474 3382 .aut
493 3324 641 3362 suadere
664 3327 880 3366 adversariis
900 3331 978 3367 sine
999 3331 1201 3367 interventu
1229 3336 1264 3365 et

221 3375 346 3413 “"hus
366 3381 554 3428 Principum
571 3388 752 3425 moderate
768 3401 842 3426 rem
865 3391 982 3428 ferre?
1000 3391 1036 3428 Si
1051 3390 1148 3427 enim
1167 3391 1262 3426 idem

223 3434 310 3473 Deus
339 3447 414 3486 05":
433 3445 489 3491 ‘l"i
516 3447 624 3496 Moysi
654 3460 867 3498 cooperatus
898 3460 954 3490 est
985 3453 1028 3489 ad
1063 3453 1263 3489 libertatein

833 260 889 297 DE
919 255 1025 294 \‘lTA
1055 253 1094 290 S.
1122 245 1312 282 ιολΝΝιδ
1333 239 1672 282 CllitYSUSTOMi.
2306 234 2356 268 δςι

1281 325 1388 362 Israel
1419 331 1456 361 et
1489 321 1754 365 obedientiam,
1784 319 1972 358 Pbaraone
2003 319 2117 367 palam
2147 319 2355 356 clamante:

1282 390 1362 426 Non
1381 389 1460 424 not-1'
1476 386 1607 428 Deum,
1624 391 1654 421 et
1674 383 1786 420 Israel
1806 395 1874 420 non
1893 383 2060 419 dimittant
2077 383 2208 430 (Exod.
2229 383 2264 420 5.
2285 381 2332 428 ἲ)
2349 392 2358 416 :

1279 449 1462 499 quomodo
1489 449 1596 496 igitur
1616 445 1751 483 anxilio
1773 452 1998 482 terreuorum
2031 444 2234 492 principum
2268 441 2362 480 indi-

1281 513 1352 558 guit
1375 512 1410 548 in
1431 521 1540 548 causa
1557 507 1732 546 Joannis?
1748 507 1852 555 quasi
1871 507 2054 547 senuerit.
2075 511 2137 542 aut
2162 505 2292 542 debilis
2313 504 2365 540 la-

1281 582 1360 612 ctus
1387 574 1458 618 sit,
1487 579 1548 609 aut
1579 584 1650 609 non
1683 570 1854 618 potuerit.
1889 569 2026 605 Deinde
2043 569 2102 615 qui
2125 567 2363 614 quorumdam

1283 638 1487 682 adulteria,
1510 635 1673 673 infandas
1695 633 1862 672 libidines
1877 661 1886 676 ,
1909 637 2019 678 atque
2041 631 2191 668 aliortnu
2221 630 2361 677 prmsti-

1283 701 1360 748 gius
1380 700 1631 748 publicaverit,
1655 709 1725 734 non
1746 695 1903 744 pottterit
1923 694 2042 730 adhuc
2062 693 2238 730 Joannem
2257 702 2364 728 coar—

1285 762 1418 810 guere?
1437 767 1500 798 aut
1529 767 1682 804 contra,
1710 758 1771 806 qui
1805 756 1911 804 hujus
1937 757 2098 802 linguam
2128 755 2213 790 fecit
2238 753 2368 799 angina

1287 833 1513 868 tumescere,
1537 824 1584 860 ita
1605 829 1641 859 ut
1661 822 1798 869 scripto
1820 820 2009 857 veritatem
2039 815 2202 865 proliteti
2221 822 2369 853 coactus

1289 887 1410 930 fuerit,
1427 892 1464 924 et
1477 886 1586 924 alium
1609 883 1814 931 permiserit
1833 880 1993 918 incidere
2009 879 2043 916 in
2062 877 2210 926 gradus,
2227 877 2286 924 qui
2302 875 2370 922 ipsi

1289 949 1434 986 fuerunt
1462 946 1662 990 mortiferi,
1679 953 1741 981 aut
1767 944 1878 980 aiitnn
1907 941 2183 988 erumpentibus
2212 938 2374 984 untdique

1290 1011 1474 1048 vermibus
1507 1016 1646 1048 tnuttnu
1680 1008 1714 1044 in
1746 1007 1842 1043 lecto
1871 1003 2112 1042 maceravet‘it
2141 1011 2275 1038 annum
2297 999 2374 1036 fere

1292 1077 1484 1122 integrant.
1508 1079 1571 1110 aut
1590 1071 1693 1110 alteri
1711 1069 1875 1118 iniecerit
1895 1065 2079 1105 horrenda
2101 1063 2271 1102 terricula
2289 1072 2372 1099 cum

1294 1137 1460 1174 familiari
1489 1135 1645 1182 podagra
1660 1163 1669 1173 .
1690 1139 1752 1170 aut
1777 1132 1836 1179 qui
1857 1141 1962 1168 crura
1980 1129 2096 1166 secuit
2113 1127 2217 1174 cuius
2235 1125 2347 1162 voluit
2362 1153 2374 1168 ,

1294 1205 1358 1236 aut
1384 1198 1444 1246 qui
1473 1197 1568 1234 [teda
1598 1201 1714 1232 morte
1741 1195 1816 1231 cito
1843 1204 1924 1230 eum
1955 1192 2097 1238 rapuit,
2123 1199 2230 1237 quem
2257 1188 2378 1225 sciunt

1295 1272 1422 1301 omnes
1439 1274 1448 1298 :
1469 1261 1528 1296 bic
1549 1260 1582 1296 in
1601 1259 1740 1296 Joanne
1758 1285 1767 1299 .
1787 1256 1964 1302 sacrilego
1979 1284 1987 1296 .
2012 1260 2050 1290 ut
2069 1253 2189 1289 dicitis
2206 1281 2215 1294 ,
2239 1251 2376 1298 aliquid

1297 1325 1426 1362 borum
1444 1329 1588 1372 patrare
1605 1331 1676 1359 non
1692 1319 1822 1362 valuit;
1845 1316 1908 1355 sed
1929 1316 1998 1352 boe
2019 1321 2055 1352 ct
2077 1314 2138 1352 illo
2156 1312 2324 1360 indiguit,
2341 1318 2379 1350 ιιι

1297 1388 1473 1426 Joannem
1493 1395 1574 1422 cum
1595 1381 1790 1430 ignominia
1811 1379 2026 1426 expelleret,
2045 1375 2159 1412 multo
2178 1374 2258 1422 plus
2273 1384 2319 1411 ex
2336 1383 2381 1410 eo

1297 1451 1422 1500 gloria:
1443 1448 1512 1496 ipsi
1531 1443 1756 1484 concilians?
1787 1444 1918 1480 Errant
1937 1440 2066 1488 igitur,
2088 1438 2161 1474 vim
2180 1436 2282 1474 vet-bi
2301 1434 2380 1484 eius

1301 1515 1517 1552 nescientes.
1539 1509 1746 1556 Sacrilegus
1762 1506 1858 1544 enim
1877 1505 1938 1541 ille
1960 1502 2104 1550 proprie
2125 1507 2206 1544 est,
2226 1509 2296 1536 non
2317 1494 2382 1545 qui

1301 1586 1428 1614 aurum
1444 1603 1453 1618 ,
1476 1579 1537 1611 aut
1567 1577 1756 1619 argentum
1771 1596 1780 1613 ,
1803 1573 1863 1604 aut
1881 1571 2000 1602 vestes
2017 1565 2152 1600 sericas
2165 1589 2176 1607 ,
2200 1561 2380 1598 tinearum

1301 1640 1440 1683 cibum,
1457 1635 1677 1684 pauperibus
1691 1632 1886 1679 clargitur;
1909 1627 1971 1666 sed
1987 1627 2045 1674 qui
2066 1625 2232 1673 pecunia,
2245 1629 2306 1660 aut
2320 1633 2383 1658 as-

1303 1701 1506 1740 sentatioue
1522 1727 1532 1742 ,
1553 1703 1614 1734 aut
1634 1695 1752 1743 epulis
1772 1692 1974 1730 doctrinam
1995 1687 2202 1726 Servatoris
2220 1692 2257 1724 et
2285 1696 2384 1734 prte-

1303 1771 1405 1813 ccpta
1427 1761 1548 1799 vendit
1565 1771 1574 1804 ;
1591 1757 1722 1796 deinde
1747 1756 1807 1804 qui
1834 1764 1977 1792 sacrttm
1999 1751 2116 1788 virum
2138 1750 2210 1786 vita
2239 1755 2276 1786 et
2303 1748 2384 1785 elo-

1303 1811 1451 1876 quentia
1469 1828 1636 1861 ornatum
1655 1820 1803 1858 divexat
1817 1847 1826 1863 ,
1849 1827 1914 1864 per
1934 1825 2043 1863 quem
2067 1813 2252 1854 Set-valor,
2275 1811 2386 1848 veluti

1307 1902 1372 1940 per
1387 1895 1566 1928 craterem
1585 1892 1621 1923 et
1638 1894 1702 1921 vas
1722 1882 1936 1930 pretiosum,
1957 1877 2059 1916 verbi
2077 1875 2300 1914 amatoribus
2320 1873 2386 1910 ad-

1305 1936 1465 2002 iumenta
1484 1949 1610 1986 salutis
1629 1944 1859 1994 propinabat.
1884 1941 1936 1978 llli
1957 1941 2064 1988 igitur
2081 1936 2246 1984 sacrilegi
2261 1936 2388 1972 dican-

1309 1996 1380 2058 tur,
1395 2013 1455 2062 qui
1469 2009 1703 2058 apostolicam
1722 2003 1920 2042 Ecclesium
1937 1999 2133 2048 deprmdati
2149 2003 2246 2043 sunt,
2259 1996 2392 2034 talibus

1310 2087 1389 2114 cam
1408 2060 1628 2122 pastoribus
1651 2069 1850 2117 spoliantes
1865 2095 1874 2110 ,
1905 2071 1941 2102 et
1971 2062 2219 2101 ordinationes
2241 2060 2390 2108 pecunia

1313 2121 1530 2180 vendentes,
1553 2133 1596 2171 ad
1619 2142 1710 2180 quos
1726 2130 1876 2177 iamiam
1901 2125 2086 2174 perveniet
2112 2123 2234 2160 divina
2253 2121 2392 2169 iustitia

1314 2202 1358 2238 ad
1375 2198 1668 2239 emendationem
1688 2196 1847 2242 ipsorum
1872 2189 2127 2238 improbitatis.
2149 2186 2188 2224 Si
2209 2186 2306 2224 enim
2331 2185 2393 2232 qtti

1315 2265 1430 2312 legem
1449 2262 1579 2312 hioysis
1597 2257 1850 2296 adulterabant
1872 2265 1936 2302 per
1954 2253 2102 2290 nimiam
2123 2248 2394 2298 negligentiam,

1315 2339 1336 2366 e
1354 2328 1488 2374 templo
1505 2338 1524 2362 a
1546 2325 1742 2363 Schatorc
1760 2321 1865 2368 eiecti
1888 2324 1972 2355 sunt
1989 2327 2070 2354 cum
2094 2315 2250 2362 ﬂagello,
2267 2320 2302 2350 et
2317 2313 2397 2361 qui-

1317 2391 1399 2428 dem
1414 2401 1434 2427 e
1449 2388 1629 2432 funiculis,
1645 2386 1728 2435 quia
1749 2385 1844 2420 intus
1863 2381 2048 2420 columbas
2069 2377 2297 2415 vendebant:
2313 2373 2398 2422 quid

1319 2453 1368 2492 illi
1388 2463 1482 2490 nunc
1504 2451 1642 2499 passuri
1665 2453 1762 2491 sunt,
1785 2445 1845 2493 qui
1875 2448 2126 2490 cattponantur
2153 2438 2238 2475 novi
2267 2436 2398 2474 Testa-

1320 2515 1431 2554 menti
1449 2513 1708 2552 sacerdotium,
1727 2508 1794 2546 nisi
1816 2513 1890 2544 uta
1911 2511 2095 2550 pastorum
2117 2499 2280 2548 principe
2300 2497 2400 2543 virga

1325 2567 1446 2605 ferrea
1465 2563 1735 2603 conterantur?
1757 2567 1796 2598 ut
1815 2561 1867 2598 ait
1882 2559 2088 2608 Apostolus
2109 2571 2118 2595 :
2143 2558 2212 2603 Qui
2229 2557 2339 2594 violat
2356 2557 2408 2593 le-

1321 2640 1398 2678 gent
1414 2627 1564 2676 Moysis,
1589 2626 1720 2674 absque
1736 2621 1985 2660 misericordia
2013 2621 2078 2658 sub
2102 2619 2242 2656 duobus
2257 2625 2321 2656 aut
2337 2619 2408 2656 tri-

1323 2693 1388 2729 bus
1403 2691 1550 2728 testibus
1565 2689 1734 2733 moritur.
1753 2687 1898 2732 Quanto
1917 2685 2054 2732 putatis
2071 2684 2258 2722 acerbiore
2275 2682 2410 2732 dignus

1323 2755 1524 2794 cettscbitur
1544 2763 1646 2800 poma
1669 2752 1730 2798 qui
1751 2751 1814 2787 Dei
1842 2749 1982 2786 Filium
2002 2749 2228 2786 concttlcavit
2242 2776 2252 2790 .
2274 2755 2306 2784 et
2325 2757 2410 2784 san—

1323 2820 1465 2867 guinem
1491 2815 1712 2854 Testameuti
1735 2813 2166 2860 pollutuntezistimaeit,
2184 2813 2219 2846 in
2241 2821 2310 2858 quo
2326 2821 2412 2846 san-

1326 2883 1508 2929 ctiﬁcatns
1525 2885 1593 2922 est,
1611 2885 1642 2915 et
1664 2876 1842 2924 Spiritum
1864 2875 1991 2922 gratio:
2014 2873 2234 2910 contumelia
2259 2872 2413 2918 affecit?

1329 2945 1470 2981 Scimus
1492 2943 1586 2979 enim
1605 2940 1666 2988 qui
1686 2938 1796 2974 dicit:
1816 2936 1907 2973 Mihi
1925 2936 2098 2974 vindicta.
2115 2945 2178 2982 ego
2199 2933 2411 2974 retribuam,

1329 3008 1415 3044 dicit
1437 3005 1624 3042 Dominus.
1645 2999 1877 3037 ﬂet-rendam
1894 3005 1945 3034 est
1963 2996 2120 3033 incidere
2139 2997 2174 3031 in
2191 3005 2322 3030 munus
2347 2993 2411 3030 Dei

1330 3071 1476 3108 t'ioentis
1493 3067 1612 3117 (Rom.
1633 3065 1691 3101 12.
1708 3064 1778 3107 19;
1798 3061 1908 3097 Hebr.
1930 3061 1989 3096 10.
2002 3059 2111 3094 98-51
2129 3059 2154 3117 )ἶ
2174 3058 2272 3117 Dens
2289 3065 2412 3117 a‘tttoat

1332 3140 1393 3186 qui
1414 3109 1510 3174 hunc
1528 3135 1626 3182 pium
1643 3136 1678 3167 et
1692 3132 1856 3164 sanctum
1877 3127 2074 3169 pastorem,
2091 3120 2128 3152 et
2142 3111 2290 3186 iustitire
2307 3109 2409 3186 imoi-

1335 3171 1422 3237 IIIIII'L‘
1441 3171 1654 3246 glorilﬁt-avit
1669 3219 1678 3234 ,
1699 3189 1760 3224 tlct
1787 3187 1865 3232 ipse
1893 3181 1996 3218 nobis
2017 3183 2156 3226 partem
2177 3181 2214 3212 et
2232 3171 2410 3237 ltercditao.

1336 3269 1407 3298 tem
1428 3230 1509 3296 cina
1538 3257 1598 3292 illo
1630 3251 1794 3288 invenire
1822 3247 1856 3282 in
1889 3239 2077 3280 tremendo
2101 3237 2188 3286 justi
2216 3234 2338 3282 iudicii
2359 3230 2414 3269 sui

1336 3324 1396 3360 die
1413 3334 1422 3358 ;
1439 3321 1496 3358 cui
1516 3315 1691 3362 competit
1709 3309 1838 3358 gloria,
1857 3307 1986 3345 honor.
2009 3301 2182 3348 maiestas
2199 3306 2236 3336 et
2253 3294 2411 3344 magnifi-

1339 3384 1476 3427 centia,
1495 3379 1589 3418 Patri
1607 3382 1644 3413 ct
1662 3374 1753 3410 Filio
1772 3377 1808 3408 et
1829 3367 1978 3416 Spiritui
1997 3369 2138 3405 sancto,
2163 3370 2258 3398 nunc
2271 3364 2308 3395 et
2322 3365 2415 3393 seut-

1344 3459 1422 3496 per,
1441 3453 1477 3484 et
1495 3444 1530 3480 in
1550 3437 1682 3478 saicula
1701 3434 1929 3472 smculorum.
1950 3430 2081 3467 Amen.
