2694 4342
217 278 264 318 85
996 284 1117 324 NUNC
1144 287 1239 328 1³1111

1314 293 1320 328 l
1348 295 1375 330 Α
1381 293 1534 334 ΒΟΠΝΛ
1540 299 1614 337 ΤΔ.
2386 319 2432 359 .86

217 354 283 390 fert
301 353 477 402 Socrates,
493 357 552 404 qui
574 357 690 406 pergit
707 364 745 396 et
757 359 809 401 ait
830 372 838 396 :
862 373 874 395 ι
898 360 944 402 Et
961 361 1001 398 ot
1033 363 1114 400 vitm
1142 367 1273 406 sancti-

217 417 366 456 moniam
386 427 454 466 non
472 418 517 458 ita
536 426 663 458 cantus
678 421 773 458 circa
790 421 907 459 futura
921 423 986 467 ;ob
1007 423 1272 471 simpliciuitem

215 486 296 513 vero
308 461 403 516 aditu
422 477 548 514 facilis.
569 479 762 519 Immodica
791 485 899 520 etiam
923 461 1088 522 dicendi.
1104 461 1272 530 libertate

213 539 245 574 in
266 539 450 586 colloquiis
469 541 646 580 utebatur.
661 543 707 580 Et
724 544 758 581 in
779 545 940 584 docendo
956 546 1099 594 quidem
1119 549 1270 586 multum

206 600 351 646 jnvabat
368 603 410 637 ad
427 601 671 643 informandos
686 606 888 644 auditorum
904 609 1086 652 mores;in
1098 620 1269 658 congres-

209 661 304 698 sibus
317 673 400 698 vero
413 666 637 712 arrogntttior
654 667 838 708 videbatur
853 669 895 706 iis
911 670 971 717 qui
981 671 1093 719 ipsius
1105 672 1267 711 animum

206 731 276 764 non
295 731 477 762 noverant.
503 738 517 760 ι
723 771 728 777 Α

253 783 335 827 llaec
366 785 527 829 fortassis
560 789 744 832 acerbiora
775 791 989 832 videbuntur
1023 805 1106 833 esse
1133 797 1177 834 iis
1205 799 1266 844 qui

207 843 449 897 Chrysostomi
465 848 702 897 eloquentiam
723 859 759 890 ct
776 854 886 891 anitni
906 857 1186 904 magnitudinem
1205 859 1266 897 mi-

203 914 350 947 rantur;
372 919 494 948 verum
514 911 548 947 in
567 913 701 950 sanctis
721 914 817 950 illam
835 917 963 963 agendi
985 919 1191 958 varietatem
1205 921 1266 959 ob-

205 977 407 1010 servamus.
427 972 497 1008 Alii
517 983 668 1020 namque
687 975 886 1014 divinarum
912 990 1030 1018 rerum
1059 982 1177 1020 studio
1207 984 1262 1021 in-

201 1031 314 1076 censi,
335 1042 404 1068 non
424 1032 541 1070 habita
561 1041 760 1083 temporum
793 1049 1096 1090 personarumque
1123 1047 1262 1084 ratione

199 1093 244 1129 ad
273 1104 394 1132 mores
419 1095 661 1135 informandos
690 1099 850 1138 feruntur
877 1104 1060 1142 ardentius
1093 1118 1102 1142 :
1134 1107 1194 1150 alii
1223 1114 1262 1146 ut

199 1153 394 1193 dissolutos
411 1166 638 1205 compescant
658 1171 776 1199 mores
791 1163 953 1202 doctrina
980 1167 1086 1208 simul
1111 1175 1261 1213 utuntur

199 1221 233 1252 et
246 1223 337 1254 arte.

245 1276 414 1316 Oratoria:
434 1281 501 1316 arti
520 1288 553 1318 et
571 1283 796 1332 philosophia,
809 1287 866 1324 dat
879 1299 1033 1335 operam.
1055 1311 1088 1318 α-
1123 1292 1160 1330 ln
1179 1293 1256 1332 elo.-

196 1339 338 1384 quentia
365 1347 401 1378 et
424 1344 579 1380 oratoria
611 1353 687 1388 arte
701 1347 882 1391 doctorem
904 1351 1028 1390 habuit
1052 1353 1254 1402 Libanium,

194 1401 229 1438 in
246 1403 466 1450 philosophia
489 1417 574 1444 vero
600 1409 899 1459 Andragathium,
919 1423 1088 1454 narrante
1107 1401 1256 1463 Socrate

195 1462 350 1510 (Pallad.
368 1477 402 1512 p.
425 1465 508 1503 sto.
544 1469 642 1505 Socr.
663 1471 689 1506 l.
712 1471 748 1517 6,
768 1484 800 1510 ι’.
821 1473 874 1521 5).
897 1475 996 1514 Licet
1015 1488 1124 1524 porro
1149 1462 1234 1519 ante

191 1534 297 1574 quam
324 1528 535 1574 vigesimum
569 1541 702 1570 annum
729 1536 920 1584 attigisset,
954 1539 999 1576 de
1033 1543 1253 1588 capessenda

190 1587 260 1630 vita
277 1591 474 1627 monastica
492 1601 588 1640 sa'pe
603 1596 787 1642 cogitaret,
815 1600 1004 1647 abductus,
1031 1587 1251 1652 utividetur,

188 1649 234 1685 ab
248 1652 412 1689 oratorite
439 1655 526 1692 artis
557 1662 592 1692 et
625 1657 860 1706 philosophia:
893 1663 1026 1710 studio,
1057 1665 1252 1710 theatrales

187 1709 290 1752 ludos
307 1711 532 1760 frequentare
546 1719 667 1764 etrapit,
689 1726 724 1756 et
744 1720 778 1757 in
813 1721 891 1760 foro
911 1727 1106 1766 oratoriam
1134 1736 1248 1769 artem

186 1775 354 1810 exercuit.
378 1775 660 1817 Declamatioues
677 1782 800 1820 habuit
829 1787 958 1826 multas
993 1787 1098 1836 (Isid.
1129 1791 1244 1834 Peius.

186 1833 241 1878 lib.
257 1836 294 1872 2.
311 1838 410 1884 epist.
430 1839 506 1886 42)
525 1868 535 1886 ,
557 1851 734 1891 unamque
753 1847 850 1884 misit
868 1833 1017 1892 Libanio
1049 1853 1083 1890 in
1103 1853 1242 1894 laudent

185 1897 434 1945 imperatorum
452 1903 715 1952 concinnatam,
743 1919 849 1955 quam
876 1910 924 1949 ita
950 1913 1109 1956 celebrat
1136 1916 1244 1958 Liba-

184 1959 260 1996 nius
280 1973 289 1997 :
315 1974 327 1996 t
350 1961 437 2000 Cum
457 1975 622 2013 magnam
644 1974 739 2012 tuam
759 1977 795 2008 et
812 1973 1012 2021 elegantem
1041 1979 1241 2018 orationem

183 2023 410 2071 accepissem,
430 2027 515 2065 viris
528 2030 739 2078 quibusdam
758 2044 836 2074 eam
856 2036 946 2084 legi,
975 2039 1034 2086 qui
1063 2043 1240 2086 orationi-

183 2085 245 2124 bus
263 2088 346 2126 dant
363 2100 508 2138 operam
529 2105 538 2129 :
557 2105 710 2142 quorum
731 2098 852 2136 nullus
866 2106 946 2142 erat
963 2085 1023 2150 qui
1043 2115 1114 2145 non
1133 2107 1242 2143 salta-

181 2153 245 2190 ret,
263 2149 456 2192 clamorem
471 2153 608 2200 ederet,
621 2166 735 2203 eaque
751 2159 870 2199 omnia
885 2149 1034 2207 faceret,
1063 2175 1144 2212 qua:
1177 2167 1242 2204 ho-

182 2208 289 2246 mines
308 2212 550 2256 admiratione
566 2217 720 2263 pereulsi
738 2217 858 2259 facere
876 2222 1005 2262 solent.
1027 2208 1105 2272 Ego
1134 2227 1240 2274 igitur

180 2271 353 2319 voluptate
369 2275 516 2316 affectus
531 2287 626 2322 sum,
646 2280 741 2326 quod
759 2281 803 2318 ad
821 2281 1002 2322 forensem
1031 2271 1165 2327 artem—
1176 2300 1240 2328 ex-

179 2331 361 2374 hibendam
382 2338 709 2381 demonstrationes
741 2354 885 2392 quoque
911 2347 1100 2396 adiungas.
1129 2352 1238 2400 Atqui

177 2401 211 2432 et
230 2402 262 2434 te
276 2397 414 2436 beatum
435 2401 607 2448 praedico,
620 2404 680 2451 qui
713 2404 760 2442 ad
790 2406 885 2444 hunc
909 2409 1056 2448 modum
1089 2397 1238 2455 laudare

175 2466 300 2505 queas;
322 2461 474 2510 itemque
490 2474 555 2502 eos
571 2466 630 2513 qui
650 2466 758 2506 talem
779 2479 984 2516 praeconem
1005 2475 1100 2518 nacti
1129 2484 1235 2522 sunt;

175 2517 241 2559 hoc
257 2527 359 2559 estet
379 2530 531 2572 patrem,
549 2528 609 2575 qui
628 2528 820 2576 Imperium
841 2531 956 2578 dedit,
987 2542 1023 2573 et
1055 2535 1148 2576 filios
1175 2517 1234 2586 qui

173 2587 396 2628 acceperunt.
421 2598 434 2621 ι

220 2637 342 2688 Neque
360 2643 488 2684 mirum
505 2647 680 2692 videbitur
709 2653 753 2690 iis
782 2655 842 2702 qtti
874 2657 934 2694 vel
967 2663 1233 2709 extemporales

171 2698 415 2748 Cbrysostomi
434 2708 546 2745 nostri
563 2713 741 2752 orationes
759 2698 907 2756 laudant
925 2727 962 2758 et
980 2698 1178 2770 celebrant,
1199 2727 1231 2764 si

171 2761 283 2830 pratia
299 2761 437 2811 isthice,
459 2777 561 2814 quam
577 2778 654 2809 arte
676 2780 713 2811 et
730 2777 932 2820 urbanitate
950 2781 1151 2830 limaverat,
1167 2761 1230 2824 1ιὶ-

171 2817 274 2859 banio
297 2826 509 2874 caeterisque
526 2834 728 2872 oratoribus
754 2838 800 2875 ita
821 2841 1004 2886 placuerit.
1024 2845 1062 2882 In
1081 2847 1124 2884 iis
1141 2859 1228 2887 vero

173 2883 289 2930 etiam,
312 2897 401 2934 quas
420 2890 538 2928 studio
555 2895 668 2932 multo
696 2883 899 2946 concinnat,
928 2905 1022 2943 nulla
1057 2919 1226 2957 tnnquarn

171 2948 317 2994 Suspicio
333 2953 566 2999 apparitionis
579 2963 616 2994 et
625 2960 827 3001 artiﬁciosa:
840 2965 1034 3016 diligentia:
1047 2948 1222 3022 nascitur,

171 3010 256 3054 quod
270 3018 324 3048 est
339 3017 490 3055 oratoris
507 3022 640 3058 summi
658 3034 802 3066 niuatis.

213 3069 294 3138 {iure
309 3085 394 3114 vero
407 3086 528 3139 narrat
543 3081 822 3132 Chrysostomus
837 3089 872 3128 in
893 3091 986 3132 libro
1002 3097 1046 3134 ad
1070 3097 1220 3139 Viduam

168 3127 396 3200 junioretnT.
429 3136 457 3184 l,
483 3141 554 3179 col.
579 3127 663 3191 alii,
683 3149 727 3186 de
751 3127 1054 3197 proraiam}.
1078 3127 1220 3200 11ιῖξῖιῖ

167 3191 271 3268 gelida
289 3196 486 3238 videantur.
505 3204 564 3266 Ait
587 3207 649 3248 ille
663 3191 846 3252 doctorem
1012 3222 1074 3268 qui
1093 3191 1219 3262 admo-

771 3249 780 3251 ν
871 3249 990 3264 ___-..,
1038 3249 1074 3260 ...
1093 3249 1218 3262 ua"...—

165 3249 242 3330 tlum
261 3263 524 3305 superstitiosus
537 3259 616 3306 erat
638 3278 744 3320 atque
771 3279 936 3325 gentilis,
957 3249 1132 3330 quoisdam
1162 3289 1218 3326 in:-

167 3315 355 3396 tcrrogasse
374 3325 556 3373 cujnsnam
574 3331 666 3373 ﬁlius
683 3345 778 3375 esset
804 3315 981 3381 Joannes?
1005 3345 1224 3396 Respondet

167 3381 236 3396 I‘unl
257 3378 277 3396 ξι
296 3381 303 3396 ζ
343 3383 380 3396 1⁷¹
397 3385 404 3396 ¹
527 3391 534 3396 ⁵
595 3393 602 3396 ‘

164 3381 240 3444 runt
255 3378 322 3450 illi,
343 3383 462 3426 Vidua:
479 3391 664 3438 cujusdam
683 3407 764 3436 esse
778 3399 905 3440 ﬁlium.
925 3404 1017 3448 Tum
1033 3378 1101 3447 in;
1111 3422 1212 3458 τινω-

162 3442 249 3520 81211.
267 3442 367 3489 cujus
382 3451 494 3487 astatis
509 3462 604 3492 esset
634 3466 763 3506 mater,
783 3469 820 3500 et
835 3475 856 3501 a
884 3475 1018 3513 quanto
1050 3442 1215 3520 [animm

163 3505 190 3520 ν.
277 3512 367 3520 -m.
401 3508 424 3520 ,ι

719 3497 722 3498 ,
754 3497 763 3506 ,
786 3497 856 3501 ἡ-
911 3497 1018 3509 __.,,...
1050 3497 1120 3508 η...-
1149 3497 1211 3516 om

163 3497 257 3537 vidua
275 3512 384 3544 esset.
399 3508 585 3559 Repellunt
603 3519 654 3556 illi
679 3497 913 3572 quadraginta
931 3539 1110 3572 annorum

161 3567 316 3644 matrem,
340 3575 374 3644 et
396 3571 469 3618 jam
501 3578 708 3626 vigesimum
737 3586 918 3626 viduitatis
938 3601 1070 3632 annum
1087 3607 1208 3644 agere.

199 3630 250 3644 .,,,.
282 3637 387 3644 ,μμ
441 3642 447 3644 ,
604 3643 614 3644 κ

397 3615 407 3618 _
536 3615 708 3626 ,ην----ηπ
743 3615 918 3626 "um-uua
938 3615 1070 3632 ιιιιιιιιιη
1087 3615 1107 3632 il
1133 3615 1207 3637 ure.

161 3615 252 3706 Etuta
281 3630 451 3671 exclamat
483 3637 543 3677 ille
571 3652 580 3678 :
603 3643 728 3690 Papae,
757 3648 883 3694 quales
911 3653 1080 3692 mulieres
1109 3615 1207 3706 :pud

654 3679 728 3690 ra,
760 3679 882 3694 1-..---
911 3679 1080 3692 ...υ-ιυιυδ
1113 3679 1204 3706 αμυυ

158 3679 366 3764 Christianos
382 3701 630 3750 suntiTanta,
666 3709 783 3755 pergit
817 3711 1113 3764 (Ihrysostomns,
1133 3733 1204 3760 non

271 3756 358 3824 “Aput!
377 3769 455 3824 nos,
474 3765 536 3802 sed
571 3746 680 3806 etiam
713 3746 808 3819 apud
825 3746 992 3822 iactitiles
1022 3746 1204 3824 viduitati:

159 3805 226 3846 laus
243 3820 295 3852 est
312 3824 346 3854 et
357 3821 554 3865 admiratio.

159 3923 166 3951 ί
199 3868 318 3951 Nar-:31
334 3880 504 3932 Georgius
528 3891 814 3944 Alexandrinus,
831 3899 1008 3942 Joannem
1037 3916 1200 3951 nostrum

799 3935 813 3944 τ
837 3935 847 3938 _
1037 3935 1191 3951 ............

155 3935 287 3974 iuvenili
305 3948 406 3983 aetate
431 3947 634 3999 ﬂorentem.
653 3957 814 4000 Athenas
839 3973 880 4001 se
913 3969 1122 4020 contulisse,
1153 3982 1191 4013 ut

360 4022 538 4070 ΡΑτηοι.
571 4033 649 4075 Gn.
684 4039 852 4083 XLVII.

1353 373 1500 418 nequid
1532 375 1567 411 in
1601 377 1722 416 studio
1747 381 2018 432 disciplinarum
2054 398 2153 431 retro
2187 395 2428 444 relinqueret;

1349 433 1510 477 atquein
1532 435 1600 472 ista
1621 439 1710 476 urbe
1739 441 1786 478 ita
1815 445 2026 494 profecisse,
2056 459 2095 490 ut
2125 464 2252 493 omnes
2281 459 2430 496 omnino

1344 501 1548 542 superaret,
1565 508 1598 534 ιη
1612 508 1726 547 seque
1736 505 1936 544 concitaret
1947 511 2222 554 Atheniensium
2242 519 2425 558 invidiam.

1345 553 1480 594 Verum
1501 558 1578 596 haec
1598 569 1721 600 narrat
1739 575 1830 602 unus
1851 567 1910 605 ille
1929 569 2104 620 Georgius
2117 576 2305 627 fabulator,
2319 593 2426 630 quem

1343 623 1467 654 monet
1493 619 1645 658 Photius
1675 626 1826 664 omnino
1857 619 2130 676 despiciendum
2161 648 2255 684 esse,
2282 619 2426 689 quando

1341 680 1478 719 scilicet
1495 693 1536 720 ea
1559 686 1768 735 refert,quze
1779 699 1798 726 a
1813 693 1954 730 caeteris
1967 695 2205 743 scriptoribus
2219 680 2423 754 mdebry-

1339 744 1488 780 sostomi
1508 747 1695 792 proximis,
1712 760 1783 787 non
1803 761 2064 802 memorantur.

1387 805 1566 845 ABaailio
1579 811 1706 858 juvene
1720 813 1767 849 ad
1781 815 1942 862 pietatem
1956 820 2137 866 pristinam
2166 833 2354 871 revocatur.
2374 850 2422 858 —--

1338 866 1424 906 Erat
1443 880 1551 917 porro
1569 873 1620 910 illi
1641 885 1723 912 cum
1739 877 1872 924 juvene
1889 881 2058 928 quodam,
2084 885 2143 922 cui
2163 897 2293 932 nomen
2315 890 2418 929 Basi-

1337 929 1418 976 lius,
1437 940 1534 970 areta
1554 935 1820 984 colloquiorum
1841 941 1996 980 societas
2024 944 2099 991 (De
2112 946 2314 987 Sacerdotio
2333 951 2359 996 ι.
2382 955 2417 990 1.

1339 1003 1370 1029 c.
1389 995 1428 1042 4)
1449 1007 1458 1032 :
1477 997 1538 1044 qui
1559 997 1715 1038 Basilius
1733 1001 1951 1044 Christianis
1969 1006 2128 1046 imbutus
2147 995 2359 1061 praeceptis,
2382 1024 2419 1054 ct

1332 1055 1378 1092 ad
1398 1057 1594 1104 perfectius
1608 1063 1692 1100 vita:
1708 1075 1822 1110 genus
1843 1067 2032 1114 anhelans,
2051 1071 2096 1109 ad
2114 1055 2236 1121 parem
2255 1067 2337 1114 vitro
2357 1089 2416 1124 ra.

1333 1117 1467 1156 tionem
1485 1120 1661 1162 Joannem
1679 1127 1834 1165 amicum
1852 1129 2000 1170 allicere
2019 1140 2056 1170 et
2073 1144 2091 1170 a
2119 1135 2200 1178 foro
2225 1139 2415 1187 retrahere

1332 1182 1598 1222 contendebat:
1614 1185 1832 1237 demumqne
1849 1191 1883 1228 id
1903 1195 1998 1240 quod
2015 1197 2183 1244 cupiebat
2196 1182 2413 1251 assequutus

1330 1249 1386 1280 est
1407 1243 1564 1298 (Sozam.
1583 1248 1645 1285 lib.
1682 1249 1718 1288 8.
1741 1262 1771 1287 c.
1793 1252 1848 1300 2).
1871 1253 1984 1302 Hujus
2005 1243 2102 1295 enim
2135 1243 2325 1310 colloquiis
2349 1247 2410 1303 re-

1328 1313 1473 1344 creatus
1491 1308 1650 1348 Joannes
1662 1322 1702 1350 se
1721 1317 1764 1350 ad
1783 1316 1934 1362 pristina
1958 1319 2100 1366 pictatis
2123 1308 2410 1372 studia—revoca-

1328 1367 1379 1404 vit
1399 1367 1518 1416 (Socr.
1535 1371 1560 1408 ι.
1581 1371 1672 1409 ὅτε.
1691 1374 1728 1422 5)
1747 1387 1757 1412 :
1777 1385 1818 1413 ac
1845 1383 1982 1416 mutata
1999 1387 2100 1420 veste
2117 1393 2136 1419 a
2157 1383 2236 1422 foro
2258 1367 2294 1424 et
2323 1369 2410 1431 ora-

1327 1430 1430 1468 toria:
1449 1433 1539 1470 artis
1557 1436 1739 1474 exercitiis
1757 1437 1943 1486 abstinuit,
1963 1441 2229 1493 lectionemque
2246 1447 2409 1498 Scriptu~

1325 1501 1446 1530 rarum
1475 1501 1512 1532 et
1537 1496 1750 1536 Christianae
1774 1501 1857 1538 vitte
1874 1501 1992 1540 officia
2011 1497 2210 1554 amplexus,
2240 1496 2406 1550 sanctum

1325 1552 1528 1602 disciplinac
1557 1567 1696 1607 genus,
1725 1570 1744 1598 a
1771 1572 1843 1611 quo
1867 1552 2217 1623 numquam—postea
2248 1571 2404 1623 destitit,

1325 1617 1416 1655 inire
1433 1621 1558 1668 coepit.

1370 1679 1574 1729 Baptizatur
1603 1692 1635 1722 et
1665 1687 1786 1726 Lector
1815 1691 1993 1730 ordinatur
2023 1704 2114 1732 anno
2143 1697 2278 1736 circiter
2313 1700 2400 1741 569.

1320 1741 1456 1781 —Erat
1473 1750 1557 1783 tunc
1575 1747 1774 1788 Antiochia;
1791 1753 1981 1802 epiScopus
1993 1756 2154 1796 ll-leletius
2172 1758 2285 1810 (Pali.
2298 1763 2397 1808 Dial.

1319 1817 1356 1852 ρ.
1376 1806 1439 1845 40.
1454 1808 1533 1858 41),
1556 1810 1610 1848 vir
1627 1814 1816 1854 sanctitate
1830 1819 2062 1866 conspicuus,
2079 1823 2138 1870 qui
2161 1806 2241 1862 cum
2263 1806 2400 1872 videret

1315 1866 1492 1908 Joannem
1509 1871 1678 1919 juvenem
1704 1875 1849 1924 ingenio
1866 1885 1903 1916 et
1921 1883 2065 1930 egregia
2090 1866 2214 1923 indole
2243 1887 2396 1936 pollere,

1315 1929 1432 1976 ipsum
1445 1932 1491 1969 ad
1509 1937 1730 1974 consortium
1751 1943 1787 1976 et
1805 1940 1984 1989 colloquia
2009 1929 2072 1982 sua
2094 1929 2300 1998 frequentior
2331 1951 2398 1988 ad~

1313 1993 1492 2040 mittebat,
1507 2005 1662 2044 cumque
1677 1998 1722 2036 de
1737 1999 1798 2037 illo
1813 2012 1980 2050 magnam
2000 2017 2100 2053 spem
2117 1993 2338 2062 conciperet,
2354 2023 2396 2064 ac

1313 2055 1540 2104 prophetico,
1568 2065 1606 2096 ut
1635 2061 1750 2107 aiunt,
1781 2064 1910 2112 spiritu
1937 2066 1981 2103 ad
2010 2068 2147 2123 majora
2175 2055 2394 2121 destinainm

1313 2127 1570 2166 pratn05ceret,
1583 2132 1664 2160 eum
1684 2135 1750 2172 per
1769 2131 1842 2164 tres
1860 2137 1974 2166 annos
1999 2139 2122 2168 secum
2141 2141 2304 2178 VCrSiﬂllS
2331 2147 2393 2181 es-

1312 2184 1380 2222 set,
1402 2181 1516 2228 ipsum
1537 2185 1636 2230 prius
1654 2195 1758 2224 sacro
1775 2188 1918 2228 lavacro
1939 2192 2086 2231 tinctum
2107 2195 2275 2239 lectorem
2297 2200 2394 2247 ordi-

1312 2241 1424 2278 navit.
1460 2243 1652 2292 Postquam
1682 2255 1804 2286 autem
1837 2251 2057 2299 baptismum
2088 2259 2240 2306 accepit,
2277 2241 2393 2309 inquit

1312 2299 1505 2348 Palladius,
1533 2315 1728 2354 numquam
1754 2310 1812 2346 vel
1845 2311 1992 2360 juravit,
2024 2317 2079 2353 vel
2105 2299 2258 2367 alicujus
2285 2299 2390 2367 fama:

1309 2362 1477 2408 detraxit,
1497 2367 1554 2403 vel
1573 2371 1758 2415 mentitus,
1773 2373 1828 2409 vel
1849 2377 2068 2422 imprecatus
2085 2385 2152 2425 est,
2167 2383 2222 2423 vel
2242 2383 2390 2424 facetias

1310 2423 1464 2488 libenter
1477 2429 1619 2475 excepit
1638 2429 1748 2476 (pall.
1766 2432 1860 2470 Dial.
1881 2446 1917 2482 p.
1941 2437 2024 2476 iss.
2046 2423 2146 2488 ιδῃ

1321 2477 1337 2492 ”
1359 2487 1450 2524 Dum
1471 2488 1590 2526 Basilii
1611 2491 1720 2539 igitur
1736 2477 1920 2534 consortio
1947 2477 2126 2548 frequens,
2142 2503 2322 2552 frueretur
2351 2517 2388 2555 et

1305 2549 1414 2587 ambo
1431 2549 1478 2588 de
1497 2553 1605 2590 rebus
1621 2554 1752 2594 divinis
1781 2557 1959 2608 colloquia
1989 2563 2184 2609 miscerent
2237 2569 2288 2606 De
2315 2551 2386 2608 ,ςαᾲ

1305 2611 1456 2648 cerdolio
1474 2612 1534 2649 lib.
1558 2614 1610 2662 t).
1631 2625 1674 2654 ac
1691 2617 1851 2658 Joannes
1865 2631 1886 2658 a
1905 2621 1982 2660 foro
2000 2629 2038 2662 et
2068 2611 2302 2673 sacomaribus
2319 2644 2385 2688 pc-

1305 2672 1402 2710 nitus
1419 2673 1638 2724 abstractus,
1658 2689 1768 2718 unum
1787 2681 1958 2722 Basiliam
1975 2672 2234 2738 frequentaret,
2245 2703 2287 2731 ac
2301 2672 2384 2742 eum

1304 2735 1368 2774 illo
1385 2738 1432 2776 de
1445 2739 1576 2782 divinis
1592 2752 1739 2791 semper
1756 2751 1792 2782 et
1807 2745 1854 2784 de
1872 2748 1944 2785 vita
1970 2753 2169 2790 monastica
2191 2735 2298 2794 verba
2331 2735 2383 2794 fa-

1301 2806 1414 2846 ceret,
1430 2801 1596 2848 Basilius,
1614 2805 1673 2852 qui
1691 2807 1771 2845 sine
1788 2807 1926 2848 Joanne
1944 2821 2014 2848 non
2025 2814 2172 2860 vitalem
2188 2817 2255 2856 sibi
2271 2820 2382 2865 vitam

1299 2872 1381 2901 esse
1401 2865 1562 2912 putabat.
1582 2874 1619 2904 et
1632 2869 1692 2915 qui
1707 2871 1839 2918 saepius
1853 2873 1900 2910 ab
1919 2874 1996 2922 ejus
2015 2878 2256 2926 contubernio
2273 2884 2380 2922 avelli

1297 2925 1508 2972 cogebatur,
1526 2927 1657 2966 Joanni
1672 2933 1871 2980 proposuit,
1893 2941 1934 2972 ut
1952 2937 2058 2976 ambo
2077 2942 2234 2988 paternis
2245 2945 2380 2989 relictis

1295 2986 1446 3031 aedibus,
1469 2989 1506 3026 in
1525 2991 1698 3037 peculiari
1715 2995 1869 3041 quadam
1889 2997 2000 3038 domo
2013 2986 2120 3040 sedes
2135 2986 2326 3052 ponerent,
2342 3016 2380 3047 et

1295 3049 1401 3086 simul
1423 3050 1534 3088 vitam
1560 3053 1737 3093 ducerent
1755 3060 1966 3098 monasticze
1985 3056 2155 3102 similem.
2175 3065 2374 3108 Consilium

1295 3110 1438 3149 tandem
1460 3113 1626 3160 probavit
1641 3116 1822 3164 Joannes;
1851 3121 1914 3159 sed
1945 3133 1986 3160 re
2014 3133 2199 3175 comperta
2227 3129 2376 3172 Joannis

1293 3179 1422 3220 mater,
1436 3186 1516 3223 quae
1531 3178 1676 3216 unicum
1697 3179 1812 3218 ﬁlium
1830 3183 2026 3224 admodum
2039 3179 2224 3240 diligebat,
2255 3195 2370 3243 ipsum

1290 3235 1447 3281 profusis
1463 3237 1635 3288 lacrymis
1655 3243 1786 3281 obnixe
1807 3253 1976 3292 precatur
1999 3261 2045 3289 ne
2063 3263 2102 3290 se
2122 3254 2278 3304 deserat,
2303 3271 2374 3298 nec

1289 3305 1329 3334 se
1340 3297 1458 3336 vidua:
1473 3307 1511 3338 et
1529 3307 1602 3338 tam
1622 3303 1716 3342 bene
1731 3305 1869 3346 affectio
1890 3313 2015 3350 matris
2036 3319 2256 3358 consortium
2269 3323 2371 3362 alteri

1289 3366 1495 3407 postponat,
1517 3363 1560 3400 iis
1579 3375 1642 3402 usa
1661 3367 1794 3413 verbis,
1817 3381 1897 3418 quae
1915 3373 2197 3424 Chrysostomns
2218 3383 2294 3430 ipse
2312 3397 2365 3422 rc-

1287 3419 1370 3463 fcrt,
1387 3433 1540 3471 quaeque
1555 3427 1757 3472 potuissent
1772 3430 1941 3478 juvenem
1960 3419 2102 3478 Joanne
2127 3419 2248 3480 minus
2277 3445 2370 3482 bene

1285 3481 1453 3521 affectum
1474 3496 1494 3522 a
1527 3490 1715 3536 proposito
1747 3503 1930 3534 revocare.
1966 3499 2090 3538 Matris
2119 3503 2240 3550 itaque
2275 3507 2369 3542 Votis

1285 3545 1540 3594 obtemperans
1557 3550 1730 3597 Joannes,
1746 3565 1828 3594 cum
1851 3559 1910 3596 illa
1927 3572 1992 3608 pro
2014 3574 2114 3600 more
2131 3576 2199 3602 suo
2219 3569 2360 3602 inmisit.

1334 3608 1371 3644 In
1389 3617 1553 3650 materna
1569 3614 1687 3662 itaque
1705 3617 1814 3656 domo
1829 3631 1850 3658 a
1866 3625 2018 3670 negotiis
2035 3635 2166 3662 vacans
2182 3627 2358 3674 s:cculari-

1281 3667 1349 3706 bus
1371 3671 1562 3718 (Αηιιιιιεει
1582 3679 1715 3725 Quippe
1753 3692 1830 3718 rem
1860 3667 2070 3720 familiarem
2093 3694 2237 3720 omnem
2259 3671 2356 3731 cura.

1280 3730 1382 3778 bat),
1403 3733 1562 3773 Joannes
1577 3738 1712 3777 divinae
1733 3749 1872 3780 tantum
1896 3744 2133 3790 philosophia:
2149 3745 2256 3782 dabat
2275 3756 2355 3798 ope-

1278 3804 1378 3839 ram,
1401 3805 1534 3844 corpus
1550 3810 1739 3840 macerans
1767 3804 1937 3858 jejuniis,
1969 3803 2111 3849 vigiliis.
2134 3803 2236 3841 humi
2261 3815 2365 3844 τρίτη*

1275 3856 1388 3901 bans,
1411 3869 1542 3905 pravos
1566 3863 1717 3901 affectus
1742 3876 1870 3902 omnes
1888 3865 2078 3901 eliminatis
2091 3893 2101 3908 ,
2120 3877 2222 3904 vana:
2237 3870 2362 3917 gloria!

1275 3919 1412 3958 fumum
1441 3922 1630 3970 depellens
1655 3932 1690 3962 et
1720 3927 1912 3971 dissipans.
1933 3925 2081 3972 Lingua:
2110 3939 2195 3966 vero
2215 3943 2258 3967 ne
2273 3933 2360 3979 quid

1274 3986 1398 4018 contra
1433 3985 1634 4029 proximum
1679 3985 1760 4020 mali
1796 3985 1995 4030 proferret,
2027 3992 2188 4034 perpetui
2225 3993 2357 4031 silentii

2104 4069 2130 4107 9
