2694 4342
250 317 298 354 η’]
996 306 1034 344 S.
1056 303 1248 344 £0ANN|S
1273 300 1600 342 CHRYSOSTOMI
1630 301 1753 345 VITA,
2429 303 2465 340 ὃὸ

240 400 406 431 νειαιιειω
445 393 634 438 posuerat;
683 386 865 424 neminem
902 385 1035 433 quippe
1072 383 1336 430 alloquebatur.

245 455 345 491 illinc
365 451 458 498 apud
477 449 669 487 nonnullus
689 448 811 496 opinio
829 453 907 488 erat
924 457 1092 494 asperum
1114 447 1214 482 illum
1233 455 1314 482 esse
1331 473 1341 490 ,

253 517 310 562 qui
331 516 525 549 humanam
552 509 753 558 quamlibet
783 509 994 546 societatem
1015 509 1178 556 fugeret:
1201 518 1245 544 ac
1260 516 1343 543 cum

253 575 384 612 similia
407 573 552 622 quidam
572 573 684 610 multa
703 571 909 620 proferrem
926 577 963 608 et
983 580 1129 608 rumore
1147 570 1274 606 nuntio
1309 567 1344 605 id

255 637 314 674 ille
336 647 406 673 non
426 636 622 684 ignoraret,
641 634 736 672 haud
755 634 908 670 libenter
927 633 1034 671 talem
1049 633 1098 670 de
1113 641 1152 668 se
1172 631 1347 678 suspicio-

236 711 336 753 nem
358 699 483 736 haberi
505 698 682 746 comperit
711 707 721 734 :
748 697 874 734 maluit
893 703 1012 733 tamen
1033 695 1162 733 cadent
1197 704 1346 742 pergere

256 764 312 800 via
332 762 634 810 solitudinemquc
653 771 718 809 pro
749 771 852 798 more
883 759 1007 798 colere
1037 769 1047 795 :
1077 765 1250 806 expertus
1270 757 1346 794 for-

259 832 357 862 tasse
374 853 385 871 ,
406 824 492 862 dum
524 824 560 861 in
581 823 659 861 foro
679 833 886 861 versaretur
901 851 910 868 ,
949 823 1008 860 vix
1030 831 1139 869 posse
1159 821 1347 858 hominum

257 887 442 926 consertio
462 886 726 935 colloquiisque
741 885 946 931 fruentem,
967 885 1004 922 in
1026 885 1086 922 illa
1105 883 1248 922 virtut-is
1266 885 1322 920 via
1335 909 1346 928 ,

257 961 366 998 quam
384 950 461 998 ipse
479 949 668 998 amplexus
684 954 776 993 erat,
794 949 873 986 sine
891 948 993 996 lapsu
1013 947 1195 995 progredi.

311 1011 436 1060 Neque
453 1019 573 1050 tamen
591 1012 640 1049 ita
657 1017 904 1060 sequestratus
920 1017 999 1048 erat
1017 1011 1064 1048 ab
1084 1010 1272 1046 hominum
1291 1019 1352 1046 so-

261 1075 408 1120 cietate,
432 1081 470 1112 ut
488 1074 672 1112 sodalibus
689 1080 726 1112 et
745 1074 872 1111 amicis
891 1073 1058 1110 omnibus
1092 1071 1352 1110 intercluderet

264 1139 418 1176 aditum.
439 1137 609 1174 Basilium
642 1137 766 1181 enim,
798 1137 860 1184 qui
881 1146 947 1184 par
976 1135 1117 1173 vivendi
1151 1135 1352 1172 institutum

263 1199 490 1244 sectabatur,
511 1199 555 1236 ad
588 1199 788 1246 colloquia,
810 1204 848 1235 ut
867 1197 1024 1234 vidimus
1037 1225 1046 1241 ,
1065 1196 1273 1244 frequenter
1289 1195 1354 1232 ad-

268 1263 448 1299 mittebat.
467 1261 591 1308 Neque
610 1271 758 1308 prorsus
777 1261 980 1308 negligcbat
999 1260 1142 1298 sodales
1157 1259 1237 1297 illos
1251 1287 1261 1304 ,
1291 1258 1354 1306 qui

265 1325 392 1360 iisdem
403 1333 527 1360 secum
549 1323 634 1361 olim
654 1323 856 1370 disciplinis
871 1323 987 1367 tinoti,
1009 1323 1222 1360 surcularem
1235 1309 1353 1359 'vitam

267 1387 580 1440 amplectebantur
590 1393 631 1424 et
651 1387 857 1424 forensibus
883 1388 1014 1426 studiis
1037 1387 1171 1425 dabant
1189 1397 1353 1434 operam.

270 1463 282 1485 ι
303 1449 490 1487 Persuasit
509 1450 620 1495 enim,
643 1451 759 1499 inquit
781 1449 950 1488 Socrates
971 1451 1102 1499 (Socr.
1124 1451 1150 1487 ιι.
1170 1450 1206 1488 6.
1225 1461 1261 1486 c.
1280 1450 1358 1498 3):

270 1509 466 1548 Theodoro
483 1519 520 1549 et
537 1511 692 1550 Maximo
705 1513 962 1561 condiscipulis
979 1514 1068 1558 suis,
1087 1514 1150 1562 qui
1176 1524 1254 1550 una
1273 1523 1356 1550 cum

271 1572 348 1620 ipso
369 1572 558 1614 Libanium
576 1577 773 1624 sophistam
793 1577 997 1622 audierant,
1017 1584 1056 1616 ut
1070 1578 1196 1615 relicta
1215 1577 1356 1626 profes-

271 1632 386 1676 sioae,
403 1645 482 1681 quae
500 1635 586 1671 nihil
604 1644 739 1682 .prtnler
753 1645 932 1685 quantum
947 1645 1142 1686 Spectarct,
1156 1639 1357 1686 simpli-cem

229 1746 233 1749 ξ
273 1695 392 1740 potius
422 1705 464 1732 ac
499 1702 644 1734 tenuem
677 1699 788 1737 vitam
816 1701 1138 1748 artilileaerc-ntiir.
1177 1713 1189 1736 ›
1213 1701 1268 1738 Ex
1302 1701 1359 1738 his

274 1757 488 1794 Theodorus
503 1758 732 1806 Mopsuestia:
763 1762 798 1799 in
816 1762 939 1800 Cilicia
965 1763 1195 1812 postmodum
1214 1763 1358 1811 episco—

271 1828 342 1867 pus
361 1819 450 1864 fnit;
473 1821 650 1860 Maximus
678 1835 767 1862 vero
797 1825 972 1871 Seleucia:
1004 1827 1040 1864 in
1076 1827 1222 1865 Isauria.
1257 1827 1360 1864 llunc

276 1891 384 1926 porro
411 1882 602 1921 Maximum
625 1886 725 1923 illum
757 1894 860 1934 putat
892 1889 1003 1928 fuisse
1023 1889 1276 1932 Hermantius,
1299 1890 1359 1936 qui

275 1941 342 1978 Clu
354 1946 525 1990 ySostomi
547 1944 684 1984 amicus
701 1955 738 1986 et
755 1950 892 1999 collega
909 1957 1001 1996 erat,
1018 1952 1150 2000 quique
1169 1951 1362 1988 coneiona-

280 2003 385 2042 batur
401 2006 552 2046 alternis
569 2019 650 2048 eum
666 2011 729 2049 illo
747 2012 900 2058 vicibus,
919 2021 960 2052 ut
975 2013 1092 2052 fertur
1119 2014 1236 2052 Tomo
1255 2015 1362 2052 tertio

275 2069 346 2106 col.
363 2067 538 2113 225,226.
562 2073 760 2111 Maximum
782 2086 927 2124 quoque
945 2083 1124 2114 meruerat
1143 2075 1364 2125 Chrysosto-

277 2142 356 2168 unus
375 2133 443 2170 sibi
465 2135 621 2172 amicum
645 2137 680 2173 in
703 2138 858 2184 cpistola
879 2139 1034 2185 quadam
1047 2139 1090 2176 ad
1107 2139 1362 2188 Olympiadem

277 2195 335 2243 (T.
355 2197 390 2233 5.
407 2209 438 2235 c.
456 2199 540 2237 610.
561 2200 587 2236 ι.
602 2201 654 2247 l).
670 2200 829 2238 Maximo
842 2203 952 2240 etiam
967 2203 1036 2240 sibi
1053 2205 1174 2242 amico
1186 2207 1364 2252 episeopo

276 2259 423 2308 scripsit
447 2261 508 2298 ille
525 2261 583 2310 (T.
611 2263 648 2300 5.
677 2275 709 2299 c.
738 2263 838 2312 700).
869 2264 1000 2302 Verum
1019 2277 1064 2304 an
1081 2267 1116 2304 in
1133 2268 1176 2304 iis
1195 2268 1285 2306 locis
1305 2275 1364 2307 ter

277 2321 371 2361 idem
385 2333 623 2372 IllelIIOI'eltil',
637 2337 682 2363 an
695 2338 796 2370 vero,
810 2329 839 2365 si
853 2329 978 2378 plures
989 2333 1076 2372 sint.
1089 2343 1219 2369 eorum
1229 2333 1364 2381 aliquis

283 2383 346 2422 ille
363 2386 411 2423 sit
429 2387 474 2425 de
491 2399 564 2435 quo
581 2387 658 2436 jam
673 2390 792 2438 agitur
805 2419 822 2436 ,.
835 2393 978 2428 nonnisi
1004 2392 1199 2430 divin:me
1219 2394 1289 2431 dici
1305 2404 1368 2442 pe-

285 2451 354 2484 test
371 2460 378 2482 :
394 2449 500 2486 multi
520 2451 651 2499 quippe
673 2459 757 2490 tunc
773 2459 885 2492 erant,
897 2455 1042 2492 nomine
1059 2455 1218 2492 Maximi.

333 2508 499 2556 Epistula:
511 2513 556 2549 ad
573 2511 788 2552 Theodorum
807 2515 955 2562 lapsum.
968 2537 1013 2544 -—-
1038 2517 1251 2556 Theodorus
1265 2515 1366 2565 vero,

289 2570 350 2638 qui
369 2573 544 2611 suadente
563 2573 718 2620 Joanne,
735 2575 912 2613 abdicatis
927 2577 1036 2617 rebus
1053 2577 1270 2624 forensibus,
1294 2581 1370 2628 pie-

289 2634 370 2667 tatis
389 2634 570 2672 cxercitiis
586 2645 668 2674 sese
687 2643 800 2674 totum
817 2638 1018 2685 dediderat,
1037 2641 1072 2679 in
1091 2642 1276 2689 proposito
1296 2652 1368 2680 non

289 2692 348 2743 diu
372 2697 547 2744 persﬁiit;
563 2699 628 2736 sed
643 2710 786 2738 rursum
803 2701 848 2738 ad
865 2703 985 2750 prisca
1003 2713 1172 2742 reversus
1187 2733 1198 2748 ,
1214 2705 1369 2742 sa-cula.

289 2755 340 2791 ria
357 2760 498 2805 negotia
517 2767 674 2800 tractare
698 2764 832 2811 capit,
857 2765 1172 2814 voluptatibusque
1202 2767 1366 2814 deditus,

290 2817 493 2859 Hermiouis
513 2825 621 2862 etiam
647 2827 776 2874 puella:
792 2827 984 2874 cujusdam
1006 2840 1133 2868 amore
1162 2829 1337 2878 ﬂagrabat
1357 2843 1367 2868 :

290 2879 420 2924 quibus
437 2886 634 2931 compertis
648 2886 808 2924 Joannes
838 2889 966 2926 intimo
989 2889 1128 2928 doloris
1143 2901 1254 2928 sensu
1283 2892 1372 2930 alie-

291 2949 385 3010 clus,
397 2948 598 3010 orationem
617 2951 686 2997 ipsi
697 2952 942 2999 longissimam
957 2955 1148 3002 misit,qua
1157 2957 1260 2994 illum
1268 2959 1371 3004 quasi

292 3008 364 3049 jam
385 3008 480 3045 vitiis
496 3009 656 3046 deditum
670 3013 878 3058 compellat,
898 3014 942 3050 ad
957 3015 1212 3060 penitentiam
1237 3018 1372 3056 cohor-

295 3069 390 3111 tans,
410 3069 456 3106 ad
475 3080 673 3116 secessum,
695 3073 739 3109 ad
759 3074 950 3119 pristinum
969 3076 1052 3113 vitae
1070 3087 1197 3124 genus,
1218 3079 1314 3127 quod
1333 3091 1374 3119 se

297 3129 470 3189 suadente
491 3139 700 3179 susceperat
720 3133 869 3180 (T.l.c.
882 3135 988 3185 505).
1008 3138 1296 3189 Exemplumque
1321 3143 1374 3180 af-

297 3185 364 3223 fert
381 3189 524 3234 juvenis
537 3191 723 3237 cujusdam
740 3195 922 3234 Phoenicis
942 3197 1074 3236 Urbani
1095 3185 1170 3244 filii,
1189 3185 1375 3243 nobilitate

298 3253 336 3316 et
355 3251 694 3316 opibus‘pollentis,
717 3257 776 3303 qui
795 3268 898 3303 cum,
920 3261 982 3307 pie
997 3268 1117 3300 motus
1136 3264 1264 3302 affectu
1279 3295 1288 3312 ,
1321 3267 1376 3304 lu-

298 3309 530 3378 dimagistris,
552 3315 656 3352 fastui
674 3319 898 3368 terrenisque
917 3324 1083 3362 omnibus
1101 3326 1246 3375 longum
1277 3309 1377 3368 vale-

299 3369 464 3442 dixisset,
487 3374 522 3412 iu
543 3384 684 3420 montes
702 3383 929 3429 ascenderat,
950 3393 986 3423 et
999 3387 1044 3424 ad
1061 3369 1244 3428 summum
1265 3393 1378 3430 virtu-

301 3435 348 3472 tis
373 3435 522 3500 gradum
553 3441 762 3486 pervenisse
791 3446 1002 3494 videbatur;
1021 3452 1084 3488 sed
1120 3461 1245 3500 postea
1275 3467 1295 3491 a
1315 3466 1378 3492 co-

299 3499 417 3544 gnatis
437 3499 615 3541 abductus
630 3513 668 3543 et
685 3509 730 3544 ad
753 3508 901 3554 pristina
932 3499 1134 3558 revocatus,
1156 3525 1176 3552 a
1195 3517 1379 3552 montibus

300 3560 336 3597 in
357 3563 514 3602 medium
533 3565 649 3605 forum
668 3579 708 3608 se
725 3573 891 3618 contulit,
911 3575 971 3612 ubi
989 3585 1083 3623 equo
1101 3583 1225 3615 rectus
1239 3606 1250 3621 ,
1270 3584 1308 3616 et
1327 3577 1380 3615 fa-

301 3628 485 3665 mulorum
525 3629 824 3682 adulator-umque
859 3638 961 3675 turba
1003 3639 1168 3685 cinctus,
1209 3639 1380 3676 cornibus

301 3692 510 3735 spectaculo
529 3700 607 3730 erat
628 3695 876 3748 :rdcmumqne
892 3709 912 3735 a
935 3700 1003 3747 piis
1027 3701 1240 3748 quibusdam
1260 3701 1380 3738 horni-

303 3752 412 3790 nibus
429 3756 563 3792 sensim
581 3757 626 3794 ad
643 3747 771 3797 sanam
793 3768 950 3799 mentem
970 3747 1160 3806 reduetus,
1183 3763 1380 3799 solitariam

305 3812 412 3849 vitam
434 3818 592 3862 repetiit,
614 3826 650 3856 et
668 3820 712 3858 ad
730 3823 870 3860 virtutis
885 3823 1025 3870 apicem
1039 3823 1184 3860 demum
1203 3825 1380 3870 pervenit.

306 3872 410 3910 “iud
430 3877 564 3922 Profert
583 3885 788 3931 exemplum
805 3886 885 3930 viri,
902 3885 962 3932 qui
981 3895 1062 3921 cum
1084 3894 1148 3932 per
1167 3885 1300 3922 multos
1318 3896 1384 3922 an-

307 3943 373 3971 nos
389 3939 496 3976 vitam
511 3943 673 3982 duxisset
697 3948 894 3995 angelicam
907 3973 919 3991 ,
939 3956 984 3983 eo
1001 3945 1146 3983 demum
1170 3956 1384 3994 progressus

309 4003 363 4034 est
378 4005 414 4036 ut
434 4001 468 4036 in
490 4002 639 4049 lupanar
652 4018 692 4044 se
717 4009 915 4052 conferret,
937 4007 1001 4046 sed
1021 4013 1144 4054 postea
1169 4018 1190 4044 a
1206 4009 1306 4046 socio
1336 4009 1382 4044 ad

1420 381 1576 428 priscam
1597 381 1706 416 vitam
1730 383 1937 421 revocatus,
1957 377 1992 412 in
2011 376 2136 413 cellula
2148 386 2194 412 se
2213 377 2399 421 C(lllClllsll,
2417 381 2467 418 ubi

1419 457 1512 494 pane
1527 447 1645 482 solum
1676 450 1710 480 et
1730 452 1822 490 aqua
1839 441 1950 478 vitam
1981 445 2206 482 susteutans,
2228 445 2339 476 tantos
2367 451 2468 486 ptum-

1418 508 1540 546 tentia:
1558 506 1697 543 fructos
1717 505 1862 549 emisit,
1897 510 1934 540 ut
1967 503 2073 540 etiam
2103 502 2280 539 miraculis
2305 503 2468 541 claruerit.

1418 571 1528 608 Addit
1560 569 1670 607 etiam
1709 568 1916 611 Valerium,
1946 565 2198 610 Florentium,
2230 565 2468 615 Porphyrium,

1417 634 1583 681 aliosque
1630 632 1729 668 viros
1773 633 1957 680 sapientes
1997 627 2178 666 Theodori
2213 627 2323 664 vicem
2363 627 2470 668 dolere

1420 695 1494 746 (T.
1514 695 1710 743 t.c.513).

1469 758 1638 807 Epistolce
1666 757 1712 794 ad
1743 755 1959 793 Theodorum
1988 754 2138 801 lapsum.
2157 772 2205 780 -—
2231 751 2381 800 Cumque
2411 765 2469 792 non

1421 828 1546 871 posset
1559 820 1681 859 statim
1699 817 1932 858 Theodorum
1950 827 1972 854 a
1995 816 2056 854 tali
2071 816 2154 852 vita:
2166 824 2302 862 genere
2317 825 2467 860 avocare,

1421 886 1502 924 aliis
1519 884 1684 933 epistolis
1700 881 1896 931 etquidem
1928 879 2053 918 multis
2068 907 2078 924 ,
2099 884 2201 916 utea
2220 877 2326 924 ipsius
2344 877 2470 916 Joannis

1420 954 1572 986 narratu
1593 946 1803 994 percipitur,
1824 943 1926 981 illum
1955 941 2111 980 sollicite
2135 942 2226 978 ursit
2243 947 2280 976 ut
2300 939 2403 986 prisca
2421 949 2469 977 rc-

1423 1017 1574 1059 peteret.
1596 1009 1673 1047 Etsi
1695 1019 1782 1046 vero
1798 1017 1870 1045 non
1885 1011 2009 1054 aperte
2027 1003 2126 1048 dicit,
2143 1003 2361 1040 Theodorum
2377 1002 2471 1040 literis

1422 1073 1499 1111 suis
1523 1071 1782 1120 respondisse,
1802 1080 1846 1107 ex
1869 1071 1948 1116 ejus
1967 1067 2086 1104 verbis
2105 1065 2204 1113 argui
2232 1073 2331 1112 posse
2355 1065 2472 1101 videtur

1424 1136 1656 1174 Theodorum
1675 1132 1838 1182 epistolis
1867 1130 2117 1180 Chrysostomi
2149 1126 2384 1175 frequentibus
2400 1137 2472 1163 enn-

1423 1201 1573 1238 citatum
1594 1228 1604 1244 ,
1626 1196 1860 1245 rcSpondisse
1877 1195 1927 1232 illi
1948 1206 1958 1230 :
1977 1203 2018 1230 se
2038 1191 2126 1230 nihil
2146 1197 2277 1228 contra
2300 1190 2354 1236 jus
2371 1189 2473 1235 fasque

1426 1266 1572 1309 facere,
1605 1261 1915 1308 llermioncmque
1929 1267 2080 1302 amare,
2111 1254 2195 1302 quia
2226 1253 2320 1290 illam
2348 1262 2472 1288 uxorem

1425 1329 1560 1366 ducere
1577 1325 1772 1373 cogitanat.
1785 1321 1866 1360 ‘Sub
1885 1321 1963 1358 lucc
1979 1325 2102 1356 autem
2119 1316 2370 1366 Chysostomus
2386 1313 2473 1350 aliam

1428 1391 1495 1438 ipsi
1513 1389 1705 1437 epistolam
1727 1385 1848 1428 misit,
1870 1395 1940 1432 qua
1959 1383 2060 1420 illum
2079 1378 2322 1418 vehementius
2339 1376 2473 1414 concita-

1429 1453 1503 1497 bat,
1526 1459 1564 1488 ιιι
1585 1451 1706 1488 missis
1725 1447 1894 1485 omnibus
1911 1443 2145 1484 saecularibus
2179 1441 2282 1479 rebus
2313 1439 2476 1488 pristinum

1429 1516 1512 1552 vita:
1530 1522 1644 1562 genus
1662 1516 1858 1558 repeteret.

1475 1578 1564 1624 Quae
1580 1576 1654 1623 jam
1676 1574 1834 1611 diximus
1852 1583 1895 1609 ex
1915 1570 2004 1618 ipsis
2035 1564 2282 1617 Chrysostomi
2302 1562 2407 1600 verbis
2423 1571 2476 1596 er-

1427 1646 1558 1688 cerpla
1570 1641 1687 1678 fuere.
1696 1638 1820 1686 Longe
1829 1635 1938 1673 aliter
1949 1645 2026 1671 rem
2043 1631 2228 1669 constituit
2244 1627 2477 1668 'l‘illemoutius,

1428 1703 1491 1751 qui
1513 1707 1614 1750 putat
1635 1700 1786 1749 primam
1808 1698 1907 1735 illam
1933 1696 1976 1733 ad
2000 1693 2228 1732 Theodorum
2261 1689 2394 1727 missam
2413 1697 2479 1724 ora-

1431 1767 1584 1809 tionem,
1601 1775 1673 1800 non
1691 1761 1737 1798 ad
1758 1761 1864 1798 illum
1895 1760 1956 1808 qui
1993 1763 2116 1806 postea
2137 1755 2321 1802 episcopus
2337 1751 2480 1797 Mopsue-
2501 1771 2507 1775 -

1431 1829 1512 1866 stin:
1531 1826 1616 1870 fuit;
1645 1824 1708 1862 scd
1729 1823 1773 1860 ad
1800 1823 1911 1860 alium
1941 1818 2192 1868 cognominem
2212 1816 2348 1853 missam
2366 1812 2480 1854 fuisse,

1431 1891 1491 1938 qni
1513 1889 1680 1926 similiter
1693 1893 1888 1935 postquam
1911 1883 2086 1920 mundum
2104 1881 2304 1928 reliquerat,
2322 1883 2432 1912 rursus
2445 1870 2482 1908 ad

1432 1951 1621 1992 smcularia
1642 1950 1868 1988 convolarat.
1892 1947 1979 1996 Ejus
1999 1951 2208 1994 argumenta
2233 1941 2345 1978 omnia
2363 1936 2482 1984 depuli-

1433 2027 1538 2060 mus,
1561 2015 1722 2062 illudque
1742 2014 1776 2050 in
1800 2013 1944 2060 primis,
1978 2009 2072 2058 quod
2103 2009 2178 2056 ipse
2209 2005 2392 2043 maximum
2421 2009 2485 2036 0m-

1435 2079 1536 2116 nium
1568 2087 1650 2114 esse
1680 2082 1808 2125 putat,
1826 2081 1956 2122 estque
1989 2071 2217 2120 huiusmodi:
2236 2065 2431 2105 Theodorus
2457 2062 2484 2097 in

1434 2141 1594 2182 secunda
1622 2139 1773 2188 epistola
1808 2143 2029 2176 memoratus
2051 2133 2214 2172 nondum
2242 2127 2359 2178 viginti
2390 2133 2486 2162 annos

1435 2187 1666 2256 expleverat;
1687 2204 1722 2240 in
1744 2202 1861 2250 prima
1895 2209 1982 2237 vero
2000 2198 2090 2236 dixit
2109 2194 2296 2233 Theodoro
2327 2201 2391 2228 non
2420 2187 2487 2256 plus

1435 2248 1697 2316 quinquaginta
1716 2248 1797 2302 vita:
1815 2271 1932 2300 annos
1950 2261 2017 2310 ipsi
2047 2266 2262 2306 superesse,
2293 2260 2330 2290 ut
2354 2248 2485 2316 adﬂabi-

1434 2311 1774 2368 mam'seucctutem
1789 2324 2004 2374 perveniret.
2022 2322 2182 2368 [linoque
2198 2317 2310 2365 arguit
2323 2315 2378 2352 ille
2385 2311 2488 2374 Theo-

1436 2393 1566 2430 dorum
1576 2391 1675 2428 illum
1687 2373 1840 2437 primum
1850 2385 2087 2435 quadraginta
2101 2390 2275 2418 armorum
2289 2385 2368 2414 tunc
2378 2373 2486 2437 fuisse.

1439 2455 1537 2492 illam
1559 2432 1723 2491 ultimam
1737 2432 1960 2488 senectutem
1971 2447 2020 2484 de
2037 2441 2276 2492 nonagenario
2293 2443 2418 2476 tantum
2430 2432 2488 2470 dici

1439 2527 1547 2565 posse
1567 2522 1710 2563 putans.
1733 2512 1949 2551 Theodorus
1967 2519 2054 2546 vero
2071 2507 2176 2551 alter,
2206 2503 2266 2552 qui
2284 2509 2361 2565 tunc
2380 2495 2490 2545 vigesi-

1440 2562 1538 2618 mum
1557 2562 1691 2617 annum
1711 2575 1866 2624 agebat,
1884 2572 2014 2610 additis
2032 2575 2158 2618 postea
2173 2562 2416 2614 quinquaginta
2434 2568 2488 2594 an-

1441 2645 1498 2682 nis
1515 2640 1816 2690 septuagenarius
1835 2644 1970 2674 tantum
1987 2633 2130 2671 fuisset.
2166 2631 2238 2666 Iloc
2261 2627 2489 2690 argumentum

1441 2708 1477 2744 ni
1495 2683 1604 2742 fallor
1621 2683 1766 2752 egregie
1783 2700 1904 2748 depuli
1925 2699 1959 2735 iu
1975 2696 2110 2734 Manilo
2126 2693 2168 2730 Τ.
2193 2693 2208 2729 t
2234 2690 2344 2727 initio.
2357 2683 2422 2752 Sed
2443 2691 2492 2717 sc-

1441 2769 1602 2806 cundum
1624 2767 1701 2804 hate
1727 2766 1764 2804 in
1782 2765 1901 2802 locum
1929 2760 2055 2804 incidi,
2079 2767 2184 2806 quem
2206 2751 2358 2791 nondum
2384 2746 2492 2812 alii?"

1442 2838 1572 2874 teram,
1591 2831 1630 2867 in
1649 2839 1723 2878 quo
1753 2827 1897 2864 videtur
1913 2805 2194 2868 Chrysostolnus
2216 2815 2296 2854 data
2312 2820 2412 2860 opera
2427 2805 2491 2878 Ti}:

1442 2893 1604 2931 lenientii
1644 2874 1754 2928 telum
1783 2888 1983 2937 depellere.
2015 2874 2490 2937 Commentariun-temptant"

1445 2927 1654 3002 signa
1664 2927 1691 2990 ῑ
1720 2927 1766 2988 ad
1781 2927 1986 2988 Corinthios
1999 2945 2056 2992 (τ.
2069 2944 2126 2980 ιο.
2140 2953 2172 2980 c.
2185 2938 2244 2975 55.
2258 2932 2420 3002 [δελ-(ις
2433 2927 2492 3002 si:

1440 2995 1542 3055 crate
1579 3015 1732 3064 loquens
1760 3013 1832 3049 ait:
1849 3010 1894 3048 Et
1925 3018 2004 3046 cum
2031 3007 2078 3042 ad
2111 3009 2294 3041 extremam
2315 2995 2493 3064 le‘necmft'f-n

1445 3057 1650 3127 pervenisset
1671 3087 1684 3114 :
1703 3074 1832 3112 dicebat
1847 3072 1937 3108 enim
1951 3081 1986 3106 se
1999 3076 2168 3104 annorum
2202 3057 2406 3127 εεριιιαθὶηξσ
2421 3059 2492 3127 “fe:

1443 3116 1582 3188 quando
1599 3140 1702 3176 vitam
1715 3135 1881 3182 despexit.
1904 3132 1982 3170 Jam
2005 3129 2105 3166 vides
2123 3128 2171 3163 ita
2202 3116 2406 3170 explicanda
2424 3119 2494 3188 cio

1445 3182 1524 3238 ioca
1542 3211 1562 3238 a
1579 3197 1810 3237 Tillemontio
1829 3195 1948 3236 allata,
1965 3191 2058 3228 utde
2075 3187 2200 3226 eodem
2214 3186 2248 3221 in
2267 3187 2408 3226 utraque
2423 3182 2491 3218 ept-

1447 3264 1536 3301 stola
1555 3261 1748 3299 Theodoro
1767 3258 1948 3304 loquatur.
1970 3254 2007 3290 ln
2027 3252 2142 3300 prima
2159 3248 2244 3286 dicit
2263 3249 2370 3280 annos
2382 3242 2490 3304 super:

1447 3336 1528 3364 esse
1545 3322 1800 3372 quinquaginta
1817 3302 1858 3355 ut
1874 3317 1919 3354 ad
1937 3322 2136 3354 extremam
2157 3311 2372 3372 senectutem
2390 3302 2495 3372 lteri“:

1449 3388 1536 3432 nia-t,
1557 3362 1598 3422 in
1614 3362 1772 3422 secunda
1783 3391 1870 3418 vero
1883 3380 1982 3416 illum
1997 3385 2130 3414 annum
2148 3371 2290 3410 circiter
2308 3362 2496 3432 vigesima-f-n

1449 3423 1630 3496 attigisse:
1647 3447 1682 3483 in
1697 3443 1808 3481 allato
1821 3448 1940 3478 autem
1956 3441 2035 3476 loco
2048 3433 2269 3496 septuaginta
2281 3435 2388 3465 annos

1451 3478 1624 3550 ext:emte
1650 3506 1848 3546 senectutis
1861 3513 1944 3542 esse
1963 3501 2106 3538 dicitur.
2120 3493 2246 3534 Iisdem
2275 3497 2356 3528 usus
2375 3478 2501 3550 resilit-Ii

1449 3544 1686 3622 διδέξᾶοῶ
1693 3580 1735 3608 us
1745 3569 1816 3606 duo
1834 3567 1893 3605 illa
1906 3567 1999 3608 loca,
2011 3571 2090 3610 quae
2101 3552 2345 3622 Tit-tempatius
2363 3544 2503 3622 ξῖιξςξξθ

1451 3602 1614 3684 putabat,
1629 3631 1812 3673 conciliat,
1828 3634 2011 3672 unumque
2024 3602 2106 3660 esse
2117 3615 2344 3684 Theodorum

1501 3663 1614 3734 Circa,
1625 3703 1760 3733 annum
1781 3661 1881 3734 vero.
1900 3661 1973 3736 qu;
1992 3685 2049 3722 δῖε
2068 3683 2210 3728 $0739“c
2239 3677 2324 3736 5"“!
2339 3661 2498 3736 “P‘S‘f'f:

1454 3769 1474 3795 a
1494 3757 1728 3795 Tillelnontio
1748 3764 1822 3792 non
1858 3725 2052 3788 dissentior
2071 3743 2165 3780 circa
2195 3725 2504 3816 secund:'m;:iii':

1994 3808 2063 3816 -ΔΛ
2133 3812 2142 3816 _
2183 3804 2300 3816 um...
2332 3800 2376 3816 an

1455 3827 1557 3868 putat
1573 3820 1744 3866 scriptam
1759 3817 1870 3852 fuisse
1887 3821 1983 3850 anno
1994 3808 2064 3848 369
2080 3812 2146 3868 :at
2179 3783 2500 3868 οίιηιιςξιώαιξῗξᾞξ

1454 3847 1670 3924 arbitratur:
1695 3879 1846 3926 primam
1879 3882 2022 3922 quorum
2043 3867 2170 3906 “dem
2195 3847 2506 3926 Circi?

1593 3909 1925 3980 eodeni
1938 3909 2074 3972 hinnito
2093 3922 2251 3976 probavi-
2275 3917 2388 3983 "Tm

1465 4012 1522 4043 est
1545 4004 1639 4053 quod
1659 4003 1842 4050 negotium
1874 3999 2051 4036 facessere
2083 3989 2204 4040 possit.
2231 3983 2288 4020 Ait
2315 3971 2511 4020 Chryso‘io'
