2694 4342
241 308 286 348 89
997 297 1118 338 NUNC
1145 296 1321 336 PRIMUM
1349 297 1616 336 ADORNATA.
2410 311 2456 347 ρο

243 397 320 426 mus
339 386 375 424 in
387 383 534 433 epistola
540 386 665 432 prima,
677 393 710 420 c.
721 377 803 417 502.
813 377 901 415 HS:
913 377 1016 415 Nunc
1033 375 1170 424 quidem
1188 374 1298 410 tristi-

241 449 288 486 ti
307 451 449 492 fratrum
479 447 620 484 chorum
647 449 806 492 occupat,
821 440 978 486 uoluptas
991 447 1022 476 et
1039 438 1160 476 lwtitia
1176 435 1299 482 inﬁde.

240 511 320 550 lium
338 515 686 553 corruentummccnon
693 507 857 554 juncnum
875 503 943 542 otio
965 502 1073 550 magis
1089 499 1296 536 deditorum.

227 567 302 612 illic
318 574 464 611 fratrum
483 571 633 610 chorum
651 569 726 606 vult
739 567 940 616 signiﬁcare
958 561 1210 604 Tillemontius
1221 569 1298 601 em-

239 642 310 673 tum
327 633 598 678 monachorum,
618 631 771 678 hincque
791 627 934 676 probari
949 629 1050 674 putat
1066 621 1299 661 Theodorum

239 698 342 736 istum
371 697 481 734 alium
508 706 528 732 a
556 695 818 742 Mopsuesteno.
847 690 981 728 Verum
1011 687 1057 728 de
1080 683 1300 723 monasterio

238 768 272 797 et
307 759 352 797 de
383 757 568 796 monachis
608 767 653 794 ne
693 756 751 803 γρῦ
783 752 927 802 quidem
967 751 1024 788 hic
1060 749 1148 786 dicit
1179 746 1298 794 Chry-

237 829 428 864 soStomus,
455 819 500 857 de
513 818 640 866 quibus
651 815 869 854 mentionem
901 811 996 850 baud
1013 810 1121 849 dubie
1142 809 1301 846 facturus

239 889 326 928 erat,
345 882 374 918 si
396 881 455 919 ille
471 891 516 918 ex
532 897 536 902 ·
551 879 768 917 monasterio
789 877 946 920 exiisset,
971 874 1034 912 sed
1057 884 1120 922 per
1151 871 1299 911 fratrum

239 944 390 981 chorum
411 943 468 980 hic
485 942 632 979 omnino
648 950 778 977 vocare
805 936 946 976 videtur
971 937 1120 974 chorum
1141 933 1300 972 fideliqu

241 1012 338 1044 recte
351 1005 560 1048 viventium,
576 1013 667 1052 quos
683 1013 753 1040 non
790 1001 904 1040 semel
940 1001 1069 1037 fratres
1089 999 1148 1036 ille
1181 1003 1300 1043 vocat,

239 1073 275 1105 et
318 1068 465 1116 opponit
493 1067 682 1104 conventui
707 1065 902 1105 infidelium
921 1070 957 1102 et
985 1063 1154 1112 juvenum
1176 1071 1302 1100 eorum

240 1130 298 1177 qui
319 1131 392 1166 otio
407 1135 443 1166 et
459 1129 622 1176 segnitiei
641 1128 750 1166 dediti
766 1133 880 1165 erant.
892 1127 966 1164 lmo
987 1136 1088 1170 vero,
1107 1124 1203 1174 quod
1215 1134 1303 1163 sane

239 1192 351 1230 miror
369 1191 484 1230 virum
509 1193 667 1229 omnium
691 1191 793 1239 longe
819 1191 1127 1228 accuratissimum
1148 1199 1218 1227 non
1237 1188 1304 1226 ad-

241 1255 400 1300 vt-rtisse,
417 1253 451 1291 in
469 1254 580 1303 prima
597 1254 763 1292 secunda:
775 1253 934 1300 epistola:
950 1251 1114 1301 periodo,
1130 1252 1180 1290 ait
1193 1251 1305 1300 Chry-

238 1323 418 1355 sostomus
434 1316 557 1354 dolere
575 1327 628 1362 se,
643 1315 738 1364 quod
757 1327 797 1355 se
815 1327 859 1354 ex
889 1319 1035 1364 fratrum
1061 1315 1218 1363 catalogo
1237 1314 1304 1352 de-

241 1376 374 1416 let-crit.
956 1378 961 1385 '

288 1439 356 1480 Tot
389 1439 636 1489 Cbrysostomi
671 1440 784 1478 literis
809 1440 952 1478 tandem
973 1445 1162 1478 revocatus
1188 1439 1307 1477 Theo-

246 1500 355 1540 dorus
380 1513 448 1543 una
473 1513 552 1540 cum
582 1503 735 1540 Maximo
763 1503 863 1550 (Soz.
892 1503 918 1542 ι.
943 1504 980 1541 8.
1001 1514 1032 1540 ε.
1061 1503 1114 1551 2),
1145 1509 1182 1540 et
1210 1502 1306 1541 haud

240 1566 346 1604 dubie
359 1566 491 1604 Basilio
504 1566 678 1606 Joannem
694 1567 942 1616 frequentabat
961 1567 1078 1615 (Socr.
1097 1567 1122 1604 Ι.
1139 1566 1174 1604 6.
1190 1578 1222 1604 c.
1240 1565 1278 1614 5)
1296 1579 1305 1607 :

241 1637 384 1674 unaque
403 1627 560 1670 collecti,
580 1638 702 1665 veram
719 1628 982 1677 philosophiam
1005 1629 1080 1666 sive
1097 1628 1307 1666 monasticis

241 1689 395 1729 similem
414 1689 520 1726 vitam
545 1690 788 1728 sectabantur.
809 1690 1030 1738 Scripturam
1051 1701 1140 1728 vero
1167 1701 1306 1731 sacram

239 1759 275 1789 et
293 1751 493 1789 doctrinam
513 1753 794 1792 ecclesiasticam
820 1753 1006 1792 discebant
1035 1764 1102 1790 una
1124 1764 1206 1791 cum
1227 1764 1305 1790 mo-

240 1815 387 1853 nasticis
415 1816 617 1860 exercitiis,
650 1815 859 1853 doctoribus
888 1815 1059 1861 Diodoro,
1089 1815 1149 1863 qui
1181 1822 1304 1864 postea

239 1879 426 1917 Tarsensis
449 1880 640 1928 episcopus
667 1879 746 1923 fuit,
768 1886 806 1917 et
830 1879 1008 1923 Carterio,
1036 1879 1095 1926 qui
1125 1888 1194 1915 una
1222 1888 1303 1916 cum

241 1941 395 1983 Diodoro
415 1941 630 1978 monasteria
649 1941 873 1981 Antiocltena
890 1941 1052 1979 curabat.

283 2003 434 2040 Joannes
461 2003 685 2051 episcopalem
703 2003 902 2052 dignitatem
922 2003 1032 2051 fugit,
1060 2002 1222 2052 illumque
1242 2002 1305 2039 Ba-

239 2068 312 2106 silio
325 2068 472 2116 conferri
495 2074 606 2104 curat.
624 2088 671 2094 —
688 2067 752 2105 His
779 2077 866 2115 ergo
893 2067 1024 2104 studiis
1041 2077 1187 2115 operam
1208 2066 1304 2104 dedit

239 2129 335 2168 istaec
355 2137 475 2167 sancta
490 2136 527 2167 et
544 2129 678 2168 selecta
694 2129 880 2176 juventus.
891 2129 1050 2167 Joannes
1061 2139 1146 2166 vero
1160 2128 1306 2167 assidue

240 2206 317 2232 cum
348 2195 479 2232 Basilio
508 2194 688 2241 colloquia
717 2192 894 2230 miscebat
921 2192 1058 2241 (Chrys.
1087 2192 1130 2229 de
1157 2191 1302 2228 Sacerd.

240 2257 266 2293 t.
287 2257 336 2306 l),
358 2265 396 2294 ut
427 2257 502 2305 ipse
529 2256 639 2294 refert
664 2255 755 2293 libro
786 2255 902 2303 primo
932 2255 979 2292 de
1007 2254 1232 2299 Saccrdotio,
1261 2253 1306 2291 de

241 2320 318 2355 vita:
337 2320 539 2364 sanctitate,
555 2319 600 2356 de
615 2318 805 2356 virtutibus
821 2317 988 2356 asceticis
1005 2317 1121 2366 deqtte
1134 2318 1214 2355 aliis
1229 2318 1307 2366 qui-

241 2379 393 2419 buslibet
407 2382 452 2420 ad
471 2383 638 2429 pietatem
659 2381 920 2429 spectantibus.
941 2381 1032 2419 Dum
1058 2381 1092 2418 in
1112 2380 1168 2419 bis
1183 2391 1307 2418 versa-

240 2451 375 2490 rentur,
413 2452 600 2493 pastquam
637 2455 732 2484 anno
767 2443 838 2482 570
873 2443 1034 2482 Meletius
1071 2443 1107 2480 in
1139 2443 1306 2481 exsilium

243 2506 374 2544 missus
395 2507 522 2554 fuerat,
541 2518 623 2546 cum
641 2506 868 2554 episcopales
887 2506 1053 2554 quaedam
1074 2505 1180 2542 sedes
1199 2515 1306 2542 vaca-

242 2576 335 2614 rent,
354 2581 474 2607 runtor
488 2581 634 2618 sparsus
647 2577 716 2615 est,
736 2569 915 2607 Joannem
932 2574 969 2606 et
983 2567 1154 2606 Basilium
1174 2575 1212 2605 ut
1227 2567 1308 2605 illas

243 2629 348 2667 sedes
375 2630 562 2677 implerent
586 2632 631 2669 ad
658 2631 899 2681 episcopalem
923 2631 1135 2679 dignitatem
1163 2639 1308 2678 promo-

244 2691 380 2730 vendos
397 2703 490 2730 esse.
513 2693 566 2731 lie
583 2701 764 2742 comperta
781 2695 940 2733 Joannes
964 2694 1094 2731 timore
1120 2692 1308 2740 perculsus

243 2762 299 2792 est
315 2769 324 2794 :
345 2766 384 2793 se
398 2756 509 2800 enim,
526 2757 572 2793 ita
590 2767 717 2804 nempe
734 2757 916 2795 modestus
936 2763 1028 2802 erat,
1047 2763 1146 2794 tanto
1164 2757 1306 2794 muneri

243 2817 346 2866 longe
362 2819 534 2866 imparem
555 2820 722 2866 putabat;
739 2830 784 2858 ne
799 2831 882 2858 vero
899 2821 944 2858 ad
963 2821 998 2858 id
1017 2821 1166 2858 honoris
1181 2819 1239 2857 vel
1253 2820 1307 2857 in-

243 2882 336 2919 vitus
354 2888 557 2930 raperetur,
576 2892 660 2920 sese
676 2883 878 2920 occultandi
892 2884 1082 2922 consilium
1098 2884 1190 2920 iniit.
1211 2883 1309 2920 Inter

244 2943 319 2983 haec
343 2945 495 2983 Basilius
523 2945 672 2994 hujusce
701 2947 752 2985 rei
780 2946 873 2984 fama
904 2954 1102 2995 permotus,
1129 2947 1329 2984 Joannenr

246 3007 397 3044 amicum
421 3015 457 3046 et
475 3016 680 3047 consortem
699 3009 800 3054 adiit,
821 3021 926 3059 quem
947 3010 1024 3049 btet.
1053 3011 1218 3058 ignorare
1245 3020 1308 3057 pu-

246 3068 352 3106 tabat.
375 3071 426 3108 Illi
454 3081 540 3109 vero
567 3082 643 3110 rem
670 3073 798 3120 aperit,
819 3073 904 3121 quid
931 3073 1072 3112 consilii
1091 3073 1307 3121 capiendum

247 3133 294 3169 sit
325 3141 440 3182 rogat,
471 3145 516 3172 an
549 3135 894 3182 obtemperandum,
924 3147 968 3174 an
1001 3136 1234 3184 fugiendum,
1273 3136 1309 3174 in

247 3200 431 3243 utrumque
467 3203 624 3244 paratus.
659 3206 696 3236 et
727 3199 834 3239 atnici
867 3199 1043 3246 judicium
1077 3206 1306 3246 exspectans.

246 3255 397 3296 Joannes
423 3267 557 3302 autem,
576 3261 634 3310 qui
657 3267 696 3297 ut
715 3271 755 3299 se
775 3262 960 3309 indignum
981 3267 1082 3300 tanto
1103 3262 1222 3299 officio
1249 3272 1309 3299 re-

248 3316 362 3364 batur,
377 3319 426 3360 ita
440 3321 607 3359 Basiliutn
627 3323 690 3360 illo
705 3323 972 3370 dignissimum,
993 3331 1067 3361 tum
1083 3335 1128 3362 ex
1145 3329 1309 3362 anteacta

249 3379 332 3422 vita,
356 3387 426 3418 tum
453 3393 495 3424 ex
515 3391 614 3422 tanto
633 3386 865 3434 capessenda:
885 3387 1028 3424 virtutis
1045 3387 1250 3432 desiderio;
1271 3399 1311 3425 se

248 3438 413 3478 damnum
441 3443 609 3482 Ecclesia:
633 3445 769 3483 Christi
797 3448 994 3485 maximum
1022 3448 1205 3486 illaturum
1229 3459 1312 3486 esse

251 3509 390 3549 putans,
421 3505 448 3540 si
479 3512 548 3543 tam
571 3508 736 3554 probum,
763 3515 834 3545 tam
861 3509 906 3547 ad
934 3509 1088 3546 salutem
1116 3511 1311 3546 multorum

251 3563 428 3612 idoneum,
449 3578 470 3604 a
489 3580 639 3608 munere
659 3570 889 3617 suscipiendo
907 3577 1103 3616 averteret,
1125 3573 1313 3620 respoudit

252 3625 314 3670 illi,
345 3629 392 3665 rei
419 3631 718 3670 consultationem
747 3633 843 3671 aliud
865 3633 900 3669 in
930 3639 1070 3680 tempus
1097 3634 1310 3672 mittendam

251 3698 342 3734 esse,
362 3690 450 3728 nihil
473 3703 617 3742 urgere,
647 3695 734 3731 nilnil
767 3681 986 3742 praelitatut'e
1015 3695 1194 3742 agendum
1215 3707 1310 3734 esse.

253 3748 328 3792 Quo
347 3753 531 3792 tenderent
555 3757 656 3794 istaec
680 3768 752 3794 non
781 3757 976 3794 advertens
1013 3757 1187 3803 Basilius,
1206 3759 1311 3795 amici

251 3816 435 3854 consilium
454 3820 639 3866 amplexus
654 3826 724 3857 est.

301 3876 371 3914 llac
393 3880 446 3926 pia
466 3881 588 3919 fraude
608 3893 696 3919 usus
726 3887 782 3919 est
799 3881 972 3925 Joannes.
993 3888 1030 3920 et
1047 3884 1129 3930 quia
1156 3895 1231 3922 rem
1252 3896 1313 3921 nr-

255 3947 336 3984 μω
357 3951 424 3979 non
450 3943 648 3990 ignorabat,
669 3954 750 3982 sese
775 3945 978 3983 occultavit.
1007 3945 1107 3983 Haud
1131 3947 1178 3983 ita
1205 3948 1317 3984 multo

259 4002 371 4052 elapso
397 4012 568 4055 tempore,
597 4020 678 4046 cum
709 4009 738 4046 is
763 4009 824 4057 qui
852 4009 1080 4047 ordinaturus
1106 4018 1182 4048 erat
1206 4011 1316 4048 adve-

1375 373 1501 418 nisset,
1523 381 1648 422 raptus
1666 377 1819 417 Basilius
1831 381 2020 420 adducitur
2042 391 2079 421 ut
2097 385 2286 432 cpiscopus
2303 387 2451 432 ordina-

1373 441 1486 495 retur.
1507 435 1670 483 Cumque
1685 439 1924 479 reluctaretur
1940 443 2014 488 ille,
2033 445 2178 492 quidam
2197 458 2242 485 ex
2262 451 2452 495 prtesenti-

1372 493 1441 532 bus
1454 495 1487 532 ei
1502 495 1610 533 Verba
1621 497 1813 543 dederunt,
1827 501 2038 549 clamantes,
2051 506 2246 547 absurdum
2261 493 2356 556 esse,
2369 521 2452 551 eum

1373 557 1433 604 qui
1442 557 1610 596 omnibus
1626 558 1782 622 ferocior
1792 562 1979 601 videbatur
1987 565 2177 615 (Joannem
2187 570 2451 622 designantcs).

1372 628 1455 656 cum
1475 629 1602 668 magna
1629 621 1806 661 modestia
1831 623 1980 664 Patrum
2008 626 2138 674 placito
2161 621 2454 680 obtemperasse;

1372 681 1473 744 illum
1501 689 1644 728 autem,
1674 685 1780 734 longe
1807 686 2079 734 prudentiorem
2109 695 2147 728 et
2178 693 2452 744 modestiorem,

1373 742 1527 783 ferocire
1545 752 1582 783 et
1597 756 1726 784 vanam
1746 747 1897 794 gloriam
1919 756 2104 797 appetere.
2124 752 2199 791 Hac
2213 755 2364 794 delusus
2377 742 2454 797 arte

1373 807 1561 845 ordinatus
1587 817 1642 847 est
1661 810 1815 849 Basilius
1833 812 2026 860 cpiscopus
2047 815 2253 863 Rapltanem
2281 819 2314 854 in
2335 819 2454 868 Syria,

1373 873 1414 906 ut
1429 870 1661 916 probabiliter
1681 873 1862 910 existimat
1879 874 2070 914 Baronius.

1422 932 1524 970 Circa
1539 945 1674 972 annum
1695 945 1794 980 vero,
1811 947 1884 984 quo
1900 937 1978 976 haec
1991 945 2092 987 gesta
2112 939 2224 986 fuere,
2247 941 2458 983 llermantio

1375 1001 1411 1032 ct
1430 995 1659 1035 Tillemontio
1677 999 1889 1046 adstipulor,
1911 1001 1970 1049 qui
1989 1001 2115 1040 eadem
2135 1002 2179 1040 ad
2197 1015 2330 1042 annum
2349 999 2460 1044 Cltri?

1375 1057 1421 1094 sti
1453 1058 1537 1105 572,
1567 1059 1620 1096 vel
1651 1061 1795 1098 circiter
1821 1062 2002 1108 referunt,
2035 1071 2235 1114 pulantque
2265 1077 2336 1104 non
2362 1068 2458 1108 ultra

1377 1130 1510 1158 annum
1530 1122 1600 1160 571!
1621 1131 1728 1170 posse
1744 1125 1894 1162 differri.
1917 1125 2035 1164 Umnn
2055 1134 2109 1166 est
2127 1127 2222 1176 quod
2237 1140 2255 1166 a
2273 1130 2333 1167 tali
2356 1141 2457 1168 com-

1378 1185 1526 1233 putandi
1546 1187 1685 1224 ratimie
1701 1194 1870 1226 avertere
1889 1191 2018 1237 possit,
2035 1191 2129 1238 quod
2149 1203 2279 1240 nempe
2299 1193 2459 1231 Joannes

1377 1255 1464 1286 tunc
1487 1249 1549 1295 25,
1568 1250 1626 1287 vel
1652 1251 1695 1286 ad
1715 1261 1894 1288 summum
1913 1252 1959 1290 ‘27
1982 1259 2118 1291 tantum
2141 1266 2317 1294 annorum
2338 1263 2435 1298 esset
2449 1287 2458 1302 ,

1377 1318 1415 1350 et
1441 1313 1594 1351 Basilius
1624 1313 1786 1362 ejusdem
1811 1314 1956 1353 circiter
1981 1318 2112 1364 anatis,
2133 1329 2214 1366 quae
2244 1319 2288 1356 ad
2319 1326 2457 1359 tantum

1378 1377 1648 1426 snscipicndum
1670 1389 1802 1418 munus
1824 1390 1894 1418 non
1924 1379 2051 1418 idonea
2078 1381 2253 1418 videatur.
2283 1382 2354 1420 Sed
2376 1383 2461 1421 licet

1379 1445 1481 1486 tetas,
1503 1450 1570 1488 qua
1589 1441 1748 1488 episcopi
1767 1441 1994 1486 ordinantur,
2012 1442 2128 1490 major
2143 1449 2180 1479 ut
2198 1443 2391 1490 plurimum
2409 1456 2460 1482 πιε-

1379 1503 1557 1550 quit'atur,
1579 1515 1648 1542 non
1670 1503 1802 1541 desunt
1819 1504 1984 1552 cxetnpla
2005 1515 2131 1542 eorum
2147 1505 2208 1554 qui
2225 1512 2310 1544 ante
2325 1507 2374 1546 25
2391 1518 2458 1544 an-

1381 1578 1466 1604 ntun
1497 1567 1654 1614 episcopi
1684 1568 1814 1605 adiecti
1845 1574 1880 1605 et
1903 1568 2087 1607 constituti
2115 1575 2212 1611 sunt,
2239 1575 2273 1606 et
2298 1569 2459 1618 alioquin

1382 1628 1459 1676 ipse
1484 1629 1637 1666 Basilius
1665 1629 1758 1678 apud
1787 1630 2086 1679 Cbrysostomum
2117 1631 2168 1668 ait
2201 1631 2235 1668 in
2269 1632 2406 1670 crimen
2439 1645 2458 1668 ιι

1379 1691 1562 1729 nonnullis
1581 1699 1726 1728 vocatos
1753 1691 1862 1730 fuisse
1879 1702 1956 1736 eos,
1977 1692 2036 1740 qtti
2063 1703 2104 1730 se
2129 1693 2400 1738 ordinaverunt,
2425 1701 2460 1736 et

1378 1753 1438 1801 qui
1457 1753 1632 1790 Joannem
1653 1759 1689 1790 ιιι
1708 1754 1917 1801 episcopum
1935 1762 2191 1792 consecrarenl
2210 1755 2342 1792 frustra
2365 1766 2458 1804 quit:-

1377 1816 1536 1860 sicrant;
1563 1821 1685 1862 utpote
1702 1816 1762 1864 qni
1785 1823 1836 1852 tot
1857 1817 2035 1864 tantisque
2055 1817 2190 1855 relictis
2208 1817 2294 1854 viris
2309 1846 2318 1864 ,
2341 1817 2460 1856 adole-

1377 1883 1526 1922 scentes,
1557 1877 1634 1914 lteri
1655 1884 1708 1914 ’ac
1738 1878 1999 1916 nudiustertius
2027 1879 2062 1916 in
2093 1879 2329 1916 smculnribns
2361 1879 2460 1918 curis

1377 1941 1570 1984 volutatus,
1601 1948 1637 1978 ιιι
1665 1941 1708 1978 ad
1741 1941 1850 1979 brch
1880 1949 2022 1990 tempus
2049 1942 2238 1990 supercilia
2267 1943 2460 1979 eontraltu-

1378 2009 1470 2047 rent,
1488 2003 1604 2051 pullas
1623 2009 1741 2040 vestes
1760 2003 1964 2048 induerent,
1988 2005 2180 2051 vultusque
2201 2003 2383 2042 tristitiam
2405 2005 2457 2041 si-

1377 2067 1570 2112 mularent,
1591 2066 1788 2114 derepente
1811 2065 1857 2104 ad
1876 2072 2013 2104 tantum
2035 2066 2210 2104 honorem
2226 2066 2458 2113 addnxorint,

1377 2135 1550 2176 quantum
1559 2123 1616 2166 ’nc
1635 2129 1669 2165 itt
1689 2126 1827 2166 somnis
1847 2127 1990 2177 quidem
2019 2129 2162 2178 assequi
2185 2129 2431 2177 speravissent
2448 2141 2457 2167 :

1378 2201 1450 2239 quo
1465 2191 1628 2238 arguitur
1645 2191 1840 2229 admodum
1864 2192 2016 2238 juvenes
2037 2199 2121 2231 tunc
2150 2191 2262 2230 fuisse
2281 2191 2457 2232 Joannem

1377 2261 1414 2292 et
1433 2254 1604 2292 Basilinm
1623 2255 1700 2302 ejus
1720 2255 2018 2302 condiscipulum.

1427 2315 1486 2352 Sic
1513 2315 1548 2352 in
1579 2316 1788 2363 episcopum
1814 2322 2000 2364 coaptatus
2021 2317 2175 2355 Basilius
2195 2317 2316 2355 statim
2345 2316 2457 2359 Joan—

1380 2387 1462 2413 nem
1495 2376 1592 2422 adit,
1626 2383 1662 2413 et
1691 2378 1850 2425 graviter
1875 2388 1957 2414 cum
1987 2379 2050 2416 illo
2083 2381 2334 2426 conqueritur,
2363 2381 2458 2428 quod

1379 2437 1506 2476 fraude
1521 2449 1584 2476 sua
1601 2439 1645 2475 ad
1663 2445 1798 2475 tantum
1815 2450 1906 2475 onus
1926 2440 2195 2486 suscipiendum
2215 2448 2362 2478 coactus
2383 2442 2459 2480 fue-

1381 2501 1428 2539 rit
1457 2501 1596 2550 (Clirys.
1623 2501 1665 2536 de
1685 2500 1830 2538 Sacerd.
1855 2507 1879 2536 t.
1902 2503 1936 2538 1.
1961 2501 1986 2538 Ι.
2018 2501 2067 2548 Ι).
2089 2501 2180 2540 Tum
2210 2497 2391 2547 Joannes,
2421 2512 2460 2541 ut

1380 2573 1462 2600 sese
1489 2570 1670 2611 purgaret,
1694 2563 1825 2600 fatetur
1851 2573 1976 2600 revera
2005 2573 2098 2600 onus
2124 2573 2206 2602 esse
2229 2565 2379 2611 grande,
2401 2568 2457 2608 cui

1381 2625 1534 2664 ferendo
1555 2637 1594 2664 se
1614 2627 1788 2674 imparem
1814 2636 1896 2663 esse
1923 2626 2046 2662 multis
2065 2625 2112 2663 dc
2128 2626 2262 2670 causis,
2283 2637 2372 2674 quas
2390 2628 2459 2664 ibi-

1381 2690 1463 2729 dem
1488 2689 1638 2740 profert,
1663 2691 1814 2738 probare
1839 2690 1984 2734 nititur;
2013 2689 2076 2726 sed
2097 2697 2386 2738 quantaamnjue
2414 2692 2461 2728 sit

1381 2756 1612 2804 episcopatus
1633 2761 1730 2792 recte
1748 2753 1896 2802 gerendi
1917 2753 2124 2796 difticullas,
2147 2760 2318 2800 oportere
2338 2761 2456 2791 tamen

1381 2819 1478 2856 viros
1498 2819 1596 2865 eligi,
1617 2817 1678 2866 qui
1705 2816 1738 2854 id
1765 2817 1926 2854 muneris
1952 2815 2200 2862 susciperent,
2225 2824 2380 2863 cumque
2401 2817 2460 2859 ille

1381 2882 1554 2920 Basilium
1575 2881 1659 2918 ltuic
1685 2878 1896 2917 exercenda:
1915 2877 2080 2925 dignitati
2108 2876 2264 2914 maxime
2289 2877 2458 2914 idoneum

1381 2945 1632 2987 arbitraretur,
1652 2942 1741 2979 nihil
1759 2942 1906 2986 mirtnn,
1925 2941 1955 2978 si
1973 2940 2016 2976 ad
2033 2939 2066 2976 id
2082 2938 2190 2976 ofﬁcii
2208 2938 2323 2986 ipsum
2335 2939 2458 2987 deligi,

1381 3015 1554 3056 quantum
1577 3005 1630 3044 fas
1657 3005 1725 3042 sibi
1745 3011 1846 3048 erat,
1873 3002 2067 3040 curaverit.
2090 3001 2204 3039 Totus
2223 3011 2310 3038 vero
2329 3001 2460 3048 dialogi

1382 3081 1484 3108 more
1503 3080 1624 3107 sermo
1643 3067 1862 3110 contexitur,
1887 3066 1944 3103 ubi
1973 3073 2044 3101 tant
2063 3064 2237 3112 praeclare
2263 3062 2309 3100 de
2334 3073 2457 3100 sacer-

1383 3133 1506 3172 dotum
1523 3131 1712 3180 dignitate,
1733 3129 1864 3173 officio,
1887 3127 2097 3166 muneribus
2117 3125 2284 3164 edisserit
2299 3125 2458 3173 Chrysa-

1383 3205 1546 3240 stemus,
1567 3202 1605 3232 ιιι
1637 3194 1693 3230 vix
1723 3202 1846 3240 parem
1879 3191 1944 3227 hac
1965 3190 2010 3228 de
2037 3201 2077 3227 re
2098 3199 2306 3226 sermonem
2332 3188 2462 3226 alicubi

1383 3259 1558 3308 reperias.

1432 3322 1536 3360 Circa
1555 3326 1712 3366 tempus,
1733 3329 1805 3366 quo
1821 3317 1888 3354 hos
1911 3326 2098 3354 sermones
2116 3315 2227 3353 edidit
2245 3313 2464 3362 Cbrysostm

1383 3395 1480 3429 mus,
1509 3393 1583 3421 non
1613 3393 1681 3419 una
1708 3387 1765 3418 est
1791 3381 2008 3428 scriptorum
2035 3379 2228 3422 sententia,
2256 3386 2374 3424 neque
2403 3386 2465 3413 au-

1384 3447 1508 3485 diendi
1525 3451 1610 3483 sunt
1627 3445 1686 3492 qui
1702 3444 1828 3480 volunt
1844 3453 1888 3480 eo
1905 3444 1984 3491 ipso
1997 3442 2128 3490 dialogi
2143 3453 2226 3478 cum
2245 3439 2377 3480 Basilio
2398 3437 2465 3472 ha-

1385 3511 1448 3548 biti
1462 3516 1637 3556 tempore,
1651 3507 1761 3545 hosce
1777 3507 1888 3544 libros
1904 3513 1942 3544 ut
1955 3517 2050 3543 nunc
2065 3505 2258 3545 habentur,
2273 3498 2464 3544 scripsisse

1385 3573 1576 3610 Joannem.
1597 3569 1684 3608 Nam
1712 3570 1767 3607 vel
1794 3569 1870 3617 ipsa
1893 3569 2058 3606 ordiendi
2089 3567 2181 3603 ratio
2209 3561 2352 3607 ali‘l'lod
2389 3559 2464 3595 3"“

1388 3644 1491 3683 psum
1512 3641 1654 3681 tempus
1667 3632 1884 3676 subiudicat,
1899 3637 1936 3668 et
1953 3631 2066 3667 series
2081 3633 2153 3663 tota
2166 3635 2241 3662 rem
2254 3620 2462 3683 meditatam

1387 3679 1424 3735 et
1439 3698 1474 3734 in
1493 3696 1567 3734 otio
1587 3679 1798 3733 adornatam
1818 3704 1892 3741 prae
1919 3702 1959 3728 se
1979 3691 2060 3726 icrt.
2082 3688 2142 3724 Ait
2167 3685 2336 3720 Socrates
2356 3679 2466 3716 Joan-

1388 3769 1485 3803 nem,
1517 3769 1598 3796 cum
1629 3758 1803 3795 diaconus
1833 3760 1944 3796 esset,
1974 3759 2102 3794 nempe
2129 3747 2174 3782 ab
2201 3753 2298 3779 anno
2323 3742 2390 3779 581
2421 3741 2466 3803 ad

1372 3802 1520 3865 armum
1538 3821 1623 3866 386,
1643 3831 1716 3869 quo
1738 3817 1926 3866 presbyter
1955 3811 2144 3869 ordinatus
2173 3805 2260 3869 fuit,
2284 3803 2396 3869 libros
2421 3802 2468 3837 du

1389 3884 1600 3923 Sacerdotio
1615 3864 1774 3920 edidisse
1792 3877 1910 3925 (Socr.
1931 3872 1958 3907 ι.
1981 3871 2017 3906 6.
2045 3879 2075 3904 c.
2096 3866 2149 3914 5)·
2173 3864 2355 3902 mundius
2382 3875 2468 3900 Ver“

1391 3948 1587 3986 secundum
1618 3939 1954 3989 interpretationem
1988 3931 2152 3969 Latinam
2181 3928 2363 3966 Ambrosii
2398 3925 2468 3964 Ca-

1394 4009 1650 4050 maldnlcnsis,
1679 4005 1852 4041 Joannem
1881 3999 1916 4034 in
1939 3993 2132 4032 solitudine
2157 3992 2223 4028 bos
2248 3991 2358 4026 libros
2381 3989 2460 4025 emi
