2694 4342
195 307 235 346 9|
944 290 982 328 S.
1010 287 1198 327 JOANNIS
1216 280 1546 323 CIIRYSOSTOMI
1567 279 1688 324 VITA,
2379 277 2420 318 9:1

193 386 284 422 sisse
309 381 412 424 dixit,
439 386 568 424 nempe
595 373 642 411 ab
669 382 765 409 anno
788 369 939 408 circiter
966 369 1036 405 575
1066 367 1110 404 ad
1141 375 1276 402 annum

193 447 279 488 58!,
298 453 368 491 quo
389 452 433 478 ex
450 436 645 477 solitudine
661 435 696 471 in
716 434 842 470 urbem
865 431 984 469 rediit.
1003 429 1204 469 Palladium
1226 430 1278 464 itt-

193 511 404 544 eunctanter
431 510 684 549 sequeremur,
716 497 747 536 si
783 497 818 534 in
851 497 980 534 Graeco
1015 499 1138 536 textu,
1170 484 1279 540 quem

193 570 306 607 edidit
326 566 515 605 Emericus
533 563 709 612 Bigotius,
726 561 854 600 eadem
867 559 1096 608 legerentur;
1117 556 1180 594 sed
1195 565 1280 592 cum

195 632 242 670 ibi
265 641 310 669 ne
330 631 471 668 minime
487 627 634 676 quidem
655 626 722 664 hac
739 625 785 663 de
805 635 846 662 re
863 627 1085 672 compareat,
1099 632 1122 659 a
1140 619 1281 659 calculo

194 693 346 732 ferendo
363 690 662 740 supersedemus.

243 757 349 794 Auno
363 755 447 798 574,
466 763 548 791 cum
564 751 685 789 adhuc
702 749 904 788 Antiochiae
925 751 1090 784 maneret
1105 745 1280 791 Joannes,

195 819 231 855 in
259 816 458 864 periculum
480 813 620 858 incidit,
639 813 748 862 quale
775 817 900 850 narrat
926 809 1005 858 ipse
1034 810 1070 846 in
1089 809 1286 846 Commen-

195 877 290 914 tario
307 876 342 912 in
361 876 450 913 Acta
467 875 726 919 Apostolorum
753 871 813 923 (Τ.
835 872 870 910 9.
893 882 924 908 ε.
945 870 1032 907 274.
1054 881 1090 906 n.
1119 867 1172 916 5).
1193 867 1284 904 Cum

195 941 265 978 sub
285 940 442 978 Valente
464 939 691 986 Imperatore
709 935 924 985 perquisitio
937 943 1066 980 magna
1081 930 1286 970 Antiochia:

197 1002 293 1040 facta
314 1008 370 1040 est
390 1002 566 1040 librorum
586 1000 809 1048 magicorum
831 1003 868 1035 et
887 996 1166 1045 pratstigiarum,
1187 994 1285 1031 mili-

198 1072 326 1113 tesque
357 1065 494 1102 circum
530 1063 657 1100 urbem
689 1061 796 1110 positi
829 1066 929 1106 sunt,
963 1069 1010 1096 ne
1035 1058 1116 1106 quis
1143 1057 1286 1094 crimini

199 1126 410 1176 hujusmodi
431 1126 628 1170 obnoxius,
659 1117 754 1162 elabi
780 1128 928 1171 posset;
953 1127 1028 1158 tum
1057 1119 1202 1167 quidam
1225 1118 1286 1166 qui

200 1189 332 1227 librum
352 1187 557 1234 hujusmodi
579 1187 715 1224 fecerat
731 1193 767 1223 et
787 1185 996 1232 scripserat,
1018 1193 1064 1220 ne
1084 1182 1290 1229 deprehen-

201 1251 364 1294 derctur,
397 1251 526 1287 librum
558 1249 594 1285 in
625 1248 759 1285 flumen
791 1246 957 1294 projecit.
981 1243 1054 1282 Sed
1082 1254 1165 1281 cum
1193 1240 1289 1278 haud

203 1313 322 1350 dubiis
339 1313 480 1350 iudieiis
495 1317 619 1348 notum
635 1317 730 1348 esset
745 1309 876 1346 librum
893 1308 940 1344 ab
955 1308 1016 1345 illo
1031 1307 1288 1344 concinnatum

201 1377 326 1419 fuisse,
345 1387 365 1412 a
384 1375 559 1412 militibus
576 1380 704 1421 captus
721 1379 790 1417 est,
811 1373 872 1420 qui
891 1378 930 1408 ut
948 1371 1082 1408 librum
1103 1369 1208 1406 daret
1227 1378 1290 1404 ex-

203 1440 387 1487 petebant.
409 1438 471 1475 llle
500 1447 588 1474 vero
602 1437 676 1484 jam
697 1436 784 1473 dare
803 1445 872 1472 non
895 1439 1049 1481 poterat,
1075 1431 1156 1476 sed,
1179 1437 1218 1467 ut
1237 1430 1290 1468 vi-

203 1503 322 1544 detur,
356 1511 396 1537 se
427 1499 557 1537 fecisse
588 1498 756 1547 negabat,
786 1508 912 1535 verum
938 1495 1052 1533 auctis
1083 1493 1225 1535 iudiciis
1253 1498 1292 1530 et

204 1561 492 1612 probationibus,
509 1571 638 1608 poenas
653 1560 766 1597 dedit.
788 1560 877 1597 Dum
897 1560 1084 1605 conjectus
1104 1558 1138 1594 in
1155 1557 1290 1594 flumen

205 1624 299 1661 liber
327 1624 578 1670 incompaetus
607 1628 874 1670 supernataret,
901 1621 1033 1659 accidit
1065 1627 1104 1658 ιιι
1132 1620 1292 1659 Joannes

207 1692 333 1722 noster
349 1695 430 1721 cum
449 1684 549 1722 socio
569 1684 613 1720 ad
633 1685 844 1732 martyrium
860 1695 924 1721 seu
946 1684 1136 1720 ecclesiatn
1157 1682 1290 1731 Marty-

207 1759 287 1784 rum
297 1756 476 1794 porgens,
495 1747 597 1792 juxta
625 1746 761 1783 ﬂumen
785 1747 854 1784 iter
875 1746 1024 1783 faceret.
1053 1746 1184 1784 Socius
1209 1755 1294 1782 vero

209 1811 394 1857 ipsius,-ut
415 1811 459 1846 ad
480 1821 580 1846 oram
601 1816 896 1856 superuatantem
925 1809 1059 1846 librum
1082 1811 1195 1855 vidit,
1227 1810 1296 1847 lin-

211 1876 308 1908 teurn
327 1882 408 1908 esse
439 1872 590 1918 putavit,
618 1882 661 1908 ac
691 1871 920 1909 descendens
946 1873 1100 1920 accepit.
1133 1873 1294 1910 Joannes

210 1939 502 1980 veroantequam
517 1933 602 1981 quid
623 1933 657 1970 id
673 1939 770 1970 esset
783 1935 951 1978 sciretur,
973 1941 1128 1982 reperto
1146 1936 1198 1973 rei
1215 1947 1296 1982 par-

210 1998 283 2029 tem
305 1994 349 2030 ad
367 2005 406 2031 se
427 1995 608 2042 pertinere
631 1995 780 2033 ridendo
799 1997 1056 2035 contendebat.
1075 1997 1168 2034 Tum
1191 2008 1296 2035 revo-

211 2055 284 2092 luta
318 2057 446 2104 pagina
483 2059 603 2095 socius
635 2060 772 2106 magica
801 2060 934 2107 scripta
971 2060 1122 2098 invenit.
1156 2061 1296 2098 Accidit

213 2124 332 2154 autem
355 2124 394 2154 ut
410 2118 539 2156 eodeut
561 2126 726 2167 tempore
745 2122 848 2158 utiles
865 2122 1049 2159 transiret.
1068 2122 1159 2160 llinc
1179 2129 1296 2160 terror

214 2180 578 2226 utrumque-invasit;
603 2182 734 2218 librum
755 2183 914 2230 abjicere
935 2194 1004 2220 nou
1023 2184 1227 2230 audebant,
1252 2197 1296 2224 ne

215 2242 422 2279 viderentur
436 2244 514 2290 ejus
529 2251 696 2282 auctores
709 2256 802 2284 esse.
816 2247 976 2284 Tandem
992 2259 1080 2285 vero
1093 2249 1294 2296 projecere,

219 2311 253 2341 et
279 2305 351 2342 Deo
366 2305 516 2351 juvaute
535 2317 554 2343 a
572 2307 733 2354 periculo
747 2310 861 2356 erepti
883 2316 980 2346 Sllttl.

264 2365 516 2405 Monaclwrnm
553 2369 588 2406 in
625 2369 796 2408 utentibus
833 2371 1024 2410 Amice/tite
1061 2373 1180 2410 vicinis
1213 2375 1295 2411 vita.

217 2448 265 2454 ——
275 2427 350 2465 Hoc
372 2428 534 2468 fortassis
553 2439 683 2468 eventu
705 2435 898 2482 perculsus
917 2435 1092 2481 Joannes,
1112 2447 1296 2474 secessum

216 2489 261 2525 ad
282 2493 500 2528 monasteria
525 2493 560 2531 in
575 2495 764 2533 montibus
784 2496 986 2534 Antiochia:
1007 2498 1133 2535 vicinis
1157 2499 1272 2545 posita
1290 2528 1300 2540 .

215 2563 322 2597 quem
347 2552 484 2598 jamdiu
515 2555 636 2594 animo
658 2565 902 2604 conceperat,
932 2559 1118 2597 ardentius
1147 2561 1298 2608 appetiit

216 2611 330 2659 (Pull.
357 2615 450 2652 Diui.
468 2630 503 2664 ρ.
531 2617 605 2664 41).
627 2618 752 2667 Neque
783 2622 879 2658 enim
905 2623 954 2658 illi
977 2623 1174 2670 quidquam
1203 2636 1295 2671 pra--

216 2676 384 2715 Italiilius
408 2681 597 2718 videbatur
628 2693 710 2720 esse
739 2685 809 2721 vita
841 2685 914 2728 illa,
943 2697 1026 2735 qua:
1061 2692 1134 2725 tota
1167 2687 1299 2724 divinis

219 2739 328 2776 rebus
349 2741 488 2779 addicta
517 2751 626 2781 essut.
661 2746 702 2782 Et
721 2746 807 2793 ipse
827 2747 973 2795 quidem
992 2748 1066 2796 jam
1091 2760 1202 2795 penes
1224 2762 1300 2786 ma-

219 2805 312 2837 trem
331 2803 439 2840 vitam
461 2805 615 2843 docebat
637 2809 848 2846 monasticm
877 2820 946 2847 non
975 2810 1193 2853 absimilem,
1219 2822 1301 2858 pre-

217 2863 368 2907 cationi,
385 2864 533 2912 jejuniis
549 2895 559 2911 ,
583 2868 726 2916 vigiliis,
749 2870 1020 2918 Scripturarum
1039 2872 1187 2909 lectioni
1207 2875 1298 2908 assi-

219 2923 291 2960 due
313 2925 483 2972 intentus,
507 2930 666 2968 inclusus
688 2942 833 2979 semper
854 2944 1018 2978 manens,
1039 2941 1075 2971 et
1090 2943 1300 2981 segregatus

219 2988 386 3052 ahsmculo
403 2997 436 3026 et
449 3000 468 3026 a
489 2993 724 3031 sazcularibus
736 2995 912 3041 negotiis;
928 3002 1086 3032 attamen
1103 2997 1146 3032 ad
1160 3004 1301 3034 montes

221 3045 318 3082 illum
343 3052 514 3089 evocabat
535 3055 604 3090 vita
626 3055 683 3091 illa
707 3057 968 3094 monachorum
992 3058 1170 3105 angelica,
1191 3070 1298 3104 quam

222 3117 292 3144 non
315 3114 425 3148 semel
449 3115 523 3161 ipse
543 3116 728 3154 describit.
751 3119 803 3155 llli
831 3131 1004 3166 namque,
1025 3121 1084 3168 qui
1113 3122 1299 3158 smcnlaria

222 3171 341 3208 etruria
358 3173 623 3221 abdicarerant,
643 3179 704 3216 diu
731 3188 815 3218 ante
837 3181 953 3218 lucem
971 3182 1131 3230 quotidie
1151 3194 1302 3230 surgere

224 3239 498 3300 c"_"5“°"°"3"l.
519 3246 554 3276 et
584 3252 653 3278 una
683 3243 823 3280 eollecti
851 3255 976 3291 preces
1002 3245 1202 3282 fundebant
1230 3247 1300 3282 llo-

225 3299 325 3330 miuo
351 3299 612 3346 supplicantes,
645 3311 684 3338 tll
717 3304 751 3340 in
777 3306 896 3342 medio
927 3307 1169 3352 periculorum
1195 3307 1302 3352 hujus

224 3354 311 3391 vita:
329 3355 428 3393 illtusi
449 3362 689 3406 prteterireut,
705 3375 748 3402 ac
767 3365 914 3404 demum
935 3375 1018 3405 ante
1036 3368 1196 3405 tribunal
1212 3368 1300 3404 illud

221 3423 425 3452 extri-tnum
450 3417 530 3455 sine
560 3426 658 3456 metu
693 3427 730 3456 et
762 3421 896 3459 datnno
927 3423 1158 3460 accederent.
1180 3423 1304 3458 Tune-

220 3491 293 3529 qtte
321 3487 514 3528 surgentes
541 3481 651 3518 ltoras
672 3485 866 3521 matutinas
887 3487 1106 3532 psallebant,
1141 3496 1206 3522 nec
1227 3494 1306 3520 nio-

221 3543 306 3581 dico
342 3545 376 3581 in
413 3544 470 3582 his
497 3546 625 3584 officiis
661 3548 843 3596 insumpto
875 3557 1054 3597 tempore,
1077 3551 1120 3587 ad
1143 3551 1304 3586 laborem

223 3618 396 3644 tux-unum
420 3608 678 3655 properabant.
705 3610 796 3648 Tum
825 3612 885 3648 alii
916 3620 1051 3649 terram
1083 3613 1222 3656 fodere,
1245 3613 1305 3649 alii

223 3668 322 3706 olera
351 3676 388 3706 et
418 3670 601 3717 legumina
631 3683 780 3716 curare.
815 3673 876 3710 alii
904 3685 1036 3720 aquam
1066 3683 1222 3721 gestare,
1247 3675 1306 3712 alii

225 3729 334 3766 cistas
367 3741 404 3768 et
442 3734 559 3770 cilicia
597 3735 740 3783 aliaque
779 3736 984 3782 bujusmodi
1023 3744 1150 3772 texere
1191 3749 1199 3772 :
1241 3747 1308 3772 nec

226 3789 471 3841 deerant-qui
511 3796 613 3832 libris
644 3799 848 3834 scribendis
886 3803 922 3834 et
957 3799 1208 3833 exscribendis
1242 3799 1308 3834 (la-

229 3859 310 3887 rem
331 3865 476 3900 "lteram
500 3858 558 3906 (Τ.
579 3861 614 3895 7.
636 3873 666 3896 ε.
690 3861 774 3898 615.
797 3873 831 3896 u.
855 3861 890 3896 5.
913 3859 997 3896 ϐὺί.
1022 3871 1056 3895 n.
1089 3860 1122 3895 5.
1148 3860 1189 3895 Τ.
1221 3861 1251 3896 1.
1275 3871 1308 3895 (⁸.

229 3912 313 3948 ϋιῖ).
329 3925 363 3948 n.
383 3915 434 3963 '5}.

277 3975 420 4015 Partem
467 3984 573 4018 etiam
621 3985 878 4022 matutiuarum
927 3983 1098 4019 horarum
1143 3981 1302 4027 legendis

1351 360 1390 397 S.
1409 359 1605 405 Scriptura:
1626 356 1728 392 libris
1746 352 1970 391 iusuutebaul
1993 381 2000 397 ,
2026 351 2178 398 Indeque
2196 351 2357 400 quidquid
2379 355 2419 390 ad

1353 421 1550 458 severioris
1585 417 1788 464 disciplina:
1825 417 1938 463 legem
1971 415 2165 461 pertineret
2193 414 2410 451 hauriebam.

1354 482 1522 522 Universi
1546 492 1669 530 porro,
1693 489 1767 516 tum
1789 479 1810 516 ii
1831 479 1890 526 qui
1908 476 2116 514 excolenda:
2139 483 2242 513 terra:
2261 479 2419 513 exet-cidit

1355 557 1436 584 sese
1455 545 1646 588 dederant,
1677 550 1752 580 tum
1780 543 1840 579 alii
1869 542 1928 590 qui
1961 542 1996 578 in
2026 540 2166 578 ecllulis
2194 540 2266 576 suis
2289 535 2425 579 texendi

1355 609 1413 647 vel
1433 607 1636 646 consueudi
1658 605 1816 643 officium
1844 603 2078 652 peragebant,
2103 607 2272 650 perpetuo
2289 603 2420 639 silentio

1355 671 1491 710 addicti
1511 676 1632 708 erant.

1405 734 1444 772 Si
1464 741 1584 770 tamen
1601 730 1796 770 sccculares
1810 729 1934 778 aliqui,
1957 735 2028 766 tam
2051 739 2087 766 sa
2097 733 2188 765 acta:
2203 756 2212 773 ,
2235 727 2304 764 tam
2323 735 2422 765 arcta:

1357 797 1442 834 vita:
1470 796 1563 833 fama
1592 793 1762 842 permoti,
1792 792 1836 830 ad
1861 792 2011 830 cellulas
2043 801 2168 828 eorum
2199 789 2419 834 accederent;

1358 869 1430 896 non
1456 859 1531 906 jam
1560 857 1728 895 tacebant
1751 857 1816 900 illi,
1845 855 1908 894 sed
1933 855 1978 892 de
2007 847 2051 891 iis
2069 865 2149 901 qua:
2179 853 2221 890 ad
2250 853 2422 900 przrsentis

1357 921 1441 958 vita:
1463 927 1711 968 contemptqu
1729 925 1766 956 et
1788 918 1916 955 futura:
1937 915 2341 964 beatzequedesiderium
2355 915 2422 950 alli-

1358 995 1444 1022 cere
1473 989 1640 1031 poterant
1663 981 1758 1020 baud
1787 981 1968 1018 il'libeuter
1997 979 2106 1016 verba
2126 977 2310 1014 faciebant.
2331 977 2422 1014 Unde

1360 1047 1541 1084 interdum
1574 1045 1778 1089 accidebat,
1811 1051 1851 1082 ut
1881 1043 1904 1080 ii
1937 1043 1998 1090 qui
2030 1043 2098 1079 hos
2132 1040 2302 1078 invisendi
2327 1050 2422 1076 causa

1361 1114 1500 1146 tantum
1531 1114 1722 1150 venerant,
1750 1106 1816 1144 illo
1847 1105 2004 1154 perculsi
2033 1103 2254 1152 spectaculo,
2282 1102 2422 1150 idipsum

1359 1171 1444 1209 vite
1463 1181 1578 1220 genus
1596 1170 1920 1218 amplecterentur.

1409 1235 1496 1272 Dies
1517 1235 1557 1271 iu
1581 1240 1702 1282 partes
1724 1239 1879 1280 quatuor
1903 1231 2092 1268 distributa
2120 1228 2212 1276 apud
2239 1229 2313 1266 illos
2333 1235 2421 1273 erat;

1361 1296 1514 1344 singula}
1545 1305 1632 1332 vero
1662 1301 1784 1342 partes
1819 1294 1946 1330 divino
1977 1291 2097 1329 officio
2133 1291 2422 1334 terminabautur;

1360 1357 1484 1395 Tertia
1503 1367 1650 1405 nempe,
1672 1355 1796 1402 Sexta,
1816 1355 1916 1392 floua
1936 1362 1972 1392 et
1991 1354 2174 1402 Vesperis,
2191 1364 2268 1401 qua:
2287 1352 2423 1390 alternis

1361 1420 1482 1458 choris
1517 1420 1742 1468 psalmorum
1781 1424 1890 1455 cantu
1925 1405 2214 1454 celebrabantur.
2249 1415 2424 1461 Postquam

1361 1495 1450 1522 vero
1465 1484 1597 1532 jejuni,
1611 1483 1707 1520 dictu
1727 1488 1842 1519 totout
1864 1482 1899 1518 in
1917 1480 2100 1528 precibus,
2119 1479 2240 1516 labore
2255 1487 2422 1518 manuum,

1363 1548 1528 1596 psalmis,
1561 1556 1665 1584 sacra
1693 1546 1850 1583 lectione
1879 1549 2146 1591 Iranscgerant,
2169 1542 2212 1578 ad
2232 1541 2342 1578 cibltut
2369 1550 2424 1575 su-

1364 1610 1535 1648 mendum
1553 1609 1697 1646 tandem
1711 1607 1992 1645 conveniebant.
2005 1606 2126 1643 Coena:
2141 1608 2329 1650 apparatus
2343 1607 2426 1638 totus

1363 1679 1444 1712 erat
1470 1671 1574 1721 panis
1592 1682 1675 1708 cum
1703 1671 1799 1716 sale,
1824 1668 1936 1716 aliqui
1959 1669 2081 1705 oleum
2109 1666 2304 1706 addebant,
2333 1671 2427 1699 senes

1365 1743 1486 1774 autem
1516 1741 1553 1772 et
1579 1734 1800 1772 inﬁrmiores
1831 1733 1930 1769 olera
1961 1730 2019 1768 vel
2047 1728 2224 1778 legumina
2253 1739 2260 1763 :
2287 1735 2370 1773 aqua
2397 1725 2426 1760 in

1366 1804 1491 1846 potum
1522 1797 1612 1835 satis
1642 1802 1735 1834 erat.
1766 1795 1854 1832 Post
1883 1803 2024 1832 coenam
2056 1792 2144 1828 fusis
2174 1789 2334 1838 precibus
2363 1787 2426 1823 Deo

1365 1862 1500 1910 gratias
1518 1860 1688 1909 agebant,
1707 1859 1912 1906 exindeque
1931 1856 2102 1894 sedentes
2119 1865 2190 1892 una
2211 1854 2254 1890 de
2272 1852 2372 1889 rebus
2387 1849 2425 1885 ad

1367 1926 1522 1964 salutem
1543 1931 1580 1962 et
1600 1923 1787 1961 caelestem
1805 1922 1915 1958 vitam
1938 1916 2308 1968 spcctantibus'vcrba
2331 1913 2427 1950 facie-

1367 1989 1468 2035 bant,
1487 1988 1634 2025 demum
1663 1985 1753 2023 fusis
1780 1984 1962 2032 precibus,
1987 1983 2023 2020 in
2045 1981 2176 2018 storeis
2203 1978 2296 2016 humi
2317 1975 2430 2024 positis

1367 2052 1558 2095 cubantes,
1578 2048 1790 2087 tenuissimo
1818 2045 1900 2084 cibo
1925 2055 2093 2082 somnum
2115 2041 2331 2080 levissimum
2351 2037 2429 2073 sub-

1367 2113 1612 2155 ministrante,
1647 2110 1787 2157 aliquot
1818 2107 1919 2144 horis
1955 2105 2202 2155 quiescebant,
2230 2102 2432 2144 demumun

1367 2175 1542 2224 pratfecto
1559 2174 1687 2212 leviter
1707 2176 1966 2208 commonente
1987 2175 2023 2206 et
2042 2169 2121 2205 sine
2141 2165 2288 2212 strepitu
2308 2170 2432 2207 exper-

1367 2236 1515 2286 gefacti,
1536 2237 1734 2284 surgebant
1750 2234 1794 2271 ad
1815 2234 1934 2281 priora
1953 2230 2164 2280 repetenda.
2177 2226 2332 2265 Vestinis
2347 2231 2432 2260 totus

1369 2311 1412 2338 ex
1433 2300 1514 2348 pilis
1531 2308 1722 2346 caprarum
1737 2297 1792 2334 vel
1807 2295 2031 2334 camelorum
2047 2298 2138 2336 erat,
2154 2297 2217 2329 aut
2233 2299 2274 2328 ex
2293 2287 2434 2336 pellibus

1370 2373 1436 2400 usu
1459 2363 1568 2400 tritis.

1419 2428 1472 2464 Ex
1500 2436 1669 2464 manuum
1697 2424 1824 2462 labore
1852 2434 1923 2460 non
1954 2421 2022 2460 sibi
2051 2419 2161 2457 modo
2181 2417 2312 2454 vietum
2340 2420 2437 2460 parte

1371 2489 1480 2532 bant;
1513 2488 1578 2526 sed
1613 2497 1695 2524 cum
1730 2486 1779 2522 ita
1817 2485 1938 2522 tenuis
1970 2493 2073 2520 coma
2109 2487 2275 2528 perquam
2307 2471 2434 2511 ntiuittti

1370 2557 1538 2598 Sumptus
1553 2555 1664 2595 esset,
1675 2560 1754 2596 qua!
1769 2551 1982 2595 supererant
2001 2544 2118 2580 omnia
2135 2539 2346 2591 pauperibus
2363 2547 2435 2572 cro-

1370 2614 1516 2660 gabant.
1537 2613 1574 2650 Si
1594 2612 1676 2660 quis
1690 2621 1778 2648 vero
1797 2611 1929 2656 ho~pes
1943 2607 2148 2650 accederet,
2169 2605 2320 2641 libenter
2336 2610 2354 2635 a
2371 2607 2436 2634 mo-

1372 2677 1498 2714 nachis
1515 2675 1777 2724 excipiebatur,
1791 2673 1852 2720 qui
1869 2671 1951 2708 lotis
1965 2671 2043 2718 ejus
2062 2668 2226 2716 pedibus,
2238 2675 2326 2713 quos
2335 2668 2435 2709 penes

1372 2748 1412 2776 se
1431 2737 1611 2774 habebant
1629 2736 1730 2772 cibos
1751 2735 1818 2782 ipsi
1837 2731 2175 2772 sulnninistrabant,
2197 2729 2310 2774 deque
2327 2730 2435 2760 rerum

1373 2809 1596 2838 terrenarum
1625 2797 1719 2834 ﬂuxa
1744 2797 1954 2834 conditione
1979 2794 2250 2839 catlestiumque
2279 2787 2437 2825 fclicitale

1372 2863 1483 2901 verba
1506 2861 1696 2904 faciebant,
1719 2865 1759 2896 ut
1778 2869 1888 2906 supra
1903 2857 2074 2894 diximus.

1423 2925 1524 2962 llane
1551 2924 1632 2960 vita:
1653 2922 1832 2959 rationem
1859 2921 2043 2966 suscipere
2061 2919 2220 2956 Joannes
2244 2919 2362 2950 noster
2378 2918 2436 2944 cu‘

1374 2988 1508 3035 piebat,
1543 2991 1652 3032 utque
1681 2983 1726 3020 ad
1755 2983 1854 3020 illam
1883 2992 1924 3019 se
1953 2984 2194 3027 compararet,
2219 2976 2324 3013 etiam
2349 2968 2436 3035 donli

1373 3048 1546 3086 exercitia
1574 3045 1740 3093 qtuedam
1767 3043 1966 3080 monastica
1990 3041 2218 3082 sectabatur;
2249 3043 2368 3073 verum
2397 3028 2438 3064 ab

1375 3113 1445 3149 hoc
1479 3092 1664 3158 proposito
1697 3107 1907 3145 deterrebat
1939 3105 2036 3143 illuni
2069 3105 2150 3140 vita:
2179 3098 2353 3148 asperitas
2383 3092 2437 3129 illa

1373 3185 1480 3222 quam
1501 3173 1609 3210 modo
1628 3170 1901 3218 d--scripsimos.
1919 3169 1970 3204 Ea
1988 3167 2036 3204 de
2057 3176 2096 3203 re
2109 3162 2306 3201 audiendus
2322 3156 2439 3195 illoest

1365 3221 1439 3288 (λά
1457 3237 1665 3274 Demetrium
1682 3235 1724 3270 de
1739 3235 1861 3278 Camp.
1879 3237 1905 3267 ι.
1923 3231 2001 3267 1.σ.
2015 3228 2101 3265 405.
2117 3227 2142 3262 l.
2157 3222 2329 3270 25,201»:
2341 3221 2439 3288 nuper

1367 3275 1430 3350 ego
1444 3299 1682 3340 decrevissem,
1695 3295 1818 3330 relicta
1837 3291 1930 3334 urbe,
1953 3291 2000 3326 ad
2019 3285 2241 3326 Iubet-nacqu
2261 3275 2436 3318 monacho-

1369 3377 1448 3404 rum
1459 3363 1629 3405 secedere,
1646 3359 1792 3397 sollicite
1801 3355 1994 3402 quantum:
2007 3361 2039 3390 et
2052 3349 2266 3390 sciscitabar,
2281 3343 2441 3405 undenattt

1375 3419 1643 3457 necessariorum
1662 3423 1870 3454 commeatus
1891 3415 2076 3461 adfuturus
2092 3419 2177 3449 esset
2189 3439 2199 3454 ,
2222 3417 2251 3444 et
2269 3416 2347 3442 num
2371 3401 2438 3461 ﬁeri

1375 3488 1488 3530 posset
1507 3487 1544 3517 ut
1565 3480 1664 3529 panis
1685 3489 1800 3515 recens
1819 3483 1850 3514 et
1871 3477 2017 3513 diurnas
2038 3473 2269 3510 comedet-etm-
2285 3479 2297 3504 :
2315 3477 2356 3502 an
2372 3460 2440 3509 ιμάε

1375 3557 1430 3582 me
1449 3552 1630 3582 coacturus
1657 3547 1742 3578 esset
1768 3540 1886 3577 eodem
1912 3539 1962 3576 uti
1990 3538 2064 3574 oleo
2093 3547 2154 3581 pro
2183 3535 2318 3570 lucerna
2337 3532 2366 3562 cf
2386 3531 2442 3569 pro

1375 3609 1474 3650 cibo;
1498 3617 1543 3642 an
1572 3606 1649 3653 quis
1677 3615 1730 3640 me
1750 3601 1960 3650 impulsum;
1987 3599 2032 3635 ad
2060 3597 2218 3632 miseram
2246 3588 2441 3638 lcguntimmt

1376 3680 1512 3712 escam;
1539 3679 1585 3704 an
1614 3667 1852 3714 assignatum:
1879 3673 1964 3708 opus
1995 3660 2134 3699 durum,
2160 3661 2194 3691 ut
2222 3660 2292 3692 est.
2319 3647 2440 3696 fodvff’.

1377 3733 1470 3779 ligna
1492 3731 1640 3778 deferre,
1665 3739 1790 3775 aqua»:
1807 3731 2037 3771 comportare.
2059 3727 2090 3757 ct
2111 3726 2231 3756 cwtera
2252 3711 2361 3750 omnia
2381 3715 2441 3779 Itq—

1372 3794 1528 3840 jusntodi
1555 3792 1767 3834 ministeria;
1793 3795 1823 3824 et
1848 3794 1886 3824 ut
1910 3785 2106 3823 summatim
2132 3782 2256 3820 dicam,
2275 3773 2377 3812 nauita
2403 3766 2441 3834 de.

1377 3857 1486 3902 quiete
1501 3855 1656 3902 corporis
1674 3851 1912 3902 percontabar.
1933 3850 1977 3886 At
1999 3849 2064 3883 hos
2081 3846 2149 3887 ille,
2169 3841 2227 3889 qui
2243 3847 2321 3875 sese
2337 3836 2442 3902 incolt

1377 3918 1579 3955 oflerebant
1611 3918 1748 3959 obices,
1786 3913 1929 3950 virtutis
1961 3917 1999 3948 et
2028 3905 2222 3946 severioris
2252 3894 2442 3960 discipltlm

1380 3992 1505 4016 amore
1529 3980 1671 4023 ductus,
1695 3977 1840 4013 tandem
1867 3971 2062 4021 Superavit,
2084 3973 2121 4005 et
2139 3965 2184 4002 ad
2200 3963 2256 4000 illa
2277 3961 2442 3996 ιιιοιὶυυιυ

2683 2865 2694 2899 “.1

2683 2935 2694 2963 it

2683 2995 2694 3026 lt

2683 3061 2694 3095 ‘i

2684 3124 2694 3155 11

2683 3184 2694 3209 r.

2683 3233 2694 3271 ll

2683 3308 2694 3333 ll

2685 3680 2694 3704 ε

2687 3731 2694 3765 l

2688 3794 2694 3828 l

2689 3854 2694 3888 Ι

2690 3916 2694 3948 1
