3932 6190
257 225 325 283 97
1425 231 1629 288 nunc
1670 232 1933 290 PRIMUH
1973 236 2365 320 sonantis.
3464 256 3530 312 93

332 345 593 400 Dicemus
625 347 890 400 ordiuntur
919 363 1062 399 anno
1083 357 1297 401 uertente
1345 347 1448 403 580
1471 389 1487 414 ,
1527 348 1603 402 vel
1644 349 1844 403 ineunte

254 439 384 496 381.
414 465 483 478 -—
514 436 604 491 Ait
647 436 897 491 Socrates
917 477 933 502 ,
985 452 1143 506 quem
1184 447 1477 507 sequuntur
1505 437 1844 496 llermantins

254 528 454 598 aliique
485 540 712 591 omnes,
753 542 862 582 uno
905 536 1136 597 excepto
1175 527 1516 584 Tillemontio
1538 569 1554 593 ,
1583 527 1840 585 Joannem

252 618 368 688 jam
417 617 704 674 diaconum
763 617 958 682 fuisse,
1010 617 1228 688 quando
1275 618 1342 672 ad
1383 617 1668 689 Stagirium
1710 621 1842 676 seri-

257 712 380 779 psit.
422 710 555 778 Quid
581 750 594 773 ,
637 709 682 762 si
727 707 932 763 dicatur
987 709 1130 764 illum
1177 709 1455 778 scripsisse
1503 711 1726 780 primum
1773 711 1840 767 ad

252 799 542 870 Stagirium
567 799 1032 870 librum,quando
1069 801 1256 856 morbo
1300 800 1550 857 detentus
1592 803 1842 858 manebat

253 889 397 946 domi
422 930 440 956 ,
473 890 716 959 duosque
744 891 881 944 alios
918 899 1197 961 postquam
1237 900 1505 947 recreatus
1536 907 1566 947 a
1610 894 1836 959 morbo,

253 981 509 1035 diaconus
537 981 814 1033 ordinatus
839 980 1051 1035 fuerat?
1077 981 1268 1037 Verum
1298 981 1412 1037 haec
1437 983 1660 1038 salebris
1685 985 1836 1054 plena

249 1084 374 1128 sunt
397 1113 414 1142 ,
446 1088 546 1128 nec
568 1082 744 1142 potest
771 1073 894 1141 quid
933 1082 1078 1129 certo
1122 1075 1454 1144 pronuntiari
1488 1093 1501 1129 :
1545 1077 1616 1130 ita
1646 1093 1839 1147 nempe

251 1165 484 1221 breviter
504 1174 558 1222 et
587 1165 814 1220 obscure
838 1165 953 1219 huic
977 1176 1264 1224 narrantur
1286 1184 1316 1221 a
1342 1167 1564 1223 Socrate
1589 1178 1642 1224 et
1663 1169 1836 1224 Palla-

252 1256 362 1322 dio.
393 1255 459 1312 Ut
487 1265 546 1310 ut
571 1269 670 1311 res.
689 1263 772 1309 est
797 1295 816 1322 ,.
839 1251 1114 1312 ordinatus
1142 1257 1398 1312 diacons
1435 1256 1535 1312 fuit
1573 1274 1605 1312 a
1627 1258 1837 1314 Meletio

251 1346 340 1400 vel
361 1359 504 1400 anno
529 1353 769 1400 vertente
789 1345 918 1411 380,
939 1346 1019 1401 vel
1052 1346 1265 1405 ineunte
1293 1347 1392 1402 38l
1431 1365 1446 1402 :
1471 1363 1591 1402 nam
1624 1349 1835 1406 ineunte
1874 1394 1884 1403 .

255 1451 385 1492 vere
417 1437 648 1505 ejusdem
678 1439 801 1492 anni
824 1438 920 1492 58i
954 1438 1200 1494 bleletius
1232 1439 1730 1512 Constantinopolin
1775 1458 1835 1499 se

250 1528 478 1582 contulit
499 1567 516 1593 ,
545 1527 719 1596 ibique
743 1527 884 1584 diem
912 1529 1125 1584 clausit.

321 1616 502 1672 Libros
548 1619 615 1671 ad
654 1617 867 1672 Viduam
908 1619 1157 1688 iuniorem
1206 1622 1394 1677 scribit.
1417 1653 1491 1665 —-—
1513 1623 1677 1684 Paulo
1716 1637 1835 1697 post

245 1726 406 1780 quam
445 1710 704 1766 diaconus
729 1710 935 1771 electus
964 1711 1065 1768 fuit
1091 1712 1326 1769 Joannes
1359 1714 1516 1786 (Vide
1546 1716 1828 1788 Mannum,

241 1811 284 1857 t.
311 1804 365 1858 i.
395 1822 444 1861 ε.
467 1801 621 1872 595),
643 1810 704 1856 ιιι
722 1818 784 1858 ex
813 1802 926 1872 ipsa
950 1803 1066 1873 ejus
1097 1805 1403 1862 narratione
1425 1807 1706 1878 diligenter
1734 1827 1830 1866 ex-

245 1893 453 1946 nlorata
499 1894 612 1961 jam
659 1906 758 1948 suo
803 1892 922 1948 loco
954 1894 1269 1960 statuimus,
1301 1896 1547 1954 videlicet
1583 1909 1828 1963 vertente

241 1999 384 2038 anno
421 1984 548 2050 380,
579 1985 660 2040 vel
706 1984 922 2042 ineunte
961 1987 1087 2054 581,
1119 1988 1284 2044 libros
1310 1989 1446 2046 duos
1487 1991 1556 2048 ad
1606 1993 1828 2054 Viduam

241 2075 519 2145 juniorem
565 2078 744 2133 emisit
767 2119 782 2144 ,
810 2078 909 2135 hac
949 2079 1140 2136 ductus
1179 2083 1460 2140 occasione
1483 2125 1500 2150 ,
1530 2100 1688 2154 quam
1716 2087 1831 2158 ipse

241 2167 482 2236 pluribus
506 2169 775 2224 enuntiat.
793 2169 1083 2226 Therasius
1107 2213 1122 2238 ,
1161 2173 1243 2227 vir
1267 2174 1405 2230 inter
1429 2176 1714 2244 primarius
1745 2179 1828 2236 sui

240 2259 496 2330 temporis
525 2262 864 2331 conspicuus,
889 2277 1088 2333 genere
1115 2263 1558 2338 facultatibusque
1582 2269 1825 2341 insignis,

237 2367 396 2422 quem
427 2368 553 2422 spes
573 2364 694 2410 erat
719 2355 791 2409 ad
813 2354 1167 2424 prtefeemras-
1187 2368 1564 2425 perventurum
1592 2377 1731 2427 esse;
1758 2363 1824 2420 ad

236 2442 355 2497 haec
401 2443 702 2514 probitate,
731 2445 992 2500 modestia
1013 2487 1029 2514 ,
1057 2447 1251 2516 pietate
1286 2457 1542 2506 ornatus:
1565 2452 1617 2506 in
1656 2454 1826 2512 tutetis

235 2533 372 2590 ﬂore
413 2534 556 2588 diem
581 2534 717 2590 obiit
745 2545 1083 2604 extremum,
1114 2546 1394 2608 postquam
1425 2554 1595 2595 annos
1620 2549 1821 2596 tantum

231 2628 469 2698 quinque
509 2644 630 2682 cum
680 2643 846 2684 uxore
889 2639 1102 2700 egerat.
1137 2629 1305 2698 Quam
1351 2640 1412 2686 ut
1455 2632 1863 2690 eonsolaretur‘

231 2719 376 2776 hunc
399 2720 592 2777 librum
621 2721 790 2776 edidit
815 2721 1084 2776 Joannes:
1107 2731 1164 2777 et
1189 2723 1476 2792 primoDei
1499 2724 1820 2794 singularem

230 2827 357 2881 erga
387 2811 576 2866 viduas
605 2812 893 2868 exlnibi-tam
923 2829 1108 2868 curam
1137 2814 1205 2870 ob
1225 2816 1407 2870 oculos
1437 2817 1606 2886 ponit,
1633 2817 1822 2887 quibus

227 2908 394 2962 etiam
436 2907 536 2962 viri
589 2907 708 2962 loco
734 2921 853 2962 esse
882 2906 1097 2977 probat.
1118 2907 1251 2962 liine
1278 2907 1518 2964 honesta:
1554 2909 1821 2967 viduitatis

227 2997 544 3065 dignitatern
569 3013 634 3052 es
666 2997 812 3052 Pauli
830 2996 1015 3054 verbis
1040 2997 1306 3064 celebrat,
1328 3015 1497 3070 neque
1527 3001 1816 3070 proborum

226 3089 376 3142 obitu
423 3088 766 3156 gaudendum
797 3104 918 3146 esse
957 3090 1308 3150 demonstrat.
1347 3093 1536 3150 Postea
1575 3095 1818 3156 humanm

226 3180 352 3236 vitae
383 3182 769 3238 volubilitatem
792 3191 850 3237 ut
874 3183 1120 3259 ostendat
1143 3226 1165 3250 ,.
1191 3187 1492 3256 exemplum
1511 3187 1818 3258 aderth

225 3273 476 3328 rumdam
511 3273 794 3343 insignium
831 3275 1094 3340 virorum,
1122 3277 1210 3345 qui
1239 3276 1306 3330 ad
1353 3277 1608 3346 majorem
1647 3281 1815 3340 evecti

221 3365 572 3436 dignitatem,
604 3364 862 3434 praecipiti
891 3366 1235 3435 violentaque
1252 3376 1424 3422 morte
1442 3368 1644 3424 sublati
1667 3381 1815 3430 sunt.

219 3455 334 3514 Nec
357 3456 430 3512 iis
452 3455 719 3512 beatiores
735 3471 858 3513 esse
881 3457 954 3512 ait
977 3455 1350 3526 imperatores,
1371 3457 1466 3513 Sed
1489 3474 1594 3529 quo
1613 3460 1815 3531 majore

218 3548 439 3604 tormina
471 3547 731 3602 tollantur
760 3549 816 3601 in
854 3547 1018 3604 altum
1038 3589 1052 3615 ,
1081 3562 1147 3603 eo
1169 3547 1415 3618 graviore
1440 3548 1602 3618 lapsu.
1631 3565 1810 3606 ruere.

220 3637 358 3692 llinc
387 3635 740 3706 imperatores
759 3637 841 3691 sui
863 3638 1118 3707 temporis
1140 3647 1384 3694 recenset
1403 3678 1422 3704 ,
1449 3639 1538 3708 qui
1567 3653 1664 3695 suo
1695 3655 1812 3696 sivo

219 3732 426 3785 misere
451 3730 756 3799 perierant;
786 3745 892 3786 non
931 3730 1150 3798 prolatis
1176 3730 1318 3785 nom’
1336 3729 1512 3795 ‘ibus,
1537 3730 1640 3785 sed
1659 3731 1811 3786 invo-

218 3824 352 3878 lutis
375 3821 592 3888 verbis,
619 3837 736 3891 qua:
765 3837 865 3876 nos
893 3820 1274 3890 explicavimus
1314 3821 1367 3876 in
1397 3820 1616 3875 Monito.
1647 3820 1814 3880 Erant

215 3922 406 3969 suum
453 3913 811 3983 imperatores
855 3911 930 3967 illi
986 3926 1178 3970 novem
1220 3926 1478 3979 numero,
1507 3927 1574 3966 ex
1617 3912 1810 3983 quibus

215 4005 331 4059 duo
361 4013 569 4059 tantum
596 4001 866 4058 communi
906 4009 1080 4058 morte
1100 4000 1296 4058 sublati
1325 4001 1538 4058 fuerant
1571 4021 1587 4058 :-
1617 4017 1810 4060 novem

218 4097 297 4151 illi
334 4105 464 4152 sunt
489 4093 871 4151 Constantinus
909 4101 964 4147 et
991 4100 1100 4148 tres
1126 4089 1216 4146 lilii
1250 4091 1368 4162 ejus
1391 4079 1807 4164 Constantinus,

216 4187 575 4243 Constantius
601 4194 657 4240 et
693 4183 976 4252 Constans,
1004 4183 1219 4250 Callus,
1248 4181 1510 4250 Julianus,
1533 4184 1806 4254 Jovianus,

220 4279 630 4335 Valentinianus
663 4285 721 4332 et
749 4276 960 4332 \‘alens.
991 4275 1128 4332 ilinc
1156 4276 1345 4330 transit
1367 4275 1435 4334 ad
1463 4277 1726 4345 Augustas
1753 4285 1809 4332 et

218 4371 598 4443 lnperatrices
616 4411 632 4437 ,
659 4385 776 4442 qua:
801 4368 1083 4426 infeliciter
1103 4367 1394 4438 perierant,
1415 4376 1470 4421 et
1496 4367 1803 4423 obscuriora

218 4464 427 4534 profers
450 4504 468 4529 ,
490 4477 609 4532 quae
651 4462 737 4516 vix
773 4460 841 4516 ad
890 4460 1164 4514 historiam
1216 4457 1368 4512 istius
1402 4455 1502 4512 aevi
1544 4457 1805 4528 quadrare

216 4557 468 4627 possint:
493 4570 615 4623 quae
643 4568 742 4609 nos
779 4568 876 4624 pro
912 4549 1162 4607 facultate
1191 4547 1579 4618 explicavimus
1608 4547 1660 4603 in
1701 4561 1800 4605 eo-

211 4647 338 4703 dem
370 4646 598 4702 Monito.

287 4737 446 4794 illinc
483 4735 552 4791 ad
581 4735 804 4792 Viduam
842 4733 1106 4804 iuniorem
1149 4730 1341 4786 librum
1387 4731 1626 4800 sequitur
1664 4732 1802 4790 alius

214 4830 350 4886 liber
390 4827 478 4883 vel
524 4827 774 4892 homilia,
799 4840 918 4895 qua:
952 4824 1114 4881 etiam
1157 4822 1226 4878 ad
1269 4822 1495 4878 Viduam
1534 4821 1801 4892 juniorem

211 4923 548 4977 inscribitur.
577 4919 770 4974 Verum
799 4917 888 4973 hic
907 4931 1014 4973 non
1041 4915 1254 4972 viduam
1280 4930 1469 4980 unasn,
1493 4915 1588 4971 sed
1613 4915 1803 4974 viduas

210 5027 409 5069 omnes
455 5011 699 5081 iuniores
747 5008 1066 5077 alloquitur,
1110 5021 1242 5076 quas
1282 5005 1595 5063 cohortatur
1640 5016 1698 5061 ut
1743 5005 1800 5062 in

213 5109 481 5161 ridiiitate
519 5111 900 5175 permaneant,
945 5116 1050 5157 non
1105 5099 1244 5169 quod
1295 5099 1556 5154 secundas
1593 5101 1799 5168 nuptias

211 5199 470 5263 damnet,
501 5195 596 5250 sed
625 5193 766 5265 quod
795 5193 874 5248 sic
900 5192 1178 5250 liberiores
1203 5198 1490 5257 maneant,
1523 5198 1580 5244 et
1601 5191 1798 5246 cmlesti

210 5304 418 5360 sponso
441 5286 660 5343 Christo
689 5300 749 5340 se
776 5284 974 5342 arctius
1005 5283 1230 5352 jnngere
1257 5281 1482 5350 possint.
1782 5327 1784 5329 .

287 5379 503 5432 librum
546 5376 611 5431 de
663 5373 959 5445 Virginitate
986 5371 1175 5428 scribit.
1206 5401 1279 5411 —
1315 5370 1704 5441 Longissimum
1745 5381 1798 5428 et

211 5469 473 5524 eximium
495 5467 568 5524 de
597 5467 912 5537 Virginitatc
937 5465 1151 5531 librum,
1185 5463 1275 5534 qui
1307 5461 1581 5532 plusquam
1605 5461 1671 5518 68
1701 5478 1795 5533 pa-

210 5560 370 5628 ginas
394 5560 600 5630 implet,
629 5555 875 5614 emisisse
917 5555 1176 5612 Joannem
1209 5564 1454 5624 putamus
1503 5553 1800 5609 Antiochia:

207 5658 270 5708 ut
305 5661 585 5723 antequam
612 5648 894 5721 presbyter
937 5656 1098 5704 esset.
1134 5646 1284 5716 Quod
1317 5646 1459 5701 uttitu
1497 5645 1789 5702 Antiochia:

1955 337 2216 423 ediderit,
2248 359 2361 428 ipse
2410 361 2722 420 testiﬁcatur
2773 363 2988 421 homilia
3033 367 3426 439 undevigesima
3473 372 3528 428 iu

1953 447 2130 516 Epist.
2156 451 2223 505 ad
2252 453 2554 509 Corinthios
2586 455 2668 510 bis
2693 456 2870 512 verbis
2895 474 2907 507 :
2929 457 2996 514 Si
3022 468 3187 514 autem
3218 462 3529 529 prmterinms

1949 554 2008 591 ea
2033 554 2147 608 quae
2187 541 2399 596 dicenda
2437 554 2598 598 essent
2627 544 2690 599 de
2715 546 3002 616 uirm'nitats
3023 589 3039 614 ,
3066 565 3209 603 nemo
3248 567 3337 604 nos
3367 553 3527 622 negli-

1945 629 2128 696 gentia
2147 631 2370 688 damnet.
2400 632 2602 705 Integer
2629 637 2760 690 enim
2787 635 2907 691 liber
2934 639 2986 692 in
3006 639 3139 693 hunc
3162 641 3324 695 locum
3357 659 3390 696 α
3429 660 3525 698 no-

1946 718 2021 772 bis
2047 730 2118 774 est
2145 723 2308 778 editus
2330 739 2349 778 :
2373 732 2419 778 et
2442 741 2576 792 cum,
2604 742 2754 795 quant
2786 729 3037 797 potuimus
3076 733 3446 790 accuratissime
3478 744 3525 789 et

1945 808 2326 880 diligentissime
2347 852 2365 879 ,
2392 813 2562 869 omnia
2603 815 2709 868 illic
2755 819 3036 887 persequuti
3062 820 3218 875 simus
3240 863 3254 887 ,
3285 839 3526 893 superva-

1950 915 2158 954 caneum
2189 918 2298 957 esse
2323 903 2561 959 duximus
2587 922 2647 958 ea
2674 923 2875 962 rursum
2909 908 2988 962 hic
3027 925 3292 980 exponere.
3322 913 3521 970 Locum

1949 1005 2108 1060 porro
2138 991 2308 1060 illum,
2338 1009 2495 1064 quem
2537 995 2752 1050 homilia
2791 997 3184 1067 undevigesima
3229 1002 3281 1055 in
3318 1004 3524 1072 Episto-

1943 1082 2047 1136 lam
2079 1085 2100 1138 1
2131 1084 2198 1139 ad
2229 1086 2537 1142 Corinthios
2565 1087 2618 1142 in
2663 1099 3033 1159 argumentum
3089 1091 3189 1146 sibi
3236 1095 3480 1161 proponit
3503 1135 3518 1160 ,

1941 1175 2165 1242 scilicet,
2188 1177 2389 1232 Bonum
2411 1187 2492 1233 est
2508 1178 2710 1235 homini
2725 1180 3001 1235 mulierem
3019 1197 3121 1235 non
3147 1191 3518 1252 tangere,etc.,

1941 1265 1994 1320 in
2013 1265 2113 1321 hoc
2131 1267 2199 1322 de
2216 1267 2526 1339 Virginitate
2552 1271 2687 1326 libro
2710 1280 2964 1343 perpetuo
2984 1277 3161 1328 versat
3185 1283 3237 1330 et
3261 1275 3476 1330 discutit
3500 1293 3516 1344 ;

1941 1355 2009 1409 ita
2040 1364 2092 1410 ut
2124 1358 2347 1426 perinde
2373 1371 2578 1416 certum
2605 1363 2674 1416 sit
2697 1361 2837 1417 hunc
2873 1362 2940 1419 de
2977 1363 3292 1436 Virginitate
3328 1366 3519 1421 librum

1939 1447 1991 1502 in
2027 1448 2247 1504 homilia
2293 1451 2382 1506 illa
2420 1455 2829 1510 commemorari
2863 1473 2876 1508 :
2927 1465 2983 1509 ut
3019 1466 3220 1512 certum
3251 1466 3372 1525 est,
3406 1459 3520 1528 ipso

1939 1546 2072 1596 teste
2095 1537 2484 1612 Cbrysostomo
2503 1582 2518 1608 ,
2552 1553 2606 1599 et
2633 1543 2829 1599 fatente
2853 1545 3195 1602 Tillemontio
3216 1590 3231 1618 ,
3263 1545 3518 1606 Homilias

1936 1627 1990 1681 in
2013 1628 2303 1697 Epistolam
2327 1632 2351 1688 i
2379 1632 2443 1687 ad
2458 1631 2764 1689 Corinthios
2784 1635 3082 1692 Antiochia:
3104 1637 3309 1694 habitas
3331 1637 3515 1695 fuisse.

2007 1718 2202 1774 Verum
2227 1720 2287 1775 ν.
2310 1719 2393 1775 Cl.
2421 1722 2792 1778 Tillemontius
2825 1733 3022 1781 tantam
3050 1727 3172 1783 huic
3201 1711 3517 1786 enervandze

1934 1811 2212 1866 sententi-ae
2265 1812 2633 1869 difﬁcultatem
2685 1831 2743 1870 se
2791 1817 3054 1885 reperisse
3101 1829 3290 1890 putat,
3331 1830 3388 1876 ut
3427 1823 3514 1877 illa

1933 1902 2226 1969 abductus,
2274 1904 2530 1960 Joannem
2556 1906 2666 1976 jam
2705 1897 3012 1979 episcopum
3045 1920 3097 1966 et
3137 1911 3514 1968 Constantino-

1933 1991 2038 2063 poli
2071 1992 2447 2051 librum-hunc
2479 1997 2713 2052 edidisse
2760 1997 3049 2065 decernat,
3093 2003 3216 2072 quia
3269 2003 3514 2074 videlicet

1931 2085 2160 2155 quodam
2194 2085 2246 2140 in
2281 2086 2400 2144 loco
2450 2087 2540 2144 ille
2585 2090 2734 2159 quasi
2787 2090 3075 2161 episcopus
3120 2092 3372 2166 loquitur.
3403 2093 3509 2154 Sed

1929 2175 2286 2246 objectionem
2310 2178 2455 2234 illam
2484 2179 2819 2238 confutamus
2847 2183 2900 2238 in
2928 2182 3125 2239 Monito
3155 2184 3222 2242 ad
3266 2185 3405 2242 hunc
3448 2188 3510 2242 li-

1929 2265 2082 2322 brum
2125 2267 2188 2324 T.
2218 2268 2270 2324 i.
2301 2276 2350 2320 ε.
2380 2269 2478 2324 5'5!
2522 2269 2656 2327 :ubi
2699 2271 2844 2330 clare
2896 2273 3184 2343 probamus
3226 2274 3396 2347 ipsum
3455 2279 3507 2333 in

1928 2354 2047 2414 loco
2099 2356 2192 2413 illo
2220 2372 2286 2414 ex
2339 2358 2488 2416 Pauli
2554 2375 2785 2432 persona
2826 2362 2997 2435 loqui;
3026 2373 3082 2420 et
3138 2367 3332 2436 passim
3383 2369 3507 2424 alibi

1926 2446 2074 2503 illum
2101 2450 2471 2521 episcoporum
2493 2493 2508 2520 ,
2546 2453 2948 2526 coniugatorum
2974 2465 3027 2512 et
3063 2457 3298 2536 aliorum,
3318 2475 3507 2531 perso-

1927 2555 2023 2596 nas
2049 2541 2124 2597 sie
2149 2557 2424 2600 assumere
2449 2549 2832 2618 comperimus.
2897 2603 2900 2606 λ

1995 2632 2354 2691 indubitatum
2393 2615 2688 2708 itaquc'est
2713 2678 2727 2703 ,
2757 2638 2873 2708 ipso
2899 2639 3240 2704 reclamante
3277 2629 3507 2714 Chryso-

1923 2724 2358 2790 stomo,librum
2408 2726 2476 2783 de
2521 2725 2838 2800 Virginitale
2900 2729 3157 2786 emissum
3212 2731 3506 2789 Antiochia:

1923 2812 2106 2879 fuisse,
2134 2817 2202 2870 ita
2239 2824 2296 2872 ut
2334 2832 2398 2878 ex
2444 2817 2620 2873 verbis
2670 2819 2789 2888 ejus
2839 2821 2991 2890 argui
3041 2837 3200 2892 posse
3242 2821 3501 2890 videatur,

1922 2908 2095 2979 ipsum
2124 2920 2247 2966 tunc
2277 2912 2328 2966 in
2361 2913 2646 2968 multorum
2677 2928 2864 2970 manus
2891 2913 3196 2972 devenisse.
3226 2915 3343 2984 Quo
3369 2926 3504 2974 tem-

1922 3017 2052 3072 pore
2087 3014 2268 3060 autem
2319 3005 2467 3060 illum
2516 3007 2828 3076 scripserit,
2855 3021 3113 3077 nusquam
3159 3010 3497 3080 reperimus;

1925 3095 2276 3164 probabiliter
2315 3105 2492 3154 tamen
2522 3097 2626 3155 dici
2655 3112 2812 3168 posse
2839 3107 2986 3168 puto,
3016 3100 3190 3172 ipsum
3218 3111 3500 3173 antequam

1921 3186 2196 3258 presbyter
2227 3197 2370 3243 esset
2417 3187 2556 3245 hunc
2601 3188 2794 3243 librum
2827 3188 3202 3258 adornavisse,
3236 3207 3355 3248 cum
3382 3193 3500 3262 plus

1919 3275 2019 3332 sibi
2066 3279 2156 3332 otii
2199 3287 2361 3334 esset.
2403 3279 2686 3350 Postquam
2739 3281 2880 3336 enim
2921 3283 3202 3354 presbyter
3226 3285 3500 3341 ordinatus

1917 3363 2051 3432 fuit,
2081 3367 2430 3424 concionandi
2471 3369 2645 3426 ofﬁcio
2671 3368 3096 3441 frequentissime
3137 3373 3454 3444 fungebatur
3479 3417 3495 3442 ,
3591 3433 3598 3442 .

1917 3465 2106 3518 utnon
2134 3469 2345 3514 vacaret
2387 3460 2484 3530 ipsi
2527 3470 2632 3514 tam
2675 3461 2918 3530 prolixos
2954 3464 3272 3520 concinnare
3311 3467 3496 3522 libros.

1917 3547 2165 3618 Alioquin
2192 3558 2368 3605 autem
2387 3591 2402 3614 ,
2437 3551 2480 3604 si
2515 3550 2792 3621 presbyter
2817 3549 2933 3606 hmo
2962 3555 3283 3624 scripsisset,
3314 3556 3364 3610 in
3393 3557 3493 3612 ho-

1918 3639 2090 3694 milias
2110 3681 2125 3705 ,
2154 3648 2212 3700 ut
2230 3640 2453 3695 credere
2474 3650 2576 3707 est,
2607 3649 2773 3695 totout
2806 3641 3165 3698 distribuissct
3189 3687 3204 3711 ,
3234 3653 3292 3698 ut
3325 3645 3494 3700 homi-

1914 3728 2011 3782 lias
2053 3727 2121 3784 de
2170 3729 2507 3797 Poenitentia,
2558 3730 2626 3787 de
2676 3717 3232 3804 incomprehensibili,
3275 3734 3343 3791 de
3391 3735 3494 3790 La-

1913 3834 2058 3882 ῑειιτο,
2086 3829 2190 3875 CIC.

1983 3911 2063 3966 De
2114 3923 2287 3968 sancto
2359 3912 2557 3986 Babylo
2599 3915 2783 3968 librum
2842 3915 3031 3970 scribit.
3074 3945 3144 3955 -
3184 3914 3298 3970 iiuc
3346 3914 3488 3970 refe-

1911 4003 2108 4060 rendus
2137 4003 2272 4060 liber
2312 4004 2402 4060 ille
2433 4004 2484 4059 in
2517 4013 2757 4060 sanctum
2780 4005 3032 4077 Babylam
3063 4005 3080 4077 (
3105 4004 3166 4060 Τ.
3195 4005 3248 4060 2.
3284 4020 3332 4059 c.
3354 4006 3484 4062 527.

1911 4093 2275 4172 533),contra
2295 4093 2562 4150 Julianum
2586 4103 2641 4149 et
2679 4105 2862 4148 contra
2895 4094 3165 4172 Gentiles,
3192 4112 3350 4165 quem
3378 4097 3490 4150 An-

1910 4167 2123 4241 tiochia:
2143 4185 2363 4256 scripsit
2387 4193 2440 4239 et
2464 4199 2528 4240 ex
2554 4184 2824 4239 memoria:
2847 4184 2996 4255 lapsu
3025 4167 3364 4240 liermantius
3392 4199 3488 4254 pro

1910 4261 2124 4332 homilia
2153 4275 2357 4332 habuit.
2386 4275 2663 4346 Temporis
2707 4284 2884 4331 notam
2919 4275 3004 4330 hic
3037 4273 3269 4331 Joannes
3305 4285 3487 4332 noster

1907 4369 2081 4434 affert,
2108 4384 2230 4425 cum
2251 4369 2384 4426 dicit
2421 4368 2532 4439 jam
2576 4368 2888 4439 vigesimum
2945 4383 3140 4422 annum
3173 4370 3256 4440 agi
3285 4385 3348 4424 ex
3379 4373 3486 4440 quo

1905 4460 2148 4516 Julianus
2177 4461 2429 4531 Apostata
2452 4459 2708 4531 templum
2731 4458 3235 4532 Jerosolymitanum
3273 4467 3486 4515 restau-

1907 4567 2028 4608 rare
2072 4561 2296 4606 conatus
2336 4558 2438 4606 est.
2486 4549 2541 4604 id
2591 4564 2720 4605 vero
2775 4550 2996 4606 tentavit
3042 4549 3284 4606 Julianus
3339 4566 3482 4606 anno

1903 4641 2103 4698 Christi
2150 4640 2256 4698 562
2303 4659 2315 4696 :
2364 4639 2506 4696 unde
2551 4647 2861 4710 sequeretur
2885 4637 3142 4696 Joannem
3187 4657 3326 4699 anno
3379 4641 3485 4694 582

1907 4731 2050 4788 hunc
2074 4730 2364 4786 adornasse
2404 4730 2617 4786 librum.
2648 4726 2843 4784 Verum
2892 4729 3027 4785 solet
3064 4729 3150 4785 ille
3193 4746 3295 4784 non
3336 4739 3484 4786 tanto

1906 4823 2158 4892 scrupulo
2185 4822 2280 4877 bas
2308 4836 2419 4876 suae
2443 4821 2604 4876 etiam
2630 4821 2800 4876 aetatis
2829 4830 2981 4876 notas
3014 4835 3283 4892 apponere
3301 4860 3318 4888 ,
3347 4831 3402 4875 ut
3428 4821 3482 4876 in

1905 4912 2103 4969 Monito
2130 4912 2198 4970 ad
2223 4912 2365 4968 hunc
2393 4912 2585 4968 librum
2609 4911 2857 4983 pluribus
2901 4914 3278 4982 comprobatur
3307 4910 3394 4984 (Τ.
3425 4911 3481 4966 2.

1907 5021 1960 5077 p.
1994 5003 2144 5070 5‘25).
2178 5003 2290 5059 [ioc
2318 5018 2478 5058 unum
2510 5003 2625 5057 sine
2656 5001 2866 5057 errandi
2892 5003 3128 5072 periculo
3176 5003 3278 5058 dici
3327 5016 3483 5072 posse

1905 5094 2129 5160 videtur,
2160 5092 2306 5148 illum
2334 5107 2527 5162 nempe
2546 5107 2664 5146 cum
2691 5091 2942 5146 diaconus
2964 5101 3105 5147 esset
3123 5093 3263 5146 hunc
3291 5091 3480 5146 librum

1901 5187 2208 5257 scripsisse,
2234 5185 2302 5240 ab
2351 5199 2492 5240 anno
2534 5199 2726 5256 nempe
2766 5184 2863 5240 581
2917 5183 2984 5241 ad
3025 5183 3128 5240 585
3167 5194 3220 5240 et
3253 5184 3355 5238 386
3398 5182 3481 5235 in-

1902 5291 2140 5334 euntem.

1973 5370 2356 5438 Argumentum
2387 5365 2504 5422 libri
2539 5377 2620 5422 est
2660 5365 2877 5422 historia
2907 5363 3141 5436 martyrii
3181 5363 3236 5418 S.
3264 5361 3478 5430 Babylo:

1903 5459 2138 5530 episcopi
2182 5458 2496 5513 Antiochcni
2539 5457 2918 5514 declamatorio
2965 5469 3150 5518 more,
3191 5466 3360 5520 exque
3391 5466 3480 5524 rit--

1905 5567 2052 5603 tnore
2089 5549 2223 5618 vulgi
2270 5549 2578 5618 plerumque
2620 5545 2900 5608 recensita,
2932 5542 3094 5609 tropis
3126 5540 3428 5595 redundans
3461 5558 3475 5594 :

1904 5643 1955 5698 in
1995 5659 2095 5712 qua
2153 5643 2424 5698 veritatem
2468 5655 2608 5709 smpe
2655 5635 2944 5694 desideres.
2990 5635 3120 5689 Nam
3172 5642 3227 5688 ut
3275 5643 3476 5688 certum
