3932 6190
394 367 641 425 existimo
668 365 726 422 S.
757 363 1004 434 Babylam
1043 375 1138 431 pro
1177 359 1389 415 Christo
1435 368 1631 414 casum
1681 358 1872 422 fuisse:
1905 358 1976 409 ita

395 465 562 530 genus
599 468 651 513 et
688 470 846 510 causa
891 451 1128 521 martyrii
1159 465 1222 506 ex
1266 451 1447 521 populi
1493 463 1706 505 rumore
1762 448 1938 519 potius
1963 488 1978 512 ,

394 567 551 620 quam
603 561 668 602 ex
697 559 822 600 vera
865 553 1043 598 rerum
1088 551 1356 614 gestarum
1417 540 1638 597 historia
1700 555 1729 594 a
1774 538 1980 596 Joanne

397 639 617 710 proferri
664 645 768 689 no‘n
827 635 1044 690 dubium
1097 643 1196 689 est.
1257 633 1386 702 Quis
1435 635 1610 697 enim,
1640 644 1854 702 qumso,
1891 630 1980 683 ille

396 729 553 784 fuerit
600 727 959 780 Romanorum
1000 722 1292 794 imperator
1336 723 1697 788 Christianus,
1727 721 1820 793 qui
1843 720 1976 774 inita

391 829 512 878 eum
579 834 704 890 rege
741 818 988 894 harﬂaro
1050 827 1220 888 pace,
1270 832 1331 871 ca
1401 815 1740 880 conditione,
1786 821 1846 867 ut
1911 812 1974 866 ﬁ-

393 915 517 968 lium
550 913 637 968 ille
666 912 764 966 sibi
795 910 1126 966 educandum
1160 909 1428 974 traderet,
1460 914 1734 976 acceptum
1767 919 1863 974 pro
1893 906 1976 974 pi-

390 1018 557 1073 gnore
605 1003 750 1072 pacis
801 1000 962 1054 ﬁliuin
1013 998 1294 1055 confestim
1337 997 1681 1068 jugulaverit,
1717 1011 1882 1065 eaque
1909 995 1976 1050 de

391 1105 551 1150 musa
598 1111 627 1147 a
675 1095 830 1149 beato
888 1091 1081 1163 Babyla
1123 1085 1376 1145 Ecclesia:
1419 1089 1562 1143 aditu
1619 1087 1972 1148 interclusus,

392 1189 639 1244 eumdem
667 1187 724 1241 S.
755 1185 1032 1256 pnesulem
1055 1185 1105 1238 in
1128 1197 1396 1238 carcerem
1426 1179 1564 1236 trudi
1593 1185 1648 1236 et
1673 1178 1973 1234 obtruncari

394 1275 656 1350 jusserit?
682 1276 833 1330 Hunc
859 1269 1237 1344 Imperatorem
1259 1271 1472 1342 quidam
1501 1271 1614 1326 sive
1641 1270 1972 1336 sclioliastes,

393 1373 506 1426 sive
533 1369 779 1424 librarius
811 1361 940 1422 dicit
969 1375 1088 1422 eSSe
1138 1364 1516 1420 Namerianu‘m
1546 1379 1558 1415 :
1588 1377 1693 1431 quo
1722 1361 1848 1431 quid
1889 1361 1971 1414 in-

395 1462 603 1532 eptius?
626 1459 757 1515 Nam
788 1459 868 1513 vel
891 1452 1250 1513 Christianum
1277 1440 1452 1510 dicere
1466 1453 1869 1515 Numerianum,
1893 1451 1973 1506 vel

391 1553 787 1610 interfectorem
819 1544 1094 1621 cujusdam
1125 1541 1215 1603 lilii
1242 1547 1382 1619 regis
1412 1547 1757 1602 barbarorum
1779 1587 1792 1610 ,
1821 1561 1974 1616 aeque

390 1661 512 1700 cum
553 1651 677 1698 vera
723 1641 918 1714 pugnat
949 1639 1188 1707 historia.
1229 1639 1336 1694 Nec
1365 1639 1533 1709 magis
1566 1635 1802 1693 creditur
1827 1637 1973 1692 Actis

389 1735 704 1801 quibusdam
748 1748 778 1787 a
806 1730 1061 1786 Bollando
1090 1729 1247 1786 editis
1273 1728 1338 1783 ad
1372 1728 1442 1783 2i
1462 1728 1719 1792 Januarii,
1745 1726 1831 1781 ubi
1860 1725 1972 1781 Nu-

390 1831 661 1882 morianus
693 1824 956 1881 idolorum
983 1823 1153 1878 cultor
1182 1813 1538 1876 inducitur-'8.
1569 1819 1820 1889 Bahylam
1854 1828 1971 1873 ten-

389 1919 507 1974 tans
552 1917 619 1972 ad
663 1917 986 1988 impietatem
1039 1927 1189 1968 suam
1239 1911 1491 1978 trahere,
1533 1913 1808 1982 ipsumque
1848 1924 1970 1964 cum

387 2009 569 2078 pueris
588 2003 904 2078 quibusdam
935 2004 1171 2077 martyrii
1192 2002 1356 2074 gloria
1379 2001 1617 2057 afﬁciens
1645 2018 1658 2055 :
1687 2016 1806 2072 qua:
1826 2008 1972 2056 certe

387 2105 497 2154 non
526 2097 746 2167 possunt
769 2095 842 2152 ad
867 2096 1118 2169 Babylam
1150 2089 1392 2149 ndstrum
1417 2092 1624 2149 referri.

460 2177 760 2244 Verisimile
799 2187 958 2258 igitur
987 2196 1070 2243 εει
1119 2185 1206 2241 h‘ie
1259 2185 1636 2255 Imperatorem
1669 2179 1970 2254 Philippum

387 2280 822 2352 memorari,qui
869 2278 1076 2350 imperii
1131 2277 1412 2334 invadendi
1447 2283 1606 2333 causa
1652 2287 1792 2332 caeso
1835 2274 1972 2332 Gor-

387 2367 550 2429 diano
599 2374 871 2444 Augusto,
913 2382 1193 2443 p03tqtiam
1249 2386 1344 2441 per
1382 2380 1585 2426 tantum
1639 2371 1813 2425 scelus
1861 2370 1970 2424 voti

386 2475 610 2535 eumpos
658 2463 828 2519 factus
873 2463 1207 2517 Antiochiam
1238 2471 1496 2528 venerat,
1523 2460 1797 2516 Paschalis
1835 2468 1969 2514 tem-

391 2573 520 2627 pore
548 2556 614 2612 ad
644 2555 924 2612 ecclesiam
951 2595 966 2619 ,
995 2565 1212 2624 precum
1239 2553 1720 2624 mysteriorumque
1747 2563 1968 2605 consors

385 2640 615 2714 futurus,
641 2631 947 2702 accedebat.
988 2645 1104 2713 Quo
1141 2651 1415 2714 comperto
1461 2643 1516 2698 S.
1551 2642 1775 2713 Babylas
1815 2656 1967 2698 acce-

391 2729 604 2792 dentem
648 2727 1028 2810 imperatorem
1071 2733 1301 2804 repulit,
1349 2732 1587 2790 ecclesiae
1622 2731 1767 2788 aditu
1798 2733 1967 2789 inter-

387 2830 559 2896 dixit,
587 2837 640 2882 et
678 2823 1046 2897 pmuitentium
1087 2826 1206 2881 loco
1250 2840 1307 2881 se
1350 2826 1538 2881 sistere
1571 2825 1768 2894 jussit,
1796 2825 1969 2881 donec

389 2922 702 2992 poenitentia
728 2918 907 2974 ablato
929 2919 1246 2990 exitiatque
1262 2918 1465 2974 scelere
1485 2959 1500 2984 ,
1538 2918 1602 2973 ad
1633 2919 1966 2973 communio-

390 3021 512 3070 nem
542 3013 790 3066 Ecclesia!
818 3022 997 3081 postea
1043 3012 1388 3078 reciperetur.
1423 3010 1568 3066 lianc
1594 3025 1623 3063 a
1649 3010 1706 3064 S.
1738 3011 1968 3080 prmsule

387 3104 678 3173 repulsam,
701 3113 852 3172 grato
868 3102 1048 3155 animo
1063 3102 1409 3169 modesteque
1431 3097 1616 3155 tulisse
1641 3100 1964 3171 Philippum,-

387 3201 566 3248 narrat
595 3193 878 3258 Eusebius,
901 3193 1133 3261 itemque.
1157 3193 1523 3262 paenitentiam
1551 3192 1723 3248 locum
1751 3193 1964 3260 adiisse;

385 3291 448 3337 ac
500 3292 640 3347 ttun,
667 3290 1009 3355 poSteaqua-m
1040 3293 1144 3335 tam
1176 3296 1334 3351 grave
1361 3291 1634 3351 peceatum
1675 3285 1965 3339 secundum

293 3393 302 3405 ·
387 3375 641 3432 Ecclesiae
687 3385 878 3431 statuta
929 3389 1024 3447 per
1071 3373 1458 3432 confessiOnem
1503 3374 1859 3444 deposuerat,
1913 3379 1964 3432 in

387 3467 678 3522 Ecclesiam
696 3466 984 3522 admissam
1004 3461 1183 3523 futs'se.
1207 3467 1317 3522 Sub
1333 3467 1446 3523 luce
1459 3476 1660 3533 autem,
1674 3467 1966 3539 imperante

387 3554 548 3615 Decio
569 3601 584 3624 ,
611 3549 1032 3614 Christianomm
1067 3559 1247 3622 liOSte,
1278 3559 1337 3614 S.
1380 3559 1605 3631 Bahylas
1636 3570 1736 3630 pro
1749 3557 1964 3617 Christo

385 3649 623 3707 cervices
643 3643 808 3705 dedit.
837 3649 990 3719 Quod
1025 3649 1093 3706 de
1139 3651 1449 3720 pcnuitentia
1493 3651 1666 3722 deque
1706 3643 1964 3707 Christia-

389 3743 564 3796 ni'smo
613 3740 842 3810 Philippi
890 3739 956 3795 ab
986 3741 1218 3797 Eusebio
1242 3741 1472 3809 dicitur,
1509 3759 1614 3796 non
1657 3744 1807 3813 quasi
1843 3759 1962 3798 cer-

385 3844 521 3898 tum,
553 3831 643 3886 sed
676 3846 773 3886 ceu
809 3846 837 3883 a
881 3831 1192 3901 quibusdam
1223 3831 1290 3886 ab
1317 3846 1376 3886 se
1403 3831 1663 3899 auditum,
1697 3844 1961 3899 narratur,

383 3936 440 3978 et
463 3938 492 3978 a
523 3921 701 3976 multis
728 3931 945 3975 vocatur
973 3921 1024 3974 in
1051 3921 1291 3975 dubium.
1311 3920 1614 3976 Verisimile
1643 3937 1801 3990 porro
1847 3934 1927 3977 est
1947 3966 1960 3988 ,

385 4017 452 4072 ex
502 4013 717 4068 historia
766 4008 854 4067 illa
899 4011 1150 4067 Gordiani
1196 4027 1225 4065 a
1253 4011 1499 4082 Philippo
1543 4013 1692 4080 cmsi,
1721 4013 1964 4069 manasse

390 4095 560 4166 illam,
585 4113 741 4172 quam
765 4102 1008 4172 superius
1037 4118 1104 4156 ex
1129 4101 1512 4174 Chrysostomo
1539 4104 1837 4170 retulimtis;
1868 4106 1963 4160 sed

388 4185 460 4246 ita
501 4185 829 4262 deturpatam
868 4191 1324 4262 deformatatnque‘
1361 4195 1412 4247 in
1449 4195 1696 4249 omnibus
1725 4195 1835 4251 fere
1880 4197 1963 4251 sui

391 4285 647 4358 partibus,
676 4295 731 4339 ut
755 4285 857 4338 alia
880 4285 1089 4354 penitus
1115 4294 1234 4339 esse
1259 4284 1520 4339 videawr.

461 4375 641 4450 Longe
689 4378 902 4432 saniora
957 4385 1075 4430 c550
1129 4370 1374 4429 videntur
1425 4389 1543 4446 qua:
1596 4376 1664 4431 de
1705 4376 1963 4448 Reliquiis

389 4465 448 4522 S.
485 4463 694 4546 Babyla:
742 4483 807 4521 ex
849 4464 1104 4521 suburbio
1158 4466 1405 4535 Daphnes
1449 4465 1501 4520 ln
1545 4467 1732 4522 urbem
1779 4469 1965 4523 Antio.

387 4557 560 4617 thiam
587 4545 854 4615 translatis
875 4545 1286 4632 Chrysouomus
1329 4569 1608 4625 recenset;
1649 4571 1855 4618 necuim
1896 4563 1964 4620 de

389 4649 587 4718 templo
604 4645 864 4721 Apollinis
891 4649 1145 4704 divinitus
1172 4647 1392 4710 fulmine
1422 4660 1562 4705 tacto
1582 4661 1634 4706 et
1662 4655 1961 4711 cbmbusto.

389 4727 590 4797 ilorum
629 4743 770 4794 enim
802 4751 907 4796 non
941 4741 1054 4811 ipse
1096 4741 1253 4795 modo
1282 4741 1693 4813 ChrysostomUS
1723 4745 1964 4802 oeulatus

389 4827 542 4888 testis
571 4841 682 4885 erat
706 4873 720 4896 ,
752 4831 843 4884 sed
872 4832 1028 4884 etiam
1055 4839 1242 4887 omnes
1273 4833 1388 4901 ejus
1417 4833 1720 4900 auditores,
1747 4847 1879 4904 quos
1911 4837 1961 4890 iu

390 4917 608 4976 humilia
657 4923 780 4976 ante
815 4921 954 4975 hunc
1005 4912 1194 4978 librum
1251 4923 1421 4992 pusita
1467 4922 1769 4994 alloquium
1819 4925 1964 4981 Illius

386 5014 529 5072 enim
551 5003 777 5093 prodigii
803 5020 922 5068 eum
955 5014 1006 5066 in
1033 5013 1268 5078 humilia,
1295 5019 1402 5069 tum
1431 5015 1482 5068 in
1512 5013 1648 5070 libro
1673 5016 1739 5071 de
1766 5011 1962 5088 Babyla

388 5106 715 5162 mentionem
743 5101 905 5159 facit:
937 5105 988 5158 in
1016 5104 1151 5159 libro
1195 5117 1370 5159 autem
1416 5121 1527 5159 rem
1569 5107 1736 5161 fusius
1780 5121 1965 5176 prose-

387 5199 586 5269 quitur,
606 5207 660 5251 et
680 5191 932 5251 irridendi
959 5212 1116 5251 causa
1147 5194 1400 5267 sephista:
1423 5192 1626 5275 Libauii
1657 5197 1963 5253 monodiatn

386 5303 482 5350 seu
528 5288 758 5343 lamenta
807 5288 1108 5343 minutatim
1157 5287 1359 5349 refert,
1387 5303 1506 5355 qua:
1557 5301 1800 5357 magnam
1844 5287 1963 5344 libri

390 5381 591 5449 partem
638 5387 901 5449 occupant
937 5420 951 5446 ,
993 5379 1144 5448 queis
1187 5377 1438 5431 Libauius
1488 5377 1729 5445 deplorat
1781 5393 1963 5433 casum

389 5463 537 5523 ilium
569 5467 884 5538 stupendum
911 5510 925 5534 ,
954 5485 1059 5538 quo
1088 5467 1348 5537 Apollinis
1375 5468 1548 5537 magni
1577 5469 1830 5537 templum
1863 5470 1965 5525 im-

395 5561 558 5619 misso
584 5561 702 5629 igne
739 5561 1073 5616 eunibustum
1105 5558 1294 5612 fuerat.

465 5646 598 5702 Libri
625 5651 685 5703 de
708 5651 1019 5705 Saterdoiio.
1040 5683 1103 5689 —
1127 5650 1311 5704 Libros
1356 5648 1514 5703 etiam
1547 5647 1610 5704 de
1655 5645 1966 5706 Sacerdoti?

1448 249 1503 302 S.
1543 244 1819 303 JOANNIS
1854 240 2327 302 CHRYSOSTOMI
2359 245 2536 312 VITA,

3565 250 3657 311 Ισῢ

3070 321 3086 344 Ι

2092 355 2181 410 vel
2209 367 2329 411 cum
2357 356 2612 412 diaconus
2641 359 2930 415 ordinatus
2955 359 3078 427 fuit,
3108 362 3153 415 si
3191 361 3398 418 Socrati
3428 363 3498 418 sit
3533 364 3656 422 fides

2088 443 2328 500 habenda
2354 487 2369 513 ,
2399 447 2484 502 vel
2529 448 2686 517 paulo
2715 457 2841 504 ante
2877 465 3036 520 quam
3077 452 3416 509 ordinaretur
3439 469 3657 528 compo-

2085 535 2209 589 suit.
2239 535 2352 604 Qua
2383 537 2449 592 de
2471 552 2532 593 re
2561 538 2672 607 jam
2699 539 2947 608 superius
2967 547 3143 595 actum
3171 542 3286 596 fuit.

2157 625 2212 678 in
2241 625 2342 680 hoc
2363 627 2523 680 etiam
2547 627 2761 683 circiter
2801 637 3006 700 tempus
3033 628 3121 700 (Τ.
3144 631 3199 686 6.
3253 648 3302 685 ι’.
3327 632 3476 704 305)
3526 635 3661 690 refe-

2082 717 2247 771 renda
2273 717 2483 773 videtur
2509 717 2767 790 Synopsis
2808 720 2896 775 illa
2938 721 3224 792 Scriptum
3259 737 3425 779 sacrae
3447 763 3463 790 ,
3510 727 3660 795 cujus

2083 822 2326 877 magnam
2349 819 2552 878 partem
2574 810 2836 866 edidimus
2861 829 2873 866 :
2897 828 3002 867 non
3022 813 3162 868 enim
3182 815 3379 884 integra
3401 815 3470 870 ad
3489 831 3656 871 aevum

2082 913 2251 968 usque
2273 910 2511 955 nostrum
2535 902 2790 970 pervenit.
2813 901 2960 972 Opus
2985 918 3104 959 esse
3127 906 3414 973 genuinum
3441 906 3656 976 probari

2082 987 2136 1041 in
2173 987 2400 1044 Diatriba
2426 1032 2440 1056 ,
2473 989 2540 1044 ad
2565 1006 2724 1061 quam
2750 992 3000 1048 lectorem
3026 995 3299 1050 mittimus.
3325 995 3463 1051 Sane
3494 1012 3658 1067 gyno.

2080 1079 2198 1147 psin
2242 1077 2633 1150 Seript-ur‘arum
2671 1082 2947 1152 scripsisse
2986 1097 3106 1138 eum
3141 1086 3231 1155 qu‘i
3269 1086 3464 1142 divinis
3493 1090 3660 1146 literis

2079 1169 2360 1236 addictus,
2411 1185 2595 1226 earum
2639 1173 2852 1228 lectioni
2895 1183 2949 1228 et
2989 1174 3315 1230 meditationi
3350 1189 3655 1248 perpetuam

2079 1258 2237 1314 dabat
2264 1275 2480 1329 operam
2505 1303 2522 1329 ,
2551 1261 2702 1317 facile
2727 1263 2994 1320 credatur.
3023 1265 3140 1320 Alia
3165 1281 3290 1321 vero
3313 1280 3621 1338 argumenta
3639 1311 3657 1336 ,

2080 1363 2199 1420 qua:
2229 1352 2280 1406 in
2315 1352 2545 1409 Diatriba
2571 1355 2846 1411 attulimus
2869 1398 2883 1423 ,
2912 1357 3028 1412 orbi
3063 1358 3296 1415 literario
3335 1363 3657 1432 exploranda

2079 1453 2134 1497 et
2159 1443 2224 1497 ad
2254 1444 2503 1498 trutinam
2532 1446 2884 1501 examinanda
2909 1447 3186 1503 mittimus.

2149 1533 2420 1606 Presbyter
2445 1537 2713 1592 ordinatur
2739 1554 2770 1591 a
2801 1535 3072 1593 Flaviano.
3111 1569 3183 1580 —-
3214 1540 3446 1598 Joannes
3485 1544 3661 1614 itaque

2079 1634 2263 1680 noster
2291 1640 2386 1695 per
2409 1641 2576 1682 annos
2596 1628 2796 1699 aliquot
2823 1629 2943 1700 (an.
2969 1629 3106 1700 386)
3129 1630 3337 1686 diaconi
3368 1635 3660 1705 tam-probe

2081 1717 2290 1774 functus
2317 1719 2492 1775 ofﬁcio
2513 1762 2528 1787 ,
2562 1735 2682 1777 cum
2725 1721 2832 1791 jam
2863 1731 2939 1778 tot
2969 1723 3258 1793 specimina
3287 1725 3522 1782 dedisset
3545 1729 3659 1782 exis

2078 1809 2199 1863 mia:
2227 1809 2547 1878 eloquentite
2569 1825 2689 1866 cum
2725 1813 2921 1882 pietate
2957 1815 3254 1884 conjunctae
3276 1856 3293 1882 ,
3334 1832 3363 1870 a
3408 1815 3657 1871 Flaviano

2078 1901 2330 1970 episcopo
2359 1891 2637 1972 presbyter
2655 1903 2932 1960 ordinatur
2960 1905 3121 1975 (Vide
3143 1907 3460 1962 Palladium.
3488 1927 3540 1979 ρ.
3570 1911 3655 1964 Η.

2077 1991 2166 2046 42.
2197 2003 2244 2046 et
2268 1989 2610 2064 Tillemont.).
2661 1995 2892 2052 Noverat
2917 1998 3058 2053 enim
3087 1999 3174 2055 ille
3213 1999 3370 2056 Verbi
3399 2000 3491 2056 Dei
3524 2013 3658 2070 prato

2079 2093 2269 2138 cortem
2325 2098 2596 2139 summum
2642 2085 2756 2142 fore
2793 2087 3052 2144 Joannem
3097 2101 3335 2145 nostrum
3364 2134 3379 2158 ,
3423 2090 3517 2162 qui
3561 2091 3663 2146 etsi

2075 2174 2420 2229 coneionatus
2463 2190 2753 2247 numquam
2796 2177 3006 2244 fuerat,
3046 2179 3155 2249 jam
3197 2196 3262 2236 ex
3297 2182 3510 2255 scriptis
3551 2183 3663 2236 suis

2076 2264 2259 2320 talenti
2287 2265 2386 2320 sibi
2410 2266 2599 2322 crediti
2626 2267 2921 2324 uberrimas
2949 2270 3167 2326 dederat
3201 2275 3479 2342 primitias.
3503 2272 3663 2331 Ordi-

2077 2365 2233 2411 natus
2259 2366 2436 2412 autem
2461 2367 2543 2413 est
2565 2369 2690 2415 ante
2707 2359 3177 2432 Quadragesimam
3199 2367 3320 2419 anni
3345 2367 3450 2422 586
3472 2410 3487 2433 ,
3505 2377 3574 2422 ut
3593 2381 3660 2423 ex

2075 2447 2212 2504 infra
2261 2449 2500 2506 dicendis
2549 2453 2832 2508 constabit.
2873 2454 2984 2510 Nec
3023 2465 3172 2512 mora
3215 2475 3229 2512 :
3273 2459 3550 2528 postquam
3593 2461 3659 2517 ad

2074 2542 2406 2600 sacerdotale
2424 2546 2776 2602 ministerium
2793 2557 3094 2618 assumptus
3117 2549 3231 2616 fuit,
3254 2551 3319 2606 ad
3338 2553 3661 2608 concionan-

2032 2626 2042 2634 ’
2076 2631 2130 2687 di
2157 2633 2391 2690 officium
2417 2635 2700 2706 deputatur
2723 2653 2756 2693 a
2784 2637 3034 2694 Flaviano
3068 2657 3082 2694 :
3118 2655 3224 2710 quo
3251 2651 3512 2716 prasente
3553 2645 3662 2713 pri-

2075 2740 2216 2779 mam
2245 2725 2516 2781 homiliam
2544 2727 2677 2782 dixit
2701 2769 2718 2795 ,
2745 2738 2940 2784 etcum
2966 2743 3171 2784 summa
3194 2731 3451 2786 modestia
3479 2733 3662 2788 animi-

2073 2833 2181 2887 que
2209 2818 2533 2876 demissione
2557 2835 2712 2875 orsus
2735 2829 2837 2875 est.
2867 2820 2936 2876 Se
2965 2835 3069 2876 non
3100 2823 3264 2877 semei
3291 2824 3665 2879 adolescentu-

2077 2910 2185 2965 lum
2207 2951 2223 2976 ,
2257 2919 2450 2976 vocat,
2481 2912 2582 2967 etsi
2609 2927 2744 2982 pene
2777 2911 3224 2983 quadragenarius
3260 2914 3370 2984 jam
3408 2925 3564 2983 emt;
3601 2931 3664 2972 se

2075 3010 2408 3070 peccatorem
2438 3002 2606 3069 dicit,
2652 3003 2902 3071 additque
2941 3003 3193 3058 Doridem
3219 3047 3234 3072 ,
3271 3007 3460 3060 caelum
3486 3048 3501 3071 ,
3549 3017 3662 3062 Ier-

2074 3102 2187 3146 ram
2213 3132 2226 3154 ,
2256 3093 2517 3148 elementa
2547 3094 2725 3148 omnia
2751 3135 2766 3159 ,
2799 3093 2938 3148 feras
2967 3093 3271 3165 bestiasque
3289 3138 3303 3161 ,
3334 3096 3579 3152 homines
3605 3107 3665 3153 et

2073 3186 2294 3256 angelos
2318 3186 2384 3241 ad
2417 3187 2580 3242 Deum
2612 3187 2931 3241 laudandum
2971 3197 3023 3242 et
3052 3188 3425 3243 celebrandum
3469 3207 3668 3259 provo-

2072 3291 2196 3332 care
2219 3319 2233 3343 ,
2269 3286 2576 3347 peccatores
2605 3293 2732 3332 vero
2771 3286 3082 3348 numtjuam.
3131 3279 3264 3334 Iliae
3307 3281 3372 3334 ad
3421 3280 3664 3336 Flaviani

2073 3378 2198 3424 tunc
2227 3371 2502 3438 praesentis
2529 3369 2712 3425 laudes
2751 3384 2812 3425 se
2849 3372 3149 3436 convertit,
3195 3373 3374 3442 aitque
3414 3373 3563 3427 illum
3603 3374 3664 3428 in

2071 3471 2379 3531 sumptuosa
2395 3448 2555 3516 domo
2575 3462 2878 3526 educatum,
2901 3463 3008 3531 jam
3029 3471 3270 3532 asperam
3291 3473 3343 3518 et
3361 3465 3663 3535 squalidam

2071 3552 2247 3624 gregis
2275 3551 2358 3605 sui
2385 3552 2636 3621 pascendi
2667 3565 2823 3607 causa
2853 3553 3012 3606 vitam
3045 3565 3224 3622 agere.
3273 3555 3491 3610 Demum
3540 3557 3666 3627 ejus

2070 3655 2465 3702 antecesserant
2497 3643 2740 3701 laudibus
2767 3645 2972 3699 extollit
3002 3644 3295 3701 Meletium.

2141 3735 2268 3790 Post
2298 3737 2434 3790 hanc
2461 3736 2686 3806 primam
2715 3735 3025 3792 concionem
3053 3736 3300 3804 opinatur
3323 3737 3402 3791 vir
3425 3738 3666 3808 sagacis-

2068 3827 2235 3882 simus
2254 3827 2622 3881 Tillemontius
2640 3825 2870 3881 habitam
2893 3826 3055 3882 fuisse
3077 3826 3346 3882 humilium
3364 3827 3660 3887 seutmdam

2070 3918 2125 3972 i'n
2152 3916 2332 3973 Oziam
2359 3929 2414 3972 et
2440 3917 2491 3971 in
2517 3917 2843 3987 Seraphinos
2867 3961 2882 3985 ,
2915 3927 2970 3973 at
3009 3919 3213 3974 levibus
3247 3930 3520 3989 pennatus
3559 3934 3663 3976 seu

2069 4008 2362 4062 rationibus
2387 4022 2481 4062 seu
2512 4008 2831 4075 coniecturis
2856 4051 2871 4075 ,
2901 4025 3031 4077 quas
3061 4011 3217 4065 etiam
3249 4013 3338 4066 ille
3361 4012 3663 4067 dubitando

2069 4097 2293 4167 profert.
2325 4097 2454 4151 Nam
2481 4107 2539 4151 ut
2567 4097 2620 4150 in
2650 4096 2848 4152 Monito
2889 4097 2976 4169 (Τ.
3003 4099 3056 4152 6.
3096 4117 3141 4152 τ.
3167 4099 3275 4170 9⁸5)
3304 4100 3369 4154 ad
3401 4101 3664 4158 llomilias

2067 4188 2136 4242 de
2159 4187 2470 4256 Seraphinis
2499 4188 2730 4243 diximus
2753 4229 2768 4250 ,
2803 4187 2918 4243 haec
2939 4189 3152 4242 humilia
3175 4191 3398 4260 proferri
3430 4208 3536 4246 non
3561 4207 3665 4262 po-

2071 4279 2170 4332 tuit
2193 4288 2316 4334 ante
2343 4293 2540 4332 annum
2567 4279 2675 4334 588
2700 4320 2714 4343 ,
2739 4288 2796 4332 ut
2823 4279 2874 4332 in
2905 4278 3104 4332 Monito
3129 4280 3314 4335 eodem
3342 4283 3621 4350 probatur.

2141 4369 2415 4426 Conrioncs
2441 4371 2493 4425 in
2523 4371 2774 4425 (ἐθηράθη.
2806 4371 2952 4424 Anno
2979 4371 3104 4426 586.
3133 4401 3206 4411 —-
3237 4372 3428 4427 Verum
3452 4375 3664 4443 optime

2074 4463 2322 4535 opinatur
2349 4464 2488 4519 idem
2509 4463 2876 4518 Tillemontius
2901 4464 2918 4532 (
2943 4462 3236 4517 Tillemonl.
3269 4481 3321 4534 ρ.
3352 4466 3421 4522 42
3442 4467 3464 4534 )
3484 4509 3500 4530 ,
3530 4483 3660 4522 cum

2069 4555 2199 4610 dicit
2222 4563 2409 4623 putare
2438 4567 2496 4609 se
2523 4566 2645 4608 octo
2669 4553 2962 4608 Semnones
2993 4555 3040 4608 iu
3064 4554 3314 4610 Genesim
3330 4595 3346 4621 ,
3367 4557 3456 4624 qui
3483 4557 3665 4616 Temo

2068 4655 2259 4714 quarto
2279 4645 2530 4700 llomilias
2551 4646 2604 4698 in
2625 4645 2874 4700 Genesim
2899 4654 3192 4715 sequuntur
3233 4644 3318 4716 (Τ.
3347 4647 3397 4701 4.
3419 4664 3468 4702 c.
3487 4649 3590 4704 58!
3613 4650 3661 4719 ),

2073 4735 2283 4791 habitos
2327 4735 2490 4790 fuisse
2530 4736 2744 4790 ineunte
2787 4735 3198 4806 Quadragesirna
3255 4738 3377 4792 anni
3423 4738 3550 4792 386.
3601 4739 3662 4794 Id

2071 4829 2212 4882 enim
2244 4827 2522 4897 perspicue
2551 4826 2786 4883 declarat
2813 4828 3226 4897 Chrysostomus
3249 4866 3265 4895 ,
3302 4842 3422 4883 cum
3455 4843 3658 4883 securi.

2070 4918 2196 4971 dum
2229 4931 2528 4970 sermonem
2554 4917 2636 4971 his
2659 4917 2834 4972 verbis
2855 4919 3059 4972 orditur
3088 4936 3102 4972 :
3131 4917 3396 4988 Numquid
3421 4921 3655 4973 tuendai-

2070 5012 2160 5066 stis
2188 5015 2516 5078 quastionnm
2543 5054 2556 5076 ,
2588 5027 2702 5082 qua:
2727 5029 2883 5082 nuper
2920 5014 3056 5067 vobis
3092 5012 3364 5083 proposita
3397 5023 3513 5068 sunt
3535 5013 3564 5065 .’
3589 5010 3656 5066 In

2072 5113 2265 5157 tantam
2291 5104 2422 5156 enim
2445 5105 2789 5174 arrogantiam
2817 5112 2864 5157 et
2907 5105 3171 5156 audaciam
3198 5121 3289 5158 nos
3318 5104 3614 5174 provenisti:
3640 5145 3653 5172 ,

2071 5204 2128 5246 ut
2155 5194 2452 5264 qawstiones
2477 5194 2726 5262 intrepide
2743 5194 3097 5265 aggrediantur
3123 5211 3145 5249 :
3172 5198 3274 5248 imo
3299 5212 3388 5249 nec
3407 5211 3662 5265 arrogan-

2074 5286 2157 5338 tiae
2178 5302 2268 5339 nec
2292 5286 2520 5338 audacia:
2542 5285 2594 5338 id
2623 5287 2819 5356 [acinus
2840 5295 2931 5339 est.
2957 5283 3078 5338 Non
3101 5287 3233 5339 enim
3257 5286 3440 5339 viribus
3469 5287 3662 5340 nostris

2071 5377 2376 5445 conﬁdentes
2400 5419 2413 5441 ,
2442 5377 2529 5431 sed
2577 5377 2855 5430 antistitum
2895 5377 3123 5446 precibus
3166 5393 3226 5430 ac
3267 5378 3442 5430 uestris
3479 5378 3660 5429 omnia

2077 5469 2436 5521 ronmtittrntrs
2477 5469 2543 5520 ad
2580 5467 2799 5520 stadium
2838 5483 2928 5519 nos
2974 5467 3304 5520 occinximus.
3356 5466 3454 5518 llic
3501 5466 3662 5521 clare

2073 5561 2221 5614 vides
2246 5559 2681 5632 Chrysostomum
2719 5559 2784 5614 ad
2826 5557 3054 5613 stadium
3085 5572 3143 5613 se
3167 5559 3528 5626 accingentem
3557 5595 3573 5624 ,
3601 5569 3657 5614 et

2077 5651 2497 5725 Qttadrngf‘simit?
2540 5666 2812 5708 sermones
2858 5652 3082 5723 primum
3129 5650 3437 5719 ineuntem.
3486 5663 3658 5722 seque
