2694 4342
152 175 211 213 101
937 173 1062 212 NUNC
1090 172 1267 210 PRIMUM
1295 174 1566 214 ADORNATA.

151 266 238 304 pene
253 251 406 292 audacia:
425 252 645 289 incusantem
663 249 758 299 quod
784 259 860 288 rem
882 254 1015 285 tantam
1036 247 1209 295 aggrede-

152 325 245 355 retur
265 326 273 352 ε
292 321 368 362 qum
386 315 482 351 certe
511 312 630 350 omnia
658 309 994 359 Quadragesitnal'es
1023 315 1210 346 sermones

151 381 260 428 prima
289 379 363 414 vice
393 377 618 422 incipientem
645 374 816 412 indicant.
846 372 922 410 Non
951 372 1046 409 enim
1067 382 1107 408 ea
1125 381 1210 408 usus

151 445 204 480 est
221 436 376 478 ordiendi
403 439 540 476 ratione
563 447 656 474 anno
685 437 896 484 insequente
913 434 994 478 587,
1019 443 1101 470 cum
1121 429 1209 470 Ser-

153 513 272 540 mones
291 501 334 538 de
358 501 490 539 Slatuis
511 511 572 547 per
591 507 700 537 totam
727 497 1040 547 Quadragesimam
1068 494 1206 533 habuit.

153 566 266 612 Itaque
286 563 319 600 hi
340 556 526 600 sermones
546 563 624 600 sine
652 557 760 598 du'bio
793 561 974 609 pertinent
999 559 1044 596 ad
1073 569 1207 596 annum

152 623 216 664 586
233 655 242 671 ,
261 631 331 674 quo
352 627 494 663 ineunte
515 625 699 674 presbyter
715 624 899 661 ordinatus
923 623 1064 666 fuerat,
1085 628 1122 658 et
1139 629 1207 658 an-

152 690 202 725 nis
219 689 341 725 saltem
361 687 499 725 duobus
519 694 602 724 ante
621 697 726 734 quam
746 686 918 723 Ilomilias
945 685 990 724 67
1023 684 1058 721 in
1087 683 1206 722 Gene-

151 750 212 787 sim
230 778 238 792 ,
260 761 338 797 qucc
358 750 391 786 in
410 749 539 786 eodem
559 749 672 786 'l‘omo
694 748 900 796 praecedunt
915 775 924 792 ,
946 747 1120 790 haberet,
1142 745 1209 782 hos

149 821 327 848 sermones
347 810 486 849 dixerat
502 824 511 855 ;
528 811 585 848 ubi
602 811 750 858 plurima
768 809 900 858 passim
915 808 1180 845 animadvertas
1195 836 1207 854 ,

149 877 224 919 qua:
245 872 367 910 iisdem
389 883 483 920 saepe
504 873 622 910 verbis
642 873 677 909 in
697 872 856 909 homiliis
871 871 943 908 illis
957 871 1207 908 observantur.

196 935 231 971 in
246 934 302 971 his
316 935 550 972 conei0uibus
561 963 571 978 ,
589 934 728 971 etiamsi
748 934 841 972 inter
857 931 989 981 primas
1002 938 1089 980 quas
1102 930 1211 980 Chry-

149 1002 325 1032 sostomus
351 995 479 1033 habuit
508 1001 741 1033 numerentdr
759 1024 769 1040 ,
801 1005 872 1032 non
906 990 1012 1032 modo
1037 996 1209 1042 eloquen-

148 1058 258 1100 tiam,
281 1057 479 1094 ubertatem
498 1058 532 1094 in
553 1057 704 1096 dicendo
721 1085 732 1103 ,
763 1057 911 1095 nitidum
941 1068 1052 1106 genus
1081 1058 1210 1095 verbo-

148 1131 222 1157 rum
242 1148 251 1163 ,
283 1125 319 1156 ct
349 1121 562 1158 intentionis
590 1119 792 1158 felicitatem
820 1121 1035 1165 admireris,
1067 1131 1146 1168 quae
1174 1121 1210 1158 in

148 1181 283 1219 czctcris
311 1183 478 1218 omnibus
507 1182 584 1228 ejus
605 1183 774 1228 operibus
803 1183 958 1226 elucent,
987 1182 1045 1219 ubi
1077 1182 1209 1231 stylum

149 1254 286 1289 semper
303 1241 463 1280 videmus
479 1244 640 1290 populari
657 1245 855 1281 assensioni
871 1244 1180 1282 accommodatutn
1198 1255 1208 1288 ;

150 1300 207 1343 Sed
226 1306 332 1342 etiam
361 1306 625 1344 animadvertas
641 1313 812 1354 quantum
833 1306 876 1343 ad
896 1314 1210 1356 extemporaneam

151 1367 438 1405 declamatioriem
461 1378 603 1416 semper
617 1373 844 1416 comparatus
863 1369 969 1406 fuerit
988 1375 1108 1406 tantus
1124 1369 1211 1406 arti-

151 1430 202 1468 fex
219 1460 228 1475 ,
244 1438 278 1468 et
295 1442 400 1478 quam
419 1431 463 1467 ad
483 1442 540 1468 res
554 1433 783 1478 quantumvis
799 1433 1000 1479 inepinatas
1017 1433 1109 1481 style
1127 1438 1210 1480 per-

149 1493 344 1538 sequendas
367 1500 496 1539 praesto
517 1493 633 1530 fuerit.
657 1493 731 1531 1100
753 1504 824 1531 uno
851 1505 926 1532 rem
947 1495 1110 1542 eireln'plo
1131 1505 1212 1542 per-

149 1556 269 1602 cipias.
293 1556 329 1593 lu
357 1555 532 1593 Sermone
552 1560 680 1604 quarto
707 1567 807 1594 num.
833 1553 856 1594 5
873 1587 882 1602 ,
913 1568 993 1594 cum
1019 1557 1214 1595 accedente

149 1625 251 1654 nocte
287 1618 442 1654 lucorum
484 1617 649 1655 ecclesia:
689 1619 997 1664 accenderentur,
1031 1619 1213 1657 auditores

148 1679 282 1715 aversis
300 1689 318 1714 a
334 1679 588 1716 concionatore
604 1680 715 1716 oculis
732 1709 742 1724 ,
758 1680 801 1717 ad
821 1677 985 1717 lucernas
1002 1691 1041 1718 se
1055 1691 1121 1717 con
1129 1691 1210 1718 ver-

152 1748 255 1778 tunt:
284 1741 366 1779 111110
397 1743 456 1779 1110
487 1743 606 1779 statim
628 1754 750 1780 eorum
780 1745 979 1780 socordiam
1010 1745 1155 1792 carpit,
1175 1747 1212 1783 et

151 1804 252 1839 multa
275 1803 367 1840 haud
389 1803 497 1841 dubie
527 1804 721 1852 imparatus
739 1833 749 1848 ,
772 1805 858 1842 dicit
883 1807 1052 1854 prwclare
1068 1835 1078 1852 ,
1111 1817 1155 1844 ac
1179 1807 1210 1845 si

153 1872 221 1901 rem
240 1865 428 1903 meditatus
447 1868 684 1912 accessisset,
701 1866 761 1915 qui
781 1874 897 1906 tamen
917 1868 996 1907 haec
1013 1869 1212 1918 111-ειενίἀοῐο

154 1927 244 1965 nullo
265 1929 370 1965 modo
391 1935 566 1976 potuerat.

199 1983 344 2028 (lautitia
372 1987 408 2027 in
437 1989 478 2028 S.
512 1988 760 2030 Melclium.—
777 1990 854 2031 iloc
881 1993 1023 2032 circiter
1049 2001 1212 2043 tempore

155 2048 328 2090 horniliam
349 2049 438 2091 dixit
457 2056 490 2092 111
510 2055 548 2093 S.
567 2049 748 2094 Meletium
769 2087 778 2102 ,
800 2068 818 2094 a
843 2068 914 2106 quo
942 2059 1018 2106 ipse
1046 2057 1158 2097 lector
1176 2063 1213 2098 et

157 2123 269 2162 postea
285 2116 456 2154 diaconus
471 2119 658 2156 ordinatus
677 2119 806 2156 fuerat.
825 2119 982 2166 Tempus
1003 2121 1079 2167 ipse
1094 2121 1211 2170 Chry—

154 2184 321 2214 Sostomus
337 2177 370 2214 in
385 2179 556 2216 concione
573 2180 709 2227 profert
726 2190 806 2216 cum
822 2181 910 2218 dicit
931 2194 940 2219 :
961 2181 1106 2225 Quintus
1124 2183 1214 2219 enim

155 2249 255 2276 annus
269 2241 341 2288 jmn
367 2241 550 2288 prietcriit,
582 2253 624 2278 at:
648 2254 714 2290 quo
741 2242 800 2278 ille
823 2243 980 2290 migravit
1008 2243 1053 2279 ad
1079 2245 1213 2282 Jesum.

155 2298 243 2337 Obiit
266 2309 381 2339 autem
414 2303 579 2340 Mcletius
599 2304 936 2351 Constantinopoli,
960 2304 1019 2342 illo
1044 2313 1215 2344 evocatus

155 2363 197 2398 ab
225 2363 438 2411 lmpcralore
470 2376 565 2402 anno
596 2365 662 2402 581
696 2367 790 2402 circa
823 2366 928 2403 finem
955 2366 1090 2403 mensis
1120 2366 1215 2404 Maii.

156 2425 387 2469 Quamobrem
418 2435 499 2474 post
528 2439 692 2464 mensem
727 2427 857 2464 Maium
885 2427 968 2464 anui
993 2428 1064 2465 586
1097 2427 1218 2466 habita

157 2480 255 2523 fuerit
283 2487 357 2525 h:ec
381 2489 551 2534 humilia,
569 2497 651 2527 ante
668 2501 811 2538 capsam
845 2490 1091 2538 Reliquiarum
1123 2491 1220 2538 ejus—

155 2547 230 2584 dem
248 2553 373 2587 sancti.
407 2551 483 2588 Non
502 2553 535 2588 in
555 2548 797 2590 anniversaria
817 2551 936 2590 obitus
963 2551 1021 2590 die
1049 2565 1060 2591 :
1104 2564 1220 2601 neque

155 2609 247 2645 enim
265 2605 411 2648 dixisset
436 2607 712 2661 Chrysostomus
735 2613 808 2663 jam
842 2616 1059 2663 pratteriisse
1085 2625 1219 2653 annum

155 2673 313 2718 quintum
329 2674 408 2709 :sed
421 2672 578 2713 fortassis
591 2678 626 2714 in
641 2674 698 2715 die
716 2679 960 2716 translationis
974 2675 1220 2726 Reliquiarum

157 2737 230 2781 ejus
257 2731 480 2773 Antiochiam
499 2767 508 2783 ,
529 2749 607 2786 qiue
635 2741 791 2780 incidere
818 2742 958 2780 videtur
984 2744 1019 2780 in
1049 2743 1221 2780 duodeci-

161 2807 248 2834 mam
281 2798 465 2836 Februarii
484 2829 493 2844 ,
523 2811 592 2848 qua
623 2801 680 2839 die
713 2801 962 2853 Martyrologia
987 2805 1154 2844 Grtecum
1185 2810 1222 2842 et

161 2853 352 2898 Romanum
385 2855 466 2906 ejus
494 2863 624 2902 festum
652 2868 876 2904 annuntiant.
908 2870 974 2914 Qui
1003 2871 1164 2908 calculus
1190 2871 1220 2909 si

163 2927 301 2966 stet.et
321 2926 349 2961 si
378 2925 629 2978 Martyrologia
658 2929 752 2966 diem
785 2932 1024 2970 translationis
1055 2941 1222 2972 accurate

165 2991 303 3032 notent,
325 2989 417 3035 quod
441 2996 559 3028 tamen
584 3001 688 3029 sccns
715 3003 784 3030 non
814 3005 894 3031 raro
923 2997 1123 3044 contingit,
1143 2997 1222 3034 base

165 3050 280 3085 concio
299 3050 413 3088 habita
435 3052 540 3089 fuerit
557 3053 768 3092 duodecima
798 3050 982 3095 Februarii
1011 3059 1096 3095 anni
1123 3059 1192 3096 587
1210 3087 1220 3103 ,

165 3117 238 3159 post
253 3124 362 3150 annos
377 3116 533 3164 quinque
550 3123 585 3153 et
605 3124 687 3154 octo
711 3129 792 3155 cum
820 3119 969 3157 dimidio
995 3132 1153 3160 menses.
1176 3121 1223 3160 Ut

167 3171 271 3218 utres
289 3182 365 3219 est,
396 3184 534 3214 certum
564 3180 712 3216 omnino
743 3180 884 3219 videtur
912 3182 1004 3219 hanc
1035 3179 1222 3221 homiliam

167 3231 416 3278 pronuntiatam
453 3239 589 3284 fuisse,
620 3241 676 3278 vel
715 3253 810 3279 anno
845 3239 915 3281 386
946 3250 1027 3291 post
1061 3255 1222 3282 menSem

166 3294 283 3334 Maium
303 3328 313 3344 ,
333 3301 386 3336 vel
408 3304 551 3339 ineunte
571 3315 666 3341 anno
693 3306 776 3342 337.
805 3306 984 3344 Meletium
1011 3317 1098 3345 vero
1125 3314 1224 3346 tanto

167 3367 280 3396 11111010
299 3365 602 3410 prosequebantur
620 3368 833 3406 Autiochcni
851 3396 862 3414 ,
895 3375 993 3407 tanta
1018 3371 1113 3419 apud
1144 3371 1225 3409 illos

168 3428 237 3457 erat
254 3421 328 3470 ejus
347 3426 496 3463 neminis
514 3425 606 3466 fama
624 3458 633 3474 ,
653 3436 693 3467 ut
711 3442 837 3469 onmes
856 3433 931 3470 fere
953 3433 1036 3470 filiis
1056 3435 1132 3471 suis
1151 3435 1224 3472 Me-

169 3479 236 3519 lctii
258 3495 384 3528 nomen
404 3487 652 3537 imponerent,
683 3499 720 3530 et
745 3493 841 3531 illius
871 3493 1063 3546 imaginem
1093 3496 1225 3544 ubique

171 3544 370 3607 pingercnt,
409 3550 722 3603 imprimerentque
757 3556 793 3592 in
825 3544 996 3604 annulis,
1033 3558 1159 3607 sigillis
1188 3565 1226 3598 et

172 3605 290 3652 phialis
306 3639 315 3651 .
336 3614 510 3651 referente
526 3616 800 3666 Chrysostomo.

215 3670 454 3713 Concionatori
471 3684 568 3716 tanto
582 3679 780 3718 innumertc
795 3689 874 3718 sese
888 3680 1084 3718 offerebant
1099 3682 1223 3720 orandi
1245 3705 1251 3711 -

174 3734 204 3766 ct
234 3736 396 3780 arguendi
427 3747 544 3778 eausa:
574 3747 610 3778 et
635 3742 844 3779 occasiones
875 3754 883 3778 :
919 3741 1224 3782 Antiochenorum

176 3793 352 3856 untltorum
370 3799 528 3840 diSSoluti
553 3815 699 3849 mores,
727 3811 762 3841 et
788 3804 958 3840 effrenata
989 3807 1224 3851 quorumdam

179 3859 210 3889 tu
229 3860 397 3900 peccando
413 3863 552 3903 iitczzilzl
572 3895 580 3911 ,
599 3878 706 3912 qllulll
724 3867 758 3902 in
780 3865 872 3910 serie
901 3867 1126 3906 homiliarum
1153 3869 1222 3908 frc-

2295 175 2363 213 l02

1287 255 1442 294 quenter
1461 249 1584 295 imperi
1603 249 1807 288 videbimus
1827 262 1835 287 :
1857 251 2110 290 haereticorum
2135 251 2224 288 varii
2253 263 2362 299 gene-

1283 309 1332 346 ris
1351 337 1361 353 ,
1381 308 1611 356 maximeque
1631 313 1657 347 Α
1666 320 1895 350 nomoeorum
1913 343 1923 358 ,
1949 314 2145 361 depravata
2170 314 2334 350 doctrina
2351 343 2363 361 ,

1281 371 1341 417 qui
1361 371 1521 417 quotidie
1537 377 1662 408 centra
1679 373 1886 412 Catholicos
1904 375 2203 420 velificabahtnr;
2223 375 2364 413 Judmo-

1281 443 1361 469 rum
1381 443 1526 480 quoque
1544 433 1676 472 Christi
1697 436 1925 474 inimicorum
1944 450 2054 476 ausus
2073 469 2082 484 ,
2107 452 2198 488 quos
2217 441 2252 477 111
2272 451 2363 488 qua-

1281 493 1363 532 dam
1383 495 1509 532 saltem
1531 495 1663 533 rituum
1678 505 1778 544 parte
1794 499 2024 537 sectabantur
2039 502 2174 549 aliquot
2188 503 2346 540 Cliristia
2357 524 2366 530 ς

1281 557 1331 593 111.
1353 557 1398 593 Et
1423 557 1620 594 Anommos
1648 558 1793 605 quidem
1821 559 2008 597 adoriendi
2036 565 2259 610 propositum
2289 565 2364 612 jam

1281 618 1419 666 pridem
1435 626 1668 666 susceperat,
1687 626 1796 668 atque
1814 621 1848 657 in
1865 621 1990 668 primis
2004 623 2080 660 suis
2095 624 2251 662 homiliis
2267 626 2366 673 ipsos

1281 683 1456 730 impetere
1473 692 1579 720 orsus
1597 687 1719 728 esset;
1741 684 1805 721 sed
1821 695 1903 720 cum
1921 684 2060 722 videret
2081 687 2162 723 illos
2181 688 2364 725 concinni-

1279 745 1349 782 bus
1367 747 1543 784 interesse
1561 746 1636 783 suis
1651 774 1661 792 ,
1683 753 1718 783 et
1736 754 1816 784 eum
1839 746 2023 793 voluptate
2042 758 2149 785 aures
2175 749 2242 786 sibi
2271 761 2364 796 prte-

1280 807 1368 845 bcre
1384 836 1394 852 ,
1417 819 1459 844 ne
1473 808 1627 855 prwdam
1647 809 1824 857 abigeret,
1848 809 1963 856 inquit
1993 809 2067 854 ille,
2090 818 2199 857 utque
2220 811 2363 848 illorum

1279 870 1420 906 animas
1438 867 1594 906 irretiret
1609 899 1619 915 ,
1642 870 1798 918 linguam
1818 869 1864 908 ab
1881 865 2088 919 huiusmodi
2106 873 2364 910 certaminibus

1280 931 1500 978 aliquamdiu
1518 932 1693 969 coercuit.

1329 994 1465 1042 Cmpta:
1484 1002 1606 1032 autem
1625 1002 1709 1032 sunt
1723 995 1919 1033 conciones
1939 995 2011 1033 illa:
2026 1003 2152 1033 contra
2167 995 2366 1034 Anomoaos

1281 1063 1340 1092 aut
1360 1063 1523 1094 vertente
1550 1057 1646 1094 .lulio
1669 1058 1752 1093 anni
1782 1057 1854 1097 586
1871 1085 1882 1102 ,
1911 1064 1974 1095 aut
2000 1058 2148 1095 ineunte
2174 1059 2362 1106 Angusto:

1281 1119 1343 1166 qui
1369 1119 1530 1156 calculus
1559 1126 1726 1157 constare
1755 1119 2038 1168 deprehenditur
2060 1131 2104 1157 ex
2131 1119 2174 1157 iis
2209 1131 2290 1168 quae
2319 1119 2366 1158 de

1283 1180 1400 1228 prima
1434 1188 1560 1219 contra
1591 1178 1736 1219 Judtcos
1774 1181 1922 1220 homilia
1955 1183 2124 1220 dicuntur
2158 1183 2194 1220 in
2229 1183 2368 1220 Monito

1283 1243 1297 1292 (
1317 1243 1403 1281 Vide
1421 1245 1457 1281 in
1475 1241 1610 1282 Monito
1641 1251 1668 1281 ι.
1689 1241 1724 1282 1.
1747 1254 1778 1279 c.
1796 1241 2030 1291 857—844)
2055 1245 2100 1282 ad
2129 1242 2208 1282 illas
2238 1253 2364 1284 contra

1283 1305 1428 1344 Iudaeos
1462 1305 1654 1352 homilias,
1693 1307 1752 1345 ubi
1778 1317 1823 1344 ex
1849 1307 1938 1355 ipsis
1964 1303 2216 1355 Chrysostomi
2244 1307 2366 1345 verbis

1283 1369 1445 1418 arguitur
1465 1370 1616 1416 primam
1634 1366 1793 1407 habitam
1813 1368 1926 1407 fuisse
1944 1378 2069 1406 mense
2088 1368 2250 1417 Augusto
2270 1369 2367 1416 ejus-

1284 1430 1366 1468 dem
1387 1432 1470 1469 anni
1492 1426 1578 1469 586.
1732 1428 1738 1431 ”

1332 1492 1521 1532 Couciones
1549 1499 1668 1530 contra
1699 1493 1895 1531 Anommos.
1924 1514 1976 1522 —-
2002 1493 2080 1530 Non
2110 1504 2180 1530 una
2209 1493 2303 1531 serie
2330 1495 2369 1532 et

1284 1555 1515 1594 continenter
1531 1556 1637 1594 dictae
1657 1556 1802 1595 fuerunt
1819 1556 2014 1594 conciones
2032 1556 2108 1593 ista:
2123 1562 2248 1593 contra
2271 1557 2368 1594 Ano-

1286 1627 1427 1661 moeos;
1462 1618 1526 1656 sed
1550 1619 1690 1656 illarum
1716 1629 1846 1656 cursus
1877 1619 2100 1666 interceptus
2129 1626 2184 1656 est
2211 1619 2279 1656 sub
2308 1618 2366 1656 111-

1285 1679 1404 1725 itium,
1423 1682 1568 1728 quando
1587 1683 1775 1730 ingruente
1802 1692 1888 1719 casu
1915 1689 2040 1718 contra
2068 1681 2214 1719 Judazos
2243 1681 2366 1719 disce-

1285 1743 1457 1791 ptandum
1473 1743 1554 1780 fuit.
1572 1743 1706 1781 Deinde
1725 1756 1809 1782 vero
1830 1751 1955 1781 contra
1974 1744 2173 1782 Anommos
2187 1751 2223 1782 et
2241 1749 2367 1781 contra

1283 1807 1430 1846 Iudaeos
1443 1807 1592 1844 alternis
1607 1808 1744 1844 vicibus
1757 1815 2003 1844 concor-totum
2020 1814 2092 1845 est.
2112 1809 2157 1844 At
2175 1807 2274 1845 vices
2289 1807 2369 1846 illas

1282 1869 1402 1908 metiri
1425 1880 1496 1906 non
1515 1880 1706 1917 possumus
1723 1864 1923 1907 intervallis
1941 1869 2157 1917 mqualibus.

1331 1928 1370 1970 111
1389 1933 1502 1980 prima
1524 1931 1643 1981 itaque
1669 1939 1794 1969 contra
1822 1933 2021 1970 Anomteos
2048 1933 2224 1969 concione
2240 1959 2251 1976 ,
2267 1931 2370 1978 posi-

1285 2001 1392 2042 qtiam
1413 1994 1568 2038 dixerat,
1591 2000 1630 2031 ut
1647 1993 1818 2039 vidimus,
1837 2004 1906 2041 qua
1925 1993 1970 2030 de
1990 2004 2097 2030 cauSa
2121 1993 2261 2040 pridem
2283 2004 2367 2030 sus-

1283 2064 1426 2106 ceptum
1455 2056 1644 2094 cousilium
1667 2053 1749 2094 illos
1783 2055 2017 2104 impugnandi
2043 2055 2140 2092 aliud
2165 2057 2198 2092 in
2227 2059 2370 2104 tempus

1288 2119 1545 2156 transmisisset
1561 2147 1570 2163 ,
1599 2123 1729 2166 nempe
1745 2145 1756 2164 ,
1779 2124 1816 2155 ut
1833 2117 2017 2156 auditores
2037 2117 2097 2166 qui
2116 2117 2185 2154 sibi
2203 2117 2368 2155 benevoli

1287 2181 1500 2218 videbantur
1517 2210 1527 2226 ,
1550 2182 1709 2219 irretiret
1726 2194 1734 2218 :
1755 2182 1900 2218 demum
1919 2179 2143 2217 hortantibus
2162 2179 2249 2228 ipsis
2271 2180 2372 2217 Ano-

1289 2242 1394 2278 mmis
1419 2248 1458 2278 ut
1490 2243 1524 2279 in
1557 2253 1704 2279 arenam
1735 2241 1972 2280 desectideret
1991 2271 2001 2288 ,
2041 2241 2185 2279 illorum”
2224 2247 2370 2278 errores

1289 2303 1464 2350 impetere
1493 2310 1598 2340 orsus
1627 2310 1709 2348 est,
1744 2304 1860 2340 amico
1892 2311 2010 2340 tamen
2041 2304 2191 2348 animo,
2222 2313 2294 2340 non
2331 2307 2370 2341 ut

1291 2367 1518 2402 adversarios
1539 2365 1688 2408 feriret,
1708 2365 1770 2402 sed
1791 2371 1828 2400 ut
1842 2365 2008 2411 iacentes
2022 2366 2191 2412 erigeret.

1340 2426 1545 2464 Secundam
1565 2431 1691 2463 contra
1719 2427 1917 2462 Atiornmos
1945 2425 2131 2462 horniliam
2157 2426 2372 2472 interposito

1294 2490 1530 2538 plurimorum
1549 2488 1690 2526 dierum
1720 2487 1837 2536 spatio
1863 2487 2120 2534 pronuntiavit.
2150 2487 2257 2523 Multa
2274 2488 2371 2525 enim

1292 2556 1590 2603 Chrysostomum
1607 2563 1627 2590 a
1646 2552 1827 2590 destinato
1845 2561 1951 2589 cursu
1969 2549 2245 2598 iuterpellarrml
2260 2561 2270 2596 ;
2286 2557 2376 2588 cott-

1294 2626 1346 2656 tra
1366 2614 1512 2656 intimos
1533 2628 1663 2664 nempe
1679 2611 1800 2654 habita
1815 2645 1826 2664 ,
1845 2623 1959 2664 eaque
1978 2614 2172 2653 admodum
2203 2625 2375 2654 necessa-

1294 2683 1345 2720 ria
1364 2711 1373 2726 ,
1393 2682 1616 2718 concertatio
1633 2711 1643 2726 ,
1665 2681 1711 2717 de
1737 2691 1806 2728 qua
1824 2708 1834 2723 ,
1857 2679 1913 2716 his
1937 2687 2062 2716 contra
2097 2681 2293 2716 Anourmos
2317 2690 2375 2715 re-

1294 2744 1444 2782 censitis
1460 2773 1469 2788 ,
1488 2743 1650 2792 pluribus
1668 2752 1842 2790 agemus;
1864 2742 2010 2778 Patrum
2035 2741 2274 2788 quorumdam
2303 2741 2376 2788 spis

1295 2808 1500 2854 ritualium(
1517 2807 1571 2845 sic
1590 2803 1652 2844 ille
1667 2805 1679 2853 )
1694 2806 1858 2842 adventus
1874 2832 1886 2850 ,
1904 2804 1949 2842 de
1969 2805 2100 2852 quibus
2113 2815 2180 2840 suo
2195 2805 2274 2840 loco
2293 2814 2376 2841 nar-

1294 2871 1446 2910 rabitur.
1469 2865 1619 2908 Demum
1640 2869 1709 2906 illis
1726 2868 1770 2905 ad
1801 2869 1880 2906 loca
1907 2878 1970 2904 sua
2005 2867 2160 2905 reversis
2176 2895 2186 2910 ,
2208 2875 2373 2904 sanctum

1296 2944 1498 2982 prateoncm
1519 2942 1694 2980 excepere
1715 2930 1899 2969 memoria:
1915 2937 2113 2978 martyrum
2141 2928 2374 2976 frequentes;

1295 2997 1426 3046 quibus
1443 2996 1636 3035 celebratis
1657 2995 1900 3034 intermissam
1921 3001 2046 3032 contra
2067 2995 2265 3032 Anomozos
2285 3005 2374 3032 cou-

1295 3060 1532 3098 certationem
1554 3059 1713 3107 repetiit.

1343 3123 1382 3160 111
1403 3123 1508 3160 tertia
1524 3119 1618 3158 idem
1635 3126 1888 3168 argumentum
1904 3115 1946 3155 de
1962 3112 1979 3154 I
1984 3113 2377 3166 1100ηιρτειιειιεὶὀὶιὶιηω

1295 3183 1361 3222 Dei
1380 3192 1505 3222 contra
1528 3183 1754 3222 adversarios
1781 3182 2022 3229 prosequitur.
2050 3180 2124 3219 Sub
2151 3181 2260 3218 finem
2291 3193 2378 3219 vero

1297 3247 1335 3284 in
1364 3246 1549 3283 auditores
1580 3244 1758 3282 acerrime
1790 3238 1997 3288 invehitur,
2032 3241 2130 3292 quod
2173 3243 2376 3289 c0neionc,

1296 3317 1404 3356 quam
1428 3308 1582 3346 libenter
1599 3305 1792 3350 audiebant
1807 3331 1818 3350 ,
1841 3305 1957 3342 soluta
1975 3333 1986 3349 .
2006 3315 2088 3343 sese
2105 3306 2224 3342 statim
2243 3305 2378 3342 subdu-

1297 3376 1424 3408 cerent
1439 3399 1450 3415 ,
1472 3377 1509 3408 et
1530 3368 1644 3406 sacris
1673 3368 1854 3416 mysteriis
1868 3395 1879 3414 ,
1912 3378 1992 3416 qua:
2020 3367 2193 3406 continuo
2216 3368 2380 3406 celebra-

1297 3429 1430 3477 bantur
1445 3461 1455 3478 ,
1475 3442 1546 3469 non
1567 3429 1798 3468 interessent.

1348 3497 1386 3533 111
1407 3502 1534 3544 quarta
1550 3523 1560 3539 ,
1584 3500 1665 3542 post
1681 3494 1806 3531 solitas
1828 3499 1954 3531 eontra
1986 3493 2178 3531 lnerctiCos
2205 3490 2380 3528 velitatio-

1299 3569 1364 3596 ues
1382 3587 1392 3602 ,
1426 3557 1535 3596 0101111
1564 3556 1790 3605 gratulatur,
1819 3556 1916 3605 quod
1951 3557 2096 3594 monitis
2134 3555 2210 3591 suis
2240 3558 2378 3588 morem

1299 3621 1480 3669 gesserit,
1501 3630 1721 3668 pravumque
1747 3625 1832 3657 ante
1859 3629 1961 3656 sacra
1991 3616 2160 3666 mysteria
2187 3607 2379 3650 recedendi

1300 3681 1598 3720 cousuetudinem
1617 3682 1791 3730 abiecerit
1809 3694 1817 3718 :
1838 3682 1935 3720 dolet
1955 3686 2075 3716 tamen
2093 3704 2104 3722 ,
2123 3674 2218 3722 quod
2237 3682 2378 3708 marsu-

1300 3745 1442 3793 piorum
1467 3751 1627 3782 sectores
1657 3744 1800 3791 quidam
1831 3741 2044 3780 concionem
2069 3733 2352 3772 intcrtnrbarent
2371 3762 2380 3775 ι

1301 3815 1496 3857 monetque
1516 3819 1561 3846 ne
1579 3819 1706 3845 aurum
1735 3811 1970 3853 argentumvc
1997 3802 2033 3836 in
2057 3795 2250 3842 marsupiis
2279 3797 2378 3835 defe-

1305 3879 1382 3910 111111
1399 3900 1410 3919 ,
1430 3872 1459 3910 si
1481 3872 1588 3910 velint
1610 3871 1716 3908 talem
1739 3874 1877 3916 pestem
1899 3863 2058 3907 abigere.
