2694 4342
355 181 425 219 103

402 256 439 292 In
469 253 591 300 quinta
620 249 766 286 demum
783 269 796 290 ,
831 244 873 280 iis
903 240 1062 279 breviter
1089 237 1323 282 retractatis,
1351 243 1434 282 quae

352 318 451 363 prius
469 314 610 352 dixerat
625 338 636 354 ,
657 317 749 345 nova-
773 303 922 342 adhibet
947 308 1074 342 contra
1101 302 1300 338 Anomceos
1326 307 1434 342 argu-

353 359 487 416 menta.
507 375 546 412 In
565 373 620 408 his
639 380 748 418 porro
775 364 1014 409 concionibus
1037 365 1158 403 elucet
1183 359 1435 412 Cltrysosttmi

352 451 424 478 non
442 437 556 474 solum
577 431 784 480 eloquentia
803 459 813 476 ,
836 429 901 468 sed
919 429 1028 468 etiam
1045 427 1101 467 vis
1117 431 1433 476 argumentortm.

351 500 424 538 Nec
442 497 562 536 minus
582 493 824 542 Suspiciendo:
845 498 930 530 sunt
950 490 1209 538 responsiones
1229 487 1276 526 ad
1294 486 1436 534 objecta

351 559 604 599 ῘΙὶῐὲΙὌῐῘΟυιἾιιῐι
623 584 634 602 ,
662 555 793 604 quibus
819 559 1062 602 asperguntur
1086 552 1194 589 etiam
1230 549 1326 587 sales
1345 575 1356 592 ,
1381 547 1438 595 qui

353 623 386 660 in
409 619 564 658 dicendo
585 619 717 656 mirum
746 623 921 666 quantum
950 616 1108 654 valeant.
1137 614 1189 651 lta
1221 618 1262 650 ut
1293 611 1390 648 haut
1418 621 1438 648 a

353 693 440 722 vero
453 682 676 720 abcrraverit
692 681 721 717 si
736 680 818 729 quis
837 679 902 716 has
917 678 1086 716 ltomilias
1104 677 1198 714 inter
1215 674 1441 724 praestantis-

351 747 444 784 sima
465 745 578 782 sancti
598 743 760 781 doctoris
778 753 887 790 opera
909 740 1188 788 computaverit.

401 807 528 846 Concio
554 807 591 842 itt
619 805 661 843 S.
693 803 956 852 Philogonium.
999 809 1026 839 t.
1055 801 1091 838 1.
1121 811 1153 834 c.
1180 799 1264 836 747.
1289 819 1336 826 -
1355 799 1443 837 Post

353 871 516 918 quintam
533 897 544 914 ,
567 879 648 916 quae
668 877 794 905 mense
815 864 1006 902 Decembri
1025 863 1039 913 (
1058 866 1101 900 A.
1123 863 1208 902 586.
1229 861 1393 898 Decemb.
1409 860 1440 911 ),

354 939 395 970 ut
415 931 610 969 verisimile
629 936 685 968 est
703 958 712 975 ,
735 929 857 966 habita
877 928 940 964 fuit
956 955 967 972 ,
987 926 1270 975 Chrysostomns
1287 924 1332 960 ad
1351 934 1443 962 nova

355 995 430 1032 tela
447 1000 572 1031 contra
589 994 788 1029 Anommos
803 989 978 1027 vibranda
998 994 1143 1036 paratus
1159 1013 1170 1033 ,
1191 993 1229 1023 ut
1247 987 1324 1034 ipse
1341 986 1441 1030 dicit,

356 1055 416 1093 die
437 1055 528 1092 festo
548 1053 587 1091 S.
618 1052 820 1100 Philogonii
849 1051 1011 1098 episcopi
1042 1049 1286 1093 Antiochcni,
1318 1048 1379 1096 qui
1408 1048 1443 1085 in

355 1118 567 1166 vigesitnam
585 1115 798 1154 Decembris
813 1143 824 1160 ,
853 1115 1012 1162 quinque
1030 1112 1158 1150 diebus
1177 1118 1260 1148 ante
1281 1111 1444 1156 Natalem

358 1180 500 1218 Domini
518 1207 528 1225 ,
550 1178 758 1223 incidebat,
782 1176 1035 1225 interpellatus
1053 1175 1123 1212 fuit
1136 1203 1146 1220 ,
1165 1175 1316 1222 ejusque
1333 1183 1446 1222 pane-

358 1244 522 1294 gyricum
550 1241 825 1292 pronuntiavit,
857 1240 977 1288 ipsum
1012 1244 1133 1276 tamen
1161 1247 1234 1274 non
1264 1236 1444 1280 absolvit,

359 1307 423 1346 sed
439 1307 594 1344 maxima
611 1303 784 1354 praeconii
799 1296 900 1352 parte
917 1302 1092 1340 Flaviano
1107 1301 1301 1348 episeopo,
1318 1297 1446 1335 eadem

359 1369 419 1408 die
437 1369 697 1407 concionaturo
714 1395 724 1412 ,
745 1365 870 1404 relicta
887 1391 899 1410 ,
916 1365 952 1402 in
966 1363 1144 1401 orationis
1162 1361 1282 1399 medio
1298 1370 1446 1398 cursum

360 1431 554 1478 intercepit
571 1459 581 1475 ,
601 1437 640 1467 ut
657 1429 830 1478 populum
849 1427 893 1464 ad
913 1425 1080 1464 Natalem
1099 1423 1234 1462 Christi
1259 1423 1328 1460 rite
1352 1421 1448 1459 cele-

358 1495 540 1532 brandum
561 1493 776 1530 hortaretur
794 1520 804 1538 ,
825 1501 867 1528 ac
885 1497 1076 1538 postquam
1096 1485 1347 1536 peccatoribus
1367 1495 1447 1532 pte-

359 1557 522 1595 nitentia:
549 1555 886 1604 resipiscenliaaque
915 1552 1065 1590 modum
1092 1549 1315 1600 pratscripsit
1333 1578 1343 1595 ,
1362 1559 1447 1586 ora-

361 1620 497 1657 tionem
517 1618 667 1656 claudit.
1272 1657 1275 1660 _

407 1680 629 1729 Sequentem
664 1679 712 1716 de
749 1675 1058 1716 Consubstantiali
1093 1674 1283 1712 homiliam
1322 1679 1448 1710 contra

360 1745 560 1782 Anomtnos
591 1741 746 1786 habuit,
784 1746 824 1777 ut
853 1740 988 1776 indicat
1023 1738 1127 1786 ipse,
1162 1737 1286 1784 paucis
1321 1735 1451 1772 diebus

363 1815 554 1857 postquam
584 1807 630 1844 de
663 1805 793 1844 eodem
828 1809 1042 1851 argumento
1073 1801 1312 1838 concionatus
1345 1805 1447 1852 erat,

361 1871 510 1908 ineunte
528 1869 696 1906 videlicet
721 1876 818 1903 anno
845 1866 916 1904 587
935 1893 944 1910 ,
973 1869 1009 1900 et
1038 1867 1212 1911 quantum
1244 1860 1452 1908 conjectare

361 1934 470 1977 licet,
493 1933 617 1980 quinta
637 1929 802 1968 Januarii
821 1927 907 1973 die,
935 1937 1005 1976 qua
1034 1927 1218 1963 circenses
1248 1923 1322 1960 ludi
1355 1923 1452 1960 cele-

362 1996 576 2032 brabantur.
605 1992 666 2030 Sic
692 1993 789 2030 enim
811 1991 872 2029 ille
891 1989 1105 2027 eoncionem
1135 1986 1290 2034 incipit:
1319 1985 1452 2022 Iterum

364 2058 532 2095 circenses
548 2085 558 2102 ,
578 2057 702 2092 iteruttt
721 2054 820 2092 nobis
838 2053 1040 2090 imminutus
1059 2057 1109 2087 est
1126 2055 1326 2087 conventus.

415 2121 477 2156 Die
492 2118 660 2166 sequenti
686 2122 724 2154 ut
741 2115 948 2154 confutaret
965 2115 1178 2156 Anommos,
1199 2112 1259 2160 qui
1287 2122 1330 2148 ex
1359 2111 1456 2159 peti-

364 2184 463 2219 tione
492 2182 650 2218 filiorum
682 2178 849 2216 Zebedtei
882 2184 920 2215 et
942 2187 985 2214 cx
1018 2176 1258 2223 responsione
1289 2174 1450 2222 Christi,

365 2245 494 2282 Sedere
521 2250 636 2280 autem
654 2242 698 2278 ad
716 2243 892 2278 dexteram
911 2240 964 2276 vel
981 2239 1160 2277 sinistram
1178 2250 1288 2276 meant
1307 2250 1376 2275 non
1401 2244 1452 2275 est

364 2318 478 2344 meum
495 2307 577 2342 dare
594 2316 625 2342 vt
638 2305 701 2350 bis,
721 2303 952 2352 oppugnandi
973 2313 1099 2340 ansam
1121 2302 1354 2351 arripiebant,
1371 2312 1450 2338 cam

367 2367 492 2405 habuit
511 2367 696 2404 homiliam
717 2377 798 2415 qua:
818 2371 945 2402 octava
967 2365 1192 2403 inscribitur.

414 2430 514 2470 lianc
539 2429 751 2482 concionem
779 2428 942 2476 sequitur
972 2427 1032 2464 illa
1063 2426 1110 2464 de
1138 2427 1279 2464 Lazaro
1311 2424 1452 2474 quatri-

364 2493 484 2529 tluano
507 2491 566 2541 (Τ.
587 2503 611 2528 ι.
630 2503 662 2529 c.
681 2492 792 2539 779),
816 2491 850 2526 in
873 2500 944 2538 qua
974 2490 1236 2526 Anomteorum
1257 2497 1452 2535 argumen-

367 2564 441 2593 Iutn
463 2566 508 2592 es
527 2554 677 2592 historia
711 2553 837 2591 Lazari
857 2544 1087 2600 quatriduani
1118 2552 1270 2600 petitum
1290 2549 1455 2588 confuta-

365 2623 438 2654 tur.
461 2615 498 2654 ln
531 2617 622 2653 hanc
643 2626 729 2652 vero
755 2614 1006 2664 illegitiutitatis
1031 2614 1272 2662 suspicionem
1305 2612 1454 2660 injicere

365 2687 517 2716 conatus
549 2685 605 2716 est
635 2677 782 2726 quidam
818 2688 1002 2725 nuperus,
1036 2677 1096 2724 qui
1138 2687 1210 2714 non
1249 2674 1455 2713 adverterat

367 2743 462 2780 hanc
475 2742 520 2780 de
540 2742 677 2779 Lazaro
696 2741 935 2788 quatriduano
955 2739 1159 2778 luculenter
1176 2738 1455 2778 commemorari

367 2805 402 2840 in
419 2805 582 2852 sequenti
601 2804 647 2840 de
663 2803 796 2840 Christi
813 2803 994 2852 precibus,
1013 2803 1182 2852 quoniam
1203 2801 1282 2839 haec
1301 2798 1454 2838 homilia

369 2867 404 2903 in
425 2867 582 2904 editione
605 2866 787 2904 Sariliaua
817 2865 924 2912 longe
953 2865 1142 2903 intervallo
1169 2874 1188 2900 a
1207 2862 1373 2912 sequenti
1399 2871 1457 2900 se-

369 2935 490 2976 parata
512 2934 590 2965 erat
611 2941 619 2964 :
643 2938 767 2964 rerum
789 2927 866 2974 ejus
885 2932 1096 2975 argumenta
1128 2926 1291 2972 pluribus
1323 2923 1456 2962 confu-

367 2989 524 3027 tavitnus
544 2989 580 3026 in
599 2988 735 3026 Monito
755 2987 799 3024 ad
821 2987 886 3024 has
906 2987 1073 3023 homilias
1092 2985 1164 3024 col.
1185 2985 1270 3024 779.

417 3051 540 3089 Altera
568 3051 614 3088 de
633 3049 768 3088 Christi
789 3049 956 3096 precibus
975 3048 1206 3085 continenter
1235 3053 1317 3096 post
1333 3047 1458 3086 Homi-

370 3113 454 3150 liam
475 3113 520 3150 de
537 3112 676 3150 Lazaro
703 3111 822 3148 habita
843 3116 912 3147 est.
943 3109 982 3146 In
1004 3110 1072 3148 hac
1098 3110 1241 3160 egregie
1267 3121 1456 3148 common-

371 3179 506 3212 stratur
519 3173 653 3211 Christi
671 3182 798 3220 preces
815 3171 860 3208 ad
879 3171 1020 3208 Patrem
1033 3171 1204 3217 directas,
1219 3181 1290 3210 non
1305 3173 1458 3221 probare

373 3237 474 3275 illum
505 3244 587 3275 esse
618 3236 726 3274 Patre
760 3235 954 3272 minorem.
985 3231 1186 3283 Utramque
1215 3247 1301 3274 vero
1333 3236 1460 3274 habuit

375 3301 522 3336 ineunte
540 3308 636 3335 anno
649 3297 736 3342 587,
754 3298 864 3344 paulo
885 3305 966 3346 post
983 3308 1090 3346 quam
1111 3296 1201 3336 alias
1220 3305 1346 3336 contra
1361 3300 1459 3336 Ana»

375 3369 492 3397 nuros
511 3359 666 3404 dixerat,
686 3365 724 3395 ut
743 3359 820 3406 ipse
838 3358 950 3396 refert
969 3359 1005 3396 in
1025 3360 1197 3403 secunda,
1219 3371 1318 3397 num.
1338 3360 1375 3404 2,
1398 3360 1460 3398 ubi

375 3423 424 3460 ait
453 3432 493 3460 se
519 3433 641 3471 nuper,
662 3421 710 3460 de
739 3421 851 3470 gloria
883 3421 1064 3472 Unigeniti
1095 3423 1244 3462 dixisse.
1271 3424 1332 3462 Sic
1362 3425 1460 3461 cnim

375 3484 572 3522 conciones
616 3483 664 3522 de
709 3483 1066 3533 lncompreltensibili
1115 3495 1186 3522 non
1235 3485 1350 3523 semel
1397 3494 1461 3532 ap-

377 3548 434 3597 [ml
441 3548 500 3585 lat.

429 3610 524 3648 Duas
541 3609 631 3648 alias
647 3615 772 3648 contra
799 3611 998 3648 Anomteos
1025 3609 1220 3648 conciones
1249 3608 1310 3646 ille
1336 3605 1463 3644 habuit

366 3669 689 3720 Constantinopoli
710 3671 768 3720 (Τ.
792 3683 816 3710 l.
839 3683 871 3711 ε.
887 3672 998 3720 795),
1023 3673 1082 3710 ubi
1104 3673 1166 3709 illa
1187 3671 1336 3709 haeresis
1361 3679 1464 3718 gras-

379 3735 542 3783 sabatur,
571 3740 612 3772 ut
637 3741 674 3774 et
704 3735 904 3774 Antiochia:
925 3747 933 3772 :
956 3735 1002 3772 dc
1035 3734 1106 3771 illis
1132 3743 1254 3771 autem
1285 3743 1352 3770 suo
1384 3732 1463 3769 loco

381 3804 519 3842 agetur.

429 3858 614 3898 Concioncs
633 3868 750 3899 contra
767 3859 966 3898 Judu'os.-—
988 3857 1222 3897 lloutiliarutn
1237 3867 1323 3896 vero
1337 3863 1462 3896 contra

1093 159 1133 198 S.
1161 155 1352 206 JOANNIS
1376 152 1702 212 UllIiYSOSTOMJ
1732 152 1856 194 VLTA.
2504 157 2557 195 ιίιι

1509 230 1657 269 .ludzeos
1676 229 1842 268 ordinem
1863 229 1898 266 in
1930 228 2031 276 prius
2050 226 2165 266 Editis
2195 227 2284 266 mire
2313 230 2556 279 perturbatum,

1509 292 1586 329 Deo
1602 291 1726 336 dante,
1748 301 1816 328 nec
1833 291 1912 328 sine
1933 287 2058 326 labore
2079 287 2298 326 restituimus
2315 289 2372 337 (Τ.
2393 301 2415 328 t.
2428 303 2458 330 ε.
2471 292 2557 341 837).

1509 354 1668 392 Primam
1688 353 1876 390 homiliam
1893 351 2032 395 habuit,
2050 356 2238 400 postquam
2255 352 2443 390 certamina
2455 363 2560 394 contra

1509 421 1710 456 Anommos
1737 425 1856 462 orsus,
1887 415 2074 467 primaque
2089 413 2162 461 jam
2192 413 2309 450 habita
2327 414 2500 460 concione,
2515 417 2560 453 in-

1510 481 1690 518 stantibus
1707 479 1916 526 Judteorum
1941 475 2052 521 feriis,
2082 475 2317 524 sccnopegiis,
2333 476 2480 524 jejuniis,
2499 479 2560 526 qui.

1512 543 1580 580 bus
1601 541 1796 580 Christiani
1819 539 1964 588 quidam
1985 537 2214 583 Antiocheni,
2237 537 2362 587 partim
2387 541 2562 586 spectandi,

1513 605 1644 654 partim
1677 605 1786 642 etiam
1811 615 1878 640 una
1911 602 2120 641 celebrandi
2151 609 2260 650 atque
2275 601 2448 650 jejunandi
2474 614 2564 642 causa

1513 668 1690 706 interesse
1721 666 1916 704 solebant:
1940 666 2024 704 huic
2059 665 2121 702 ille
2149 665 2276 702 morbo
2293 671 2331 702 ut
2361 665 2564 714 mederetur,

1513 729 1796 768 concertationis
1813 734 1940 767 contra
1957 730 2154 766 Anomoaos
2173 737 2317 764 cursum
2333 727 2514 777 intercepit.
2530 739 2564 767 ac

1514 793 1660 832 Iudaeos
1677 793 1958 842 Judaeorumque
1973 801 2150 840 sequaces
2165 784 2310 830 adortus
2326 796 2391 828 est.
2411 790 2479 836 Qua
2494 803 2562 828 vero

1515 855 1602 893 anni
1633 861 1849 904 tempestate
1867 854 1945 892 haec
1974 853 2182 892 concionari
2203 851 2364 900 carpet-it,
2383 852 2452 900 ipse
2477 854 2562 900 paulo

1515 925 1599 966 post
1626 919 1768 956 initium
1795 917 1956 955 homiliae
1981 917 2109 966 prima:
2129 914 2338 954 teStilicatur
2363 915 2416 953 his
2439 916 2560 954 verbis:

1517 979 1634 1018 Ferite
1663 981 1864 1018 ntiserorum
1883 987 1984 1030 atque
2005 989 2276 1017 tcruntnosorum
2301 977 2483 1014 Judaaorutn
2500 989 2563 1014 cou-

1517 1044 1624 1081 tinuaz
1651 1050 1684 1080 et
1701 1044 1900 1092 frequentes
1921 1043 2067 1088 instant,
2090 1041 2191 1086 tubtz,
2213 1041 2426 1090 scenopegite,
2440 1040 2561 1089 jrjuniu.

1518 1105 1584 1143 His
1603 1111 1749 1142 notatur
1769 1105 1866 1142 haud
1879 1105 1988 1142 dubie
2009 1105 2145 1142 mensis
2157 1104 2264 1147 Tisri,
2281 1105 2354 1142 sive
2373 1101 2563 1150 September,

1519 1167 1622 1216 cujus
1650 1167 1796 1207 decimo
1827 1168 1954 1216 quinto
1981 1167 2041 1205 die
2071 1167 2264 1214 incipiebat
2289 1165 2496 1214 scenopegia,
2514 1174 2564 1201 seu

1520 1230 1652 1268 festum
1683 1230 2034 1268 Tabernaculorum.
2066 1229 2131 1266 Illo
2169 1235 2290 1266 autem
2328 1238 2442 1265 mense
2469 1227 2566 1276 plures

1519 1295 1614 1343 apud
1632 1294 1779 1332 Judzeos
1796 1295 2039 1332 occurrebant
2055 1293 2135 1330 dies
2156 1292 2249 1337 festi,
2267 1302 2371 1342 quam
2389 1292 2420 1328 in
2436 1291 2568 1339 quolibet

1520 1357 1593 1394 alio
1611 1357 1718 1394 totius
1736 1356 1836 1403 anni,
1869 1363 1907 1394 ut
1924 1356 2050 1394 videas
2080 1354 2173 1404 apud
2194 1353 2411 1400 antorl‘utn,
2437 1352 2567 1391 Leusde-

1521 1430 1608 1456 nttm
1627 1426 1667 1458 et
1682 1419 1787 1456 alios.
1807 1419 1912 1466 Quod
1930 1419 2038 1456 etiam
2062 1418 2194 1456 indicat
2214 1416 2486 1468 Chrysostomus,
2503 1425 2568 1453 cunt

1521 1482 1610 1520 dicit
1639 1483 1772 1520 assidui
1798 1490 1830 1520 et
1859 1482 1980 1520 crebri.
2017 1481 2117 1521 Hanc
2145 1482 2405 1521 solemnitatum
2431 1480 2569 1527 frequen-

1523 1547 1608 1583 tiam
1627 1545 1764 1593 aliquot
1782 1545 1912 1584 diebus
1937 1547 2176 1584 antevertisse
2201 1544 2490 1594 Cltrysostomum;
2509 1548 2568 1577 ttnn

1521 1609 1714 1658 praemissa
1733 1609 1843 1647 verba
1863 1607 2064 1655 declarant,
2095 1615 2170 1646 tum
2191 1617 2273 1646 mox
2303 1604 2470 1643 all'erenda
2489 1603 2569 1640 testi-

1523 1673 1690 1710 licantur.
1723 1673 1844 1719 Quare
1879 1683 2008 1710 mense
2036 1673 2198 1720 Angusto
2235 1671 2382 1719 primam
2413 1666 2567 1706 ltontiliam

1523 1736 1663 1773 dixisse
1681 1735 1836 1773 videtur.

1574 1798 1611 1836 In
1634 1799 1702 1836 hac
1729 1809 1816 1836 vero
1837 1799 2000 1844 homilia,
2025 1799 2084 1836 ubi
2105 1793 2326 1836 Christianos
2350 1795 2423 1832 illos
2439 1793 2569 1831 insccta-

1524 1864 1597 1904 tur,
1619 1861 1678 1908 qui
1699 1860 1884 1908 religionis
1897 1871 2006 1898 causa
2023 1859 2231 1898 JUtl'JEOI'Um
2250 1868 2349 1896 saera
2366 1856 2476 1900 ferias,
2491 1853 2569 1891 azdes

1525 1921 1681 1965 adirent,
1703 1932 1781 1959 rem
1801 1920 1906 1958 all‘ert
1942 1922 2176 1970 singularem,
2200 1921 2255 1974 cui
2286 1920 2346 1957 ille
2364 1916 2528 1961 interluit,
2543 1920 2570 1952 et

1525 1995 1632 2032 Quam
1654 1985 1932 2032 praetermittere
1957 1995 2030 2022 non
2050 1985 2147 2022 licet.
2177 1983 2366 2030 Postquam
2391 1982 2461 2017 [nec
2479 1979 2570 2016 Eran-

1525 2047 1609 2096 gelii
1637 2047 1790 2085 Joannis
1808 2047 1918 2086 verba
1938 2047 2059 2086 attulit
2079 2047 2137 2096 (Τ.
2152 2057 2176 2084 t.
2191 2056 2222 2082 c.
2235 2043 2317 2082 847.
2330 2041 2484 2090 l.27),Si
2500 2040 2570 2077 enim

1527 2109 1668 2147 Patrem
1687 2120 1801 2146 meum
1824 2111 1982 2155 nossetis,
2013 2117 2046 2147 et
2065 2121 2118 2146 nte
2144 2109 2286 2146 nossetis
2303 2119 2316 2145 :
2331 2117 2430 2154 neque
2445 2114 2512 2141 tero
2529 2112 2571 2137 me

1525 2173 1646 2218 nostis,
1667 2183 1728 2209 nec
1749 2171 1891 2209 Patrem
1907 2183 1921 2216 ;
1942 2173 1989 2210 ita
2009 2172 2128 2221 pergit
2147 2184 2156 2209 :
2181 2171 2280 2216 Quod
2298 2168 2508 2208 testimonium
2523 2165 2572 2200 hoc

1525 2235 1596 2281 ﬁde
1617 2235 1755 2283 dignius
1783 2234 1986 2272 adducunt?
2005 2235 2048 2272 Si
2078 2233 2218 2271 Patrem
2237 2245 2302 2270 tton
2321 2236 2448 2271 norunt.
2467 2227 2574 2264 Filium

1525 2298 1784 2344 cruci/inruat,
1813 2298 1966 2346 Spiritus
1987 2298 2154 2334 auxiliuttt
2173 2296 2380 2344 repulerunt,
2400 2293 2468 2341 quis
2483 2291 2574 2327 locum

1525 2359 1624 2398 illum
1645 2373 1716 2398 esse
1735 2361 1931 2398 dtentonum
1951 2361 2173 2398 diversorium
2197 2359 2366 2408 animare
2396 2367 2458 2392 non
2475 2349 2575 2389 ausit!

1526 2421 1609 2459 Non
1628 2423 1794 2465 aduratur
1813 2423 1858 2460 ibi
1885 2421 1996 2466 Deus,
2014 2421 2126 2466 absit;
2144 2422 2202 2459 sed
2231 2418 2430 2457 idololatria:
2444 2415 2576 2460 deinceps

1527 2485 1621 2523 locus
1649 2492 1696 2523 est
1715 2497 1728 2522 :
1748 2492 1780 2523 et
1799 2491 1912 2522 tamen
1944 2485 2052 2534 aliqui
2080 2485 2150 2521 illis
2169 2491 2339 2527 tamquam
2363 2477 2508 2518 sacrariis
2521 2474 2574 2510 ad-

1527 2549 1671 2586 haerent.
1701 2550 1812 2597 Atque
1832 2549 1904 2586 [nec
1925 2561 1994 2586 non
2013 2548 2216 2596 conjecturis
2244 2546 2408 2582 adductus
2425 2542 2504 2582 dico,
2529 2535 2576 2574 sed

1526 2613 1603 2661 ipsa
1620 2613 1760 2648 edoctus
1779 2611 2004 2659 experientia.
2034 2610 2127 2647 Nunt
2149 2617 2226 2647 ante
2247 2610 2310 2646 Itoc
2339 2607 2491 2647 triduum,
2509 2598 2576 2637 tui/ti

1527 2674 1668 2720 credite,
1699 2685 1767 2710 non
1789 2673 1955 2717 mentior,
1975 2679 2170 2709 matronam
2199 2669 2378 2719 quamdam
2398 2667 2550 2703 honestum
2566 2686 2574 2702 ,

1527 2737 1725 2786 ingenuam,
1760 2735 1949 2772 ntodestam
1967 2741 2000 2772 et
2025 2735 2162 2782 ﬁdelem
2181 2734 2262 2777 uidi,
2293 2742 2392 2780 quant
2409 2730 2500 2765 Itonto
2515 2722 2576 2768 ltui-

1528 2801 1609 2836 dam
1633 2799 1803 2846 impurus,
1823 2798 1986 2846 opinione
2004 2797 2222 2836 Christianus
2241 2795 2338 2844 (talia
2365 2793 2447 2830 enim
2465 2787 2576 2826 auden-

1529 2868 1610 2907 tem,
1630 2861 1800 2898 sincerum
1829 2859 2065 2898 Christianum
2091 2871 2159 2896 non
2189 2856 2363 2906 dixerint),
2383 2853 2577 2891 Hebrteorum

1527 2924 1638 2961 wdent
1656 2923 1785 2960 intrare
1799 2950 1810 2967 ,
1829 2922 1941 2970 ibique
1950 2921 2204 2971 jusjurandum
2223 2921 2266 2957 de
2284 2918 2422 2968 negotiis
2437 2913 2494 2952 sibi
2511 2919 2578 2946 catt-

1529 2987 1666 3026 creditis
1693 2987 1776 3022 dare
1793 2985 1943 3034 cogebat.
1969 2985 2016 3022 Ut
2045 2996 2123 3022 vero
2149 2983 2210 3021 illa
2229 2994 2326 3029 opem
2342 2975 2578 3034 itttplorabal,fl

1529 3051 1597 3088 vim
1623 3049 1822 3086 sceleratam
1848 3047 1986 3084 amoliri
2015 3046 2199 3095 cupiebat;
2216 3044 2280 3082 sibi
2297 3043 2403 3085 enim,
2422 3047 2491 3084 qua:
2505 3031 2578 3070 diri-

1531 3125 1653 3152 norunt
1682 3111 1920 3160 mysteriorum
1948 3120 2088 3147 consors
2117 3111 2209 3158 facta
2236 3112 2334 3149 esset,
2367 3104 2459 3140 illum
2485 3097 2578 3135 locum

1530 3176 1640 3220 adire,
1661 3176 1760 3222 nefas
1786 3183 1858 3210 esse
1883 3171 2024 3219 putabat
2043 3181 2056 3208 :
2075 3171 2234 3208 incensus
2253 3179 2314 3218 ego
2339 3165 2410 3204 zelo
2426 3169 2514 3222 atque
2533 3165 2582 3192 στ’

1531 3239 1615 3275 dens
1635 3221 1782 3279 surrexi,
1814 3245 1876 3272 nec
1901 3233 1998 3270 illam
2020 3232 2068 3268 ad
2084 3231 2394 3282 prwuaricationem
2413 3221 2494 3262 trahi
2517 3226 2581 3256 ull

1533 3312 1670 3350 passus,
1691 3298 1868 3346 eripuique
1885 3297 1926 3332 ab
1941 3296 2058 3344 iniqua
2075 3296 2141 3332 ista
2158 3295 2372 3332 abductione.
2390 3289 2504 3350 Postea
2517 3289 2582 3346 8W"

1533 3345 1592 3410 qui
1623 3367 1772 3397 traxerat
1812 3345 1935 3403 illam,
1965 3356 2226 3395 Gltrt'stianusne
2256 3361 2363 3398 esset,
2389 3345 2497 3398 rogavi
2511 3354 2523 3381 -'
2537 3345 2582 3408 “fi

1533 3405 1706 3470 conﬁtenti
1722 3421 1868 3470 graviter
1890 3419 2013 3465 institi,
2036 3420 2230 3467 fatuitatem
2258 3415 2472 3464 exprobrem,

1534 3493 1692 3530 tuamque
1709 3480 1928 3524 dementiam,
1958 3486 1990 3516 et
2008 3480 2115 3516 asinis
2131 3479 2232 3516 illuni
2253 3482 2411 3526 prtestare
2426 3471 2542 3518 uaga":
2560 3471 2584 3498 ⁸³

1535 3547 1707 3584 Christum
1725 3555 1760 3582 se
1771 3543 1918 3580 adorare
1937 3542 2115 3590 proﬁtear,
2135 3542 2180 3576 ad
2191 3540 2404 3580 Judworum,
2423 3531 2476 3581 qui
2489 3531 2584 3576 ipsum

1536 3607 1798 3654 cruci/inissent,
1822 3605 2004 3652 speluncas
2021 3613 2222 3650 queutquam
2242 3602 2400 3638 Ira/teret.
2413 3590 2587 3634 Producto-

1536 3681 1601 3717 que
1619 3669 1753 3717 longius
1769 3679 1936 3712 sermone,
1959 3667 2106 3714 primum
2117 3666 2242 3714 jurare
2257 3672 2394 3712 prorsus
2407 3668 2470 3696 non
2489 3653 2587 3691 tum.

1538 3743 1644 3780 neque
1675 3730 1722 3767 ad
1745 3729 1995 3778 jusjurandum
2021 3729 2214 3777 quempiam
2256 3727 2409 3765 incitare,
2439 3729 2480 3756 ex
2505 3719 2590 3751 sacro

1541 3793 1728 3842 Evangelia
1764 3793 1864 3830 docui
1886 3793 2049 3836 :dcinde,
2085 3803 2154 3828 non
2186 3790 2320 3838 ﬁdelem
2351 3793 2382 3823 et
2413 3780 2590 3820 initiatuttt,

1541 3858 1620 3906 quin
1643 3869 1748 3906 neque
1767 3870 1842 3896 cum
1861 3858 1919 3906 qui
1950 3858 2109 3895 nondunt’
2130 3856 2172 3894 sit
2191 3855 2354 3897 initiatus,
2375 3849 2406 3885 in
2425 3847 2516 3882 istam
2541 3847 2588 3873 ne
