  <div class='ocr_page' id='page_1' title='image "/cluster/home/n/w/nwhite01/storage/ocr_20150623/47/hvd.32044073501884/150.png"; bbox 0 0 2694 4342; ppageno 0'>
   <div class='ocr_carea' id='block_1_1' title="bbox 121 171 1496 230">
    <p class='ocr_par' dir='ltr' id='par_1_1' title="bbox 121 171 1496 230">
     <span class='ocr_line' id='line_1_1' title="bbox 121 171 1496 230; baseline -0.01 -8"><span class='ocrx_word' id='word_1_1' title='bbox 121 190 172 230; x_wconf 74' lang='grc' dir='ltr'><strong><em>ωε</em></strong></span> <span class='ocrx_word' id='word_1_2' title='bbox 877 174 1000 214; x_wconf 82' lang='lat' dir='ltr'><strong>NUNC</strong></span> <span class='ocrx_word' id='word_1_3' title='bbox 1026 171 1204 211; x_wconf 78' lang='lat' dir='ltr'><strong>PRIMUM</strong></span> <span class='ocrx_word' id='word_1_4' title='bbox 1231 171 1496 210; x_wconf 77' lang='lat' dir='ltr'><strong><em>ADORNATA.</em></strong></span> 
     </span>
    </p>
   </div>
   <div class='ocr_carea' id='block_1_2' title="bbox 113 253 1162 313">
    <p class='ocr_par' dir='ltr' id='par_1_2' title="bbox 113 253 1162 313">
     <span class='ocr_line' id='line_1_2' title="bbox 113 253 1162 313; baseline -0.023 -2"><span class='ocrx_word' id='word_1_5' title='bbox 113 273 282 313; x_wconf 76' lang='lat' dir='ltr'><strong><em>eessitatent</em></strong></span> <span class='ocrx_word' id='word_1_6' title='bbox 300 267 496 306; x_wconf 60' lang='lat' dir='ltr'><strong><em>trahendum</em></strong></span> <span class='ocrx_word' id='word_1_7' title='bbox 521 264 637 311; x_wconf 71' lang='lat' dir='ltr'><strong><em>fuisse.</em></strong></span> <span class='ocrx_word' id='word_1_8' title='bbox 657 259 846 307; x_wconf 82' lang='lat' dir='ltr'><strong><em>Postquam</em></strong></span> <span class='ocrx_word' id='word_1_9' title='bbox 870 255 930 293; x_wconf 87' lang='lat' dir='ltr'><strong><em>diu</em></strong></span> <span class='ocrx_word' id='word_1_10' title='bbox 951 253 1162 298; x_wconf 83' lang='lat' dir='ltr'><strong><em>multumque</em></strong></span> 
     </span>
    </p>
   </div>
   <div class='ocr_carea' id='block_1_3' title="bbox 111 315 1161 384">
    <p class='ocr_par' dir='ltr' id='par_1_3' title="bbox 111 315 1161 384">
     <span class='ocr_line' id='line_1_3' title="bbox 111 315 1161 384; baseline -0.025 -10"><span class='ocrx_word' id='word_1_11' title='bbox 111 339 258 384; x_wconf 78' lang='lat' dir='ltr'><strong><em>loquutus</em></strong></span> <span class='ocrx_word' id='word_1_12' title='bbox 273 333 420 368; x_wconf 80' lang='lat' dir='ltr'><strong><em>anituunt</em></strong></span> <span class='ocrx_word' id='word_1_13' title='bbox 438 328 512 376; x_wconf 87' lang='lat' dir='ltr'><strong><em>ejus</em></strong></span> <span class='ocrx_word' id='word_1_14' title='bbox 527 327 569 362; x_wconf 86' lang='lat' dir='ltr'><strong><em>ab</em></strong></span> <span class='ocrx_word' id='word_1_15' title='bbox 584 334 700 362; x_wconf 86' lang='lat' dir='ltr'><strong><em>errore</em></strong></span> <span class='ocrx_word' id='word_1_16' title='bbox 717 319 888 384; x_wconf 79' lang='lat' dir='ltr'><strong><em>opinionis</em></strong></span> <span class='ocrx_word' id='word_1_17' title='bbox 906 315 1058 384; x_wconf 67' lang='lat' dir='ltr'><strong><em>liberaui,</em></strong></span> <span class='ocrx_word' id='word_1_18' title='bbox 1075 324 1161 350; x_wconf 88' lang='lat' dir='ltr'><strong><em>cau-</em></strong></span> 
     </span>
    </p>
   </div>
   <div class='ocr_carea' id='block_1_4' title="bbox 109 378 1162 436">
    <p class='ocr_par' dir='ltr' id='par_1_4' title="bbox 109 378 1162 436">
     <span class='ocr_line' id='line_1_4' title="bbox 109 378 1162 436; baseline -0.023 -1"><span class='ocrx_word' id='word_1_19' title='bbox 109 378 176 436; x_wconf 70' lang='lat' dir='ltr'><strong><em>saitt</em></strong></span> <span class='ocrx_word' id='word_1_20' title='bbox 201 395 380 434; x_wconf 87' lang='lat' dir='ltr'><strong><em>sciscitatus</em></strong></span> <span class='ocrx_word' id='word_1_21' title='bbox 398 402 484 435; x_wconf 85' lang='lat' dir='ltr'><strong><em>sunt,</em></strong></span> <span class='ocrx_word' id='word_1_22' title='bbox 504 400 565 425; x_wconf 89' lang='lat' dir='ltr'><strong><em>cur</em></strong></span> <span class='ocrx_word' id='word_1_23' title='bbox 589 385 730 425; x_wconf 83' lang='lat' dir='ltr'><strong><em>ecclesia</em></strong></span> <span class='ocrx_word' id='word_1_24' title='bbox 757 383 876 420; x_wconf 85' lang='lat' dir='ltr'><strong><em>relicta</em></strong></span> <span class='ocrx_word' id='word_1_25' title='bbox 895 379 942 416; x_wconf 90' lang='lat' dir='ltr'><strong><em>ad</em></strong></span> <span class='ocrx_word' id='word_1_26' title='bbox 958 378 1162 415; x_wconf 76' lang='lat' dir='ltr'><strong><em>Judworunt</em></strong></span> 
     </span>
    </p>
   </div>
   <div class='ocr_carea' id='block_1_5' title="bbox 110 439 1161 507">
    <p class='ocr_par' dir='ltr' id='par_1_5' title="bbox 110 439 1161 507">
     <span class='ocr_line' id='line_1_5' title="bbox 110 439 1161 507; baseline -0.022 -10"><span class='ocrx_word' id='word_1_27' title='bbox 110 459 242 507; x_wconf 73' lang='lat' dir='ltr'><strong><em>collegia</em></strong></span> <span class='ocrx_word' id='word_1_28' title='bbox 258 456 350 493; x_wconf 85' lang='lat' dir='ltr'><strong><em>illam</em></strong></span> <span class='ocrx_word' id='word_1_29' title='bbox 365 452 515 491; x_wconf 74' lang='lat' dir='ltr'><strong><em>traxerit.</em></strong></span> <span class='ocrx_word' id='word_1_30' title='bbox 535 450 579 487; x_wconf 83' lang='lat' dir='ltr'><strong><em>At</em></strong></span> <span class='ocrx_word' id='word_1_31' title='bbox 596 449 656 486; x_wconf 88' lang='lat' dir='ltr'><strong><em>ille</em></strong></span> <span class='ocrx_word' id='word_1_32' title='bbox 672 447 796 484; x_wconf 86' lang='lat' dir='ltr'><strong><em>multos</em></strong></span> <span class='ocrx_word' id='word_1_33' title='bbox 809 445 872 482; x_wconf 91' lang='lat' dir='ltr'><strong><em>sibi</em></strong></span> <span class='ocrx_word' id='word_1_34' title='bbox 887 442 1015 507; x_wconf 72' lang='lat' dir='ltr'><strong><em>dixisse</em></strong></span> <span class='ocrx_word' id='word_1_35' title='bbox 1024 439 1161 507; x_wconf 75' lang='lat' dir='ltr'><strong><em>inquie-</em></strong></span> 
     </span>
    </p>
   </div>
   <div class='ocr_carea' id='block_1_6' title="bbox 111 501 1163 570">
    <p class='ocr_par' dir='ltr' id='par_1_6' title="bbox 111 501 1163 570">
     <span class='ocr_line' id='line_1_6' title="bbox 111 501 1163 570; baseline -0.021 -10"><span class='ocrx_word' id='word_1_36' title='bbox 111 525 173 568; x_wconf 85' lang='lat' dir='ltr'><strong><em>bat,</em></strong></span> <span class='ocrx_word' id='word_1_37' title='bbox 183 501 434 570; x_wconf 75' lang='lat' dir='ltr'><strong><em>jusjurandum,</em></strong></span> <span class='ocrx_word' id='word_1_38' title='bbox 449 514 541 564; x_wconf 85' lang='lat' dir='ltr'><strong><em>quod</em></strong></span> <span class='ocrx_word' id='word_1_39' title='bbox 554 513 598 551; x_wconf 89' lang='lat' dir='ltr'><strong><em>ibi</em></strong></span> <span class='ocrx_word' id='word_1_40' title='bbox 615 512 770 556; x_wconf 78' lang='lat' dir='ltr'><strong><em>daretur,</em></strong></span> <span class='ocrx_word' id='word_1_41' title='bbox 784 508 892 556; x_wconf 79' lang='lat' dir='ltr'><strong><em>magis</em></strong></span> <span class='ocrx_word' id='word_1_42' title='bbox 904 501 1163 570; x_wconf 78' lang='lat' dir='ltr'><strong><em>formidandum</em></strong></span> 
     </span>
    </p>
   </div>
   <div class='ocr_carea' id='block_1_7' title="bbox 112 567 1162 629">
    <p class='ocr_par' dir='ltr' id='par_1_7' title="bbox 112 567 1162 629">
     <span class='ocr_line' id='line_1_7' title="bbox 112 567 1162 629; baseline -0.021 -5"><span class='ocrx_word' id='word_1_43' title='bbox 112 567 194 624; x_wconf 38' lang='lat' dir='ltr'><strong><em>me.-</em></strong></span> <span class='ocrx_word' id='word_1_44' title='bbox 217 584 266 622; x_wconf 88' lang='lat' dir='ltr'><strong><em>0b</em></strong></span> <span class='ocrx_word' id='word_1_45' title='bbox 295 592 370 629; x_wconf 71' lang='lat' dir='ltr'><strong><em>quia</em></strong></span> <span class='ocrx_word' id='word_1_46' title='bbox 393 577 662 628; x_wconf 78' lang='lat' dir='ltr'><strong><em>ingemiscebam,</em></strong></span> <span class='ocrx_word' id='word_1_47' title='bbox 694 581 724 612; x_wconf 89' lang='lat' dir='ltr'><strong><em>et</em></strong></span> <span class='ocrx_word' id='word_1_48' title='bbox 753 575 806 610; x_wconf 85' lang='lat' dir='ltr'><strong><em>ira</em></strong></span> <span class='ocrx_word' id='word_1_49' title='bbox 834 570 1048 612; x_wconf 85' lang='lat' dir='ltr'><strong><em>iucendebar,</em></strong></span> <span class='ocrx_word' id='word_1_50' title='bbox 1082 567 1162 603; x_wconf 83' lang='lat' dir='ltr'><strong><em>hinc</em></strong></span> 
     </span>
    </p>
   </div>
   <div class='ocr_carea' id='block_1_8' title="bbox 113 629 1160 684">
    <p class='ocr_par' dir='ltr' id='par_1_8' title="bbox 113 629 1160 684">
     <span class='ocr_line' id='line_1_8' title="bbox 113 629 1160 684; baseline -0.019 0"><span class='ocrx_word' id='word_1_51' title='bbox 113 657 217 684; x_wconf 80' lang='lat' dir='ltr'><strong><em>rursus</em></strong></span> <span class='ocrx_word' id='word_1_52' title='bbox 233 644 394 682; x_wconf 79' lang='lat' dir='ltr'><strong><em>ridebam.</em></strong></span> <span class='ocrx_word' id='word_1_53' title='bbox 408 641 554 678; x_wconf 73' lang='lat' dir='ltr'><strong><em>Gemens</em></strong></span> <span class='ocrx_word' id='word_1_54' title='bbox 570 638 659 676; x_wconf 85' lang='lat' dir='ltr'><strong><em>enim</em></strong></span> <span class='ocrx_word' id='word_1_55' title='bbox 678 635 805 674; x_wconf 87' lang='lat' dir='ltr'><strong><em>diaboli</em></strong></span> <span class='ocrx_word' id='word_1_56' title='bbox 821 633 982 671; x_wconf 78' lang='lat' dir='ltr'><strong><em>astutiam</em></strong></span> <span class='ocrx_word' id='word_1_57' title='bbox 995 629 1160 679; x_wconf 82' lang='lat' dir='ltr'><strong><em>ingemui,</em></strong></span> 
     </span>
    </p>
   </div>
   <div class='ocr_carea' id='block_1_9' title="bbox 114 695 1162 757">
    <p class='ocr_par' dir='ltr' id='par_1_9' title="bbox 114 695 1162 757">
     <span class='ocr_line' id='line_1_9' title="bbox 114 695 1162 757; baseline -0.016 -10"><span class='ocrx_word' id='word_1_58' title='bbox 114 709 191 757; x_wconf 75' lang='lat' dir='ltr'><strong><em>quod</em></strong></span> <span class='ocrx_word' id='word_1_59' title='bbox 207 707 390 745; x_wconf 78' lang='lat' dir='ltr'><strong><em>hominibus</em></strong></span> <span class='ocrx_word' id='word_1_60' title='bbox 410 704 444 741; x_wconf 76' lang='lat' dir='ltr'><strong><em>id</em></strong></span> <span class='ocrx_word' id='word_1_61' title='bbox 466 701 666 750; x_wconf 81' lang='lat' dir='ltr'><strong><em>persuadere</em></strong></span> <span class='ocrx_word' id='word_1_62' title='bbox 685 704 794 748; x_wconf 85' lang='lat' dir='ltr'><strong><em>posset</em></strong></span> <span class='ocrx_word' id='word_1_63' title='bbox 812 707 825 734; x_wconf 87' lang='lat'><strong><em>:</em></strong></span> <span class='ocrx_word' id='word_1_64' title='bbox 842 695 1057 734; x_wconf 84' lang='lat' dir='ltr'><strong><em>considerata</em></strong></span> <span class='ocrx_word' id='word_1_65' title='bbox 1084 701 1162 730; x_wconf 81' lang='lat' dir='ltr'><strong><em>uero</em></strong></span> 
     </span>
    </p>
   </div>
   <div class='ocr_carea' id='block_1_10' title="bbox 115 757 1162 815">
    <p class='ocr_par' dir='ltr' id='par_1_10' title="bbox 115 757 1162 815">
     <span class='ocr_line' id='line_1_10' title="bbox 115 757 1162 815; baseline -0.017 -8"><span class='ocrx_word' id='word_1_66' title='bbox 115 780 216 807; x_wconf 78' lang='lat' dir='ltr'><strong><em>eorum</em></strong></span> <span class='ocrx_word' id='word_1_67' title='bbox 241 768 298 815; x_wconf 87' lang='lat' dir='ltr'><strong><em>qui</em></strong></span> <span class='ocrx_word' id='word_1_68' title='bbox 325 765 574 814; x_wconf 78' lang='lat' dir='ltr'><strong><em>decipiebater</em></strong></span> <span class='ocrx_word' id='word_1_69' title='bbox 588 761 756 806; x_wconf 83' lang='lat' dir='ltr'><strong><em>socordia,</em></strong></span> <span class='ocrx_word' id='word_1_70' title='bbox 774 757 955 801; x_wconf 72' lang='lat' dir='ltr'><strong><em>excandui,</em></strong></span> <span class='ocrx_word' id='word_1_71' title='bbox 977 762 1008 792; x_wconf 91' lang='lat' dir='ltr'><strong><em>et</em></strong></span> <span class='ocrx_word' id='word_1_72' title='bbox 1024 763 1162 792; x_wconf 86' lang='lat' dir='ltr'><strong><em>eorum-</em></strong></span> 
     </span>
    </p>
   </div>
   <div class='ocr_carea' id='block_1_11' title="bbox 115 816 1166 877">
    <p class='ocr_par' dir='ltr' id='par_1_11' title="bbox 115 816 1166 877">
     <span class='ocr_line' id='line_1_11' title="bbox 115 816 1166 877; baseline -0.015 -9"><span class='ocrx_word' id='word_1_73' title='bbox 115 833 178 869; x_wconf 73' lang='lat' dir='ltr'><strong><em>dent</em></strong></span> <span class='ocrx_word' id='word_1_74' title='bbox 195 836 317 877; x_wconf 84' lang='lat' dir='ltr'><strong><em>quanta</em></strong></span> <span class='ocrx_word' id='word_1_75' title='bbox 342 833 426 866; x_wconf 84' lang='lat' dir='ltr'><strong><em>esset</em></strong></span> <span class='ocrx_word' id='word_1_76' title='bbox 449 826 596 864; x_wconf 90' lang='lat' dir='ltr'><strong><em>amentia</em></strong></span> <span class='ocrx_word' id='word_1_77' title='bbox 623 835 750 861; x_wconf 87' lang='lat' dir='ltr'><strong><em>mecum</em></strong></span> <span class='ocrx_word' id='word_1_78' title='bbox 779 827 954 869; x_wconf 82' lang='lat' dir='ltr'><strong><em>reputans,</em></strong></span> <span class='ocrx_word' id='word_1_79' title='bbox 974 818 1050 855; x_wconf 87' lang='lat' dir='ltr'><strong><em>risi.</em></strong></span> <span class='ocrx_word' id='word_1_80' title='bbox 1071 816 1166 853; x_wconf 76' lang='lat' dir='ltr'><strong><em>Risit</em></strong></span> 
     </span>
    </p>
   </div>
   <div class='ocr_carea' id='block_1_12' title="bbox 115 880 1165 942">
    <p class='ocr_par' dir='ltr' id='par_1_12' title="bbox 115 880 1165 942">
     <span class='ocr_line' id='line_1_12' title="bbox 115 880 1165 942; baseline -0.015 -10"><span class='ocrx_word' id='word_1_81' title='bbox 115 895 209 942; x_wconf 77' lang='lat' dir='ltr'><strong><em>igitur</em></strong></span> <span class='ocrx_word' id='word_1_82' title='bbox 225 893 297 937; x_wconf 85' lang='lat' dir='ltr'><strong><em>ille,</em></strong></span> <span class='ocrx_word' id='word_1_83' title='bbox 316 892 400 930; x_wconf 85' lang='lat' dir='ltr'><strong><em>licet</em></strong></span> <span class='ocrx_word' id='word_1_84' title='bbox 417 891 468 928; x_wconf 97' lang='lat' dir='ltr'><strong><em>rei</em></strong></span> <span class='ocrx_word' id='word_1_85' title='bbox 485 889 642 938; x_wconf 73' lang='lat' dir='ltr'><strong><em>gravitas</em></strong></span> <span class='ocrx_word' id='word_1_86' title='bbox 659 886 836 925; x_wconf 84' lang='lat' dir='ltr'><strong><em>adimeret</em></strong></span> <span class='ocrx_word' id='word_1_87' title='bbox 851 882 995 931; x_wconf 74' lang='lat' dir='ltr'><strong><em>iocandi</em></strong></span> <span class='ocrx_word' id='word_1_88' title='bbox 1017 880 1165 918; x_wconf 65' lang='lat' dir='ltr'><strong><em>iacultao</em></strong></span> 
     </span>
    </p>
   </div>
   <div class='ocr_carea' id='block_1_13' title="bbox 115 945 1048 1002">
    <p class='ocr_par' dir='ltr' id='par_1_13' title="bbox 115 945 1048 1002">
     <span class='ocr_line' id='line_1_13' title="bbox 115 945 1048 1002; baseline -0.015 -7"><span class='ocrx_word' id='word_1_89' title='bbox 115 964 197 1000; x_wconf 85' lang='lat' dir='ltr'><strong><em>tom;</em></strong></span> <span class='ocrx_word' id='word_1_90' title='bbox 216 955 278 993; x_wconf 89' lang='lat' dir='ltr'><strong><em>sed</em></strong></span> <span class='ocrx_word' id='word_1_91' title='bbox 295 955 398 1002; x_wconf 72' lang='lat' dir='ltr'><strong><em>iocus</em></strong></span> <span class='ocrx_word' id='word_1_92' title='bbox 417 954 477 990; x_wconf 90' lang='lat' dir='ltr'><strong><em>ille</em></strong></span> <span class='ocrx_word' id='word_1_93' title='bbox 490 952 579 989; x_wconf 83' lang='lat' dir='ltr'><strong><em>nihil</em></strong></span> <span class='ocrx_word' id='word_1_94' title='bbox 598 951 644 988; x_wconf 88' lang='lat' dir='ltr'><strong><em>de</em></strong></span> <span class='ocrx_word' id='word_1_95' title='bbox 660 949 833 998; x_wconf 75' lang='lat' dir='ltr'><strong><em>gravitate</em></strong></span> <span class='ocrx_word' id='word_1_96' title='bbox 856 945 1048 993; x_wconf 81' lang='lat' dir='ltr'><strong><em>decerpsit.</em></strong></span> 
     </span>
    </p>
   </div>
   <div class='ocr_carea' id='block_1_14' title="bbox 151 1005 1164 1058">
    <p class='ocr_par' dir='ltr' id='par_1_14' title="bbox 151 1005 1164 1058">
     <span class='ocr_line' id='line_1_14' title="bbox 151 1005 1164 1058; baseline -0.014 -2"><span class='ocrx_word' id='word_1_97' title='bbox 151 1018 352 1057; x_wconf 72' lang='lat' dir='ltr'><strong><em>Secundam</em></strong></span> <span class='ocrx_word' id='word_1_98' title='bbox 371 1015 554 1053; x_wconf 86' lang='lat' dir='ltr'><strong><em>homiliam</em></strong></span> <span class='ocrx_word' id='word_1_99' title='bbox 585 1014 710 1051; x_wconf 84' lang='lat' dir='ltr'><strong><em>decem</em></strong></span> <span class='ocrx_word' id='word_1_100' title='bbox 728 1017 790 1048; x_wconf 85' lang='lat' dir='ltr'><strong><em>aut</em></strong></span> <span class='ocrx_word' id='word_1_101' title='bbox 817 1010 977 1058; x_wconf 75' lang='lat' dir='ltr'><strong><em>pluribus</em></strong></span> <span class='ocrx_word' id='word_1_102' title='bbox 994 1005 1126 1055; x_wconf 77' lang='lat' dir='ltr'><strong><em>elapsis</em></strong></span> <span class='ocrx_word' id='word_1_103' title='bbox 1143 1015 1164 1043; x_wconf 87' lang='lat' dir='ltr'><strong><em>a</em></strong></span> 
     </span>
    </p>
   </div>
   <div class='ocr_carea' id='block_1_15' title="bbox 115 1072 1164 1128">
    <p class='ocr_par' dir='ltr' id='par_1_15' title="bbox 115 1072 1164 1128">
     <span class='ocr_line' id='line_1_15' title="bbox 115 1072 1164 1128; baseline -0.011 -12"><span class='ocrx_word' id='word_1_104' title='bbox 115 1080 216 1128; x_wconf 82' lang='lat' dir='ltr'><strong><em>prima</em></strong></span> <span class='ocrx_word' id='word_1_105' title='bbox 237 1078 363 1115; x_wconf 86' lang='lat' dir='ltr'><strong><em>diebus</em></strong></span> <span class='ocrx_word' id='word_1_106' title='bbox 389 1076 525 1120; x_wconf 79' lang='lat' dir='ltr'><strong><em>habuit,</em></strong></span> <span class='ocrx_word' id='word_1_107' title='bbox 555 1084 597 1112; x_wconf 88' lang='lat' dir='ltr'><strong><em>ac</em></strong></span> <span class='ocrx_word' id='word_1_108' title='bbox 613 1074 767 1122; x_wconf 88' lang='lat' dir='ltr'><strong><em>quinque</em></strong></span> <span class='ocrx_word' id='word_1_109' title='bbox 785 1072 912 1109; x_wconf 87' lang='lat' dir='ltr'><strong><em>diebus</em></strong></span> <span class='ocrx_word' id='word_1_110' title='bbox 940 1075 1036 1114; x_wconf 83' lang='lat' dir='ltr'><strong><em>ante,</em></strong></span> <span class='ocrx_word' id='word_1_111' title='bbox 1057 1079 1164 1116; x_wconf 84' lang='lat' dir='ltr'><strong><em>quam</em></strong></span> 
     </span>
    </p>
   </div>
   <div class='ocr_carea' id='block_1_16' title="bbox 115 1129 1166 1186">
    <p class='ocr_par' dir='ltr' id='par_1_16' title="bbox 115 1129 1166 1186">
     <span class='ocr_line' id='line_1_16' title="bbox 115 1129 1166 1186; baseline -0.012 -8"><span class='ocrx_word' id='word_1_112' title='bbox 115 1141 306 1178; x_wconf 72' lang='lat' dir='ltr'><strong><em>ludarorum</em></strong></span> <span class='ocrx_word' id='word_1_113' title='bbox 335 1138 508 1186; x_wconf 84' lang='lat' dir='ltr'><strong><em>jejunium</em></strong></span> <span class='ocrx_word' id='word_1_114' title='bbox 535 1136 690 1180; x_wconf 86' lang='lat' dir='ltr'><strong><em>adesset,</em></strong></span> <span class='ocrx_word' id='word_1_115' title='bbox 709 1139 750 1172; x_wconf 88' lang='lat' dir='ltr'><strong><em>ut</em></strong></span> <span class='ocrx_word' id='word_1_116' title='bbox 767 1134 820 1171; x_wconf 89' lang='lat' dir='ltr'><strong><em>sic</em></strong></span> <span class='ocrx_word' id='word_1_117' title='bbox 838 1132 914 1180; x_wconf 85' lang='lat' dir='ltr'><strong><em>ipse</em></strong></span> <span class='ocrx_word' id='word_1_118' title='bbox 930 1130 1090 1168; x_wconf 75' lang='lat' dir='ltr'><strong><em>declarat</em></strong></span> <span class='ocrx_word' id='word_1_119' title='bbox 1109 1129 1166 1166; x_wconf 86' lang='lat' dir='ltr'><strong><em>in-</em></strong></span> 
     </span>
    </p>
   </div>
   <div class='ocr_carea' id='block_1_17' title="bbox 115 1193 1168 1251">
    <p class='ocr_par' dir='ltr' id='par_1_17' title="bbox 115 1193 1168 1251">
     <span class='ocr_line' id='line_1_17' title="bbox 115 1193 1168 1251; baseline -0.013 -9"><span class='ocrx_word' id='word_1_120' title='bbox 115 1206 170 1243; x_wconf 88' lang='lat' dir='ltr'><strong><em>itio</em></strong></span> <span class='ocrx_word' id='word_1_121' title='bbox 183 1218 190 1242; x_wconf 96' lang='lat'>:</span> <span class='ocrx_word' id='word_1_122' title='bbox 205 1203 426 1251; x_wconf 73' lang='lat' dir='ltr'><strong><em>&quot;legitimum</em></strong></span> <span class='ocrx_word' id='word_1_123' title='bbox 444 1201 548 1250; x_wconf 83' lang='lat' dir='ltr'><strong><em>igitur</em></strong></span> <span class='ocrx_word' id='word_1_124' title='bbox 565 1200 716 1246; x_wconf 87' lang='lat' dir='ltr'><strong><em>ipsorunt</em></strong></span> <span class='ocrx_word' id='word_1_125' title='bbox 733 1196 904 1245; x_wconf 76' lang='lat' dir='ltr'><strong><em>jejunium</em></strong></span> <span class='ocrx_word' id='word_1_126' title='bbox 925 1200 1000 1241; x_wconf 86' lang='lat' dir='ltr'><strong><em>post</em></strong></span> <span class='ocrx_word' id='word_1_127' title='bbox 1019 1193 1168 1240; x_wconf 84' lang='lat' dir='ltr'><strong><em>quinque</em></strong></span> 
     </span>
    </p>
   </div>
   <div class='ocr_carea' id='block_1_18' title="bbox 116 1253 1166 1312">
    <p class='ocr_par' dir='ltr' id='par_1_18' title="bbox 116 1253 1166 1312">
     <span class='ocr_line' id='line_1_18' title="bbox 116 1253 1166 1312; baseline -0.013 -8"><span class='ocrx_word' id='word_1_128' title='bbox 116 1268 178 1304; x_wconf 80' lang='lat' dir='ltr'><strong><em>dies</em></strong></span> <span class='ocrx_word' id='word_1_129' title='bbox 195 1266 348 1312; x_wconf 75' lang='lat' dir='ltr'><strong><em>deinceps</em></strong></span> <span class='ocrx_word' id='word_1_130' title='bbox 361 1264 466 1300; x_wconf 82' lang='lat' dir='ltr'><strong><em>instat</em></strong></span> <span class='ocrx_word' id='word_1_131' title='bbox 483 1272 497 1298; x_wconf 86' lang='lat'><strong><em>:</em></strong></span> <span class='ocrx_word' id='word_1_132' title='bbox 515 1267 552 1297; x_wconf 81' lang='lat' dir='ltr'><strong><em>at</em></strong></span> <span class='ocrx_word' id='word_1_133' title='bbox 566 1271 628 1308; x_wconf 88' lang='lat' dir='ltr'><strong><em>ego</em></strong></span> <span class='ocrx_word' id='word_1_134' title='bbox 645 1266 724 1296; x_wconf 82' lang='lat' dir='ltr'><strong><em>astte</em></strong></span> <span class='ocrx_word' id='word_1_135' title='bbox 736 1257 849 1295; x_wconf 82' lang='lat' dir='ltr'><strong><em>decem</em></strong></span> <span class='ocrx_word' id='word_1_136' title='bbox 864 1257 948 1301; x_wconf 80' lang='lat' dir='ltr'><strong><em>dies,</em></strong></span> <span class='ocrx_word' id='word_1_137' title='bbox 969 1255 1022 1292; x_wconf 75' lang='lat' dir='ltr'><strong><em>uel</em></strong></span> <span class='ocrx_word' id='word_1_138' title='bbox 1038 1253 1166 1302; x_wconf 83' lang='lat' dir='ltr'><strong><em>plures,</em></strong></span> 
     </span>
    </p>
   </div>
   <div class='ocr_carea' id='block_1_19' title="bbox 117 1316 1169 1368">
    <p class='ocr_par' dir='ltr' id='par_1_19' title="bbox 117 1316 1169 1368">
     <span class='ocr_line' id='line_1_19' title="bbox 117 1316 1169 1368; baseline -0.012 -3"><span class='ocrx_word' id='word_1_139' title='bbox 117 1327 366 1364; x_wconf 75' lang='lat' dir='ltr'><strong><em>cohortatiouent</em></strong></span> <span class='ocrx_word' id='word_1_140' title='bbox 381 1325 426 1361; x_wconf 88' lang='lat' dir='ltr'><strong><em>ad</em></strong></span> <span class='ocrx_word' id='word_1_141' title='bbox 442 1335 500 1360; x_wconf 81' lang='lat' dir='ltr'><strong><em>vos</em></strong></span> <span class='ocrx_word' id='word_1_142' title='bbox 511 1322 626 1367; x_wconf 77' lang='lat' dir='ltr'><strong><em>habui,</em></strong></span> <span class='ocrx_word' id='word_1_143' title='bbox 645 1328 682 1358; x_wconf 85' lang='lat' dir='ltr'><strong><em>ut</em></strong></span> <span class='ocrx_word' id='word_1_144' title='bbox 701 1320 823 1368; x_wconf 82' lang='lat' dir='ltr'><strong><em>fratres</em></strong></span> <span class='ocrx_word' id='word_1_145' title='bbox 839 1325 964 1356; x_wconf 76' lang='lat' dir='ltr'><strong><em>vestras</em></strong></span> <span class='ocrx_word' id='word_1_146' title='bbox 982 1316 1169 1365; x_wconf 62' lang='lat' dir='ltr'><strong><em>premunt-</em></strong></span> 
     </span>
    </p>
   </div>
   <div class='ocr_carea' id='block_1_20' title="bbox 116 1385 1170 1434">
    <p class='ocr_par' dir='ltr' id='par_1_20' title="bbox 116 1385 1170 1434">
     <span class='ocr_line' id='line_1_20' title="bbox 116 1385 1170 1434; baseline -0.009 -7"><span class='ocrx_word' id='word_1_147' title='bbox 116 1402 191 1427; x_wconf 82' lang='lat' dir='ltr'><strong><em>rem.</em></strong></span> <span class='ocrx_word' id='word_1_148' title='bbox 220 1390 272 1428; x_wconf 84' lang='lat' dir='ltr'><strong><em>Ne</em></strong></span> <span class='ocrx_word' id='word_1_149' title='bbox 287 1399 373 1427; x_wconf 88' lang='lat' dir='ltr'><strong><em>vero</em></strong></span> <span class='ocrx_word' id='word_1_150' title='bbox 389 1388 532 1426; x_wconf 82' lang='lat' dir='ltr'><strong><em>dubites</em></strong></span> <span class='ocrx_word' id='word_1_151' title='bbox 551 1385 643 1423; x_wconf 86' lang='lat' dir='ltr'><strong><em>hanc</em></strong></span> <span class='ocrx_word' id='word_1_152' title='bbox 660 1386 774 1434; x_wconf 85' lang='lat' dir='ltr'><strong><em>ipsam</em></strong></span> <span class='ocrx_word' id='word_1_153' title='bbox 794 1393 889 1428; x_wconf 82' lang='lat' dir='ltr'><strong><em>esse,</em></strong></span> <span class='ocrx_word' id='word_1_154' title='bbox 913 1392 1022 1430; x_wconf 90' lang='lat' dir='ltr'><strong><em>quam</em></strong></span> <span class='ocrx_word' id='word_1_155' title='bbox 1040 1391 1170 1420; x_wconf 74' lang='lat' dir='ltr'><strong><em>Secun-</em></strong></span> 
     </span>
    </p>
   </div>
   <div class='ocr_carea' id='block_1_21' title="bbox 116 1443 1170 1494">
    <p class='ocr_par' dir='ltr' id='par_1_21' title="bbox 116 1443 1170 1494">
     <span class='ocr_line' id='line_1_21' title="bbox 116 1443 1170 1494; baseline -0.009 -4"><span class='ocrx_word' id='word_1_156' title='bbox 116 1454 188 1489; x_wconf 82' lang='lat' dir='ltr'><strong><em>dam</em></strong></span> <span class='ocrx_word' id='word_1_157' title='bbox 214 1459 336 1490; x_wconf 88' lang='lat' dir='ltr'><strong><em>contra</em></strong></span> <span class='ocrx_word' id='word_1_158' title='bbox 361 1450 504 1488; x_wconf 70' lang='lat' dir='ltr'><strong><em>Judaaos</em></strong></span> <span class='ocrx_word' id='word_1_159' title='bbox 535 1449 680 1494; x_wconf 79' lang='lat' dir='ltr'><strong><em>habuit,</em></strong></span> <span class='ocrx_word' id='word_1_160' title='bbox 713 1447 796 1485; x_wconf 83' lang='lat' dir='ltr'><strong><em>vide</em></strong></span> <span class='ocrx_word' id='word_1_161' title='bbox 835 1445 1016 1494; x_wconf 89' lang='lat' dir='ltr'><strong><em>quomodo</em></strong></span> <span class='ocrx_word' id='word_1_162' title='bbox 1047 1444 1094 1482; x_wconf 87' lang='lat' dir='ltr'><strong><em>ibi</em></strong></span> <span class='ocrx_word' id='word_1_163' title='bbox 1123 1443 1170 1482; x_wconf 82' lang='lat' dir='ltr'><strong><em>de</em></strong></span> 
     </span>
    </p>
   </div>
   <div class='ocr_carea' id='block_1_22' title="bbox 115 1508 1170 1564">
    <p class='ocr_par' dir='ltr' id='par_1_22' title="bbox 115 1508 1170 1564">
     <span class='ocr_line' id='line_1_22' title="bbox 115 1508 1170 1564; baseline -0.009 -11"><span class='ocrx_word' id='word_1_164' title='bbox 115 1517 218 1564; x_wconf 87' lang='lat' dir='ltr'><strong><em>prima</em></strong></span> <span class='ocrx_word' id='word_1_165' title='bbox 238 1517 402 1563; x_wconf 83' lang='lat' dir='ltr'><strong><em>loquatur</em></strong></span> <span class='ocrx_word' id='word_1_166' title='bbox 431 1523 531 1550; x_wconf 89' lang='lat' dir='ltr'><strong><em>num.</em></strong></span> <span class='ocrx_word' id='word_1_167' title='bbox 549 1513 600 1550; x_wconf 66' lang='grc' dir='ltr'><strong><em>ὃς</em></strong></span> <span class='ocrx_word' id='word_1_168' title='bbox 621 1511 702 1548; x_wconf 79' lang='lat' dir='ltr'><strong><em>Non</em></strong></span> <span class='ocrx_word' id='word_1_169' title='bbox 719 1509 863 1547; x_wconf 83' lang='lat' dir='ltr'><strong><em>audistis</em></strong></span> <span class='ocrx_word' id='word_1_170' title='bbox 893 1509 930 1545; x_wconf 84' lang='lat' dir='ltr'><strong><em>in</em></strong></span> <span class='ocrx_word' id='word_1_171' title='bbox 950 1508 1056 1556; x_wconf 83' lang='lat' dir='ltr'><strong><em>priori</em></strong></span> <span class='ocrx_word' id='word_1_172' title='bbox 1085 1517 1170 1544; x_wconf 81' lang='lat' dir='ltr'><strong><em>ron-</em></strong></span> 
     </span>
    </p>
   </div>
   <div class='ocr_carea' id='block_1_23' title="bbox 115 1569 1172 1622">
    <p class='ocr_par' dir='ltr' id='par_1_23' title="bbox 115 1569 1172 1622">
     <span class='ocr_line' id='line_1_23' title="bbox 115 1569 1172 1622; baseline -0.009 -8"><span class='ocrx_word' id='word_1_173' title='bbox 115 1578 213 1622; x_wconf 79' lang='lat' dir='ltr'><strong><em>cione,</em></strong></span> <span class='ocrx_word' id='word_1_174' title='bbox 229 1587 332 1622; x_wconf 85' lang='lat' dir='ltr'><strong><em>quam</em></strong></span> <span class='ocrx_word' id='word_1_175' title='bbox 359 1575 450 1612; x_wconf 88' lang='lat' dir='ltr'><strong><em>clare</em></strong></span> <span class='ocrx_word' id='word_1_176' title='bbox 470 1573 570 1622; x_wconf 75' lang='lat' dir='ltr'><strong><em>fuerit</em></strong></span> <span class='ocrx_word' id='word_1_177' title='bbox 595 1573 748 1610; x_wconf 88' lang='lat' dir='ltr'><strong><em>oratione</em></strong></span> <span class='ocrx_word' id='word_1_178' title='bbox 773 1571 1053 1615; x_wconf 81' lang='lat' dir='ltr'><strong><em>demonstratum,</em></strong></span> <span class='ocrx_word' id='word_1_179' title='bbox 1078 1569 1172 1617; x_wconf 86' lang='lat' dir='ltr'><strong><em>ipsas</em></strong></span> 
     </span>
    </p>
   </div>
   <div class='ocr_carea' id='block_1_24' title="bbox 115 1630 1174 1681">
    <p class='ocr_par' dir='ltr' id='par_1_24' title="bbox 115 1630 1174 1681">
     <span class='ocr_line' id='line_1_24' title="bbox 115 1630 1174 1681; baseline -0.008 -6"><span class='ocrx_word' id='word_1_180' title='bbox 115 1640 238 1675; x_wconf 74' lang='lat' dir='ltr'><strong><em>animus</em></strong></span> <span class='ocrx_word' id='word_1_181' title='bbox 255 1637 468 1681; x_wconf 80' lang='lat' dir='ltr'><strong><em>Judceorum,</em></strong></span> <span class='ocrx_word' id='word_1_182' title='bbox 489 1641 519 1671; x_wconf 88' lang='lat' dir='ltr'><strong><em>et</em></strong></span> <span class='ocrx_word' id='word_1_183' title='bbox 550 1634 624 1671; x_wconf 83' lang='lat' dir='ltr'><strong><em>loca</em></strong></span> <span class='ocrx_word' id='word_1_184' title='bbox 642 1632 698 1670; x_wconf 88' lang='lat' dir='ltr'><strong><em>ubi</em></strong></span> <span class='ocrx_word' id='word_1_185' title='bbox 727 1637 985 1680; x_wconf 81' lang='lat' dir='ltr'><strong><em>congregantur,</em></strong></span> <span class='ocrx_word' id='word_1_186' title='bbox 1006 1642 1028 1666; x_wconf 92' lang='lat' dir='ltr'><strong><em>a</em></strong></span> <span class='ocrx_word' id='word_1_187' title='bbox 1045 1630 1174 1667; x_wconf 67' lang='lat' dir='ltr'><strong><em>damo-</em></strong></span> 
     </span>
    </p>
   </div>
   <div class='ocr_carea' id='block_1_25' title="bbox 116 1691 1171 1744">
    <p class='ocr_par' dir='ltr' id='par_1_25' title="bbox 116 1691 1171 1744">
     <span class='ocr_line' id='line_1_25' title="bbox 116 1691 1171 1744; baseline -0.008 -7"><span class='ocrx_word' id='word_1_188' title='bbox 116 1701 202 1737; x_wconf 78' lang='lat' dir='ltr'><strong><em>uibus</em></strong></span> <span class='ocrx_word' id='word_1_189' title='bbox 219 1699 396 1736; x_wconf 78' lang='lat' dir='ltr'><strong><em>habitari!</em></strong></span> <span class='ocrx_word' id='word_1_190' title='bbox 417 1697 453 1735; x_wconf 89' lang='lat' dir='ltr'><strong><em>Id</em></strong></span> <span class='ocrx_word' id='word_1_191' title='bbox 469 1706 571 1738; x_wconf 87' lang='lat' dir='ltr'><strong><em>vero.</em></strong></span> <span class='ocrx_word' id='word_1_192' title='bbox 589 1706 719 1744; x_wconf 85' lang='lat' dir='ltr'><strong><em>nempe</em></strong></span> <span class='ocrx_word' id='word_1_193' title='bbox 745 1703 780 1733; x_wconf 88' lang='lat' dir='ltr'><strong><em>ct</em></strong></span> <span class='ocrx_word' id='word_1_194' title='bbox 797 1695 936 1732; x_wconf 87' lang='lat' dir='ltr'><strong><em>animas</em></strong></span> <span class='ocrx_word' id='word_1_195' title='bbox 951 1691 1171 1737; x_wconf 70' lang='lat' dir='ltr'><strong><em>.Iudceorum,</em></strong></span> 
     </span>
    </p>
   </div>
   <div class='ocr_carea' id='block_1_26' title="bbox 115 1756 1173 1802">
    <p class='ocr_par' dir='ltr' id='par_1_26' title="bbox 115 1756 1173 1802">
     <span class='ocr_line' id='line_1_26' title="bbox 115 1756 1173 1802; baseline -0.006 -3"><span class='ocrx_word' id='word_1_196' title='bbox 115 1769 146 1799; x_wconf 77' lang='lat' dir='ltr'><strong><em>et</em></strong></span> <span class='ocrx_word' id='word_1_197' title='bbox 169 1762 241 1799; x_wconf 81' lang='lat' dir='ltr'><strong><em>loca</em></strong></span> <span class='ocrx_word' id='word_1_198' title='bbox 267 1759 474 1797; x_wconf 82' lang='lat' dir='ltr'><strong><em>earumdem</em></strong></span> <span class='ocrx_word' id='word_1_199' title='bbox 492 1769 512 1795; x_wconf 88' lang='lat' dir='ltr'><strong><em>a</em></strong></span> <span class='ocrx_word' id='word_1_200' title='bbox 528 1757 756 1796; x_wconf 66' lang='lat' dir='ltr'><strong><em>daemonibus</em></strong></span> <span class='ocrx_word' id='word_1_201' title='bbox 779 1756 944 1799; x_wconf 83' lang='lat' dir='ltr'><strong><em>habitari,</em></strong></span> <span class='ocrx_word' id='word_1_202' title='bbox 977 1756 1173 1802; x_wconf 77' lang='lat' dir='ltr'><strong><em>conspicua</em></strong></span> 
     </span>
    </p>
   </div>
   <div class='ocr_carea' id='block_1_27' title="bbox 117 1817 1168 1870">
    <p class='ocr_par' dir='ltr' id='par_1_27' title="bbox 117 1817 1168 1870">
     <span class='ocr_line' id='line_1_27' title="bbox 117 1817 1168 1870; baseline -0.009 -10"><span class='ocrx_word' id='word_1_203' title='bbox 117 1831 148 1860; x_wconf 85' lang='lat' dir='ltr'><strong><em>et</em></strong></span> <span class='ocrx_word' id='word_1_204' title='bbox 161 1823 231 1860; x_wconf 76' lang='lat' dir='ltr'><strong><em>lose</em></strong></span> <span class='ocrx_word' id='word_1_205' title='bbox 251 1823 376 1870; x_wconf 77' lang='lat' dir='ltr'><strong><em>probat</em></strong></span> <span class='ocrx_word' id='word_1_206' title='bbox 392 1822 450 1858; x_wconf 88' lang='lat' dir='ltr'><strong><em>ille</em></strong></span> <span class='ocrx_word' id='word_1_207' title='bbox 470 1820 614 1858; x_wconf 86' lang='lat' dir='ltr'><strong><em>humilia</em></strong></span> <span class='ocrx_word' id='word_1_208' title='bbox 629 1820 743 1867; x_wconf 88' lang='lat' dir='ltr'><strong><em>prima</em></strong></span> <span class='ocrx_word' id='word_1_209' title='bbox 762 1825 885 1856; x_wconf 82' lang='lat' dir='ltr'><strong><em>contra</em></strong></span> <span class='ocrx_word' id='word_1_210' title='bbox 906 1817 1051 1855; x_wconf 68' lang='lat' dir='ltr'><strong><em>Judteos</em></strong></span> <span class='ocrx_word' id='word_1_211' title='bbox 1069 1827 1168 1854; x_wconf 83' lang='lat' dir='ltr'><strong><em>utrm.</em></strong></span> 
     </span>
    </p>
   </div>
   <div class='ocr_carea' id='block_1_28' title="bbox 117 1879 1171 1926">
    <p class='ocr_par' dir='ltr' id='par_1_28' title="bbox 117 1879 1171 1926">
     <span class='ocr_line' id='line_1_28' title="bbox 117 1879 1171 1926; baseline -0.005 -4"><span class='ocrx_word' id='word_1_212' title='bbox 117 1885 137 1923; x_wconf 75' lang='grc' dir='ltr'><strong>ϐ</strong></span> <span class='ocrx_word' id='word_1_213' title='bbox 154 1897 162 1921; x_wconf 88' lang='lat'><strong>:</strong></span> <span class='ocrx_word' id='word_1_214' title='bbox 179 1886 223 1922; x_wconf 89' lang='lat' dir='ltr'><strong><em>ita</em></strong></span> <span class='ocrx_word' id='word_1_215' title='bbox 243 1890 281 1921; x_wconf 93' lang='lat' dir='ltr'><strong><em>ut</em></strong></span> <span class='ocrx_word' id='word_1_216' title='bbox 297 1891 396 1922; x_wconf 90' lang='lat' dir='ltr'><strong><em>certo</em></strong></span> <span class='ocrx_word' id='word_1_217' title='bbox 423 1883 555 1921; x_wconf 84' lang='lat' dir='ltr'><strong><em>certius</em></strong></span> <span class='ocrx_word' id='word_1_218' title='bbox 573 1883 644 1926; x_wconf 87' lang='lat' dir='ltr'><strong><em>sit,</em></strong></span> <span class='ocrx_word' id='word_1_219' title='bbox 665 1881 760 1918; x_wconf 89' lang='lat' dir='ltr'><strong><em>illam</em></strong></span> <span class='ocrx_word' id='word_1_220' title='bbox 780 1891 861 1918; x_wconf 90' lang='lat' dir='ltr'><strong><em>esse</em></strong></span> <span class='ocrx_word' id='word_1_221' title='bbox 879 1887 1004 1918; x_wconf 87' lang='lat' dir='ltr'><strong><em>contra</em></strong></span> <span class='ocrx_word' id='word_1_222' title='bbox 1025 1879 1171 1918; x_wconf 72' lang='lat' dir='ltr'><strong><em>Judzeos</em></strong></span> 
     </span>
    </p>
   </div>
   <div class='ocr_carea' id='block_1_29' title="bbox 119 1941 1171 1994">
    <p class='ocr_par' dir='ltr' id='par_1_29' title="bbox 119 1941 1171 1994">
     <span class='ocr_line' id='line_1_29' title="bbox 119 1941 1171 1994; baseline -0.001 -12"><span class='ocrx_word' id='word_1_223' title='bbox 119 1947 266 1994; x_wconf 82' lang='lat' dir='ltr'><strong><em>primam,</em></strong></span> <span class='ocrx_word' id='word_1_224' title='bbox 287 1948 377 1984; x_wconf 86' lang='lat' dir='ltr'><strong><em>hanc</em></strong></span> <span class='ocrx_word' id='word_1_225' title='bbox 396 1941 482 1984; x_wconf 75' lang='lat' dir='ltr'><strong><em>vero</em></strong></span> <span class='ocrx_word' id='word_1_226' title='bbox 501 1945 709 1990; x_wconf 81' lang='lat' dir='ltr'><strong><em>secundum,</em></strong></span> <span class='ocrx_word' id='word_1_227' title='bbox 731 1956 838 1994; x_wconf 89' lang='lat' dir='ltr'><strong><em>quam</em></strong></span> <span class='ocrx_word' id='word_1_228' title='bbox 857 1945 1021 1983; x_wconf 85' lang='lat' dir='ltr'><strong><em>dolemus</em></strong></span> <span class='ocrx_word' id='word_1_229' title='bbox 1039 1945 1084 1982; x_wconf 89' lang='lat' dir='ltr'><strong><em>ad</em></strong></span> <span class='ocrx_word' id='word_1_230' title='bbox 1105 1955 1171 1982; x_wconf 82' lang='lat' dir='ltr'><strong><em>nos</em></strong></span> 
     </span>
    </p>
   </div>
   <div class='ocr_carea' id='block_1_30' title="bbox 120 2009 1170 2058">
    <p class='ocr_par' dir='ltr' id='par_1_30' title="bbox 120 2009 1170 2058">
     <span class='ocr_line' id='line_1_30' title="bbox 120 2009 1170 2058; baseline 0 -12"><span class='ocrx_word' id='word_1_231' title='bbox 120 2012 263 2048; x_wconf 83' lang='lat' dir='ltr'><strong><em>mutilam</em></strong></span> <span class='ocrx_word' id='word_1_232' title='bbox 294 2011 480 2048; x_wconf 82' lang='lat' dir='ltr'><strong><em>devenisse</em></strong></span> <span class='ocrx_word' id='word_1_233' title='bbox 501 2023 508 2046; x_wconf 95' lang='lat'><strong>:</strong></span> <span class='ocrx_word' id='word_1_234' title='bbox 531 2009 619 2047; x_wconf 86' lang='lat' dir='ltr'><strong><em>nihil</em></strong></span> <span class='ocrx_word' id='word_1_235' title='bbox 637 2015 736 2047; x_wconf 87' lang='lat' dir='ltr'><strong><em>certe</em></strong></span> <span class='ocrx_word' id='word_1_236' title='bbox 761 2019 834 2046; x_wconf 89' lang='lat' dir='ltr'><strong><em>non</em></strong></span> <span class='ocrx_word' id='word_1_237' title='bbox 865 2010 1004 2058; x_wconf 78' lang='lat' dir='ltr'><strong><em>egimus</em></strong></span> <span class='ocrx_word' id='word_1_238' title='bbox 1031 2015 1170 2047; x_wconf 80' lang='lat' dir='ltr'><strong><em>nteant</em></strong></span> 
     </span>
    </p>
   </div>
   <div class='ocr_carea' id='block_1_31' title="bbox 119 2072 1170 2118">
    <p class='ocr_par' dir='ltr' id='par_1_31' title="bbox 119 2072 1170 2118">
     <span class='ocr_line' id='line_1_31' title="bbox 119 2072 1170 2118; baseline 0 -8"><span class='ocrx_word' id='word_1_239' title='bbox 119 2081 236 2110; x_wconf 82' lang='lat' dir='ltr'><strong><em>sariam</em></strong></span> <span class='ocrx_word' id='word_1_240' title='bbox 255 2079 289 2110; x_wconf 91' lang='lat' dir='ltr'><strong><em>et</em></strong></span> <span class='ocrx_word' id='word_1_241' title='bbox 309 2080 436 2111; x_wconf 88' lang='lat' dir='ltr'><strong><em>tectam</em></strong></span> <span class='ocrx_word' id='word_1_242' title='bbox 465 2072 682 2118; x_wconf 85' lang='lat' dir='ltr'><strong><em>ederemus;</em></strong></span> <span class='ocrx_word' id='word_1_243' title='bbox 703 2072 766 2110; x_wconf 86' lang='lat' dir='ltr'><strong><em>sed</em></strong></span> <span class='ocrx_word' id='word_1_244' title='bbox 785 2072 916 2109; x_wconf 86' lang='lat' dir='ltr'><strong><em>frustra</em></strong></span> <span class='ocrx_word' id='word_1_245' title='bbox 945 2082 1088 2110; x_wconf 82' lang='lat' dir='ltr'><strong><em>cessere</em></strong></span> <span class='ocrx_word' id='word_1_246' title='bbox 1107 2082 1170 2110; x_wconf 82' lang='lat' dir='ltr'><strong><em>cc-</em></strong></span> 
     </span>
    </p>
   </div>
   <div class='ocr_carea' id='block_1_32' title="bbox 121 2141 360 2174">
    <p class='ocr_par' dir='ltr' id='par_1_32' title="bbox 121 2141 360 2174">
     <span class='ocr_line' id='line_1_32' title="bbox 121 2141 360 2174; baseline -0.008 0"><span class='ocrx_word' id='word_1_247' title='bbox 121 2141 212 2174; x_wconf 72' lang='lat' dir='ltr'><strong><em>Mllls</em></strong></span> <span class='ocrx_word' id='word_1_248' title='bbox 227 2145 360 2174; x_wconf 86' lang='lat' dir='ltr'><strong><em>omnes.</em></strong></span> 
     </span>
    </p>
   </div>
   <div class='ocr_carea' id='block_1_33' title="bbox 161 2195 1172 2247">
    <p class='ocr_par' dir='ltr' id='par_1_33' title="bbox 161 2195 1172 2247">
     <span class='ocr_line' id='line_1_33' title="bbox 161 2195 1172 2247; baseline 0.001 -12"><span class='ocrx_word' id='word_1_249' title='bbox 161 2198 307 2236; x_wconf 81' lang='lat' dir='ltr'><strong><em>Tertiam</em></strong></span> <span class='ocrx_word' id='word_1_250' title='bbox 328 2200 577 2237; x_wconf 84' lang='lat' dir='ltr'><strong><em>incunctanter</em></strong></span> <span class='ocrx_word' id='word_1_251' title='bbox 598 2199 784 2247; x_wconf 86' lang='lat' dir='ltr'><strong><em>posuimus</em></strong></span> <span class='ocrx_word' id='word_1_252' title='bbox 799 2195 992 2236; x_wconf 82' lang='lat' dir='ltr'><strong><em>Homiliam</em></strong></span> <span class='ocrx_word' id='word_1_253' title='bbox 1011 2209 1090 2236; x_wconf 90' lang='lat' dir='ltr'><strong><em>cam</em></strong></span> <span class='ocrx_word' id='word_1_254' title='bbox 1110 2207 1172 2236; x_wconf 87' lang='lat' dir='ltr'><strong><em>cu-</em></strong></span> 
     </span>
    </p>
   </div>
   <div class='ocr_carea' id='block_1_34' title="bbox 119 2258 1174 2310">
    <p class='ocr_par' dir='ltr' id='par_1_34' title="bbox 119 2258 1174 2310">
     <span class='ocr_line' id='line_1_34' title="bbox 119 2258 1174 2310; baseline 0.003 -14"><span class='ocrx_word' id='word_1_255' title='bbox 119 2258 168 2306; x_wconf 74' lang='lat' dir='ltr'><strong><em>Itis</em></strong></span> <span class='ocrx_word' id='word_1_256' title='bbox 185 2260 299 2298; x_wconf 79' lang='lat' dir='ltr'><strong><em>titulus</em></strong></span> <span class='ocrx_word' id='word_1_257' title='bbox 324 2269 390 2306; x_wconf 83' lang='lat' dir='ltr'><strong><em>est,</em></strong></span> <span class='ocrx_word' id='word_1_258' title='bbox 410 2260 453 2298; x_wconf 82' lang='grc' dir='ltr'><strong><em>1η</em></strong></span> <span class='ocrx_word' id='word_1_259' title='bbox 473 2273 530 2298; x_wconf 89' lang='lat' dir='ltr'><strong><em>eos</em></strong></span> <span class='ocrx_word' id='word_1_260' title='bbox 555 2262 612 2308; x_wconf 86' lang='lat' dir='ltr'><strong><em>qui</em></strong></span> <span class='ocrx_word' id='word_1_261' title='bbox 644 2262 754 2308; x_wconf 88' lang='lat' dir='ltr'><strong><em>printo</em></strong></span> <span class='ocrx_word' id='word_1_262' title='bbox 784 2261 921 2298; x_wconf 85' lang='lat' dir='ltr'><strong><em>Pascha</em></strong></span> <span class='ocrx_word' id='word_1_263' title='bbox 942 2261 1118 2310; x_wconf 67' lang='lat' dir='ltr'><strong><em>jejunum,</em></strong></span> <span class='ocrx_word' id='word_1_264' title='bbox 1138 2261 1174 2299; x_wconf 85' lang='lat' dir='ltr'><strong><em>id</em></strong></span> 
     </span>
    </p>
   </div>
   <div class='ocr_carea' id='block_1_35' title="bbox 120 2322 1203 2370">
    <p class='ocr_par' dir='ltr' id='par_1_35' title="bbox 120 2322 1203 2370">
     <span class='ocr_line' id='line_1_35' title="bbox 120 2322 1203 2370; baseline 0.004 -15"><span class='ocrx_word' id='word_1_265' title='bbox 120 2327 179 2363; x_wconf 84' lang='lat' dir='ltr'><strong><em>est,</em></strong></span> <span class='ocrx_word' id='word_1_266' title='bbox 195 2329 312 2360; x_wconf 88' lang='lat' dir='ltr'><strong><em>contra</em></strong></span> <span class='ocrx_word' id='word_1_267' title='bbox 329 2323 551 2360; x_wconf 77' lang='lat' dir='ltr'><strong><em>Christianos</em></strong></span> <span class='ocrx_word' id='word_1_268' title='bbox 567 2323 662 2366; x_wconf 81' lang='lat' dir='ltr'><strong><em>illos,</em></strong></span> <span class='ocrx_word' id='word_1_269' title='bbox 682 2323 741 2370; x_wconf 89' lang='lat' dir='ltr'><strong><em>qui</em></strong></span> <span class='ocrx_word' id='word_1_270' title='bbox 770 2332 851 2359; x_wconf 92' lang='lat' dir='ltr'><strong><em>cum</em></strong></span> <span class='ocrx_word' id='word_1_271' title='bbox 875 2322 1010 2359; x_wconf 80' lang='lat' dir='ltr'><strong><em>Pascha</em></strong></span> <span class='ocrx_word' id='word_1_272' title='bbox 1028 2322 1176 2360; x_wconf 63' lang='lat' dir='ltr'><strong><em>Judaeu-</em></strong></span> <span class='ocrx_word' id='word_1_273' title='bbox 1200 2330 1203 2332; x_wconf 87' lang='lat'>&#39;</span> 
     </span>
    </p>
   </div>
   <div class='ocr_carea' id='block_1_36' title="bbox 121 2384 1174 2432">
    <p class='ocr_par' dir='ltr' id='par_1_36' title="bbox 121 2384 1174 2432">
     <span class='ocr_line' id='line_1_36' title="bbox 121 2384 1174 2432; baseline 0.006 -15"><span class='ocrx_word' id='word_1_274' title='bbox 121 2390 190 2418; x_wconf 88' lang='lat' dir='ltr'><strong><em>rum</em></strong></span> <span class='ocrx_word' id='word_1_275' title='bbox 208 2384 338 2432; x_wconf 85' lang='lat' dir='ltr'><strong><em>aliquot</em></strong></span> <span class='ocrx_word' id='word_1_276' title='bbox 355 2385 481 2422; x_wconf 88' lang='lat' dir='ltr'><strong><em>diebus</em></strong></span> <span class='ocrx_word' id='word_1_277' title='bbox 501 2392 578 2432; x_wconf 80' lang='lat' dir='ltr'><strong><em>post</em></strong></span> <span class='ocrx_word' id='word_1_278' title='bbox 604 2385 739 2422; x_wconf 80' lang='lat' dir='ltr'><strong><em>Pascha</em></strong></span> <span class='ocrx_word' id='word_1_279' title='bbox 760 2384 1046 2421; x_wconf 76' lang='lat' dir='ltr'><strong><em>Christianorum</em></strong></span> <span class='ocrx_word' id='word_1_280' title='bbox 1077 2385 1174 2423; x_wconf 89' lang='lat' dir='ltr'><strong><em>cclc-</em></strong></span> 
     </span>
    </p>
   </div>
   <div class='ocr_carea' id='block_1_37' title="bbox 121 2442 1175 2494">
    <p class='ocr_par' dir='ltr' id='par_1_37' title="bbox 121 2442 1175 2494">
     <span class='ocr_line' id='line_1_37' title="bbox 121 2442 1175 2494; baseline 0.003 -16"><span class='ocrx_word' id='word_1_281' title='bbox 121 2442 243 2488; x_wconf 77' lang='lat' dir='ltr'><strong><em>ltratur,</em></strong></span> <span class='ocrx_word' id='word_1_282' title='bbox 265 2447 299 2482; x_wconf 89' lang='lat' dir='ltr'><strong><em>in</em></strong></span> <span class='ocrx_word' id='word_1_283' title='bbox 326 2445 498 2483; x_wconf 85' lang='lat' dir='ltr'><strong><em>Paschate</em></strong></span> <span class='ocrx_word' id='word_1_284' title='bbox 515 2445 801 2483; x_wconf 89' lang='lat' dir='ltr'><strong><em>Christianorum</em></strong></span> <span class='ocrx_word' id='word_1_285' title='bbox 818 2445 996 2494; x_wconf 79' lang='lat' dir='ltr'><strong><em>jejunant,</em></strong></span> <span class='ocrx_word' id='word_1_286' title='bbox 1016 2453 1054 2483; x_wconf 89' lang='lat' dir='ltr'><strong><em>ut</em></strong></span> <span class='ocrx_word' id='word_1_287' title='bbox 1081 2447 1175 2493; x_wconf 75' lang='lat' dir='ltr'><strong><em>jeju-</em></strong></span> 
     </span>
    </p>
   </div>
   <div class='ocr_carea' id='block_1_38' title="bbox 121 2494 1178 2556">
    <p class='ocr_par' dir='ltr' id='par_1_38' title="bbox 121 2494 1178 2556">
     <span class='ocr_line' id='line_1_38' title="bbox 121 2494 1178 2556; baseline 0.003 -15"><span class='ocrx_word' id='word_1_288' title='bbox 121 2505 208 2542; x_wconf 83' lang='lat' dir='ltr'><strong><em>nium</em></strong></span> <span class='ocrx_word' id='word_1_289' title='bbox 223 2517 331 2554; x_wconf 88' lang='lat' dir='ltr'><strong><em>usque</em></strong></span> <span class='ocrx_word' id='word_1_290' title='bbox 350 2507 394 2545; x_wconf 88' lang='lat' dir='ltr'><strong><em>ad</em></strong></span> <span class='ocrx_word' id='word_1_291' title='bbox 413 2508 546 2545; x_wconf 84' lang='lat' dir='ltr'><strong><em>Pascha</em></strong></span> <span class='ocrx_word' id='word_1_292' title='bbox 563 2507 768 2546; x_wconf 68' lang='lat' dir='ltr'><strong><em>Judaeorum</em></strong></span> <span class='ocrx_word' id='word_1_293' title='bbox 790 2515 1067 2556; x_wconf 84' lang='lat' dir='ltr'><strong><em>prosequantur.</em></strong></span> <span class='ocrx_word' id='word_1_294' title='bbox 1087 2494 1178 2545; x_wconf 45' lang='lat' dir='ltr'><strong><em>Illu&#39;d</em></strong></span> 
     </span>
    </p>
   </div>
   <div class='ocr_carea' id='block_1_39' title="bbox 120 2571 1176 2620">
    <p class='ocr_par' dir='ltr' id='par_1_39' title="bbox 120 2571 1176 2620">
     <span class='ocr_line' id='line_1_39' title="bbox 120 2571 1176 2620; baseline 0.004 -16"><span class='ocrx_word' id='word_1_295' title='bbox 120 2574 228 2605; x_wconf 80' lang='lat' dir='ltr'><strong><em>autem</em></strong></span> <span class='ocrx_word' id='word_1_296' title='bbox 249 2580 339 2605; x_wconf 91' lang='lat' dir='ltr'><strong><em>anno</em></strong></span> <span class='ocrx_word' id='word_1_297' title='bbox 359 2572 519 2618; x_wconf 79' lang='lat' dir='ltr'><strong><em>sequenti</em></strong></span> <span class='ocrx_word' id='word_1_298' title='bbox 549 2571 632 2616; x_wconf 77' lang='lat'><strong><em>387,</em></strong></span> <span class='ocrx_word' id='word_1_299' title='bbox 663 2571 778 2619; x_wconf 87' lang='lat' dir='ltr'><strong><em>inquit</em></strong></span> <span class='ocrx_word' id='word_1_300' title='bbox 797 2571 1092 2620; x_wconf 69' lang='lat' dir='ltr'><strong><em>Chrysostomus,</em></strong></span> <span class='ocrx_word' id='word_1_301' title='bbox 1115 2581 1176 2608; x_wconf 85' lang='lat' dir='ltr'><strong><em>ac-</em></strong></span> 
     </span>
    </p>
   </div>
   <div class='ocr_carea' id='block_1_40' title="bbox 119 2629 1177 2680">
    <p class='ocr_par' dir='ltr' id='par_1_40' title="bbox 119 2629 1177 2680">
     <span class='ocr_line' id='line_1_40' title="bbox 119 2629 1177 2680; baseline 0.005 -16"><span class='ocrx_word' id='word_1_302' title='bbox 119 2629 266 2673; x_wconf 86' lang='lat' dir='ltr'><strong><em>cidebat,</em></strong></span> <span class='ocrx_word' id='word_1_303' title='bbox 294 2637 412 2677; x_wconf 81' lang='lat' dir='ltr'><strong><em>atque,</em></strong></span> <span class='ocrx_word' id='word_1_304' title='bbox 441 2637 480 2668; x_wconf 91' lang='lat' dir='ltr'><strong><em>ut</em></strong></span> <span class='ocrx_word' id='word_1_305' title='bbox 507 2640 576 2669; x_wconf 85' lang='lat' dir='ltr'><strong><em>tam</em></strong></span> <span class='ocrx_word' id='word_1_306' title='bbox 610 2643 753 2680; x_wconf 82' lang='lat' dir='ltr'><strong><em>pravam</em></strong></span> <span class='ocrx_word' id='word_1_307' title='bbox 779 2633 1076 2670; x_wconf 80' lang='lat' dir='ltr'><strong><em>consuetudinem</em></strong></span> <span class='ocrx_word' id='word_1_308' title='bbox 1111 2633 1177 2670; x_wconf 86' lang='lat' dir='ltr'><strong><em>al)-</em></strong></span> 
     </span>
    </p>
   </div>
   <div class='ocr_carea' id='block_1_41' title="bbox 121 2691 1177 2743">
    <p class='ocr_par' dir='ltr' id='par_1_41' title="bbox 121 2691 1177 2743">
     <span class='ocr_line' id='line_1_41' title="bbox 121 2691 1177 2743; baseline 0.004 -15"><span class='ocrx_word' id='word_1_309' title='bbox 121 2691 222 2738; x_wconf 79' lang='lat' dir='ltr'><strong><em>olcat,</em></strong></span> <span class='ocrx_word' id='word_1_310' title='bbox 251 2691 474 2730; x_wconf 83' lang='lat' dir='ltr'><strong><em>homiliarum</em></strong></span> <span class='ocrx_word' id='word_1_311' title='bbox 503 2700 623 2732; x_wconf 88' lang='lat' dir='ltr'><strong><em>contra</em></strong></span> <span class='ocrx_word' id='word_1_312' title='bbox 654 2696 848 2734; x_wconf 67' lang='lat' dir='ltr'><strong><em>Auommos</em></strong></span> <span class='ocrx_word' id='word_1_313' title='bbox 879 2703 915 2733; x_wconf 89' lang='lat' dir='ltr'><strong><em>et</em></strong></span> <span class='ocrx_word' id='word_1_314' title='bbox 933 2695 976 2733; x_wconf 92' lang='lat' dir='ltr'><strong><em>de</em></strong></span> <span class='ocrx_word' id='word_1_315' title='bbox 997 2693 1177 2743; x_wconf 80' lang='lat' dir='ltr'><strong><em>Unigcniti</em></strong></span> 
     </span>
    </p>
   </div>
   <div class='ocr_carea' id='block_1_42' title="bbox 123 2753 1178 2804">
    <p class='ocr_par' dir='ltr' id='par_1_42' title="bbox 123 2753 1178 2804">
     <span class='ocr_line' id='line_1_42' title="bbox 123 2753 1178 2804; baseline 0.006 -15"><span class='ocrx_word' id='word_1_316' title='bbox 123 2753 224 2800; x_wconf 76' lang='lat' dir='ltr'><strong><em>gloria</em></strong></span> <span class='ocrx_word' id='word_1_317' title='bbox 243 2765 388 2792; x_wconf 87' lang='lat' dir='ltr'><strong><em>cursum</em></strong></span> <span class='ocrx_word' id='word_1_318' title='bbox 405 2755 594 2802; x_wconf 87' lang='lat' dir='ltr'><strong><em>intercipit,</em></strong></span> <span class='ocrx_word' id='word_1_319' title='bbox 616 2762 652 2794; x_wconf 87' lang='lat' dir='ltr'><strong><em>ut</em></strong></span> <span class='ocrx_word' id='word_1_320' title='bbox 669 2757 744 2804; x_wconf 88' lang='lat' dir='ltr'><strong><em>ipse</em></strong></span> <span class='ocrx_word' id='word_1_321' title='bbox 761 2759 863 2795; x_wconf 88' lang='lat' dir='ltr'><strong><em>initio</em></strong></span> <span class='ocrx_word' id='word_1_322' title='bbox 881 2759 1040 2796; x_wconf 67' lang='lat' dir='ltr'><strong><em>humilius</em></strong></span> <span class='ocrx_word' id='word_1_323' title='bbox 1057 2759 1178 2795; x_wconf 75' lang='lat' dir='ltr'><strong><em>dei-la-</em></strong></span> 
     </span>
    </p>
   </div>
   <div class='ocr_carea' id='block_1_43' title="bbox 125 2815 1178 2870">
    <p class='ocr_par' dir='ltr' id='par_1_43' title="bbox 125 2815 1178 2870">
     <span class='ocr_line' id='line_1_43' title="bbox 125 2815 1178 2870; baseline 0.009 -19"><span class='ocrx_word' id='word_1_324' title='bbox 125 2819 172 2851; x_wconf 80' lang='lat' dir='ltr'><strong><em>tat</em></strong></span> <span class='ocrx_word' id='word_1_325' title='bbox 188 2815 241 2853; x_wconf 88' lang='lat' dir='ltr'><strong><em>his</em></strong></span> <span class='ocrx_word' id='word_1_326' title='bbox 257 2817 374 2854; x_wconf 82' lang='lat' dir='ltr'><strong><em>verbis</em></strong></span> <span class='ocrx_word' id='word_1_327' title='bbox 395 2829 403 2852; x_wconf 92' lang='lat'><strong>:</strong></span> <span class='ocrx_word' id='word_1_328' title='bbox 423 2817 554 2854; x_wconf 84' lang='lat' dir='ltr'><strong><em>Rursus</em></strong></span> <span class='ocrx_word' id='word_1_329' title='bbox 570 2821 792 2856; x_wconf 87' lang='lat' dir='ltr'><strong><em>necessarium</em></strong></span> <span class='ocrx_word' id='word_1_330' title='bbox 811 2821 982 2868; x_wconf 83' lang='lat' dir='ltr'><strong><em>quoddam</em></strong></span> <span class='ocrx_word' id='word_1_331' title='bbox 1002 2830 1033 2860; x_wconf 89' lang='lat' dir='ltr'><strong><em>et</em></strong></span> <span class='ocrx_word' id='word_1_332' title='bbox 1051 2834 1178 2870; x_wconf 77' lang='lat' dir='ltr'><strong><em>urgens</em></strong></span> 
     </span>
    </p>
   </div>
   <div class='ocr_carea' id='block_1_44' title="bbox 127 2880 1177 2928">
    <p class='ocr_par' dir='ltr' id='par_1_44' title="bbox 127 2880 1177 2928">
     <span class='ocr_line' id='line_1_44' title="bbox 127 2880 1177 2928; baseline 0.008 -14"><span class='ocrx_word' id='word_1_333' title='bbox 127 2880 295 2926; x_wconf 63' lang='lat' dir='ltr'><strong><em>negotium,</em></strong></span> <span class='ocrx_word' id='word_1_334' title='bbox 313 2891 427 2916; x_wconf 86' lang='lat' dir='ltr'><strong><em>eorum</em></strong></span> <span class='ocrx_word' id='word_1_335' title='bbox 441 2892 515 2927; x_wconf 70' lang='lat' dir='ltr'><strong><em>qua:</em></strong></span> <span class='ocrx_word' id='word_1_336' title='bbox 533 2893 640 2928; x_wconf 87' lang='lat' dir='ltr'><strong><em>nuper</em></strong></span> <span class='ocrx_word' id='word_1_337' title='bbox 657 2882 746 2919; x_wconf 88' lang='lat' dir='ltr'><strong><em>dicta</em></strong></span> <span class='ocrx_word' id='word_1_338' title='bbox 761 2891 837 2920; x_wconf 88' lang='lat' dir='ltr'><strong><em>sunt</em></strong></span> <span class='ocrx_word' id='word_1_339' title='bbox 854 2886 971 2921; x_wconf 88' lang='lat' dir='ltr'><strong><em>seriem</em></strong></span> <span class='ocrx_word' id='word_1_340' title='bbox 988 2886 1177 2922; x_wconf 81' lang='lat' dir='ltr'><strong><em>interrum-</em></strong></span> 
     </span>
    </p>
   </div>
   <div class='ocr_carea' id='block_1_45' title="bbox 129 2941 1180 2992">
    <p class='ocr_par' dir='ltr' id='par_1_45' title="bbox 129 2941 1180 2992">
     <span class='ocr_line' id='line_1_45' title="bbox 129 2941 1180 2992; baseline 0.007 -15"><span class='ocrx_word' id='word_1_341' title='bbox 129 2948 211 2985; x_wconf 71' lang='lat' dir='ltr'><strong><em>pens,</em></strong></span> <span class='ocrx_word' id='word_1_342' title='bbox 223 2941 266 2978; x_wconf 89' lang='lat' dir='ltr'><strong><em>ad</em></strong></span> <span class='ocrx_word' id='word_1_343' title='bbox 278 2954 314 2979; x_wconf 92' lang='lat' dir='ltr'><strong><em>se</em></strong></span> <span class='ocrx_word' id='word_1_344' title='bbox 329 2944 511 2980; x_wconf 82' lang='lat' dir='ltr'><strong><em>orationem</em></strong></span> <span class='ocrx_word' id='word_1_345' title='bbox 526 2945 684 2990; x_wconf 84' lang='lat' dir='ltr'><strong><em>traducit,</em></strong></span> <span class='ocrx_word' id='word_1_346' title='bbox 697 2952 726 2982; x_wconf 93' lang='lat' dir='ltr'><strong><em>et</em></strong></span> <span class='ocrx_word' id='word_1_347' title='bbox 737 2947 928 2992; x_wconf 87' lang='lat' dir='ltr'><strong><em>asusceptis</em></strong></span> <span class='ocrx_word' id='word_1_348' title='bbox 947 2957 1023 2984; x_wconf 85' lang='lat' dir='ltr'><strong><em>cum</em></strong></span> <span class='ocrx_word' id='word_1_349' title='bbox 1044 2949 1180 2985; x_wconf 62' lang='lat' dir='ltr'><strong><em>Itan-eti-</em></strong></span> 
     </span>
    </p>
   </div>
   <div class='ocr_carea' id='block_1_46' title="bbox 130 2999 1180 3058">
    <p class='ocr_par' dir='ltr' id='par_1_46' title="bbox 130 2999 1180 3058">
     <span class='ocr_line' id='line_1_46' title="bbox 130 2999 1180 3058; baseline 0.011 -22"><span class='ocrx_word' id='word_1_350' title='bbox 130 2999 170 3037; x_wconf 80' lang='lat' dir='ltr'><strong><em>eis</em></strong></span> <span class='ocrx_word' id='word_1_351' title='bbox 193 3005 419 3044; x_wconf 82' lang='lat' dir='ltr'><strong><em>certaminibus</em></strong></span> <span class='ocrx_word' id='word_1_352' title='bbox 439 3017 500 3043; x_wconf 90' lang='lat' dir='ltr'><strong><em>nos</em></strong></span> <span class='ocrx_word' id='word_1_353' title='bbox 517 3006 664 3043; x_wconf 85' lang='lat' dir='ltr'><strong><em>abducit.</em></strong></span> <span class='ocrx_word' id='word_1_354' title='bbox 700 3006 793 3045; x_wconf 83' lang='lat' dir='ltr'><strong><em>Nam</em></strong></span> <span class='ocrx_word' id='word_1_355' title='bbox 820 3021 880 3046; x_wconf 90' lang='lat' dir='ltr'><strong><em>nos</em></strong></span> <span class='ocrx_word' id='word_1_356' title='bbox 899 3010 1033 3058; x_wconf 82' lang='lat' dir='ltr'><strong><em>quidem</em></strong></span> <span class='ocrx_word' id='word_1_357' title='bbox 1061 3021 1180 3048; x_wconf 82' lang='lat' dir='ltr'><strong><em>rursus</em></strong></span> 
     </span>
    </p>
   </div>
   <div class='ocr_carea' id='block_1_47' title="bbox 131 3062 1182 3121">
    <p class='ocr_par' dir='ltr' id='par_1_47' title="bbox 131 3062 1182 3121">
     <span class='ocr_line' id='line_1_47' title="bbox 131 3062 1182 3121; baseline 0.01 -20"><span class='ocrx_word' id='word_1_358' title='bbox 131 3063 167 3101; x_wconf 75' lang='lat' dir='ltr'><strong><em>de</em></strong></span> <span class='ocrx_word' id='word_1_359' title='bbox 190 3062 350 3115; x_wconf 83' lang='lat' dir='ltr'><strong><em>Uuigeniti</em></strong></span> <span class='ocrx_word' id='word_1_360' title='bbox 377 3069 487 3118; x_wconf 81' lang='lat' dir='ltr'><strong><em>gloria</em></strong></span> <span class='ocrx_word' id='word_1_361' title='bbox 515 3070 562 3106; x_wconf 87' lang='lat' dir='ltr'><strong><em>ad</em></strong></span> <span class='ocrx_word' id='word_1_362' title='bbox 587 3072 761 3108; x_wconf 85' lang='lat' dir='ltr'><strong><em>caritatem</em></strong></span> <span class='ocrx_word' id='word_1_363' title='bbox 778 3079 919 3110; x_wconf 72' lang='lat' dir='ltr'><strong><em>castraut</em></strong></span> <span class='ocrx_word' id='word_1_364' title='bbox 939 3075 1038 3111; x_wconf 76' lang='lat' dir='ltr'><strong><em>verba</em></strong></span> <span class='ocrx_word' id='word_1_365' title='bbox 1069 3076 1182 3121; x_wconf 79' lang='lat' dir='ltr'><strong><em>facere</em></strong></span> 
     </span>
    </p>
   </div>
   <div class='ocr_carea' id='block_1_48' title="bbox 133 3129 1183 3183">
    <p class='ocr_par' dir='ltr' id='par_1_48' title="bbox 133 3129 1183 3183">
     <span class='ocr_line' id='line_1_48' title="bbox 133 3129 1183 3183; baseline 0.011 -21"><span class='ocrx_word' id='word_1_366' title='bbox 133 3129 230 3173; x_wconf 76' lang='lat' dir='ltr'><strong><em>parati</em></strong></span> <span class='ocrx_word' id='word_1_367' title='bbox 245 3140 385 3168; x_wconf 65' lang='lat' dir='ltr'><strong><em>uanius.</em></strong></span> <span class='ocrx_word' id='word_1_368' title='bbox 406 3131 468 3169; x_wconf 90' lang='lat' dir='ltr'><strong><em>llis</em></strong></span> <span class='ocrx_word' id='word_1_369' title='bbox 487 3143 593 3180; x_wconf 88' lang='lat' dir='ltr'><strong><em>porro</em></strong></span> <span class='ocrx_word' id='word_1_370' title='bbox 611 3133 767 3172; x_wconf 83' lang='lat' dir='ltr'><strong><em>declarat</em></strong></span> <span class='ocrx_word' id='word_1_371' title='bbox 785 3145 824 3172; x_wconf 83' lang='lat' dir='ltr'><strong><em>se</em></strong></span> <span class='ocrx_word' id='word_1_372' title='bbox 840 3135 914 3183; x_wconf 87' lang='lat' dir='ltr'><strong><em>jam</em></strong></span> <span class='ocrx_word' id='word_1_373' title='bbox 935 3137 1094 3174; x_wconf 89' lang='lat' dir='ltr'><strong><em>secundo</em></strong></span> <span class='ocrx_word' id='word_1_374' title='bbox 1115 3133 1183 3175; x_wconf 84' lang='lat' dir='ltr'><strong><em>llo-</em></strong></span> 
     </span>
    </p>
   </div>
   <div class='ocr_carea' id='block_1_49' title="bbox 133 3187 1181 3246">
    <p class='ocr_par' dir='ltr' id='par_1_49' title="bbox 133 3187 1181 3246">
     <span class='ocr_line' id='line_1_49' title="bbox 133 3187 1181 3246; baseline 0.012 -23"><span class='ocrx_word' id='word_1_375' title='bbox 133 3187 293 3227; x_wconf 88' lang='lat' dir='ltr'><strong><em>mlliarum</em></strong></span> <span class='ocrx_word' id='word_1_376' title='bbox 307 3199 428 3230; x_wconf 82' lang='lat' dir='ltr'><strong><em>contra</em></strong></span> <span class='ocrx_word' id='word_1_377' title='bbox 447 3195 642 3234; x_wconf 74' lang='lat' dir='ltr'><strong><em>Anommos</em></strong></span> <span class='ocrx_word' id='word_1_378' title='bbox 656 3207 798 3234; x_wconf 89' lang='lat' dir='ltr'><strong><em>cursum</em></strong></span> <span class='ocrx_word' id='word_1_379' title='bbox 817 3198 1062 3246; x_wconf 83' lang='lat' dir='ltr'><strong><em>interpellare,</em></strong></span> <span class='ocrx_word' id='word_1_380' title='bbox 1084 3199 1181 3246; x_wconf 89' lang='lat' dir='ltr'><strong><em>quod</em></strong></span> 
     </span>
    </p>
   </div>
   <div class='ocr_carea' id='block_1_50' title="bbox 133 3251 1182 3308">
    <p class='ocr_par' dir='ltr' id='par_1_50' title="bbox 133 3251 1182 3308">
     <span class='ocr_line' id='line_1_50' title="bbox 133 3251 1182 3308; baseline 0.011 -21"><span class='ocrx_word' id='word_1_381' title='bbox 133 3257 166 3308; x_wconf 68' lang='lat' dir='ltr'><strong><em>te</em></strong></span> <span class='ocrx_word' id='word_1_382' title='bbox 184 3251 293 3298; x_wconf 88' lang='lat' dir='ltr'><strong><em>primo</em></strong></span> <span class='ocrx_word' id='word_1_383' title='bbox 324 3255 446 3294; x_wconf 78' lang='lat' dir='ltr'><strong><em>iecisse</em></strong></span> <span class='ocrx_word' id='word_1_384' title='bbox 471 3257 557 3294; x_wconf 82' lang='lat' dir='ltr'><strong><em>dicit</em></strong></span> <span class='ocrx_word' id='word_1_385' title='bbox 586 3258 686 3296; x_wconf 89' lang='lat' dir='ltr'><strong><em>initio</em></strong></span> <span class='ocrx_word' id='word_1_386' title='bbox 718 3259 875 3298; x_wconf 61' lang='lat' dir='ltr'><strong><em>humilius</em></strong></span> <span class='ocrx_word' id='word_1_387' title='bbox 903 3260 1027 3308; x_wconf 71' lang='lat' dir='ltr'><strong><em>prima:</em></strong></span> <span class='ocrx_word' id='word_1_388' title='bbox 1056 3267 1182 3300; x_wconf 86' lang='lat' dir='ltr'><strong><em>contra</em></strong></span> 
     </span>
    </p>
   </div>
   <div class='ocr_carea' id='block_1_51' title="bbox 133 3307 1185 3368">
    <p class='ocr_par' dir='ltr' id='par_1_51' title="bbox 133 3307 1185 3368">
     <span class='ocr_line' id='line_1_51' title="bbox 133 3307 1185 3368; baseline 0.014 -21"><span class='ocrx_word' id='word_1_389' title='bbox 133 3307 273 3352; x_wconf 64' lang='lat' dir='ltr'><strong><em>intimos.</em></strong></span> <span class='ocrx_word' id='word_1_390' title='bbox 295 3315 430 3355; x_wconf 87' lang='lat' dir='ltr'><strong><em>Etenim</em></strong></span> <span class='ocrx_word' id='word_1_391' title='bbox 450 3330 531 3357; x_wconf 90' lang='lat' dir='ltr'><strong><em>cum</em></strong></span> <span class='ocrx_word' id='word_1_392' title='bbox 553 3321 702 3368; x_wconf 83' lang='lat' dir='ltr'><strong><em>primam</em></strong></span> <span class='ocrx_word' id='word_1_393' title='bbox 731 3330 857 3360; x_wconf 89' lang='lat' dir='ltr'><strong><em>contra</em></strong></span> <span class='ocrx_word' id='word_1_394' title='bbox 877 3307 1074 3362; x_wconf 69' lang='lat' dir='ltr'><strong><em>Anommns</em></strong></span> <span class='ocrx_word' id='word_1_395' title='bbox 1100 3335 1185 3362; x_wconf 29' lang='lat' dir='ltr'><strong><em>orae</em></strong></span> 
     </span>
    </p>
   </div>
   <div class='ocr_carea' id='block_1_52' title="bbox 135 3371 1184 3430">
    <p class='ocr_par' dir='ltr' id='par_1_52' title="bbox 135 3371 1184 3430">
     <span class='ocr_line' id='line_1_52' title="bbox 135 3371 1184 3430; baseline 0.015 -22"><span class='ocrx_word' id='word_1_396' title='bbox 135 3371 255 3412; x_wconf 89' lang='lat' dir='ltr'><strong><em>tionem</em></strong></span> <span class='ocrx_word' id='word_1_397' title='bbox 284 3375 475 3424; x_wconf 85' lang='lat' dir='ltr'><strong><em>habuisset,</em></strong></span> <span class='ocrx_word' id='word_1_398' title='bbox 505 3390 649 3420; x_wconf 84' lang='lat' dir='ltr'><strong><em>cursum</em></strong></span> <span class='ocrx_word' id='word_1_399' title='bbox 680 3384 808 3422; x_wconf 85' lang='lat' dir='ltr'><strong><em>sistere</em></strong></span> <span class='ocrx_word' id='word_1_400' title='bbox 836 3392 984 3422; x_wconf 83' lang='lat' dir='ltr'><strong><em>coactus</em></strong></span> <span class='ocrx_word' id='word_1_401' title='bbox 1009 3392 1078 3430; x_wconf 79' lang='lat' dir='ltr'><strong><em>est,</em></strong></span> <span class='ocrx_word' id='word_1_402' title='bbox 1111 3397 1184 3423; x_wconf 88' lang='lat' dir='ltr'><strong><em>non</em></strong></span> 
     </span>
    </p>
   </div>
   <div class='ocr_carea' id='block_1_53' title="bbox 135 3435 1186 3494">
    <p class='ocr_par' dir='ltr' id='par_1_53' title="bbox 135 3435 1186 3494">
     <span class='ocr_line' id='line_1_53' title="bbox 135 3435 1186 3494; baseline 0.013 -23"><span class='ocrx_word' id='word_1_403' title='bbox 135 3435 230 3494; x_wconf 79' lang='lat' dir='ltr'><strong><em>modo</em></strong></span> <span class='ocrx_word' id='word_1_404' title='bbox 264 3443 302 3474; x_wconf 90' lang='lat' dir='ltr'><strong><em>ut</em></strong></span> <span class='ocrx_word' id='word_1_405' title='bbox 327 3447 446 3478; x_wconf 85' lang='lat' dir='ltr'><strong><em>contra</em></strong></span> <span class='ocrx_word' id='word_1_406' title='bbox 474 3439 616 3481; x_wconf 72' lang='lat' dir='ltr'><strong><em>Judmos</em></strong></span> <span class='ocrx_word' id='word_1_407' title='bbox 647 3453 888 3491; x_wconf 73' lang='lat' dir='ltr'><strong><em>ctmcertaret,</em></strong></span> <span class='ocrx_word' id='word_1_408' title='bbox 922 3447 1017 3494; x_wconf 90' lang='lat' dir='ltr'><strong><em>quod</em></strong></span> <span class='ocrx_word' id='word_1_409' title='bbox 1046 3448 1186 3485; x_wconf 87' lang='lat' dir='ltr'><strong><em>duabus</em></strong></span> 
     </span>
    </p>
   </div>
   <div class='ocr_carea' id='block_1_54' title="bbox 136 3493 1185 3556">
    <p class='ocr_par' dir='ltr' id='par_1_54' title="bbox 136 3493 1185 3556">
     <span class='ocr_line' id='line_1_54' title="bbox 136 3493 1185 3556; baseline 0.01 -19"><span class='ocrx_word' id='word_1_410' title='bbox 136 3493 279 3536; x_wconf 73' lang='lat' dir='ltr'><strong><em>holltiliis</em></strong></span> <span class='ocrx_word' id='word_1_411' title='bbox 299 3503 480 3548; x_wconf 82' lang='lat' dir='ltr'><strong><em>praestitit;</em></strong></span> <span class='ocrx_word' id='word_1_412' title='bbox 501 3505 562 3543; x_wconf 87' lang='lat' dir='ltr'><strong><em>sed</em></strong></span> <span class='ocrx_word' id='word_1_413' title='bbox 579 3507 686 3544; x_wconf 87' lang='lat' dir='ltr'><strong><em>etiam</em></strong></span> <span class='ocrx_word' id='word_1_414' title='bbox 706 3514 745 3544; x_wconf 90' lang='lat' dir='ltr'><strong><em>ut</em></strong></span> <span class='ocrx_word' id='word_1_415' title='bbox 767 3508 892 3546; x_wconf 81' lang='lat' dir='ltr'><strong><em>Patres</em></strong></span> <span class='ocrx_word' id='word_1_416' title='bbox 910 3493 1106 3556; x_wconf 78' lang='lat' dir='ltr'><strong><em>spirlltmles</em></strong></span> <span class='ocrx_word' id='word_1_417' title='bbox 1123 3519 1185 3547; x_wconf 91' lang='lat' dir='ltr'><strong><em>seu</em></strong></span> 
     </span>
    </p>
   </div>
   <div class='ocr_carea' id='block_1_55' title="bbox 137 3559 1190 3621">
    <p class='ocr_par' dir='ltr' id='par_1_55' title="bbox 137 3559 1190 3621">
     <span class='ocr_line' id='line_1_55' title="bbox 137 3559 1190 3621; baseline 0.017 -25"><span class='ocrx_word' id='word_1_418' title='bbox 137 3559 310 3610; x_wconf 79' lang='lat' dir='ltr'><strong><em>episcopos</em></strong></span> <span class='ocrx_word' id='word_1_419' title='bbox 327 3565 472 3612; x_wconf 84' lang='lat' dir='ltr'><strong><em>vicinos,</em></strong></span> <span class='ocrx_word' id='word_1_420' title='bbox 492 3569 551 3616; x_wconf 88' lang='lat' dir='ltr'><strong><em>qui</em></strong></span> <span class='ocrx_word' id='word_1_421' title='bbox 583 3571 809 3608; x_wconf 77' lang='lat' dir='ltr'><strong><em>Antiochiam</em></strong></span> <span class='ocrx_word' id='word_1_422' title='bbox 838 3578 1025 3618; x_wconf 83' lang='lat' dir='ltr'><strong><em>venerant,</em></strong></span> <span class='ocrx_word' id='word_1_423' title='bbox 1045 3573 1190 3621; x_wconf 80' lang='lat' dir='ltr'><strong><em>excipe-</em></strong></span> 
     </span>
    </p>
   </div>
   <div class='ocr_carea' id='block_1_56' title="bbox 137 3626 1189 3684">
    <p class='ocr_par' dir='ltr' id='par_1_56' title="bbox 137 3626 1189 3684">
     <span class='ocr_line' id='line_1_56' title="bbox 137 3626 1189 3684; baseline 0.012 -24"><span class='ocrx_word' id='word_1_424' title='bbox 137 3626 198 3664; x_wconf 76' lang='lat' dir='ltr'><strong><em>l‘el,</em></strong></span> <span class='ocrx_word' id='word_1_425' title='bbox 216 3633 254 3662; x_wconf 81' lang='lat' dir='ltr'><strong><em>ac</em></strong></span> <span class='ocrx_word' id='word_1_426' title='bbox 273 3632 391 3672; x_wconf 73' lang='lat' dir='ltr'><strong><em>pustca</em></strong></span> <span class='ocrx_word' id='word_1_427' title='bbox 408 3637 636 3672; x_wconf 83' lang='lat' dir='ltr'><strong><em>occurrentes</em></strong></span> <span class='ocrx_word' id='word_1_428' title='bbox 651 3633 780 3671; x_wconf 88' lang='lat' dir='ltr'><strong><em>multas</em></strong></span> <span class='ocrx_word' id='word_1_429' title='bbox 799 3641 996 3684; x_wconf 84' lang='lat' dir='ltr'><strong><em>martyrum</em></strong></span> <span class='ocrx_word' id='word_1_430' title='bbox 1017 3637 1189 3673; x_wconf 85' lang='lat' dir='ltr'><strong><em>solemni-</em></strong></span> 
     </span>
    </p>
   </div>
   <div class='ocr_carea' id='block_1_57' title="bbox 141 3685 1190 3745">
    <p class='ocr_par' dir='ltr' id='par_1_57' title="bbox 141 3685 1190 3745">
     <span class='ocr_line' id='line_1_57' title="bbox 141 3685 1190 3745; baseline 0.019 -29"><span class='ocrx_word' id='word_1_431' title='bbox 141 3685 220 3720; x_wconf 79' lang='lat' dir='ltr'><strong><em>lalcs</em></strong></span> <span class='ocrx_word' id='word_1_432' title='bbox 245 3687 449 3728; x_wconf 80' lang='lat' dir='ltr'><strong><em>celebraret.</em></strong></span> <span class='ocrx_word' id='word_1_433' title='bbox 477 3691 552 3736; x_wconf 84' lang='lat' dir='ltr'><strong><em>llis,</em></strong></span> <span class='ocrx_word' id='word_1_434' title='bbox 575 3695 733 3742; x_wconf 85' lang='lat' dir='ltr'><strong><em>inquam,</em></strong></span> <span class='ocrx_word' id='word_1_435' title='bbox 755 3697 922 3734; x_wconf 88' lang='lat' dir='ltr'><strong><em>omnibus</em></strong></span> <span class='ocrx_word' id='word_1_436' title='bbox 942 3698 1190 3745; x_wconf 70' lang='lat' dir='ltr'><strong><em>interpellatus</em></strong></span> 
     </span>
    </p>
   </div>
   <div class='ocr_carea' id='block_1_58' title="bbox 140 3749 1188 3808">
    <p class='ocr_par' dir='ltr' id='par_1_58' title="bbox 140 3749 1188 3808">
     <span class='ocr_line' id='line_1_58' title="bbox 140 3749 1188 3808; baseline 0.016 -29"><span class='ocrx_word' id='word_1_437' title='bbox 140 3749 189 3808; x_wconf 68' lang='lat' dir='ltr'><strong><em>est</em></strong></span> <span class='ocrx_word' id='word_1_438' title='bbox 205 3755 222 3780; x_wconf 82' lang='lat' dir='ltr'><strong><em>a</em></strong></span> <span class='ocrx_word' id='word_1_439' title='bbox 241 3756 351 3795; x_wconf 70' lang='lat' dir='ltr'><strong><em>empta</em></strong></span> <span class='ocrx_word' id='word_1_440' title='bbox 369 3759 490 3790; x_wconf 87' lang='lat' dir='ltr'><strong><em>contra</em></strong></span> <span class='ocrx_word' id='word_1_441' title='bbox 513 3757 706 3793; x_wconf 78' lang='lat' dir='ltr'><strong><em>Auumceus</em></strong></span> <span class='ocrx_word' id='word_1_442' title='bbox 729 3768 868 3804; x_wconf 82' lang='lat' dir='ltr'><strong><em>pugna;</em></strong></span> <span class='ocrx_word' id='word_1_443' title='bbox 890 3759 936 3795; x_wconf 87' lang='lat' dir='ltr'><strong><em>ita</em></strong></span> <span class='ocrx_word' id='word_1_444' title='bbox 958 3766 996 3796; x_wconf 89' lang='lat' dir='ltr'><strong><em>ut</em></strong></span> <span class='ocrx_word' id='word_1_445' title='bbox 1015 3770 1087 3796; x_wconf 93' lang='lat' dir='ltr'><strong><em>non</em></strong></span> <span class='ocrx_word' id='word_1_446' title='bbox 1110 3771 1188 3797; x_wconf 84' lang='lat' dir='ltr'><strong><em>mo-</em></strong></span> 
     </span>
    </p>
   </div>
   <div class='ocr_carea' id='block_1_59' title="bbox 141 3799 1184 3872">
    <p class='ocr_par' dir='ltr' id='par_1_59' title="bbox 141 3799 1184 3872">
     <span class='ocr_line' id='line_1_59' title="bbox 141 3799 1184 3872; baseline 0.013 -29"><span class='ocrx_word' id='word_1_447' title='bbox 141 3799 248 3872; x_wconf 37' lang='lat' dir='ltr'><strong><em>ditat-tm</em></strong></span> <span class='ocrx_word' id='word_1_448' title='bbox 268 3813 431 3858; x_wconf 84' lang='lat' dir='ltr'><strong><em>temporis</em></strong></span> <span class='ocrx_word' id='word_1_449' title='bbox 452 3815 676 3852; x_wconf 85' lang='lat' dir='ltr'><strong><em>intervallum</em></strong></span> <span class='ocrx_word' id='word_1_450' title='bbox 706 3817 813 3855; x_wconf 77' lang='lat' dir='ltr'><strong><em>fuerit</em></strong></span> <span class='ocrx_word' id='word_1_451' title='bbox 843 3821 993 3867; x_wconf 86' lang='lat' dir='ltr'><strong><em>primam</em></strong></span> <span class='ocrx_word' id='word_1_452' title='bbox 1013 3821 1106 3857; x_wconf 79' lang='lat' dir='ltr'><strong><em>inter</em></strong></span> <span class='ocrx_word' id='word_1_453' title='bbox 1126 3821 1184 3857; x_wconf 89' lang='lat' dir='ltr'><strong><em>ho-</em></strong></span> 
     </span>
    </p>
   </div>
   <div class='ocr_carea' id='block_1_60' title="bbox 146 3864 1190 3933">
    <p class='ocr_par' dir='ltr' id='par_1_60' title="bbox 146 3864 1190 3933">
     <span class='ocr_line' id='line_1_60' title="bbox 146 3864 1190 3933; baseline 0.02 -32"><span class='ocrx_word' id='word_1_454' title='bbox 146 3864 264 3906; x_wconf 75' lang='lat' dir='ltr'><strong><em>miliam</em></strong></span> <span class='ocrx_word' id='word_1_455' title='bbox 284 3880 400 3911; x_wconf 82' lang='lat' dir='ltr'><strong><em>contra</em></strong></span> <span class='ocrx_word' id='word_1_456' title='bbox 418 3875 611 3916; x_wconf 70' lang='lat' dir='ltr'><strong><em>Anomwos</em></strong></span> <span class='ocrx_word' id='word_1_457' title='bbox 628 3885 662 3917; x_wconf 88' lang='lat' dir='ltr'><strong><em>ct</em></strong></span> <span class='ocrx_word' id='word_1_458' title='bbox 677 3881 846 3919; x_wconf 75' lang='lat' dir='ltr'><strong><em>&#39;tcrtiatn.</em></strong></span> <span class='ocrx_word' id='word_1_459' title='bbox 868 3882 956 3920; x_wconf 84' lang='lat' dir='ltr'><strong><em>Cum</em></strong></span> <span class='ocrx_word' id='word_1_460' title='bbox 977 3891 1095 3921; x_wconf 80' lang='lat' dir='ltr'><strong><em>autem</em></strong></span> <span class='ocrx_word' id='word_1_461' title='bbox 1115 3885 1190 3933; x_wconf 84' lang='lat' dir='ltr'><strong><em>pri-</em></strong></span> 
     </span>
    </p>
   </div>
   <div class='ocr_carea' id='block_1_61' title="bbox 2243 173 2312 212">
    <p class='ocr_par' dir='ltr' id='par_1_61' title="bbox 2243 173 2312 212">
     <span class='ocr_line' id='line_1_61' title="bbox 2243 173 2312 212; baseline 0 -1"><span class='ocrx_word' id='word_1_462' title='bbox 2243 173 2312 212; x_wconf 74' lang='grc'><strong><em>106</em></strong></span> 
     </span>
    </p>
   </div>
   <div class='ocr_carea' id='block_1_62' title="bbox 1235 249 2313 291">
    <p class='ocr_par' dir='ltr' id='par_1_62' title="bbox 1235 249 2313 291">
     <span class='ocr_line' id='line_1_62' title="bbox 1235 249 2313 291; baseline 0.003 -3"><span class='ocrx_word' id='word_1_463' title='bbox 1235 261 1330 288; x_wconf 79' lang='lat' dir='ltr'><strong><em>mam</em></strong></span> <span class='ocrx_word' id='word_1_464' title='bbox 1360 257 1485 288; x_wconf 85' lang='lat' dir='ltr'><strong><em>contra</em></strong></span> <span class='ocrx_word' id='word_1_465' title='bbox 1511 249 1658 289; x_wconf 69' lang='lat' dir='ltr'><strong><em>Judzeos</em></strong></span> <span class='ocrx_word' id='word_1_466' title='bbox 1685 251 1870 290; x_wconf 77' lang='lat' dir='ltr'><strong><em>humilium</em></strong></span> <span class='ocrx_word' id='word_1_467' title='bbox 1899 252 2066 290; x_wconf 75' lang='lat' dir='ltr'><strong><em>habuerit</em></strong></span> <span class='ocrx_word' id='word_1_468' title='bbox 2085 262 2210 291; x_wconf 85' lang='lat' dir='ltr'><strong><em>mense</em></strong></span> <span class='ocrx_word' id='word_1_469' title='bbox 2233 254 2313 291; x_wconf 79' lang='lat' dir='ltr'><strong><em>Au-</em></strong></span> 
     </span>
    </p>
   </div>
   <div class='ocr_carea' id='block_1_63' title="bbox 1232 312 2313 361">
    <p class='ocr_par' dir='ltr' id='par_1_63' title="bbox 1232 312 2313 361">
     <span class='ocr_line' id='line_1_63' title="bbox 1232 312 2313 361; baseline 0.002 -11"><span class='ocrx_word' id='word_1_470' title='bbox 1232 320 1338 361; x_wconf 72' lang='lat' dir='ltr'><strong><em>gusto</em></strong></span> <span class='ocrx_word' id='word_1_471' title='bbox 1367 313 1453 350; x_wconf 85' lang='lat' dir='ltr'><strong><em>anni</em></strong></span> <span class='ocrx_word' id='word_1_472' title='bbox 1483 312 1568 355; x_wconf 79' lang='lat'><strong><em>386,</em></strong></span> <span class='ocrx_word' id='word_1_473' title='bbox 1591 320 1630 349; x_wconf 87' lang='lat' dir='ltr'><strong><em>ut</em></strong></span> <span class='ocrx_word' id='word_1_474' title='bbox 1655 324 1765 361; x_wconf 86' lang='lat' dir='ltr'><strong><em>supra</em></strong></span> <span class='ocrx_word' id='word_1_475' title='bbox 1785 315 1965 359; x_wconf 73' lang='lat' dir='ltr'><strong><em>diximus;</em></strong></span> <span class='ocrx_word' id='word_1_476' title='bbox 1997 315 2194 354; x_wconf 74' lang='lat' dir='ltr'><strong><em>secundum</em></strong></span> <span class='ocrx_word' id='word_1_477' title='bbox 2225 325 2313 353; x_wconf 77' lang='lat' dir='ltr'><strong><em>vero</em></strong></span> 
     </span>
    </p>
   </div>
   <div class='ocr_carea' id='block_1_64' title="bbox 1232 372 2310 424">
    <p class='ocr_par' dir='ltr' id='par_1_64' title="bbox 1232 372 2310 424">
     <span class='ocr_line' id='line_1_64' title="bbox 1232 372 2310 424; baseline 0.002 -12"><span class='ocrx_word' id='word_1_478' title='bbox 1232 376 1387 412; x_wconf 66' lang='lat' dir='ltr'><strong><em>ineunte</em></strong></span> <span class='ocrx_word' id='word_1_479' title='bbox 1403 374 1549 412; x_wconf 90' lang='lat' dir='ltr'><strong><em>circiter</em></strong></span> <span class='ocrx_word' id='word_1_480' title='bbox 1567 372 1786 421; x_wconf 82' lang='lat' dir='ltr'><strong><em>Septembri,</em></strong></span> <span class='ocrx_word' id='word_1_481' title='bbox 1807 375 1938 420; x_wconf 78' lang='lat' dir='ltr'><strong><em>decent,</em></strong></span> <span class='ocrx_word' id='word_1_482' title='bbox 1958 378 2010 414; x_wconf 85' lang='lat' dir='ltr'><strong><em>ait</em></strong></span> <span class='ocrx_word' id='word_1_483' title='bbox 2029 377 2102 421; x_wconf 88' lang='lat' dir='ltr'><strong><em>ille,</em></strong></span> <span class='ocrx_word' id='word_1_484' title='bbox 2124 385 2185 414; x_wconf 72' lang='lat' dir='ltr'><strong><em>aut</em></strong></span> <span class='ocrx_word' id='word_1_485' title='bbox 2202 379 2310 424; x_wconf 79' lang='lat' dir='ltr'><strong><em>pluri-</em></strong></span> 
     </span>
    </p>
   </div>
   <div class='ocr_carea' id='block_1_65' title="bbox 1232 436 2313 489">
    <p class='ocr_par' dir='ltr' id='par_1_65' title="bbox 1232 436 2313 489">
     <span class='ocr_line' id='line_1_65' title="bbox 1232 436 2313 489; baseline 0.005 -16"><span class='ocrx_word' id='word_1_486' title='bbox 1232 436 1294 473; x_wconf 88' lang='lat' dir='ltr'><strong><em>bus</em></strong></span> <span class='ocrx_word' id='word_1_487' title='bbox 1308 436 1426 473; x_wconf 84' lang='lat' dir='ltr'><strong><em>diebus</em></strong></span> <span class='ocrx_word' id='word_1_488' title='bbox 1448 441 1527 482; x_wconf 84' lang='lat' dir='ltr'><strong><em>post</em></strong></span> <span class='ocrx_word' id='word_1_489' title='bbox 1547 436 1717 485; x_wconf 73' lang='lat' dir='ltr'><strong><em>primum,</em></strong></span> <span class='ocrx_word' id='word_1_490' title='bbox 1735 447 1901 484; x_wconf 79' lang='lat' dir='ltr'><strong><em>titagnam</em></strong></span> <span class='ocrx_word' id='word_1_491' title='bbox 1928 438 2154 485; x_wconf 79' lang='lat' dir='ltr'><strong><em>Septembris</em></strong></span> <span class='ocrx_word' id='word_1_492' title='bbox 2173 447 2313 489; x_wconf 72' lang='lat' dir='ltr'><strong><em>partem</em></strong></span> 
     </span>
    </p>
   </div>
   <div class='ocr_carea' id='block_1_66' title="bbox 1232 498 2312 550">
    <p class='ocr_par' dir='ltr' id='par_1_66' title="bbox 1232 498 2312 550">
     <span class='ocr_line' id='line_1_66' title="bbox 1232 498 2312 550; baseline 0.005 -14"><span class='ocrx_word' id='word_1_493' title='bbox 1232 499 1472 546; x_wconf 85' lang='lat' dir='ltr'><strong><em>insumpserit</em></strong></span> <span class='ocrx_word' id='word_1_494' title='bbox 1497 499 1532 536; x_wconf 85' lang='lat' dir='ltr'><strong><em>in</em></strong></span> <span class='ocrx_word' id='word_1_495' title='bbox 1557 498 1782 545; x_wconf 75' lang='lat' dir='ltr'><strong><em>excipiendis</em></strong></span> <span class='ocrx_word' id='word_1_496' title='bbox 1816 499 1887 535; x_wconf 88' lang='lat' dir='ltr'><strong><em>illis</em></strong></span> <span class='ocrx_word' id='word_1_497' title='bbox 1901 500 2030 538; x_wconf 86' lang='lat' dir='ltr'><strong><em>vicinis</em></strong></span> <span class='ocrx_word' id='word_1_498' title='bbox 2055 504 2249 550; x_wconf 84' lang='lat' dir='ltr'><strong><em>episcopis,</em></strong></span> <span class='ocrx_word' id='word_1_499' title='bbox 2278 509 2312 541; x_wconf 84' lang='lat' dir='ltr'><strong><em>et</em></strong></span> 
     </span>
    </p>
   </div>
   <div class='ocr_carea' id='block_1_67' title="bbox 1231 561 2313 613">
    <p class='ocr_par' dir='ltr' id='par_1_67' title="bbox 1231 561 2313 613">
     <span class='ocr_line' id='line_1_67' title="bbox 1231 561 2313 613; baseline 0.005 -15"><span class='ocrx_word' id='word_1_500' title='bbox 1231 561 1458 599; x_wconf 81' lang='lat' dir='ltr'><strong><em>celebrandis</em></strong></span> <span class='ocrx_word' id='word_1_501' title='bbox 1497 567 1698 609; x_wconf 80' lang='lat' dir='ltr'><strong><em>martyrum</em></strong></span> <span class='ocrx_word' id='word_1_502' title='bbox 1741 561 2058 606; x_wconf 85' lang='lat' dir='ltr'><strong><em>solenitatihus,</em></strong></span> <span class='ocrx_word' id='word_1_503' title='bbox 2096 576 2313 613; x_wconf 84' lang='lat' dir='ltr'><strong><em>rursumque</em></strong></span> 
     </span>
    </p>
   </div>
   <div class='ocr_carea' id='block_1_68' title="bbox 1232 622 2318 671">
    <p class='ocr_par' dir='ltr' id='par_1_68' title="bbox 1232 622 2318 671">
     <span class='ocr_line' id='line_1_68' title="bbox 1232 622 2318 671; baseline 0.002 -10"><span class='ocrx_word' id='word_1_504' title='bbox 1232 622 1438 671; x_wconf 77' lang='lat' dir='ltr'><strong><em>Septembri</em></strong></span> <span class='ocrx_word' id='word_1_505' title='bbox 1467 628 1623 660; x_wconf 78' lang='lat' dir='ltr'><strong><em>exeunte</em></strong></span> <span class='ocrx_word' id='word_1_506' title='bbox 1642 632 1768 660; x_wconf 89' lang='lat' dir='ltr'><strong><em>mense</em></strong></span> <span class='ocrx_word' id='word_1_507' title='bbox 1788 633 1944 670; x_wconf 69' lang='lat' dir='ltr'><strong><em>pugnam</em></strong></span> <span class='ocrx_word' id='word_1_508' title='bbox 1975 632 2100 661; x_wconf 86' lang='lat' dir='ltr'><strong><em>contra</em></strong></span> <span class='ocrx_word' id='word_1_509' title='bbox 2118 628 2318 666; x_wconf 70' lang='lat' dir='ltr'><strong><em>Anon-tuos</em></strong></span> 
     </span>
    </p>
   </div>
   <div class='ocr_carea' id='block_1_69' title="bbox 1233 685 2314 735">
    <p class='ocr_par' dir='ltr' id='par_1_69' title="bbox 1233 685 2314 735">
     <span class='ocr_line' id='line_1_69' title="bbox 1233 685 2314 735; baseline 0.002 -10"><span class='ocrx_word' id='word_1_510' title='bbox 1233 686 1486 734; x_wconf 80' lang='lat' dir='ltr'><strong><em>resumpserit,</em></strong></span> <span class='ocrx_word' id='word_1_511' title='bbox 1512 697 1619 733; x_wconf 75' lang='lat' dir='ltr'><strong><em>qutun</em></strong></span> <span class='ocrx_word' id='word_1_512' title='bbox 1633 714 1644 731; x_wconf 85' lang='grc'>,</span> <span class='ocrx_word' id='word_1_513' title='bbox 1664 686 1720 723; x_wconf 78' lang='lat' dir='ltr'><strong><em>vel</em></strong></span> <span class='ocrx_word' id='word_1_514' title='bbox 1739 685 1900 723; x_wconf 85' lang='lat' dir='ltr'><strong><em>nondum</em></strong></span> <span class='ocrx_word' id='word_1_515' title='bbox 1921 693 2052 724; x_wconf 76' lang='lat' dir='ltr'><strong><em>exacto</em></strong></span> <span class='ocrx_word' id='word_1_516' title='bbox 2080 690 2286 735; x_wconf 83' lang='lat' dir='ltr'><strong><em>Septembri</em></strong></span> <span class='ocrx_word' id='word_1_517' title='bbox 2302 715 2314 734; x_wconf 64' lang='grc' dir='ltr'><strong>ν</strong></span> 
     </span>
    </p>
   </div>
   <div class='ocr_carea' id='block_1_70' title="bbox 1234 753 2317 802">
    <p class='ocr_par' dir='ltr' id='par_1_70' title="bbox 1234 753 2317 802">
     <span class='ocr_line' id='line_1_70' title="bbox 1234 753 2317 802; baseline -0.002 -12"><span class='ocrx_word' id='word_1_518' title='bbox 1234 754 1290 791; x_wconf 88' lang='lat' dir='ltr'><strong><em>vel</em></strong></span> <span class='ocrx_word' id='word_1_519' title='bbox 1307 753 1411 791; x_wconf 89' lang='lat' dir='ltr'><strong><em>initio</em></strong></span> <span class='ocrx_word' id='word_1_520' title='bbox 1421 753 1588 791; x_wconf 83' lang='lat' dir='ltr'><strong><em>Octobris</em></strong></span> <span class='ocrx_word' id='word_1_521' title='bbox 1605 754 1736 792; x_wconf 87' lang='lat' dir='ltr'><strong><em>iterum</em></strong></span> <span class='ocrx_word' id='word_1_522' title='bbox 1756 759 2000 802; x_wconf 82' lang='lat' dir='ltr'><strong><em>prosequutus</em></strong></span> <span class='ocrx_word' id='word_1_523' title='bbox 2016 753 2076 798; x_wconf 81' lang='lat' dir='ltr'><strong><em>sit.</em></strong></span> <span class='ocrx_word' id='word_1_524' title='bbox 2095 759 2260 801; x_wconf 71' lang='lat' dir='ltr'><strong><em>urgente,</em></strong></span> <span class='ocrx_word' id='word_1_525' title='bbox 2279 760 2317 790; x_wconf 88' lang='lat' dir='ltr'><strong><em>ut</em></strong></span> 
     </span>
    </p>
   </div>
   <div class='ocr_carea' id='block_1_71' title="bbox 1235 815 2314 861">
    <p class='ocr_par' dir='ltr' id='par_1_71' title="bbox 1235 815 2314 861">
     <span class='ocr_line' id='line_1_71' title="bbox 1235 815 2314 861; baseline 0 -8"><span class='ocrx_word' id='word_1_526' title='bbox 1235 816 1296 854; x_wconf 88' lang='lat' dir='ltr'><strong><em>ille</em></strong></span> <span class='ocrx_word' id='word_1_527' title='bbox 1312 817 1375 861; x_wconf 86' lang='lat' dir='ltr'><strong><em>ait,</em></strong></span> <span class='ocrx_word' id='word_1_528' title='bbox 1395 817 1610 854; x_wconf 82' lang='lat' dir='ltr'><strong><em>necessitate</em></strong></span> <span class='ocrx_word' id='word_1_529' title='bbox 1629 823 1804 854; x_wconf 78' lang='lat' dir='ltr'><strong><em>utcontra</em></strong></span> <span class='ocrx_word' id='word_1_530' title='bbox 1822 815 1969 854; x_wconf 61' lang='lat' dir='ltr'><strong><em>Judmos</em></strong></span> <span class='ocrx_word' id='word_1_531' title='bbox 1989 824 2115 852; x_wconf 85' lang='lat' dir='ltr'><strong><em>rursus</em></strong></span> <span class='ocrx_word' id='word_1_532' title='bbox 2131 823 2314 853; x_wconf 83' lang='lat' dir='ltr'><strong><em>certamen</em></strong></span> 
     </span>
    </p>
   </div>
   <div class='ocr_carea' id='block_1_72' title="bbox 1235 877 2319 927">
    <p class='ocr_par' dir='ltr' id='par_1_72' title="bbox 1235 877 2319 927">
     <span class='ocr_line' id='line_1_72' title="bbox 1235 877 2319 927; baseline -0.002 -11"><span class='ocrx_word' id='word_1_533' title='bbox 1235 879 1396 918; x_wconf 81' lang='lat' dir='ltr'><strong><em>haberet.</em></strong></span> <span class='ocrx_word' id='word_1_534' title='bbox 1429 881 1484 916; x_wconf 81' lang='lat' dir='ltr'><strong><em>An</em></strong></span> <span class='ocrx_word' id='word_1_535' title='bbox 1505 889 1594 917; x_wconf 85' lang='lat' dir='ltr'><strong><em>vero</em></strong></span> <span class='ocrx_word' id='word_1_536' title='bbox 1624 885 1706 927; x_wconf 83' lang='lat' dir='ltr'><strong><em>post</em></strong></span> <span class='ocrx_word' id='word_1_537' title='bbox 1735 877 1932 917; x_wconf 84' lang='lat' dir='ltr'><strong><em>secundum</em></strong></span> <span class='ocrx_word' id='word_1_538' title='bbox 1964 885 2091 915; x_wconf 85' lang='lat' dir='ltr'><strong><em>contra</em></strong></span> <span class='ocrx_word' id='word_1_539' title='bbox 2122 878 2319 914; x_wconf 74' lang='lat' dir='ltr'><strong><em>Anommos</em></strong></span> 
     </span>
    </p>
   </div>
   <div class='ocr_carea' id='block_1_73' title="bbox 1235 939 2319 984">
    <p class='ocr_par' dir='ltr' id='par_1_73' title="bbox 1235 939 2319 984">
     <span class='ocr_line' id='line_1_73' title="bbox 1235 939 2319 984; baseline -0.006 -4"><span class='ocrx_word' id='word_1_540' title='bbox 1235 942 1463 984; x_wconf 83' lang='lat' dir='ltr'><strong><em>concionem,</em></strong></span> <span class='ocrx_word' id='word_1_541' title='bbox 1482 941 1577 978; x_wconf 84' lang='lat' dir='ltr'><strong><em>hanc</em></strong></span> <span class='ocrx_word' id='word_1_542' title='bbox 1597 942 1740 979; x_wconf 78' lang='lat' dir='ltr'><strong><em>leniam</em></strong></span> <span class='ocrx_word' id='word_1_543' title='bbox 1761 948 1888 978; x_wconf 78' lang='lat' dir='ltr'><strong><em>contra</em></strong></span> <span class='ocrx_word' id='word_1_544' title='bbox 1905 939 2052 978; x_wconf 70' lang='lat' dir='ltr'><strong><em>Iudaeos</em></strong></span> <span class='ocrx_word' id='word_1_545' title='bbox 2073 939 2250 980; x_wconf 84' lang='lat' dir='ltr'><strong><em>habuerit.</em></strong></span> <span class='ocrx_word' id='word_1_546' title='bbox 2273 949 2319 975; x_wconf 90' lang='lat' dir='ltr'><strong><em>an</em></strong></span> 
     </span>
    </p>
   </div>
   <div class='ocr_carea' id='block_1_74' title="bbox 1236 1002 2318 1054">
    <p class='ocr_par' dir='ltr' id='par_1_74' title="bbox 1236 1002 2318 1054">
     <span class='ocr_line' id='line_1_74' title="bbox 1236 1002 2318 1054; baseline -0.006 -10"><span class='ocrx_word' id='word_1_547' title='bbox 1236 1012 1318 1054; x_wconf 82' lang='lat' dir='ltr'><strong><em>post</em></strong></span> <span class='ocrx_word' id='word_1_548' title='bbox 1335 1005 1477 1044; x_wconf 83' lang='lat' dir='ltr'><strong><em>tertiam</em></strong></span> <span class='ocrx_word' id='word_1_549' title='bbox 1506 1007 1562 1043; x_wconf 84' lang='lat' dir='ltr'><strong><em>vel</em></strong></span> <span class='ocrx_word' id='word_1_550' title='bbox 1597 1013 1682 1054; x_wconf 83' lang='lat' dir='ltr'><strong><em>post</em></strong></span> <span class='ocrx_word' id='word_1_551' title='bbox 1714 1010 1894 1052; x_wconf 84' lang='lat' dir='ltr'><strong><em>quartam,</em></strong></span> <span class='ocrx_word' id='word_1_552' title='bbox 1931 1003 1967 1040; x_wconf 88' lang='lat' dir='ltr'><strong><em>id</em></strong></span> <span class='ocrx_word' id='word_1_553' title='bbox 2003 1004 2109 1050; x_wconf 82' lang='lat' dir='ltr'><strong><em>plane</em></strong></span> <span class='ocrx_word' id='word_1_554' title='bbox 2142 1002 2318 1040; x_wconf 88' lang='lat' dir='ltr'><strong><em>incertum</em></strong></span> 
     </span>
    </p>
   </div>
   <div class='ocr_carea' id='block_1_75' title="bbox 1237 1067 2322 1118">
    <p class='ocr_par' dir='ltr' id='par_1_75' title="bbox 1237 1067 2322 1118">
     <span class='ocr_line' id='line_1_75' title="bbox 1237 1067 2322 1118; baseline -0.002 -12"><span class='ocrx_word' id='word_1_555' title='bbox 1237 1075 1308 1114; x_wconf 86' lang='lat' dir='ltr'><strong><em>est,</em></strong></span> <span class='ocrx_word' id='word_1_556' title='bbox 1329 1079 1447 1117; x_wconf 86' lang='lat' dir='ltr'><strong><em>neque</em></strong></span> <span class='ocrx_word' id='word_1_557' title='bbox 1463 1069 1531 1107; x_wconf 87' lang='lat' dir='ltr'><strong><em>hac</em></strong></span> <span class='ocrx_word' id='word_1_558' title='bbox 1549 1069 1596 1108; x_wconf 87' lang='lat' dir='ltr'><strong><em>de</em></strong></span> <span class='ocrx_word' id='word_1_559' title='bbox 1617 1079 1657 1107; x_wconf 85' lang='lat' dir='ltr'><strong><em>re</em></strong></span> <span class='ocrx_word' id='word_1_560' title='bbox 1680 1069 1877 1118; x_wconf 83' lang='lat' dir='ltr'><strong><em>quidquam</em></strong></span> <span class='ocrx_word' id='word_1_561' title='bbox 1898 1067 1988 1106; x_wconf 88' lang='lat' dir='ltr'><strong><em>certi</em></strong></span> <span class='ocrx_word' id='word_1_562' title='bbox 2009 1067 2116 1104; x_wconf 82' lang='lat' dir='ltr'><strong><em>statui</em></strong></span> <span class='ocrx_word' id='word_1_563' title='bbox 2137 1075 2244 1114; x_wconf 86' lang='lat' dir='ltr'><strong><em>posse</em></strong></span> <span class='ocrx_word' id='word_1_564' title='bbox 2263 1067 2322 1104; x_wconf 82' lang='lat' dir='ltr'><strong><em>vi-</em></strong></span> 
     </span>
    </p>
   </div>
   <div class='ocr_carea' id='block_1_76' title="bbox 1239 1131 1358 1176">
    <p class='ocr_par' dir='ltr' id='par_1_76' title="bbox 1239 1131 1358 1176">
     <span class='ocr_line' id='line_1_76' title="bbox 1239 1131 1358 1176; baseline -0.017 -6"><span class='ocrx_word' id='word_1_565' title='bbox 1239 1131 1358 1176; x_wconf 82' lang='lat' dir='ltr'><strong><em>detur.</em></strong></span> 
     </span>
    </p>
   </div>
   <div class='ocr_carea' id='block_1_77' title="bbox 1285 1191 2320 1232">
    <p class='ocr_par' dir='ltr' id='par_1_77' title="bbox 1285 1191 2320 1232">
     <span class='ocr_line' id='line_1_77' title="bbox 1285 1191 2320 1232; baseline -0.005 0"><span class='ocrx_word' id='word_1_566' title='bbox 1285 1194 1339 1232; x_wconf 83' lang='lat' dir='ltr'><strong><em>Ne</em></strong></span> <span class='ocrx_word' id='word_1_567' title='bbox 1362 1199 1481 1230; x_wconf 87' lang='lat' dir='ltr'><strong><em>autem</em></strong></span> <span class='ocrx_word' id='word_1_568' title='bbox 1502 1192 1598 1231; x_wconf 79' lang='lat' dir='ltr'><strong><em>hanc</em></strong></span> <span class='ocrx_word' id='word_1_569' title='bbox 1627 1193 1770 1231; x_wconf 87' lang='lat' dir='ltr'><strong><em>tertiam</em></strong></span> <span class='ocrx_word' id='word_1_570' title='bbox 1791 1199 1918 1230; x_wconf 87' lang='lat' dir='ltr'><strong><em>contra</em></strong></span> <span class='ocrx_word' id='word_1_571' title='bbox 1935 1191 2082 1230; x_wconf 66' lang='lat' dir='ltr'><strong><em>Iudaeos</em></strong></span> <span class='ocrx_word' id='word_1_572' title='bbox 2107 1191 2320 1229; x_wconf 88' lang='lat' dir='ltr'><strong><em>concionem</em></strong></span> 
     </span>
    </p>
   </div>
   <div class='ocr_carea' id='block_1_78' title="bbox 1239 1252 2323 1304">
    <p class='ocr_par' dir='ltr' id='par_1_78' title="bbox 1239 1252 2323 1304">
     <span class='ocr_line' id='line_1_78' title="bbox 1239 1252 2323 1304; baseline -0.005 -10"><span class='ocrx_word' id='word_1_573' title='bbox 1239 1256 1298 1294; x_wconf 86' lang='lat' dir='ltr'><strong><em>diu</em></strong></span> <span class='ocrx_word' id='word_1_574' title='bbox 1319 1263 1401 1304; x_wconf 88' lang='lat' dir='ltr'><strong><em>post</em></strong></span> <span class='ocrx_word' id='word_1_575' title='bbox 1420 1255 1674 1303; x_wconf 86' lang='lat' dir='ltr'><strong><em>Septembrem</em></strong></span> <span class='ocrx_word' id='word_1_576' title='bbox 1693 1253 1943 1298; x_wconf 87' lang='lat' dir='ltr'><strong><em>amandemus,</em></strong></span> <span class='ocrx_word' id='word_1_577' title='bbox 1965 1253 2159 1300; x_wconf 88' lang='lat' dir='ltr'><strong><em>prohibere</em></strong></span> <span class='ocrx_word' id='word_1_578' title='bbox 2178 1252 2323 1290; x_wconf 85' lang='lat' dir='ltr'><strong><em>videtur</em></strong></span> 
     </span>
    </p>
   </div>
   <div class='ocr_carea' id='block_1_79' title="bbox 1239 1314 2323 1365">
    <p class='ocr_par' dir='ltr' id='par_1_79' title="bbox 1239 1314 2323 1365">
     <span class='ocr_line' id='line_1_79' title="bbox 1239 1314 2323 1365; baseline -0.004 -10"><span class='ocrx_word' id='word_1_579' title='bbox 1239 1318 1521 1365; x_wconf 83' lang='lat' dir='ltr'><strong><em>Clirysostomus</em></strong></span> <span class='ocrx_word' id='word_1_580' title='bbox 1537 1316 1692 1354; x_wconf 78' lang='lat' dir='ltr'><strong><em>Humilia</em></strong></span> <span class='ocrx_word' id='word_1_581' title='bbox 1709 1317 1744 1353; x_wconf 91' lang='lat' dir='ltr'><strong><em>in</em></strong></span> <span class='ocrx_word' id='word_1_582' title='bbox 1759 1315 1856 1354; x_wconf 87' lang='lat' dir='ltr'><strong><em>diem</em></strong></span> <span class='ocrx_word' id='word_1_583' title='bbox 1873 1315 2034 1352; x_wconf 76' lang='lat' dir='ltr'><strong><em>Natalem</em></strong></span> <span class='ocrx_word' id='word_1_584' title='bbox 2048 1314 2198 1358; x_wconf 78' lang='lat' dir='ltr'><strong><em>Christi,</em></strong></span> <span class='ocrx_word' id='word_1_585' title='bbox 2214 1325 2323 1362; x_wconf 81' lang='lat' dir='ltr'><strong><em>quant</em></strong></span> 
     </span>
    </p>
   </div>
   <div class='ocr_carea' id='block_1_80' title="bbox 1241 1378 2323 1428">
    <p class='ocr_par' dir='ltr' id='par_1_80' title="bbox 1241 1378 2323 1428">
     <span class='ocr_line' id='line_1_80' title="bbox 1241 1378 2323 1428; baseline -0.002 -12"><span class='ocrx_word' id='word_1_586' title='bbox 1241 1380 1366 1418; x_wconf 87' lang='lat' dir='ltr'><strong><em>habuit</em></strong></span> <span class='ocrx_word' id='word_1_587' title='bbox 1395 1391 1494 1417; x_wconf 90' lang='lat' dir='ltr'><strong><em>anno</em></strong></span> <span class='ocrx_word' id='word_1_588' title='bbox 1522 1380 1606 1424; x_wconf 79' lang='lat'><strong><em>386,</em></strong></span> <span class='ocrx_word' id='word_1_589' title='bbox 1639 1380 1700 1417; x_wconf 90' lang='lat' dir='ltr'><strong><em>die</em></strong></span> <span class='ocrx_word' id='word_1_590' title='bbox 1721 1379 1892 1428; x_wconf 77' lang='lat' dir='ltr'><strong><em>vigesima</em></strong></span> <span class='ocrx_word' id='word_1_591' title='bbox 1923 1379 2048 1427; x_wconf 88' lang='lat' dir='ltr'><strong><em>quinta</em></strong></span> <span class='ocrx_word' id='word_1_592' title='bbox 2083 1378 2323 1416; x_wconf 86' lang='lat' dir='ltr'><strong><em>Decembris:</em></strong></span> 
     </span>
    </p>
   </div>
   <div class='ocr_carea' id='block_1_81' title="bbox 1240 1437 2326 1491">
    <p class='ocr_par' dir='ltr' id='par_1_81' title="bbox 1240 1437 2326 1491">
     <span class='ocr_line' id='line_1_81' title="bbox 1240 1437 2326 1491; baseline -0.003 -12"><span class='ocrx_word' id='word_1_593' title='bbox 1240 1440 1390 1491; x_wconf 83' lang='lat' dir='ltr'><strong><em>Tempus</em></strong></span> <span class='ocrx_word' id='word_1_594' title='bbox 1409 1449 1523 1479; x_wconf 83' lang='lat' dir='ltr'><strong><em>autent</em></strong></span> <span class='ocrx_word' id='word_1_595' title='bbox 1551 1449 1622 1478; x_wconf 88' lang='lat' dir='ltr'><strong><em>tum</em></strong></span> <span class='ocrx_word' id='word_1_596' title='bbox 1640 1449 1727 1486; x_wconf 90' lang='lat' dir='ltr'><strong><em>erat,</em></strong></span> <span class='ocrx_word' id='word_1_597' title='bbox 1760 1442 1889 1489; x_wconf 84' lang='lat' dir='ltr'><strong><em>inquit,</em></strong></span> <span class='ocrx_word' id='word_1_598' title='bbox 1913 1441 1991 1488; x_wconf 75' lang='lat' dir='ltr'><strong><em>festi</em></strong></span> <span class='ocrx_word' id='word_1_599' title='bbox 2011 1437 2326 1477; x_wconf 79' lang='lat' dir='ltr'><strong><em>Tabernaculorunt</em></strong></span> 
     </span>
    </p>
   </div>
   <div class='ocr_carea' id='block_1_82' title="bbox 1242 1503 2327 1553">
    <p class='ocr_par' dir='ltr' id='par_1_82' title="bbox 1242 1503 2327 1553">
     <span class='ocr_line' id='line_1_82' title="bbox 1242 1503 2327 1553; baseline -0.002 -12"><span class='ocrx_word' id='word_1_600' title='bbox 1242 1511 1274 1541; x_wconf 89' lang='lat' dir='ltr'><strong><em>et</em></strong></span> <span class='ocrx_word' id='word_1_601' title='bbox 1287 1505 1412 1553; x_wconf 80' lang='lat' dir='ltr'><strong><em>jejurtii</em></strong></span> <span class='ocrx_word' id='word_1_602' title='bbox 1430 1515 1442 1542; x_wconf 85' lang='lat'><strong><em>:</em></strong></span> <span class='ocrx_word' id='word_1_603' title='bbox 1463 1505 1526 1541; x_wconf 80' lang='lat' dir='ltr'><strong><em>hoc</em></strong></span> <span class='ocrx_word' id='word_1_604' title='bbox 1542 1505 1632 1542; x_wconf 85' lang='lat' dir='ltr'><strong><em>enim</em></strong></span> <span class='ocrx_word' id='word_1_605' title='bbox 1656 1505 1718 1542; x_wconf 84' lang='lat' dir='ltr'><strong><em>illa</em></strong></span> <span class='ocrx_word' id='word_1_606' title='bbox 1747 1504 1848 1542; x_wconf 82' lang='lat' dir='ltr'><strong><em>verba</em></strong></span> <span class='ocrx_word' id='word_1_607' title='bbox 1873 1503 1937 1541; x_wconf 86' lang='lat' dir='ltr'><strong><em>sibi</em></strong></span> <span class='ocrx_word' id='word_1_608' title='bbox 1963 1505 2093 1546; x_wconf 77' lang='lat' dir='ltr'><strong><em>uolunt,</em></strong></span> <span class='ocrx_word' id='word_1_609' title='bbox 2128 1503 2327 1540; x_wconf 87' lang='lat' dir='ltr'><strong><em>Humiliate</em></strong></span> 
     </span>
    </p>
   </div>
   <div class='ocr_carea' id='block_1_83' title="bbox 1243 1567 2327 1615">
    <p class='ocr_par' dir='ltr' id='par_1_83' title="bbox 1243 1567 2327 1615">
     <span class='ocr_line' id='line_1_83' title="bbox 1243 1567 2327 1615; baseline 0.001 -12"><span class='ocrx_word' id='word_1_610' title='bbox 1243 1567 1382 1604; x_wconf 82' lang='lat' dir='ltr'><strong><em>animas</em></strong></span> <span class='ocrx_word' id='word_1_611' title='bbox 1412 1573 1576 1612; x_wconf 83' lang='lat' dir='ltr'><strong><em>vestras;</em></strong></span> <span class='ocrx_word' id='word_1_612' title='bbox 1609 1567 1712 1615; x_wconf 83' lang='lat' dir='ltr'><strong><em>idque</em></strong></span> <span class='ocrx_word' id='word_1_613' title='bbox 1731 1578 1753 1603; x_wconf 90' lang='lat' dir='ltr'><strong><em>a</em></strong></span> <span class='ocrx_word' id='word_1_614' title='bbox 1777 1567 1912 1605; x_wconf 79' lang='lat' dir='ltr'><strong><em>ludteis</em></strong></span> <span class='ocrx_word' id='word_1_615' title='bbox 1935 1567 2028 1604; x_wconf 84' lang='lat' dir='ltr'><strong><em>circa</em></strong></span> <span class='ocrx_word' id='word_1_616' title='bbox 2065 1567 2170 1614; x_wconf 78' lang='lat' dir='ltr'><strong><em>ﬁnem</em></strong></span> <span class='ocrx_word' id='word_1_617' title='bbox 2199 1567 2327 1604; x_wconf 84' lang='lat' dir='ltr'><strong><em>mensis</em></strong></span> 
     </span>
    </p>
   </div>
   <div class='ocr_carea' id='block_1_84' title="bbox 1245 1629 2326 1678">
    <p class='ocr_par' dir='ltr' id='par_1_84' title="bbox 1245 1629 2326 1678">
     <span class='ocr_line' id='line_1_84' title="bbox 1245 1629 2326 1678; baseline 0 -12"><span class='ocrx_word' id='word_1_618' title='bbox 1245 1629 1411 1676; x_wconf 74' lang='lat' dir='ltr'><strong><em>Uorpiwi,</em></strong></span> <span class='ocrx_word' id='word_1_619' title='bbox 1443 1629 1479 1666; x_wconf 88' lang='lat' dir='ltr'><strong><em>id</em></strong></span> <span class='ocrx_word' id='word_1_620' title='bbox 1497 1636 1545 1666; x_wconf 83' lang='lat' dir='ltr'><strong><em>est</em></strong></span> <span class='ocrx_word' id='word_1_621' title='bbox 1567 1629 1776 1678; x_wconf 84' lang='lat' dir='ltr'><strong><em>Septembris</em></strong></span> <span class='ocrx_word' id='word_1_622' title='bbox 1789 1658 1798 1674; x_wconf 90' lang='lat'><strong><em>,</em></strong></span> <span class='ocrx_word' id='word_1_623' title='bbox 1817 1629 1908 1678; x_wconf 90' lang='lat' dir='ltr'><strong><em>quod</em></strong></span> <span class='ocrx_word' id='word_1_624' title='bbox 1927 1635 1960 1666; x_wconf 87' lang='lat' dir='ltr'><strong><em>et</em></strong></span> <span class='ocrx_word' id='word_1_625' title='bbox 1979 1639 2036 1666; x_wconf 75' lang='lat' dir='ltr'><strong><em>vos</em></strong></span> <span class='ocrx_word' id='word_1_626' title='bbox 2063 1630 2247 1673; x_wconf 85' lang='lat' dir='ltr'><strong><em>testamini,</em></strong></span> <span class='ocrx_word' id='word_1_627' title='bbox 2268 1641 2326 1666; x_wconf 87' lang='lat' dir='ltr'><strong><em>ce-</em></strong></span> 
     </span>
    </p>
   </div>
   <div class='ocr_carea' id='block_1_85' title="bbox 1245 1692 2326 1741">
    <p class='ocr_par' dir='ltr' id='par_1_85' title="bbox 1245 1692 2326 1741">
     <span class='ocr_line' id='line_1_85' title="bbox 1245 1692 2326 1741; baseline 0 -12"><span class='ocrx_word' id='word_1_628' title='bbox 1245 1693 1449 1730; x_wconf 84' lang='lat' dir='ltr'><strong><em>lebrabatur.</em></strong></span> <span class='ocrx_word' id='word_1_629' title='bbox 1487 1692 1584 1730; x_wconf 84' lang='lat' dir='ltr'><strong><em>Tunc</em></strong></span> <span class='ocrx_word' id='word_1_630' title='bbox 1626 1694 1716 1730; x_wconf 87' lang='lat' dir='ltr'><strong><em>enim</em></strong></span> <span class='ocrx_word' id='word_1_631' title='bbox 1746 1694 1872 1730; x_wconf 79' lang='lat' dir='ltr'><strong><em>multos</em></strong></span> <span class='ocrx_word' id='word_1_632' title='bbox 1905 1694 2124 1741; x_wconf 73' lang='lat' dir='ltr'><strong><em>prolixaeque</em></strong></span> <span class='ocrx_word' id='word_1_633' title='bbox 2151 1705 2326 1730; x_wconf 71' lang='lat' dir='ltr'><strong><em>sermones</em></strong></span> 
     </span>
    </p>
   </div>
   <div class='ocr_carea' id='block_1_86' title="bbox 1243 1755 2326 1807">
    <p class='ocr_par' dir='ltr' id='par_1_86' title="bbox 1243 1755 2326 1807">
     <span class='ocr_line' id='line_1_86' title="bbox 1243 1755 2326 1807; baseline 0.002 -15"><span class='ocrx_word' id='word_1_634' title='bbox 1243 1763 1362 1792; x_wconf 87' lang='lat' dir='ltr'><strong><em>contra</em></strong></span> <span class='ocrx_word' id='word_1_635' title='bbox 1376 1755 1520 1793; x_wconf 75' lang='lat' dir='ltr'><strong><em>ludam</em></strong></span> <span class='ocrx_word' id='word_1_636' title='bbox 1536 1757 1754 1804; x_wconf 82' lang='lat' dir='ltr'><strong><em>protulimus,</em></strong></span> <span class='ocrx_word' id='word_1_637' title='bbox 1770 1757 2004 1805; x_wconf 86' lang='lat' dir='ltr'><strong><em>importunum</em></strong></span> <span class='ocrx_word' id='word_1_638' title='bbox 2024 1769 2142 1795; x_wconf 78' lang='lat' dir='ltr'><strong><em>eorum</em></strong></span> <span class='ocrx_word' id='word_1_639' title='bbox 2150 1758 2326 1807; x_wconf 79' lang='lat' dir='ltr'><strong><em>jejunium</em></strong></span> 
     </span>
    </p>
   </div>
   <div class='ocr_carea' id='block_1_87' title="bbox 1242 1819 2329 1869">
    <p class='ocr_par' dir='ltr' id='par_1_87' title="bbox 1242 1819 2329 1869">
     <span class='ocr_line' id='line_1_87' title="bbox 1242 1819 2329 1869; baseline 0.004 -15"><span class='ocrx_word' id='word_1_640' title='bbox 1242 1825 1455 1856; x_wconf 78' lang='lat' dir='ltr'><strong><em>accusantes.</em></strong></span> <span class='ocrx_word' id='word_1_641' title='bbox 1479 1819 1534 1856; x_wconf 87' lang='lat' dir='ltr'><strong><em>Eo</em></strong></span> <span class='ocrx_word' id='word_1_642' title='bbox 1561 1820 1683 1868; x_wconf 77' lang='lat' dir='ltr'><strong><em>igitur,</em></strong></span> <span class='ocrx_word' id='word_1_643' title='bbox 1715 1826 1752 1857; x_wconf 93' lang='lat' dir='ltr'><strong><em>ut</em></strong></span> <span class='ocrx_word' id='word_1_644' title='bbox 1772 1831 1839 1858; x_wconf 88' lang='lat' dir='ltr'><strong><em>nos</em></strong></span> <span class='ocrx_word' id='word_1_645' title='bbox 1869 1821 2139 1864; x_wconf 89' lang='lat' dir='ltr'><strong><em>constituimus,</em></strong></span> <span class='ocrx_word' id='word_1_646' title='bbox 2162 1827 2329 1869; x_wconf 82' lang='lat' dir='ltr'><strong><em>tempore</em></strong></span> 
     </span>
    </p>
   </div>
   <div class='ocr_carea' id='block_1_88' title="bbox 1243 1881 2329 1930">
    <p class='ocr_par' dir='ltr' id='par_1_88' title="bbox 1243 1881 2329 1930">
     <span class='ocr_line' id='line_1_88' title="bbox 1243 1881 2329 1930; baseline 0.002 -12"><span class='ocrx_word' id='word_1_647' title='bbox 1243 1881 1309 1919; x_wconf 86' lang='lat' dir='ltr'><strong><em>has</em></strong></span> <span class='ocrx_word' id='word_1_648' title='bbox 1328 1887 1403 1920; x_wconf 87' lang='lat' dir='ltr'><strong><em>tres</em></strong></span> <span class='ocrx_word' id='word_1_649' title='bbox 1419 1888 1545 1920; x_wconf 87' lang='lat' dir='ltr'><strong><em>contra</em></strong></span> <span class='ocrx_word' id='word_1_650' title='bbox 1566 1882 1722 1920; x_wconf 76' lang='lat' dir='ltr'><strong><em>Judmos-</em></strong></span> <span class='ocrx_word' id='word_1_651' title='bbox 1741 1883 1937 1920; x_wconf 88' lang='lat' dir='ltr'><strong><em>conciones</em></strong></span> <span class='ocrx_word' id='word_1_652' title='bbox 1957 1883 2096 1920; x_wconf 89' lang='lat' dir='ltr'><strong><em>habuit.</em></strong></span> <span class='ocrx_word' id='word_1_653' title='bbox 2128 1883 2252 1930; x_wconf 85' lang='lat' dir='ltr'><strong><em>Neque</em></strong></span> <span class='ocrx_word' id='word_1_654' title='bbox 2275 1890 2329 1920; x_wconf 81' lang='lat' dir='ltr'><strong><em>ta-</em></strong></span> 
     </span>
    </p>
   </div>
   <div class='ocr_carea' id='block_1_89' title="bbox 1242 1945 2330 1992">
    <p class='ocr_par' dir='ltr' id='par_1_89' title="bbox 1242 1945 2330 1992">
     <span class='ocr_line' id='line_1_89' title="bbox 1242 1945 2330 1992; baseline 0.001 -10"><span class='ocrx_word' id='word_1_655' title='bbox 1242 1953 1326 1982; x_wconf 84' lang='lat' dir='ltr'><strong><em>men</em></strong></span> <span class='ocrx_word' id='word_1_656' title='bbox 1352 1946 1401 1982; x_wconf 79' lang='lat' dir='ltr'><strong><em>ita</em></strong></span> <span class='ocrx_word' id='word_1_657' title='bbox 1431 1955 1558 1982; x_wconf 88' lang='lat' dir='ltr'><strong><em>mense</em></strong></span> <span class='ocrx_word' id='word_1_658' title='bbox 1586 1945 1791 1992; x_wconf 80' lang='lat' dir='ltr'><strong><em>Septembri</em></strong></span> <span class='ocrx_word' id='word_1_659' title='bbox 1823 1945 1962 1983; x_wconf 84' lang='lat' dir='ltr'><strong><em>habitas</em></strong></span> <span class='ocrx_word' id='word_1_660' title='bbox 1986 1945 2075 1982; x_wconf 88' lang='lat' dir='ltr'><strong><em>dicit</em></strong></span> <span class='ocrx_word' id='word_1_661' title='bbox 2104 1945 2170 1982; x_wconf 88' lang='lat' dir='ltr'><strong><em>has</em></strong></span> <span class='ocrx_word' id='word_1_662' title='bbox 2197 1947 2330 1983; x_wconf 86' lang='lat' dir='ltr'><strong><em>multas</em></strong></span> 
     </span>
    </p>
   </div>
   <div class='ocr_carea' id='block_1_90' title="bbox 1243 2008 2331 2056">
    <p class='ocr_par' dir='ltr' id='par_1_90' title="bbox 1243 2008 2331 2056">
     <span class='ocr_line' id='line_1_90' title="bbox 1243 2008 2331 2056; baseline 0.001 -11"><span class='ocrx_word' id='word_1_663' title='bbox 1243 2009 1474 2056; x_wconf 78' lang='lat' dir='ltr'><strong><em>prolixasque</em></strong></span> <span class='ocrx_word' id='word_1_664' title='bbox 1503 2008 1688 2053; x_wconf 74' lang='lat' dir='ltr'><strong><em>humilius,</em></strong></span> <span class='ocrx_word' id='word_1_665' title='bbox 1720 2014 1759 2045; x_wconf 89' lang='lat' dir='ltr'><strong><em>ut</em></strong></span> <span class='ocrx_word' id='word_1_666' title='bbox 1791 2009 1928 2046; x_wconf 90' lang='lat' dir='ltr'><strong><em>nullam</em></strong></span> <span class='ocrx_word' id='word_1_667' title='bbox 1959 2015 2057 2054; x_wconf 84' lang='lat' dir='ltr'><strong><em>ante,</em></strong></span> <span class='ocrx_word' id='word_1_668' title='bbox 2079 2009 2215 2046; x_wconf 86' lang='lat' dir='ltr'><strong><em>nullam</em></strong></span> <span class='ocrx_word' id='word_1_669' title='bbox 2247 2015 2331 2056; x_wconf 81' lang='lat' dir='ltr'><strong><em>post</em></strong></span> 
     </span>
    </p>
   </div>
   <div class='ocr_carea' id='block_1_91' title="bbox 1243 2070 2328 2120">
    <p class='ocr_par' dir='ltr' id='par_1_91' title="bbox 1243 2070 2328 2120">
     <span class='ocr_line' id='line_1_91' title="bbox 1243 2070 2328 2120; baseline -0.004 -10"><span class='ocrx_word' id='word_1_670' title='bbox 1243 2071 1496 2120; x_wconf 85' lang='lat' dir='ltr'><strong><em>Septembrem</em></strong></span> <span class='ocrx_word' id='word_1_671' title='bbox 1528 2071 1782 2118; x_wconf 87' lang='lat' dir='ltr'><strong><em>pronuntiarit.</em></strong></span> <span class='ocrx_word' id='word_1_672' title='bbox 1802 2070 1893 2108; x_wconf 75' lang='lat' dir='ltr'><strong><em>Nam</em></strong></span> <span class='ocrx_word' id='word_1_673' title='bbox 1923 2081 2005 2108; x_wconf 88' lang='lat' dir='ltr'><strong><em>cum</em></strong></span> <span class='ocrx_word' id='word_1_674' title='bbox 2027 2071 2091 2114; x_wconf 85' lang='lat' dir='ltr'><strong><em>ait,</em></strong></span> <span class='ocrx_word' id='word_1_675' title='bbox 2111 2070 2210 2108; x_wconf 83' lang='lat' dir='ltr'><strong><em>Tunc</em></strong></span> <span class='ocrx_word' id='word_1_676' title='bbox 2237 2071 2328 2107; x_wconf 82' lang='lat' dir='ltr'><strong><em>enim</em></strong></span> 
     </span>
    </p>
   </div>
   <div class='ocr_carea' id='block_1_92' title="bbox 1243 2133 2330 2182">
    <p class='ocr_par' dir='ltr' id='par_1_92' title="bbox 1243 2133 2330 2182">
     <span class='ocr_line' id='line_1_92' title="bbox 1243 2133 2330 2182; baseline 0.001 -12"><span class='ocrx_word' id='word_1_677' title='bbox 1243 2135 1371 2171; x_wconf 85' lang='lat' dir='ltr'><strong><em>multos</em></strong></span> <span class='ocrx_word' id='word_1_678' title='bbox 1389 2134 1608 2182; x_wconf 67' lang='lat' dir='ltr'><strong><em>prolixosque</em></strong></span> <span class='ocrx_word' id='word_1_679' title='bbox 1627 2145 1800 2172; x_wconf 86' lang='lat' dir='ltr'><strong><em>sermones</em></strong></span> <span class='ocrx_word' id='word_1_680' title='bbox 1820 2141 1939 2170; x_wconf 85' lang='lat' dir='ltr'><strong><em>contra</em></strong></span> <span class='ocrx_word' id='word_1_681' title='bbox 1961 2133 2105 2172; x_wconf 70' lang='lat' dir='ltr'><strong><em>Iudaeas</em></strong></span> <span class='ocrx_word' id='word_1_682' title='bbox 2133 2133 2330 2179; x_wconf 77' lang='lat' dir='ltr'><strong><em>habuimus,</em></strong></span> 
     </span>
    </p>
   </div>
   <div class='ocr_carea' id='block_1_93' title="bbox 1245 2196 2332 2244">
    <p class='ocr_par' dir='ltr' id='par_1_93' title="bbox 1245 2196 2332 2244">
     <span class='ocr_line' id='line_1_93' title="bbox 1245 2196 2332 2244; baseline 0 -10"><span class='ocrx_word' id='word_1_683' title='bbox 1245 2202 1387 2244; x_wconf 86' lang='lat' dir='ltr'><strong><em>tempus</em></strong></span> <span class='ocrx_word' id='word_1_684' title='bbox 1405 2197 1550 2234; x_wconf 84' lang='lat' dir='ltr'><strong><em>circiter</em></strong></span> <span class='ocrx_word' id='word_1_685' title='bbox 1579 2202 1740 2240; x_wconf 84' lang='lat' dir='ltr'><strong><em>annutat,</em></strong></span> <span class='ocrx_word' id='word_1_686' title='bbox 1763 2206 1880 2244; x_wconf 87' lang='lat' dir='ltr'><strong><em>neque</em></strong></span> <span class='ocrx_word' id='word_1_687' title='bbox 1911 2196 2080 2233; x_wconf 78' lang='lat' dir='ltr'><strong><em>humilius</em></strong></span> <span class='ocrx_word' id='word_1_688' title='bbox 2101 2196 2182 2234; x_wconf 87' lang='lat' dir='ltr'><strong><em>illas</em></strong></span> <span class='ocrx_word' id='word_1_689' title='bbox 2201 2207 2332 2234; x_wconf 84' lang='lat' dir='ltr'><strong><em>omnes</em></strong></span> 
     </span>
    </p>
   </div>
   <div class='ocr_carea' id='block_1_94' title="bbox 1245 2259 2331 2306">
    <p class='ocr_par' dir='ltr' id='par_1_94' title="bbox 1245 2259 2331 2306">
     <span class='ocr_line' id='line_1_94' title="bbox 1245 2259 2331 2306; baseline 0.001 -10"><span class='ocrx_word' id='word_1_690' title='bbox 1245 2269 1373 2297; x_wconf 87' lang='lat' dir='ltr'><strong><em>mense</em></strong></span> <span class='ocrx_word' id='word_1_691' title='bbox 1405 2259 1610 2306; x_wconf 89' lang='lat' dir='ltr'><strong><em>Septembri</em></strong></span> <span class='ocrx_word' id='word_1_692' title='bbox 1656 2260 1959 2296; x_wconf 86' lang='lat' dir='ltr'><strong><em>circumscribit:</em></strong></span> <span class='ocrx_word' id='word_1_693' title='bbox 1989 2271 2060 2297; x_wconf 86' lang='lat' dir='ltr'><strong><em>non</em></strong></span> <span class='ocrx_word' id='word_1_694' title='bbox 2102 2261 2198 2298; x_wconf 89' lang='lat' dir='ltr'><strong><em>enim</em></strong></span> <span class='ocrx_word' id='word_1_695' title='bbox 2237 2261 2331 2299; x_wconf 85' lang='lat' dir='ltr'><strong><em>solet</em></strong></span> 
     </span>
    </p>
   </div>
   <div class='ocr_carea' id='block_1_95' title="bbox 1246 2321 2330 2370">
    <p class='ocr_par' dir='ltr' id='par_1_95' title="bbox 1246 2321 2330 2370">
     <span class='ocr_line' id='line_1_95' title="bbox 1246 2321 2330 2370; baseline 0.001 -11"><span class='ocrx_word' id='word_1_696' title='bbox 1246 2321 1527 2369; x_wconf 84' lang='lat' dir='ltr'><strong><em>Chrysostumus</em></strong></span> <span class='ocrx_word' id='word_1_697' title='bbox 1548 2328 1649 2358; x_wconf 86' lang='lat' dir='ltr'><strong><em>tanto</em></strong></span> <span class='ocrx_word' id='word_1_698' title='bbox 1668 2323 1838 2368; x_wconf 88' lang='lat' dir='ltr'><strong><em>scrupulo</em></strong></span> <span class='ocrx_word' id='word_1_699' title='bbox 1858 2328 1966 2359; x_wconf 82' lang='lat' dir='ltr'><strong><em>notas</em></strong></span> <span class='ocrx_word' id='word_1_700' title='bbox 1984 2329 2189 2370; x_wconf 85' lang='lat' dir='ltr'><strong><em>temporum</em></strong></span> <span class='ocrx_word' id='word_1_701' title='bbox 2209 2323 2330 2360; x_wconf 70' lang='lat' dir='ltr'><strong><em>COlISi~</em></strong></span> 
     </span>
    </p>
   </div>
   <div class='ocr_carea' id='block_1_96' title="bbox 1247 2383 2329 2432">
    <p class='ocr_par' dir='ltr' id='par_1_96' title="bbox 1247 2383 2329 2432">
     <span class='ocr_line' id='line_1_96' title="bbox 1247 2383 2329 2432; baseline 0.002 -12"><span class='ocrx_word' id='word_1_702' title='bbox 1247 2395 1382 2432; x_wconf 80' lang='lat' dir='ltr'><strong><em>gnare,</em></strong></span> <span class='ocrx_word' id='word_1_703' title='bbox 1416 2389 1458 2420; x_wconf 90' lang='lat' dir='ltr'><strong><em>ut</em></strong></span> <span class='ocrx_word' id='word_1_704' title='bbox 1487 2383 1621 2430; x_wconf 88' lang='lat' dir='ltr'><strong><em>passim</em></strong></span> <span class='ocrx_word' id='word_1_705' title='bbox 1652 2383 1941 2421; x_wconf 74' lang='lat' dir='ltr'><strong><em>observavimus.</em></strong></span> <span class='ocrx_word' id='word_1_706' title='bbox 1977 2383 2067 2421; x_wconf 88' lang='lat' dir='ltr'><strong><em>Cum</em></strong></span> <span class='ocrx_word' id='word_1_707' title='bbox 2097 2395 2184 2422; x_wconf 77' lang='lat' dir='ltr'><strong><em>vero</em></strong></span> <span class='ocrx_word' id='word_1_708' title='bbox 2214 2385 2301 2422; x_wconf 88' lang='lat' dir='ltr'><strong><em>dicit</em></strong></span> <span class='ocrx_word' id='word_1_709' title='bbox 2319 2412 2329 2428; x_wconf 91' lang='lat'><strong><em>,</em></strong></span> 
     </span>
    </p>
   </div>
   <div class='ocr_carea' id='block_1_97' title="bbox 1249 2445 2333 2493">
    <p class='ocr_par' dir='ltr' id='par_1_97' title="bbox 1249 2445 2333 2493">
     <span class='ocr_line' id='line_1_97' title="bbox 1249 2445 2333 2493; baseline 0 -10"><span class='ocrx_word' id='word_1_710' title='bbox 1249 2447 1373 2483; x_wconf 87' lang='lat' dir='ltr'><strong><em>multos</em></strong></span> <span class='ocrx_word' id='word_1_711' title='bbox 1393 2446 1611 2493; x_wconf 76' lang='lat' dir='ltr'><strong><em>prolixosque</em></strong></span> <span class='ocrx_word' id='word_1_712' title='bbox 1635 2454 1822 2489; x_wconf 83' lang='lat' dir='ltr'><strong><em>sermones,</em></strong></span> <span class='ocrx_word' id='word_1_713' title='bbox 1855 2445 1921 2481; x_wconf 84' lang='lat' dir='ltr'><strong><em>ltus</em></strong></span> <span class='ocrx_word' id='word_1_714' title='bbox 1943 2451 2017 2482; x_wconf 88' lang='lat' dir='ltr'><strong><em>tres</em></strong></span> <span class='ocrx_word' id='word_1_715' title='bbox 2038 2445 2206 2483; x_wconf 82' lang='lat' dir='ltr'><strong><em>humilius</em></strong></span> <span class='ocrx_word' id='word_1_716' title='bbox 2237 2446 2333 2483; x_wconf 89' lang='lat' dir='ltr'><strong><em>indi-</em></strong></span> 
     </span>
    </p>
   </div>
   <div class='ocr_carea' id='block_1_98' title="bbox 1249 2507 2333 2558">
    <p class='ocr_par' dir='ltr' id='par_1_98' title="bbox 1249 2507 2333 2558">
     <span class='ocr_line' id='line_1_98' title="bbox 1249 2507 2333 2558; baseline 0.001 -12"><span class='ocrx_word' id='word_1_717' title='bbox 1249 2519 1332 2547; x_wconf 89' lang='lat' dir='ltr'><strong><em>care</em></strong></span> <span class='ocrx_word' id='word_1_718' title='bbox 1355 2508 1512 2551; x_wconf 85' lang='lat' dir='ltr'><strong><em>videtur,</em></strong></span> <span class='ocrx_word' id='word_1_719' title='bbox 1546 2508 1728 2556; x_wconf 84' lang='lat' dir='ltr'><strong><em>etiamque</em></strong></span> <span class='ocrx_word' id='word_1_720' title='bbox 1763 2507 1918 2545; x_wconf 82' lang='lat' dir='ltr'><strong><em>fortasse</em></strong></span> <span class='ocrx_word' id='word_1_721' title='bbox 1947 2507 2052 2552; x_wconf 85' lang='lat' dir='ltr'><strong><em>alias,</em></strong></span> <span class='ocrx_word' id='word_1_722' title='bbox 2083 2519 2165 2557; x_wconf 74' lang='lat' dir='ltr'><strong><em>quzc</em></strong></span> <span class='ocrx_word' id='word_1_723' title='bbox 2200 2509 2333 2558; x_wconf 84' lang='lat' dir='ltr'><strong><em>injuria</em></strong></span> 
     </span>
    </p>
   </div>
   <div class='ocr_carea' id='block_1_99' title="bbox 1250 2569 2333 2618">
    <p class='ocr_par' dir='ltr' id='par_1_99' title="bbox 1250 2569 2333 2618">
     <span class='ocr_line' id='line_1_99' title="bbox 1250 2569 2333 2618; baseline 0 -11"><span class='ocrx_word' id='word_1_724' title='bbox 1250 2577 1453 2618; x_wconf 84' lang='lat' dir='ltr'><strong><em>temporum</em></strong></span> <span class='ocrx_word' id='word_1_725' title='bbox 1487 2570 1763 2608; x_wconf 85' lang='lat' dir='ltr'><strong><em>interciderint:</em></strong></span> <span class='ocrx_word' id='word_1_726' title='bbox 1787 2580 1913 2618; x_wconf 86' lang='lat' dir='ltr'><strong><em>parum</em></strong></span> <span class='ocrx_word' id='word_1_727' title='bbox 1947 2570 2044 2607; x_wconf 86' lang='lat' dir='ltr'><strong><em>enim</em></strong></span> <span class='ocrx_word' id='word_1_728' title='bbox 2075 2569 2208 2614; x_wconf 79' lang='lat' dir='ltr'><strong><em>abfuit,</em></strong></span> <span class='ocrx_word' id='word_1_729' title='bbox 2245 2572 2333 2618; x_wconf 85' lang='lat' dir='ltr'><strong><em>quin</em></strong></span> 
     </span>
    </p>
   </div>
   <div class='ocr_carea' id='block_1_100' title="bbox 1251 2631 2335 2678">
    <p class='ocr_par' dir='ltr' id='par_1_100' title="bbox 1251 2631 2335 2678">
     <span class='ocr_line' id='line_1_100' title="bbox 1251 2631 2335 2678; baseline -0.001 -9"><span class='ocrx_word' id='word_1_730' title='bbox 1251 2632 1407 2670; x_wconf 75' lang='lat' dir='ltr'><strong><em>secunda</em></strong></span> <span class='ocrx_word' id='word_1_731' title='bbox 1436 2632 1544 2668; x_wconf 87' lang='lat' dir='ltr'><strong><em>etiam</em></strong></span> <span class='ocrx_word' id='word_1_732' title='bbox 1575 2631 1721 2669; x_wconf 81' lang='lat' dir='ltr'><strong><em>humilia</em></strong></span> <span class='ocrx_word' id='word_1_733' title='bbox 1756 2631 1916 2678; x_wconf 86' lang='lat' dir='ltr'><strong><em>perierit,</em></strong></span> <span class='ocrx_word' id='word_1_734' title='bbox 1937 2637 2064 2678; x_wconf 86' lang='lat' dir='ltr'><strong><em>utpote</em></strong></span> <span class='ocrx_word' id='word_1_735' title='bbox 2090 2641 2171 2678; x_wconf 78' lang='lat' dir='ltr'><strong><em>qute</em></strong></span> <span class='ocrx_word' id='word_1_736' title='bbox 2204 2631 2335 2668; x_wconf 88' lang='lat' dir='ltr'><strong><em>inuno</em></strong></span> 
     </span>
    </p>
   </div>
   <div class='ocr_carea' id='block_1_101' title="bbox 1252 2693 2333 2742">
    <p class='ocr_par' dir='ltr' id='par_1_101' title="bbox 1252 2693 2333 2742">
     <span class='ocr_line' id='line_1_101' title="bbox 1252 2693 2333 2742; baseline -0.002 -10"><span class='ocrx_word' id='word_1_737' title='bbox 1252 2700 1388 2732; x_wconf 88' lang='lat' dir='ltr'><strong><em>tantum</em></strong></span> <span class='ocrx_word' id='word_1_738' title='bbox 1407 2693 1542 2732; x_wconf 88' lang='lat' dir='ltr'><strong><em>Codice</em></strong></span> <span class='ocrx_word' id='word_1_739' title='bbox 1559 2704 1698 2742; x_wconf 81' lang='lat' dir='ltr'><strong><em>.magna</em></strong></span> <span class='ocrx_word' id='word_1_740' title='bbox 1731 2693 1788 2731; x_wconf 85' lang='lat' dir='ltr'><strong><em>sui</em></strong></span> <span class='ocrx_word' id='word_1_741' title='bbox 1821 2699 1922 2741; x_wconf 86' lang='lat' dir='ltr'><strong><em>parte</em></strong></span> <span class='ocrx_word' id='word_1_742' title='bbox 1955 2693 2080 2730; x_wconf 87' lang='lat' dir='ltr'><strong><em>mutila</em></strong></span> <span class='ocrx_word' id='word_1_743' title='bbox 2110 2699 2250 2742; x_wconf 82' lang='lat' dir='ltr'><strong><em>reperta</em></strong></span> <span class='ocrx_word' id='word_1_744' title='bbox 2273 2695 2333 2731; x_wconf 88' lang='lat' dir='ltr'><strong><em>sit.</em></strong></span> 
     </span>
    </p>
   </div>
   <div class='ocr_carea' id='block_1_102' title="bbox 1252 2757 2334 2806">
    <p class='ocr_par' dir='ltr' id='par_1_102' title="bbox 1252 2757 2334 2806">
     <span class='ocr_line' id='line_1_102' title="bbox 1252 2757 2334 2806; baseline 0 -12"><span class='ocrx_word' id='word_1_745' title='bbox 1252 2758 1327 2794; x_wconf 82' lang='lat' dir='ltr'><strong><em>lino</em></strong></span> <span class='ocrx_word' id='word_1_746' title='bbox 1343 2767 1431 2795; x_wconf 81' lang='lat' dir='ltr'><strong><em>vero</em></strong></span> <span class='ocrx_word' id='word_1_747' title='bbox 1449 2763 1589 2795; x_wconf 88' lang='lat' dir='ltr'><strong><em>certum</em></strong></span> <span class='ocrx_word' id='word_1_748' title='bbox 1615 2757 1756 2795; x_wconf 86' lang='lat' dir='ltr'><strong><em>videtur</em></strong></span> <span class='ocrx_word' id='word_1_749' title='bbox 1775 2757 1911 2806; x_wconf 88' lang='lat' dir='ltr'><strong><em>aliquot</em></strong></span> <span class='ocrx_word' id='word_1_750' title='bbox 1929 2768 1972 2794; x_wconf 85' lang='lat' dir='ltr'><strong><em>ex</em></strong></span> <span class='ocrx_word' id='word_1_751' title='bbox 1995 2757 2037 2794; x_wconf 88' lang='lat' dir='ltr'><strong><em>iis</em></strong></span> <span class='ocrx_word' id='word_1_752' title='bbox 2068 2767 2157 2805; x_wconf 85' lang='lat' dir='ltr'><strong><em>quas</em></strong></span> <span class='ocrx_word' id='word_1_753' title='bbox 2177 2757 2234 2794; x_wconf 90' lang='lat' dir='ltr'><strong><em>hic</em></strong></span> <span class='ocrx_word' id='word_1_754' title='bbox 2254 2768 2334 2794; x_wconf 89' lang='lat' dir='ltr'><strong><em>me—</em></strong></span> 
     </span>
    </p>
   </div>
   <div class='ocr_carea' id='block_1_103' title="bbox 1253 2819 2334 2863">
    <p class='ocr_par' dir='ltr' id='par_1_103' title="bbox 1253 2819 2334 2863">
     <span class='ocr_line' id='line_1_103' title="bbox 1253 2819 2334 2863; baseline -0.001 -6"><span class='ocrx_word' id='word_1_755' title='bbox 1253 2826 1369 2857; x_wconf 89' lang='lat' dir='ltr'><strong><em>morat</em></strong></span> <span class='ocrx_word' id='word_1_756' title='bbox 1390 2819 1556 2857; x_wconf 85' lang='lat' dir='ltr'><strong><em>ltomilias</em></strong></span> <span class='ocrx_word' id='word_1_757' title='bbox 1575 2819 1800 2858; x_wconf 88' lang='lat' dir='ltr'><strong><em>intercidisse</em></strong></span> <span class='ocrx_word' id='word_1_758' title='bbox 1819 2831 1830 2863; x_wconf 83' lang='lat'><strong>;</strong></span> <span class='ocrx_word' id='word_1_759' title='bbox 1851 2830 1935 2856; x_wconf 82' lang='lat' dir='ltr'><strong><em>nam</em></strong></span> <span class='ocrx_word' id='word_1_760' title='bbox 1955 2821 1991 2856; x_wconf 92' lang='lat' dir='ltr'><strong><em>in</em></strong></span> <span class='ocrx_word' id='word_1_761' title='bbox 2008 2819 2078 2857; x_wconf 85' lang='lat' dir='ltr'><strong><em>line</em></strong></span> <span class='ocrx_word' id='word_1_762' title='bbox 2099 2819 2214 2857; x_wconf 65' lang='lat' dir='ltr'><strong><em>tertia:</em></strong></span> <span class='ocrx_word' id='word_1_763' title='bbox 2231 2820 2334 2857; x_wconf 90' lang='lat' dir='ltr'><strong><em>dicit:</em></strong></span> 
     </span>
    </p>
   </div>
   <div class='ocr_carea' id='block_1_104' title="bbox 1254 2882 2338 2928">
    <p class='ocr_par' dir='ltr' id='par_1_104' title="bbox 1254 2882 2338 2928">
     <span class='ocr_line' id='line_1_104' title="bbox 1254 2882 2338 2928; baseline 0.001 -10"><span class='ocrx_word' id='word_1_764' title='bbox 1254 2882 1554 2928; x_wconf 85' lang='lat' dir='ltr'><strong><em>Quemadmodum</em></strong></span> <span class='ocrx_word' id='word_1_765' title='bbox 1575 2882 1895 2926; x_wconf 80' lang='lat' dir='ltr'><strong><em>demonstravimus,</em></strong></span> <span class='ocrx_word' id='word_1_766' title='bbox 1915 2893 1994 2918; x_wconf 89' lang='lat' dir='ltr'><strong><em>cum</em></strong></span> <span class='ocrx_word' id='word_1_767' title='bbox 2024 2883 2090 2919; x_wconf 85' lang='lat' dir='ltr'><strong><em>hac</em></strong></span> <span class='ocrx_word' id='word_1_768' title='bbox 2109 2882 2152 2919; x_wconf 86' lang='lat' dir='ltr'><strong><em>de</em></strong></span> <span class='ocrx_word' id='word_1_769' title='bbox 2171 2894 2208 2919; x_wconf 91' lang='lat' dir='ltr'><strong><em>re</em></strong></span> <span class='ocrx_word' id='word_1_770' title='bbox 2238 2883 2338 2919; x_wconf 88' lang='lat' dir='ltr'><strong><em>ntulti</em></strong></span> 
     </span>
    </p>
   </div>
   <div class='ocr_carea' id='block_1_105' title="bbox 1252 2945 2338 2994">
    <p class='ocr_par' dir='ltr' id='par_1_105' title="bbox 1252 2945 2338 2994">
     <span class='ocr_line' id='line_1_105' title="bbox 1252 2945 2338 2994; baseline 0 -12"><span class='ocrx_word' id='word_1_771' title='bbox 1252 2945 1359 2982; x_wconf 82' lang='lat' dir='ltr'><strong><em>habiti</em></strong></span> <span class='ocrx_word' id='word_1_772' title='bbox 1389 2946 1517 2994; x_wconf 77' lang='lat' dir='ltr'><strong><em>fuerint</em></strong></span> <span class='ocrx_word' id='word_1_773' title='bbox 1537 2957 1558 2982; x_wconf 90' lang='lat' dir='ltr'><strong><em>a</em></strong></span> <span class='ocrx_word' id='word_1_774' title='bbox 1578 2956 1631 2982; x_wconf 89' lang='lat' dir='ltr'><strong><em>me</em></strong></span> <span class='ocrx_word' id='word_1_775' title='bbox 1659 2955 1859 2991; x_wconf 87' lang='lat' dir='ltr'><strong><em>sermones;</em></strong></span> <span class='ocrx_word' id='word_1_776' title='bbox 1889 2955 1961 2982; x_wconf 91' lang='lat' dir='ltr'><strong><em>non</em></strong></span> <span class='ocrx_word' id='word_1_777' title='bbox 1992 2945 2045 2983; x_wconf 89' lang='lat' dir='ltr'><strong><em>sic</em></strong></span> <span class='ocrx_word' id='word_1_778' title='bbox 2075 2945 2274 2990; x_wconf 83' lang='lat' dir='ltr'><strong><em>locuturus,</em></strong></span> <span class='ocrx_word' id='word_1_779' title='bbox 2306 2945 2338 2982; x_wconf 88' lang='lat' dir='ltr'><strong><em>si</em></strong></span> 
     </span>
    </p>
   </div>
   <div class='ocr_carea' id='block_1_106' title="bbox 1251 3009 2338 3057">
    <p class='ocr_par' dir='ltr' id='par_1_106' title="bbox 1251 3009 2338 3057">
     <span class='ocr_line' id='line_1_106' title="bbox 1251 3009 2338 3057; baseline -0.001 -10"><span class='ocrx_word' id='word_1_780' title='bbox 1251 3009 1343 3048; x_wconf 92' lang='lat' dir='ltr'><strong><em>duos</em></strong></span> <span class='ocrx_word' id='word_1_781' title='bbox 1364 3016 1500 3047; x_wconf 87' lang='lat' dir='ltr'><strong><em>tantum</em></strong></span> <span class='ocrx_word' id='word_1_782' title='bbox 1522 3009 1589 3047; x_wconf 87' lang='lat' dir='ltr'><strong><em>hac</em></strong></span> <span class='ocrx_word' id='word_1_783' title='bbox 1617 3009 1662 3047; x_wconf 91' lang='lat' dir='ltr'><strong><em>de</em></strong></span> <span class='ocrx_word' id='word_1_784' title='bbox 1693 3020 1732 3047; x_wconf 90' lang='lat' dir='ltr'><strong><em>re</em></strong></span> <span class='ocrx_word' id='word_1_785' title='bbox 1752 3019 1941 3048; x_wconf 83' lang='lat' dir='ltr'><strong><em>sermones</em></strong></span> <span class='ocrx_word' id='word_1_786' title='bbox 1961 3009 2242 3057; x_wconf 88' lang='lat' dir='ltr'><strong><em>pronuntiasset.</em></strong></span> <span class='ocrx_word' id='word_1_787' title='bbox 2264 3009 2338 3047; x_wconf 88' lang='lat' dir='ltr'><strong><em>Sed</em></strong></span> 
     </span>
    </p>
   </div>
   <div class='ocr_carea' id='block_1_107' title="bbox 1253 3071 2340 3120">
    <p class='ocr_par' dir='ltr' id='par_1_107' title="bbox 1253 3071 2340 3120">
     <span class='ocr_line' id='line_1_107' title="bbox 1253 3071 2340 3120; baseline -0.003 -10"><span class='ocrx_word' id='word_1_788' title='bbox 1253 3083 1340 3110; x_wconf 86' lang='lat' dir='ltr'><strong><em>cave</em></strong></span> <span class='ocrx_word' id='word_1_789' title='bbox 1357 3079 1462 3120; x_wconf 89' lang='lat' dir='ltr'><strong><em>putes</em></strong></span> <span class='ocrx_word' id='word_1_790' title='bbox 1481 3083 1564 3109; x_wconf 90' lang='lat' dir='ltr'><strong><em>cum</em></strong></span> <span class='ocrx_word' id='word_1_791' title='bbox 1593 3071 1776 3109; x_wconf 85' lang='lat' dir='ltr'><strong><em>Frontone</em></strong></span> <span class='ocrx_word' id='word_1_792' title='bbox 1807 3072 1954 3116; x_wconf 78' lang='lat' dir='ltr'><strong><em>Duczco,</em></strong></span> <span class='ocrx_word' id='word_1_793' title='bbox 1987 3071 2154 3112; x_wconf 80' lang='lat' dir='ltr'><strong><em>humilius</em></strong></span> <span class='ocrx_word' id='word_1_794' title='bbox 2179 3073 2340 3119; x_wconf 81' lang='lat' dir='ltr'><strong><em>quinque</em></strong></span> 
     </span>
    </p>
   </div>
   <div class='ocr_carea' id='block_1_108' title="bbox 1253 3133 2340 3184">
    <p class='ocr_par' dir='ltr' id='par_1_108' title="bbox 1253 3133 2340 3184">
     <span class='ocr_line' id='line_1_108' title="bbox 1253 3133 2340 3184; baseline 0 -11"><span class='ocrx_word' id='word_1_795' title='bbox 1253 3141 1447 3183; x_wconf 88' lang='lat' dir='ltr'><strong><em>sequentes</em></strong></span> <span class='ocrx_word' id='word_1_796' title='bbox 1468 3135 1523 3172; x_wconf 85' lang='lat' dir='ltr'><strong><em>his</em></strong></span> <span class='ocrx_word' id='word_1_797' title='bbox 1542 3135 1792 3183; x_wconf 84' lang='lat' dir='ltr'><strong><em>Chrysostomi</em></strong></span> <span class='ocrx_word' id='word_1_798' title='bbox 1810 3133 1946 3177; x_wconf 85' lang='lat' dir='ltr'><strong><em>verbis,</em></strong></span> <span class='ocrx_word' id='word_1_799' title='bbox 1965 3134 2092 3182; x_wconf 80' lang='lat' dir='ltr'><strong><em>longos</em></strong></span> <span class='ocrx_word' id='word_1_800' title='bbox 2106 3134 2340 3184; x_wconf 71' lang='lat' dir='ltr'><strong><em>[)I&#39;OIlXOStlllc</em></strong></span> 
     </span>
    </p>
   </div>
   <div class='ocr_carea' id='block_1_109' title="bbox 1257 3197 2340 3246">
    <p class='ocr_par' dir='ltr' id='par_1_109' title="bbox 1257 3197 2340 3246">
     <span class='ocr_line' id='line_1_109' title="bbox 1257 3197 2340 3246; baseline -0.002 -10"><span class='ocrx_word' id='word_1_801' title='bbox 1257 3207 1444 3236; x_wconf 73' lang='lat' dir='ltr'><strong><em>sermones</em></strong></span> <span class='ocrx_word' id='word_1_802' title='bbox 1473 3198 1680 3246; x_wconf 75' lang='lat' dir='ltr'><strong><em>signiﬁcari.</em></strong></span> <span class='ocrx_word' id='word_1_803' title='bbox 1710 3197 1795 3234; x_wconf 89' lang='lat' dir='ltr'><strong><em>illas</em></strong></span> <span class='ocrx_word' id='word_1_804' title='bbox 1823 3197 2000 3246; x_wconf 88' lang='lat' dir='ltr'><strong><em>siquidem</em></strong></span> <span class='ocrx_word' id='word_1_805' title='bbox 2031 3199 2226 3236; x_wconf 87' lang='lat' dir='ltr'><strong><em>conciones</em></strong></span> <span class='ocrx_word' id='word_1_806' title='bbox 2254 3209 2340 3246; x_wconf 88' lang='lat' dir='ltr'><strong><em>pru-</em></strong></span> 
     </span>
    </p>
   </div>
   <div class='ocr_carea' id='block_1_110' title="bbox 1254 3259 2340 3308">
    <p class='ocr_par' dir='ltr' id='par_1_110' title="bbox 1254 3259 2340 3308">
     <span class='ocr_line' id='line_1_110' title="bbox 1254 3259 2340 3308; baseline -0.001 -9"><span class='ocrx_word' id='word_1_807' title='bbox 1254 3261 1432 3299; x_wconf 75' lang='lat' dir='ltr'><strong><em>Juntiavit</em></strong></span> <span class='ocrx_word' id='word_1_808' title='bbox 1463 3259 1525 3298; x_wconf 87' lang='lat' dir='ltr'><strong><em>diu</em></strong></span> <span class='ocrx_word' id='word_1_809' title='bbox 1562 3266 1642 3308; x_wconf 89' lang='lat' dir='ltr'><strong><em>post</em></strong></span> <span class='ocrx_word' id='word_1_810' title='bbox 1673 3260 1866 3297; x_wconf 86' lang='lat' dir='ltr'><strong><em>llomiliam</em></strong></span> <span class='ocrx_word' id='word_1_811' title='bbox 1901 3260 1936 3297; x_wconf 88' lang='lat' dir='ltr'><strong><em>in</em></strong></span> <span class='ocrx_word' id='word_1_812' title='bbox 1969 3259 2131 3298; x_wconf 79' lang='lat' dir='ltr'><strong><em>Natalem</em></strong></span> <span class='ocrx_word' id='word_1_813' title='bbox 2169 3261 2340 3308; x_wconf 86' lang='lat' dir='ltr'><strong><em>Domini,</em></strong></span> 
     </span>
    </p>
   </div>
   <div class='ocr_carea' id='block_1_111' title="bbox 1255 3323 2315 3371">
    <p class='ocr_par' dir='ltr' id='par_1_111' title="bbox 1255 3323 2315 3371">
     <span class='ocr_line' id='line_1_111' title="bbox 1255 3323 2315 3371; baseline 0.002 -11"><span class='ocrx_word' id='word_1_814' title='bbox 1255 3333 1351 3360; x_wconf 82' lang='lat' dir='ltr'><strong><em>anno</em></strong></span> <span class='ocrx_word' id='word_1_815' title='bbox 1369 3323 1442 3361; x_wconf 75' lang='lat'><strong><em>586</em></strong></span> <span class='ocrx_word' id='word_1_816' title='bbox 1472 3323 1656 3368; x_wconf 71' lang='lat' dir='ltr'><strong><em>htbilattt,</em></strong></span> <span class='ocrx_word' id='word_1_817' title='bbox 1677 3323 1775 3360; x_wconf 89' lang='lat' dir='ltr'><strong><em>unde</em></strong></span> <span class='ocrx_word' id='word_1_818' title='bbox 1805 3330 1976 3371; x_wconf 84' lang='lat' dir='ltr'><strong><em>excerpta</em></strong></span> <span class='ocrx_word' id='word_1_819' title='bbox 1999 3323 2058 3361; x_wconf 88' lang='lat' dir='ltr'><strong><em>illa</em></strong></span> <span class='ocrx_word' id='word_1_820' title='bbox 2088 3324 2197 3361; x_wconf 74' lang='lat' dir='ltr'><strong><em>verba</em></strong></span> <span class='ocrx_word' id='word_1_821' title='bbox 2229 3330 2315 3362; x_wconf 88' lang='lat' dir='ltr'><strong><em>sunt</em></strong></span> 
     </span>
    </p>
   </div>
   <div class='ocr_carea' id='block_1_112' title="bbox 1260 3384 2344 3434">
    <p class='ocr_par' dir='ltr' id='par_1_112' title="bbox 1260 3384 2344 3434">
     <span class='ocr_line' id='line_1_112' title="bbox 1260 3384 2344 3434; baseline 0.001 -12"><span class='ocrx_word' id='word_1_822' title='bbox 1260 3391 1298 3422; x_wconf 62' lang='grc' dir='ltr'><strong><em>,ι</em></strong></span> <span class='ocrx_word' id='word_1_823' title='bbox 1331 3396 1446 3431; x_wconf 81' lang='lat' dir='ltr'><strong><em>mox,</em></strong></span> <span class='ocrx_word' id='word_1_824' title='bbox 1485 3395 1602 3434; x_wconf 88' lang='lat' dir='ltr'><strong><em>neque</em></strong></span> <span class='ocrx_word' id='word_1_825' title='bbox 1643 3384 1763 3422; x_wconf 89' lang='lat' dir='ltr'><strong><em>dubiis</em></strong></span> <span class='ocrx_word' id='word_1_826' title='bbox 1812 3385 2032 3434; x_wconf 68' lang='lat' dir='ltr'><strong><em>argumentis</em></strong></span> <span class='ocrx_word' id='word_1_827' title='bbox 2076 3387 2195 3434; x_wconf 89' lang='lat' dir='ltr'><strong><em>palam</em></strong></span> <span class='ocrx_word' id='word_1_828' title='bbox 2235 3386 2344 3424; x_wconf 62' lang='lat' dir='ltr'><strong><em>facieo</em></strong></span> 
     </span>
    </p>
   </div>
   <div class='ocr_carea' id='block_1_113' title="bbox 1258 3459 1352 3486">
    <p class='ocr_par' dir='ltr' id='par_1_113' title="bbox 1258 3459 1352 3486">
     <span class='ocr_line' id='line_1_113' title="bbox 1258 3459 1352 3486; baseline -0.011 -1"><span class='ocrx_word' id='word_1_829' title='bbox 1258 3459 1352 3486; x_wconf 73' lang='grc' dir='ltr'><strong><em>ηιυε.</em></strong></span> 
     </span>
    </p>
   </div>
   <div class='ocr_carea' id='block_1_114' title="bbox 1306 3511 2342 3561">
    <p class='ocr_par' dir='ltr' id='par_1_114' title="bbox 1306 3511 2342 3561">
     <span class='ocr_line' id='line_1_114' title="bbox 1306 3511 2342 3561; baseline -0.004 -11"><span class='ocrx_word' id='word_1_830' title='bbox 1306 3512 1440 3550; x_wconf 88' lang='lat' dir='ltr'><strong><em>Contra</em></strong></span> <span class='ocrx_word' id='word_1_831' title='bbox 1459 3511 1555 3548; x_wconf 85' lang='lat' dir='ltr'><strong><em>hunc</em></strong></span> <span class='ocrx_word' id='word_1_832' title='bbox 1573 3518 1735 3548; x_wconf 87' lang='lat' dir='ltr'><strong><em>nostrum</em></strong></span> <span class='ocrx_word' id='word_1_833' title='bbox 1752 3511 1929 3550; x_wconf 82' lang='lat' dir='ltr'><strong><em>calculum</em></strong></span> <span class='ocrx_word' id='word_1_834' title='bbox 1947 3512 2053 3550; x_wconf 88' lang='lat' dir='ltr'><strong><em>dubia</em></strong></span> <span class='ocrx_word' id='word_1_835' title='bbox 2075 3513 2238 3561; x_wconf 59' lang='lat' dir='ltr'><strong><em>quaedam</em></strong></span> <span class='ocrx_word' id='word_1_836' title='bbox 2257 3520 2342 3559; x_wconf 45' lang='lat' dir='ltr'><strong><em>pros</em></strong></span> 
     </span>
    </p>
   </div>
   <div class='ocr_carea' id='block_1_115' title="bbox 1261 3572 2346 3622">
    <p class='ocr_par' dir='ltr' id='par_1_115' title="bbox 1261 3572 2346 3622">
     <span class='ocr_line' id='line_1_115' title="bbox 1261 3572 2346 3622; baseline -0.001 -12"><span class='ocrx_word' id='word_1_837' title='bbox 1261 3573 1362 3622; x_wconf 89' lang='lat' dir='ltr'><strong><em>ponit</em></strong></span> <span class='ocrx_word' id='word_1_838' title='bbox 1382 3573 1425 3611; x_wconf 74' lang='grc' dir='ltr'><strong><em>ν.</em></strong></span> <span class='ocrx_word' id='word_1_839' title='bbox 1445 3573 1501 3610; x_wconf 86' lang='lat' dir='ltr'><strong><em>Cl.</em></strong></span> <span class='ocrx_word' id='word_1_840' title='bbox 1520 3572 1773 3612; x_wconf 81' lang='lat' dir='ltr'><strong><em>Tillemomius</em></strong></span> <span class='ocrx_word' id='word_1_841' title='bbox 1789 3603 1800 3619; x_wconf 87' lang='lat'><strong><em>,</em></strong></span> <span class='ocrx_word' id='word_1_842' title='bbox 1821 3575 1918 3612; x_wconf 80' lang='lat' dir='ltr'><strong><em>circa</em></strong></span> <span class='ocrx_word' id='word_1_843' title='bbox 1943 3581 2086 3622; x_wconf 88' lang='lat' dir='ltr'><strong><em>tempus</em></strong></span> <span class='ocrx_word' id='word_1_844' title='bbox 2118 3583 2248 3618; x_wconf 81' lang='lat' dir='ltr'><strong><em>nempe</em></strong></span> <span class='ocrx_word' id='word_1_845' title='bbox 2275 3580 2346 3616; x_wconf 78' lang='lat' dir='ltr'><strong><em>quo</em></strong></span> 
     </span>
    </p>
   </div>
   <div class='ocr_carea' id='block_1_116' title="bbox 1261 3633 2346 3683">
    <p class='ocr_par' dir='ltr' id='par_1_116' title="bbox 1261 3633 2346 3683">
     <span class='ocr_line' id='line_1_116' title="bbox 1261 3633 2346 3683; baseline -0.006 -10"><span class='ocrx_word' id='word_1_846' title='bbox 1261 3636 1408 3674; x_wconf 90' lang='lat' dir='ltr'><strong><em>humilia</em></strong></span> <span class='ocrx_word' id='word_1_847' title='bbox 1431 3636 1533 3674; x_wconf 88' lang='lat' dir='ltr'><strong><em>tertia</em></strong></span> <span class='ocrx_word' id='word_1_848' title='bbox 1555 3637 1674 3673; x_wconf 88' lang='lat' dir='ltr'><strong><em>habita</em></strong></span> <span class='ocrx_word' id='word_1_849' title='bbox 1692 3635 1770 3674; x_wconf 82' lang='lat' dir='ltr'><strong><em>fuit.</em></strong></span> <span class='ocrx_word' id='word_1_850' title='bbox 1789 3636 1859 3674; x_wconf 86' lang='lat' dir='ltr'><strong><em>Sed</em></strong></span> <span class='ocrx_word' id='word_1_851' title='bbox 1877 3636 1926 3674; x_wconf 87' lang='lat' dir='ltr'><strong><em>illi</em></strong></span> <span class='ocrx_word' id='word_1_852' title='bbox 1949 3643 2034 3683; x_wconf 86' lang='lat' dir='ltr'><strong><em>apte</em></strong></span> <span class='ocrx_word' id='word_1_853' title='bbox 2048 3663 2057 3679; x_wconf 95' lang='lat'><strong><em>,</em></strong></span> <span class='ocrx_word' id='word_1_854' title='bbox 2080 3635 2116 3671; x_wconf 90' lang='lat' dir='ltr'><strong><em>ni</em></strong></span> <span class='ocrx_word' id='word_1_855' title='bbox 2137 3633 2239 3669; x_wconf 79' lang='lat' dir='ltr'><strong><em>fallor</em></strong></span> <span class='ocrx_word' id='word_1_856' title='bbox 2255 3658 2266 3674; x_wconf 85' lang='lat'><strong><em>,</em></strong></span> <span class='ocrx_word' id='word_1_857' title='bbox 2285 3639 2346 3666; x_wconf 52' lang='lat' dir='ltr'><strong><em>re.</em></strong></span> 
     </span>
    </p>
   </div>
   <div class='ocr_carea' id='block_1_117' title="bbox 1261 3689 2345 3748">
    <p class='ocr_par' dir='ltr' id='par_1_117' title="bbox 1261 3689 2345 3748">
     <span class='ocr_line' id='line_1_117' title="bbox 1261 3689 2345 3748; baseline -0.009 -12"><span class='ocrx_word' id='word_1_858' title='bbox 1261 3699 1474 3748; x_wconf 88' lang='lat' dir='ltr'><strong><em>spondimus</em></strong></span> <span class='ocrx_word' id='word_1_859' title='bbox 1489 3698 1524 3735; x_wconf 92' lang='lat' dir='ltr'><strong><em>in</em></strong></span> <span class='ocrx_word' id='word_1_860' title='bbox 1543 3698 1678 3736; x_wconf 78' lang='lat' dir='ltr'><strong><em>ltlonito</em></strong></span> <span class='ocrx_word' id='word_1_861' title='bbox 1694 3699 1739 3736; x_wconf 88' lang='lat' dir='ltr'><strong><em>ad</em></strong></span> <span class='ocrx_word' id='word_1_862' title='bbox 1759 3698 1934 3736; x_wconf 85' lang='lat' dir='ltr'><strong><em>Hotnilias</em></strong></span> <span class='ocrx_word' id='word_1_863' title='bbox 1956 3701 2081 3734; x_wconf 89' lang='lat' dir='ltr'><strong><em>contra</em></strong></span> <span class='ocrx_word' id='word_1_864' title='bbox 2096 3692 2241 3730; x_wconf 76' lang='lat' dir='ltr'><strong><em>Judmus</em></strong></span> <span class='ocrx_word' id='word_1_865' title='bbox 2252 3691 2294 3728; x_wconf 91' lang='lat' dir='ltr'><strong><em>&#39;l&#39;.</em></strong></span> <span class='ocrx_word' id='word_1_866' title='bbox 2311 3689 2345 3732; x_wconf 83' lang='lat' dir='ltr'><strong><em>l,</em></strong></span> 
     </span>
    </p>
   </div>
   <div class='ocr_carea' id='block_1_118' title="bbox 1263 3752 2347 3810">
    <p class='ocr_par' dir='ltr' id='par_1_118' title="bbox 1263 3752 2347 3810">
     <span class='ocr_line' id='line_1_118' title="bbox 1263 3752 2347 3810; baseline -0.004 -14"><span class='ocrx_word' id='word_1_867' title='bbox 1263 3769 1295 3796; x_wconf 76' lang='grc' dir='ltr'><strong><em>ε.</em></strong></span> <span class='ocrx_word' id='word_1_868' title='bbox 1312 3759 1384 3798; x_wconf 77' lang='grc'><strong><em>857</em></strong></span> <span class='ocrx_word' id='word_1_869' title='bbox 1407 3774 1416 3798; x_wconf 85' lang='lat'><strong>:</strong></span> <span class='ocrx_word' id='word_1_870' title='bbox 1438 3772 1510 3810; x_wconf 87' lang='lat' dir='ltr'><strong><em>quo</em></strong></span> <span class='ocrx_word' id='word_1_871' title='bbox 1531 3761 1701 3800; x_wconf 83' lang='lat' dir='ltr'><strong><em>lectorem</em></strong></span> <span class='ocrx_word' id='word_1_872' title='bbox 1715 3761 1948 3799; x_wconf 86' lang='lat' dir='ltr'><strong><em>remittimus.</em></strong></span> <span class='ocrx_word' id='word_1_873' title='bbox 1967 3757 2088 3802; x_wconf 78' lang='lat' dir='ltr'><strong><em>Longe</em></strong></span> <span class='ocrx_word' id='word_1_874' title='bbox 2105 3752 2347 3790; x_wconf 69' lang='lat' dir='ltr'><strong><em>difﬁciliort‘llt</em></strong></span> 
     </span>
    </p>
   </div>
   <div class='ocr_carea' id='block_1_119' title="bbox 1263 3816 2349 3873">
    <p class='ocr_par' dir='ltr' id='par_1_119' title="bbox 1263 3816 2349 3873">
     <span class='ocr_line' id='line_1_119' title="bbox 1263 3816 2349 3873; baseline 0.003 -12"><span class='ocrx_word' id='word_1_875' title='bbox 1263 3824 1368 3861; x_wconf 87' lang='lat' dir='ltr'><strong><em>altam</em></strong></span> <span class='ocrx_word' id='word_1_876' title='bbox 1398 3831 1513 3861; x_wconf 80' lang='lat' dir='ltr'><strong><em>movet</em></strong></span> <span class='ocrx_word' id='word_1_877' title='bbox 1535 3825 1884 3873; x_wconf 69' lang='lat' dir='ltr'><strong><em>qumstionem,qtl:c</em></strong></span> <span class='ocrx_word' id='word_1_878' title='bbox 1904 3829 2006 3857; x_wconf 71' lang='lat'><strong><em>3&quot;3&#39;“</em></strong></span> <span class='ocrx_word' id='word_1_879' title='bbox 2039 3816 2172 3864; x_wconf 66' lang='lat' dir='ltr'><strong><em>l&#39;m&#39;i&#39;C&quot;</em></strong></span> <span class='ocrx_word' id='word_1_880' title='bbox 2206 3823 2242 3852; x_wconf 69' lang='grc' dir='ltr'><strong><em>οι</em></strong></span> <span class='ocrx_word' id='word_1_881' title='bbox 2281 3826 2349 3852; x_wconf 74' lang='grc'><strong>¹¹⁰⁴</strong></span> 
     </span>
    </p>
   </div>
   <div class='ocr_carea' id='block_1_120' title="bbox 1267 3879 2347 3936">
    <p class='ocr_par' dir='ltr' id='par_1_120' title="bbox 1267 3879 2347 3936">
     <span class='ocr_line' id='line_1_120' title="bbox 1267 3879 2347 3936; baseline -0.009 -10"><span class='ocrx_word' id='word_1_882' title='bbox 1267 3897 1376 3926; x_wconf 81' lang='lat' dir='ltr'><strong><em>stram</em></strong></span> <span class='ocrx_word' id='word_1_883' title='bbox 1397 3890 1611 3926; x_wconf 73' lang='lat' dir='ltr'><strong><em>sementium</em></strong></span> <span class='ocrx_word' id='word_1_884' title='bbox 1635 3890 1796 3936; x_wconf 76' lang='lat' dir='ltr'><strong><em>impetat,</em></strong></span> <span class='ocrx_word' id='word_1_885' title='bbox 1817 3895 1858 3921; x_wconf 73' lang='lat' dir='ltr'><strong><em>cx</em></strong></span> <span class='ocrx_word' id='word_1_886' title='bbox 1881 3881 1984 3919; x_wconf 86' lang='lat' dir='ltr'><strong><em>titulo</em></strong></span> <span class='ocrx_word' id='word_1_887' title='bbox 2001 3891 2130 3926; x_wconf 82' lang='lat' dir='ltr'><strong><em>ncinpe</em></strong></span> <span class='ocrx_word' id='word_1_888' title='bbox 2149 3879 2253 3926; x_wconf 80' lang='lat' dir='ltr'><strong><em>hujus</em></strong></span> <span class='ocrx_word' id='word_1_889' title='bbox 2274 3885 2347 3916; x_wconf 74' lang='lat' dir='ltr'><strong><em>ter-—</em></strong></span> 
     </span>
    </p>
   </div>
  </div>
