2694 4342
417 187 484 228 1-07

413 269 472 305 tiae
490 267 660 310 humilim,
682 265 740 313 qui
759 265 812 302 sic
826 264 949 308 habet,
968 265 1002 300 in
1019 269 1077 301 eos
1104 266 1162 313 qui
1188 267 1300 313 prima
1330 267 1498 305 Pascltate

406 330 580 376 jejunum.
595 326 696 370 Quod
713 332 834 362 autem
854 326 924 363 hoc
943 326 1022 374 ipso
1039 335 1134 364 anno
1149 329 1186 373 ii,
1208 331 1268 376 (ιιιὶ
1287 329 1496 368 Judceorum

409 389 586 426 calculum
624 387 660 424 in
697 387 874 426 Paschate
904 389 1164 436 sequebantur,
1199 391 1268 428 etsi
1300 391 1496 430 Christiani

407 456 526 493 erant,
549 449 627 496 ipso
644 449 831 487 Paschalis
845 449 905 487 die
925 450 1123 498 jejunaturt
1142 460 1278 496 essent,
1300 453 1353 490 sic
1370 453 1495 492 decla-

406 517 462 547 rat
479 511 762 560 Chrysostomus
783 523 882 548 num.
900 513 924 550 5
945 524 954 548 :
973 511 1066 550 Ecce
1095 525 1241 562 namque
1260 516 1392 563 primus
1424 518 1497 554 dies

407 573 616 620 Azymorum
643 573 708 610 hoc
738 585 830 610 anno
858 575 896 612 in
928 574 1151 614 Dominicam
1179 578 1269 614 diem
1292 578 1426 624 incidit,
1463 588 1495 617 et

405 637 546 674 omnino
556 648 692 674 necesse
705 644 756 674 est
771 644 808 674 ut
828 645 900 675 tota
920 639 1136 676 hebdomada
1145 641 1357 690 jejunemus,
1371 648 1403 679 et
1415 650 1494 679 cum

403 699 519 744 passio
549 700 750 746 praeterierit
770 705 800 736 et
831 711 918 737 crux
939 701 1114 739 advenerit
1133 711 1166 738 et
1185 705 1388 741 resurrectio
1403 733 1413 749 ,
1432 717 1494 742 nos

401 761 516 797 adhuc
529 762 730 810 jejuuautes
746 773 958 800 maneamus.
979 763 1026 800 Et
1045 775 1278 811 swpenumero
1298 767 1391 803 istud
1403 768 1493 804 accia

401 824 468 867 dit,
495 831 532 861 ut
565 831 642 872 post
672 835 822 870 crucem,
852 832 928 873 post
952 827 1246 873 resurrectionem,
1276 829 1493 868 hebdomada

402 885 556 922 nondum
573 885 746 932 absoluta,
757 887 932 935 jejunium
944 888 1174 928 observemus.
1191 890 1276 928 Haec
1289 897 1416 930 contra
1427 903 1492 931 eos

401 948 584 992 dicuntur,
595 949 655 995 qui
669 949 848 996 jejunium
859 949 1009 988 ludaieo
1023 961 1124 989 more
1135 953 1342 999 servabant,
1355 955 1490 1003 quique

400 1010 595 1058 aliquando
613 1011 649 1048 in
666 1011 746 1059 ipso
766 1012 944 1050 Paschate
958 1013 1185 1061 jejunahaut,
1195 1016 1339 1062 quando
1353 1017 1490 1056 scilicet

399 1072 608 1109 Jndaeorum
623 1074 783 1112 calculus
798 1074 933 1112 Pascha
946 1076 1153 1123 assignabat
1173 1084 1253 1123 post
1265 1077 1490 1116 Christiano-

401 1146 478 1172 rum
495 1136 645 1174 Pascha.
665 1137 767 1175 Tunc
801 1139 898 1176 enim
919 1139 1110 1176 Christiani
1144 1140 1208 1182 illi,
1242 1141 1302 1188 qui
1337 1141 1488 1180 Iudaico

399 1198 470 1234 ritu
487 1198 666 1246 jejunium
681 1200 888 1245 servabant,
909 1201 970 1237 illo
993 1201 1053 1238 die
1077 1201 1302 1248 jejunabant,
1322 1213 1396 1251 quo
1411 1214 1486 1240 ca:-

399 1261 465 1298 teri
483 1261 680 1298 Christiani
697 1262 836 1299 Pascha
855 1263 1096 1301 celebrarent.

445 1324 553 1370 Atqui
571 1325 772 1362 secundum
790 1326 930 1363 tabulas
947 1327 1142 1365 Paschales
1155 1338 1250 1366 anno
1264 1329 1334 1366 587
1346 1329 1483 1367 Pascha

399 1385 526 1422 incidit
545 1387 580 1422 in
598 1387 647 1425 25
669 1387 817 1433 Aprilis,
848 1399 980 1434 nempe
1007 1399 1114 1436 quam
1141 1390 1344 1428 tardissime
1366 1397 1484 1438 potest

395 1459 588 1487 occurrere
605 1462 614 1486 :
637 1450 821 1497 quomodo
833 1461 920 1498 ergo
930 1451 1158 1498 judaizantes
1173 1453 1222 1490 illi
1238 1459 1402 1500 poterant
1412 1455 1484 1493 hoc

393 1522 492 1548 anno
525 1513 559 1548 in
597 1513 733 1549 Pascha
766 1513 955 1561 jejunare,
989 1525 1070 1552 cum
1098 1515 1237 1553 Pascha
1274 1516 1482 1556 Iudaeorum

397 1585 594 1621 numquam
630 1577 746 1622 possit
773 1576 866 1613 ultra
901 1577 1110 1625 vigosimam
1147 1579 1310 1626 quintam
1347 1581 1482 1627 Aprilis

393 1639 612 1674 occurrere?
631 1639 764 1676 Verum
789 1639 869 1678 hare
885 1641 1078 1679 difﬁcultas
1097 1643 1318 1680 certissimas
1337 1651 1481 1690 tempoa

395 1699 446 1736 ris
465 1707 570 1739 notas
604 1711 624 1737 a
649 1701 754 1738 nobis
782 1703 998 1740 constitutas
1023 1713 1188 1742 evertere
1219 1706 1356 1752 nequit.
1387 1707 1480 1744 Nam

394 1769 514 1800 utrum
537 1771 682 1808 semper
696 1763 910 1800 Antiochcni
937 1765 1136 1802 invariabili
1164 1767 1242 1814 lege
1265 1768 1481 1805 Alexandri-

393 1833 522 1876 norum
543 1823 637 1860 circa
674 1823 812 1862 Pascha
847 1825 988 1862 Domini
1017 1827 1194 1864 calculum
1219 1830 1358 1876 sequuti
1391 1831 1477 1875 sint,

392 1869 588 1924 tmnwnobis
607 1894 832 1934 compertum
852 1894 909 1925 est
925 1895 1052 1936 :atquc
1069 1891 1210 1928 etiamsi
1229 1892 1370 1938 sequuti
1389 1893 1476 1938 sint,

389 1960 434 1985 an
455 1951 635 1986 afﬁrmare
652 1960 846 1996 possumus
860 1962 1057 1998 numquam
1077 1963 1238 1991 errorem
1270 1953 1304 1990 in
1335 1955 1478 1992 calculo

327 2044 331 2047 .
390 2011 644 2047 intercidisse?
674 2011 780 2048 Certe
808 2012 1020 2060 Anonymus
1047 2013 1118 2054 ille.
1139 2015 1198 2061 qui
1217 2025 1404 2053 sermones
1441 2017 1476 2053 in

390 2073 527 2110 Pascha
547 2073 604 2112 lo.
623 2073 874 2122 Chrysostomi
895 2075 1043 2112 nomine
1057 2075 1284 2123 cdidit,quos
1303 2077 1338 2114 in
1359 2077 1476 2115 lucem

389 2136 578 2173 emisimus
599 2136 634 2171 in
653 2143 783 2172 octavo
804 2135 919 2172 Tomo
941 2137 998 2185 (T.
1021 2137 1058 2174 8.
1079 2149 1110 2174 ε.
1130 2137 1196 2174 261
1215 2137 1228 2186 )
1244 2166 1255 2183 ,
1275 2145 1477 2178 contrarias

389 2198 483 2233 circa
501 2198 712 2236 Paschalem
732 2199 910 2251 calculum
923 2200 1120 2237 sententias
1129 2211 1172 2237 co
1183 2200 1264 2248 ipso
1275 2213 1386 2248 anno,
1403 2215 1476 2252 quo

387 2260 466 2306 ipse
485 2259 668 2296 homiliam
701 2271 802 2298 suam
834 2262 870 2298 in
901 2262 1016 2300 lucem
1051 2263 1165 2308 dedit,
1198 2265 1380 2303 exstitisse
1410 2267 1474 2303 ait.

387 2323 582 2370 Gregorius
597 2335 683 2361 vero
705 2324 930 2364 Turonensis
953 2325 1064 2375 (Vide
1091 2327 1233 2376 ibidem)
1253 2339 1323 2365 non
1359 2332 1473 2369 semel

385 2384 558 2422 observat
583 2387 795 2424 varietatem
829 2389 925 2424 illam
953 2389 1049 2426 circa
1069 2389 1164 2428 diem
1187 2391 1374 2429 Paschalis
1401 2403 1468 2430 suo

387 2453 552 2495 tempore
581 2449 614 2485 in
636 2449 789 2487 diversis
816 2451 1028 2498 regionibus
1055 2453 1261 2501 contigisse.
1300 2455 1474 2492 Fatcntur

384 2517 503 2548 autem
527 2512 593 2548 viri
615 2512 649 2548 in
669 2512 724 2549 his
741 2513 848 2550 rebus
869 2515 1078 2562 peritissimi
1098 2527 1260 2553 errorem
1289 2517 1469 2556 interdum

382 2573 418 2610 in
438 2574 585 2611 calculis
612 2574 818 2621 huiusmodi
847 2577 1056 2624 contingere
1071 2603 1082 2622 ,
1103 2589 1170 2616 nec
1189 2580 1312 2616 nmltis
1338 2581 1472 2619 abhinc

382 2638 488 2674 annis
507 2639 702 2686 contigisse
719 2667 728 2682 ,
749 2650 867 2686 neque
885 2646 1000 2677 tutum
1013 2651 1158 2688 semper
1173 2652 1254 2680 esse
1276 2651 1379 2681 notas
1398 2645 1469 2681 Pa-

383 2698 526 2736 schales
541 2699 621 2736 aliis
645 2700 741 2738 notis
758 2707 994 2747 anteponere.
1013 2701 1109 2740 Sane
1133 2708 1230 2752 tanta
1250 2705 1392 2742 videtur
1407 2715 1469 2742 co-

380 2771 460 2797 rum
479 2771 559 2809 qua:
579 2772 688 2809 supra
705 2762 862 2800 diximus
876 2763 1040 2810 ﬁrmitas,
1062 2774 1101 2801 nt
1122 2765 1240 2811 potius
1257 2777 1300 2803 ex
1315 2777 1466 2814 compu-

381 2825 516 2860 tatione
534 2830 657 2861 nostra
673 2823 848 2862 calculum
861 2825 1074 2863 Paschalem
1088 2827 1281 2874 ejusmodi,
1293 2839 1400 2875 quam
1419 2840 1466 2866 cx

380 2885 519 2922 calculo
547 2886 710 2923 Pascltali
742 2893 870 2924 contra
903 2889 1212 2935 computationem
1241 2890 1337 2926 illam
1359 2891 1466 2928 liccat

379 2945 592 2984 decernere.

427 3007 528 3043 Liber
543 3015 662 3044 contra
681 3003 822 3044 Judwos
838 3013 938 3052 atque
957 3008 1120 3046 Gentiles.
1137 3031 1187 3038 —
1201 3011 1288 3048 [late
1306 3012 1352 3050 de
1367 3015 1463 3060 prio-

378 3069 477 3105 ribus
497 3069 610 3106 tribus
636 3075 762 3105 contra
780 3062 924 3106 Iud-.eos
944 3070 1124 3116 bomiliis,
1145 3083 1225 3119 qua:
1257 3073 1461 3121 Septembri

387 3131 470 3166 anni
493 3131 562 3168 586
579 3130 712 3167 habita:
751 3137 849 3175 sunt,
865 3131 959 3168 dicta
985 3140 1104 3170 sunto.
1138 3136 1340 3183 Antequam
1375 3150 1460 3176 vero

377 3191 534 3238 quinque
551 3195 744 3238 sequentes
757 3193 1016 3238 pronuntiaret,
1035 3195 1164 3232 librum
1180 3199 1459 3238 contraludscos

377 3259 484 3298 atque
499 3248 659 3290 Gentiles
673 3253 792 3289 emisit
808 3254 1069 3302 longissimum,
1083 3269 1199 3305 nequc
1212 3260 1245 3296 in
1263 3263 1457 3301 conciones

376 3314 529 3350 divisum
553 3327 561 3350 :
581 3325 688 3360 quem
701 3325 747 3350 an
769 3325 939 3362 umquam
959 3319 1074 3364 palam
1087 3327 1119 3356 et
1138 3328 1314 3367 prmsente
1325 3325 1457 3371 populo

377 3374 616 3420 pronuntiarit
643 3375 818 3411 incertum
847 3383 914 3412 est.
940 3377 1010 3414 Sed
1029 3386 1164 3417 certum
1182 3381 1322 3420 videtur
1345 3384 1456 3422 emis-

375 3447 455 3472 sum
477 3435 584 3472 fuisse
601 3435 828 3474 librtnnantc
843 3437 1090 3485 Septembrem
1111 3445 1193 3480 anui
1213 3439 1303 3489 587,
1325 3447 1454 3493 utplu-

375 3501 474 3536 ribus
496 3500 531 3540 in
556 3499 692 3536 Muttito
703 3508 1008 3540 commoustratur
1028 3504 1085 3551 (T.
1110 3506 1144 3542 l.
1161 3516 1193 3542 ε.
1212 3505 1316 3556 8H).

425 3559 462 3598 In
481 3565 548 3599 hoc
564 3573 673 3610 opere
691 3563 844 3610 plurima
859 3565 948 3601 scitu
963 3566 1171 3613 dignissima
1187 3576 1446 3616 memorantur,

373 3637 453 3673 qua:
475 3637 546 3662 non
571 3625 655 3663 licet
681 3625 827 3663 silentio
859 3628 1146 3673 prmtermitterc.
1168 3631 1294 3678 Agitur
1325 3632 1384 3669 hic
1403 3632 1449 3670 dc

373 3689 562 3726 divinitate
577 3687 722 3733 Christi,
741 3699 847 3735 quam
859 3689 1022 3726 Anontosi
1038 3690 1170 3736 aliique
1182 3703 1307 3730 omnes
1324 3695 1447 3732 Ariani

374 3753 429 3788 vel
453 3752 642 3800 negabant,
662 3761 745 3788 cum
770 3751 932 3788 dicerent
959 3751 1140 3788 Christum
1171 3754 1282 3793 Deum
1301 3755 1444 3802 quidem

373 3824 469 3855 esse,
491 3814 554 3851 sed
576 3824 646 3851 non
666 3824 751 3851 vcrc
771 3813 905 3856 Deum;
925 3812 982 3849 vel
999 3823 1062 3850 ore
1081 3821 1216 3851 tantum
1232 3821 1337 3852 lenus
1360 3827 1446 3854 eou-

375 3869 579 3920 titcbautur,
609 3885 690 3913 cum
723 3875 822 3912 illum
850 3874 1059 3922 simpliciter
1094 3875 1205 3914 Deum
1240 3877 1441 3916 vocabant:

1162 187 1202 227 S.
1230 181 1419 227 JOANNlS
1439 183 1764 230 CllliYéOSTOMI
1794 187 1898 232 VITA
1913 224 1922 242 ,
2543 216 2596 256 l08

1575 269 1690 309 .lndrci
1707 281 1793 311 vero
1815 280 1923 322 atque
1943 276 2092 322 gentiles
2113 277 2246 327 absque
2265 281 2335 318 ullo
2355 289 2595 334 temperamento

1571 335 1794 382 rcjiciebant'.
1811 337 1959 376 Orditur
1977 346 2096 378 autem
2110 342 2234 380 dicens
2249 355 2288 383 se
2301 346 2422 386 librum
2439 351 2520 392 hunc
2531 357 2595 396 ore.

1569 398 1670 435 viorc
1699 399 1930 448 i'aciliorcquc
1959 404 2052 452 stylo
2083 407 2310 453 concinnare,
2342 417 2378 448 ut
2401 415 2452 452 vel
2478 421 2594 459 ancilla-

1569 469 1680 504 rum;
1697 461 1902 507 viduarum,
1933 473 2143 511 nautarum,
2171 469 2400 517 agricolarum
2425 479 2528 524 capuli
2548 493 2594 520 ac-

1567 523 1832 590 commodatior
1855 532 1966 563 esset.
1994 527 2085 566 Hinc
2117 537 2240 569 contra
2275 535 2418 582 gentiles
2443 523 2594 590 Evangelii

1567 583 1754 621 veritatem
1771 587 1911 633 probat,
1925 589 2019 636 quod
2034 594 2318 639 oppugnantibus
2332 596 2410 635 licet
2425 583 2593 645 natiouibtu

1567 646 1758 691 universis,
1777 658 1843 695 per
1859 655 1972 688 totum
1995 653 2120 690 orbem
2141 646 2352 703 pervaserit;
2375 661 2417 697 ita
2435 664 2510 701 utin
2526 666 2592 704 Per-

1565 707 1644 744 side
1671 719 1828 756 quoque,
1860 711 1920 749 ubi
1951 721 2150 761 martyrum
2186 705 2308 764 ingens
2343 730 2498 760 numerus
2518 735 2588 773 erat,

1565 771 1772 817 evangelica
1787 773 1995 819 przcdicatio
2021 775 2180 814 ﬂoreret.
2199 778 2326 817 Christi
2346 782 2518 824 adventum
2533 771 2588 826 non

1565 831 1674 868 modo
1695 835 1973 883 pncnuntiatun]
2001 837 2112 876 fuisse
2127 839 2228 885 dicit,
2255 841 2317 880 sed
2334 844 2434 882 etiam
2448 847 2588 887 adventus

1564 894 1710 932 modum
1726 903 1762 933 et
1773 899 1932 944 gentium
1947 909 2163 938 concursum
2171 901 2215 939 ad
2227 903 2330 940 iidem
2343 907 2584 955 suscipiendam;

1563 956 1612 993 ita
1633 963 1671 994 ut
1689 959 1788 996 orbis
1803 959 1878 1006 jam
1897 966 1992 999 totus
2020 961 2056 998 in
2085 962 2266 1002 Bethleem
2288 966 2444 1013 conﬂuat,
2463 975 2494 1005 ut
2507 978 2586 1008 nata-

1562 1018 1646 1054 lium
1668 1018 1788 1056 loeum
1806 1028 2011 1059 veneretur.
2039 1023 2184 1062 Judmos
2201 1031 2317 1064 tamen
2335 1027 2444 1065 adhuc
2461 1031 2584 1078 ingratos

1561 1091 1721 1126 manere,
1746 1089 1784 1120 ut
1812 1084 1846 1120 in
1875 1085 2000 1122 multis
2023 1086 2218 1134 Scriptura:
2252 1088 2338 1126 locis
2355 1090 2584 1136 przcdiccbatur.

1559 1144 1788 1190 Sepulturam
1807 1157 1952 1194 quoque
1972 1147 2105 1186 Christi
2131 1151 2398 1197 praenuntiatam
2414 1153 2508 1191 fuisse
2522 1165 2587 1201 pro-

1560 1206 1665 1244 batur
1680 1219 1689 1243 :
1709 1218 1852 1245 necnon
1867 1210 2061 1248 mittendos
2071 1210 2149 1248 fore
2162 1213 2332 1260 evangelii
2347 1224 2520 1260 precantis.
2537 1217 2584 1262 qui

1561 1275 1674 1307 totum
1706 1276 1883 1309 terrarum
1911 1273 2038 1310 orbem
2065 1273 2254 1321 disciplina
2272 1274 2398 1312 Christi
2427 1277 2584 1324 replerent.

1558 1331 1764 1380 Probatque
1785 1333 1930 1371 Petrum
1951 1341 1988 1372 et
2015 1335 2166 1373 Paulum
2187 1337 2326 1385 regibus
2349 1343 2383 1374 et
2399 1337 2586 1385 Imperatori-

1557 1394 1624 1432 bus
1641 1395 1798 1443 majores
1817 1397 2110 1447 potentioresque
2140 1398 2270 1444 fuisse,
2299 1400 2354 1446 qui
2384 1399 2470 1447 leges
2485 1411 2584 1438 eorum

1555 1459 1831 1505 abrogaverin-t,
1862 1461 1966 1508 queis
1984 1459 2121 1498 Christi
2151 1470 2328 1510 praecepta
2351 1463 2585 1500 substituerent.

1555 1519 1740 1556 Judaicum
1767 1521 1902 1558 cultum
1929 1521 2175 1570 abrogaadtxm
2195 1522 2270 1560 fore
2297 1535 2316 1560 a
2335 1524 2499 1570 prophetis
2515 1534 2586 1570 prae-

1555 1584 1756 1620 nuntiatum
1788 1582 1898 1621 fuisse
1918 1585 2070 1630 probat,
2104 1585 2328 1632 futurumque
2353 1585 2441 1623 orbis
2458 1585 2583 1623 univetsi

1550 1645 1743 1692 judicium.
1776 1646 1924 1682 llemum
1953 1647 2071 1684 crucis
2089 1647 2223 1684 Christi
2241 1648 2465 1694 prmstantiam
2482 1653 2513 1684 et
2530 1647 2582 1682 ho-

1554 1717 1680 1744 norem
1702 1707 1861 1753 pluribus
1881 1708 2028 1745 indicat.
2049 1707 2279 1756 Imperatores
2293 1709 2390 1753 enim,
2412 1709 2520 1755 inquit,
2533 1719 2582 1755 pa-

1552 1772 1618 1806 sito
1633 1770 1840 1815 diadeuwte,
1862 1782 1998 1808 crucem
2015 1773 2218 1819 suscipiunt,
2237 1771 2418 1820 symbolum
2436 1771 2534 1807 mortis
2549 1770 2582 1805 il-

1553 1833 1620 1869 lius
1634 1845 1646 1869 :
1661 1833 1697 1868 in
1718 1844 1874 1880 purpura
1896 1845 2000 1879 crux,
2026 1835 2061 1870 in
2081 1834 2270 1870 diademate
2288 1845 2390 1876 crux.
2415 1834 2444 1869 in
2461 1831 2583 1879 precibus

1551 1905 1650 1938 crux,
1671 1895 1707 1930 in
1727 1895 1832 1931 armis
1849 1905 1958 1940 crux;
1977 1903 2007 1932 et
2023 1895 2143 1943 uirique
2161 1903 2324 1932 terrarum
2338 1906 2418 1931 crux
2429 1894 2496 1941 plus
2507 1903 2584 1939 quam

1551 1957 1604 1993 sol
1624 1957 1782 2004 refulget.
1806 1957 1928 2005 Pergit
1943 1967 2029 1994 vero
2049 1959 2094 1995 de
2109 1968 2214 1994 cruce
2235 1958 2402 2004 loquens;
2421 1955 2496 1992 dicit
2509 1954 2583 2000 priu-

1550 2019 1649 2066 cipcs
1667 2026 1704 2056 et
1723 2019 1886 2056 subditos
1901 2049 1910 2064 ,
1941 2021 2111 2058 mulieres
2129 2027 2166 2058 et
2186 2022 2302 2065 viros,
2322 2019 2464 2066 virgines
2481 2024 2512 2055 et
2530 2027 2583 2052 uu-

1551 2088 1631 2128 ptas
1645 2111 1654 2126 ,
1677 2092 1805 2119 servos
1825 2089 1862 2119 et
1883 2083 2014 2120 liberos
2044 2083 2184 2130 signant
2211 2083 2328 2120 crucis
2352 2080 2510 2118 {rentibus
2530 2079 2582 2115 im-

1549 2143 1719 2190 primere,
1741 2154 1784 2180 ac
1799 2144 1898 2180 viros
1915 2145 2157 2192 mulieresque
2176 2155 2268 2181 vera:
2281 2140 2392 2182 crucis
2411 2141 2582 2189 particulam

1547 2215 1640 2241 auro
1657 2204 1832 2242 inclusam
1853 2215 1872 2242 a
1893 2206 1986 2242 collo
2005 2206 2238 2252 suspendere.
2268 2205 2474 2251 Domumque
2489 2205 2584 2237 nam!

1548 2267 1707 2311 Jud:cos,
1727 2267 1869 2306 favente
1887 2269 1953 2306 sibi
1974 2269 2204 2316 imperatore,
2227 2269 2284 2316 qui
2300 2278 2418 2306 omnes
2434 2265 2584 2312 impietate

1547 2330 1756 2377 superabat,
1778 2342 1910 2378 nempe
1926 2331 2068 2368 Juliano
2089 2333 2270 2380 Apostata,
2292 2330 2450 2378 templum
2469 2335 2582 2365 restau-

1547 2401 1629 2428 rare
1650 2391 1778 2428 frustra
1803 2394 2009 2430 tcutavisse.

1594 2453 1760 2501 Quinque
1787 2465 1873 2492 vero
1898 2462 2092 2502 sequentes
2123 2462 2246 2494 contra
2278 2453 2415 2493 Judaros
2447 2449 2582 2488 humilius
2607 2465 2610 2469 λ

1545 2514 1604 2552 diu
1626 2523 1705 2562 post
1725 2517 1966 2554 intermissam
2000 2525 2124 2556 c0ntra
2143 2519 2288 2556 eosdem
2315 2515 2580 2556 concertatione"|

1545 2577 1685 2615 habitas
1716 2579 1824 2616 fuisse
1858 2580 2061 2618 subindicat
2096 2582 2172 2628 ipse
2203 2581 2470 2630 Chrysostomus
2501 2573 2580 2612 initio

1543 2646 1700 2688 quartae,
1724 2641 1780 2677 his
1799 2642 1942 2678 verbis:
1966 2642 2101 2680 Rursus
2116 2643 2268 2692 infelices
2289 2643 2338 2679 illi
2357 2640 2580 2684 mortaliumque

1542 2701 1723 2737 miserrimi
1735 2701 1853 2739 Judwi
1864 2704 2062 2752 jejunaturi
2081 2713 2160 2742 sunt
2175 2718 2188 2742 .'
2208 2717 2324 2741 rursus
2341 2703 2457 2740 Citriin
2469 2707 2580 2748 9'59""

1542 2763 1736 2800 muniamus
1763 2774 1897 2800 necesse
1921 2771 1984 2801 est.
2017 2766 2088 2804 Sed
2121 2775 2246 2814 aperte
2276 2765 2430 2802 declarat
2461 2757 2581 2797 homiliz

1539 2831 1639 2862 sexta
1670 2836 1770 2862 ntnn.
1799 2827 1846 2864 6:
1881 2823 1975 2874 Quid
2005 2836 2118 2865 autem
2148 2829 2267 2877 loquor
2295 2827 2336 2864 de
2367 2817 2579 2873 prwdonilms?

1538 2891 1690 2936 proferto
1719 2889 1812 2926 scitis
1831 2901 1948 2927 omnes
1975 2901 2016 2927 ac
2036 2892 2256 2936 meministis,
2277 2889 2406 2938 quando
2425 2884 2508 2932 "Imd
2529 2891 2578 2917 ⁷¹⁰³

1535 2950 1690 2986 scelerati
1703 2950 1842 2998 quidam
1856 2959 1886 2988 et
1907 2953 2172 3000 prwsligiatores
2188 2959 2317 2989 statuas
2331 2948 2482 2998 principis
2499 2942 2572 2990 dt’jd'

1536 3019 1665 3052 certmt.
1687 3023 1753 3058 quo
1774 3020 1873 3060 pacto
1892 3025 1959 3050 non
1979 3015 2032 3052 illi
2048 3021 2193 3058 tantum,
2210 3011 2269 3062 qui
2285 3014 2414 3061 [acinus
2429 3008 2496 3045 ausi
2513 3007 2574 3053 [κε’

1535 3082 1636 3117 rant,
1657 3073 1717 3110 sed
1733 3081 1896 3122 quotquot
1913 3075 2114 3123 simpliciter
2139 3083 2319 3123 pra'setttes
2344 3069 2499 3119 conspecti
2514 3068 2576 3114 [καί

1535 3144 1612 3172 rant
1628 3166 1638 3182 ,
1668 3138 1828 3184 quoniam
1849 3138 2050 3175 ridebantur
2076 3136 2144 3176 illis
2173 3138 2348 3182 assentiri,
2380 3137 2412 3172 in
2430 3128 2576 3193 judicium

1533 3199 1686 3245 abrepti,
1706 3199 1874 3245 simulque
1891 3211 1969 3236 cum
1989 3197 2059 3236 illis
2077 3198 2214 3236 abducti
2227 3229 2236 3244 ,
2265 3189 2576 3256 extremo'supttlit'i"

1531 3267 1610 3296 sunt
1624 3257 1750 3305 affecti.
1769 3261 1832 3297 llic
1847 3267 2080 3298 memoratam
2093 3260 2254 3298 videmus
2269 3261 2361 3296 illam
2379 3252 2574 3302 tragozdiam.

1532 3332 1612 3368 qum
1634 3332 1697 3368 per
1727 3327 1836 3359 totam
1857 3323 2174 3370 Quadragesimam
2196 3323 2278 3360 anni
2309 3321 2391 3363 387,
2412 3313 2574 3370 occasione

1529 3384 1666 3429 dejecta
1673 3394 1751 3420 rum
1773 3391 1972 3422 statuarum
1985 3414 1993 3430 ,
2007 3369 2212 3423 iiutiochim
2227 3381 2425 3432 spectaculo
2443 3376 2518 3442 fuit,

1527 3457 1597 3494 qua
1615 3445 1773 3492 pluribus
1787 3458 1854 3484 suo
1871 3448 1960 3486 loco.
1983 3446 2065 3486 ilmc
2081 3459 2188 3495 porro
2202 3453 2300 3484 sexta
2318 3443 2456 3483 homilia
2470 3437 2571 3476 habita

1525 3515 1581 3545 est
1600 3510 1677 3556 ipso
1693 3509 1822 3561 jejunii
1843 3506 2049 3548 Judacorum
2070 3511 2127 3548 dic
2141 3539 2150 3554 ,
2171 3517 2209 3547 ut
2227 3510 2302 3557 ipsc
2321 3504 2571 3570 Cbrysostotttus

1525 3569 1613 3608 dicit
1631 3573 1666 3608 in
1689 3573 1785 3610 ﬁne:
1807 3577 1932 3620 quarta
1952 3573 2079 3610 decem
2096 3573 2239 3610 circiter
2261 3569 2384 3608 diebus
2401 3571 2476 3602 ante
2491 3569 2572 3608 161"“

1525 3628 1624 3670 nium
1640 3645 1650 3672 :
1671 3635 1794 3682 quinta
1811 3633 2041 3678 intermedio,
2059 3641 2096 3672 ut
2108 3645 2152 3672 ex
2170 3633 2330 3671 ordiendi
2345 3629 2446 3667 modo
2462 3625 2570 3671 Sqtlcl.

1527 3701 1690 3743 tempore
1707 3709 1716 3732 :
1733 3697 1900 3744 septima,
1916 3697 2073 3733 nondum
2089 3697 2252 3733 absoluto
2262 3694 2458 3732 Judmorum
2474 3687 2571 3720 resto:

1523 3765 1650 3794 octava
1665 3786 1674 3801 ,
1705 3767 1785 3805 post
1802 3758 1978 3805 jejunium
2006 3764 2041 3794 et
2062 3758 2212 3800 festum;
2234 3755 2280 3793 ita
2312 3761 2348 3790 ut
2368 3762 2408 3789 cx
2435 3748 2574 3805 Chrys":

1525 3819 1632 3855 stotni
1653 3819 1771 3856 verbis
1788 3819 1887 3856 clare
1903 3819 2094 3867 colligatur
2109 3830 2190 3856 cum
2211 3818 2325 3853 minus
2342 3821 2443 3860 quam
2464 3807 2572 3867 \‘itt'llu

1521 3881 1660 3917 dierum
1682 3883 1796 3929 spatio
1821 3881 1978 3929 quinque
2000 3887 2197 3929 postremas
2219 3883 2338 3914 contra
2359 3871 2494 3911 Judzcos
2509 3865 2566 3902 ιιο-
