2694 4342
101 289 160 328 1439

99 365 206 403 mitias
230 371 348 400 mense
372 359 568 408 Septembri
595 360 802 397 absolvisse.
831 360 902 396 llac
929 361 972 396 de
995 373 1031 396 re
1049 360 1142 396 ditii-

98 426 205 462 cultas
224 424 316 460 nulla
342 422 490 458 suboriri
511 428 640 468 potest.
665 421 788 458 Utrum
808 430 926 459 autem
946 433 1038 458 anno
1057 423 1142 466 537,

99 488 217 528 eodem
247 492 443 523 recurrente
468 485 626 530 jejunio,
656 484 756 531 cujus
776 495 882 521 causa
909 492 980 521 tres
1010 484 1146 530 priores

100 548 251 585 bomilias
276 556 366 589 anno
391 546 552 592 proximo
569 544 759 588 habuerat,
793 545 856 582 bas
880 545 1035 592 quinque
1054 555 1144 582 con-

101 609 212 645 cionts
230 607 518 654 proauntiaverit,
538 607 605 644 etsi
623 617 692 642 non
712 606 857 654 perinde
875 614 1010 643 certum
1033 606 1144 643 habe-

103 675 163 711 tur,
179 669 318 705 oumino
339 675 456 705 tamen
471 668 651 714 probabile
670 674 742 704 cst.
762 667 802 705 in
822 667 945 707 harum
963 677 1058 705 certe
1077 667 1144 706 ho-

103 730 261 765 tuil‘arum
275 729 426 766 decursu
443 736 637 778 martyrum
652 730 840 766 memorias
853 738 1045 768 occurrere
1059 728 1145 765 dicit

105 798 230 828 sanctus
257 791 395 836 doctor,
417 790 713 838 quemadmodum
741 796 776 827 et
806 791 840 826 in
869 790 1047 837 prioribus
1076 790 1146 827 illis

101 852 314 889 concionibus
330 852 414 888 anni
435 852 505 889 386
523 865 532 888 :
553 862 640 898 quas
659 862 781 890 mense
800 852 1000 898 Septembri
1021 862 1060 888 se
1081 851 1146 887 ba-

101 913 206 949 bnisse
226 912 445 955 testiﬁcatur.
478 912 695 960 Videturque
725 912 1000 960 Cbrysostomus
1026 911 1147 950 Judai-

100 984 166 1011 Ctllil
187 975 363 1020 morbum,
385 975 664 1011 Christianorum
680 975 916 1022 quorumdam
937 976 1064 1012 anitnis
1083 975 1145 1012 ad-

100 1037 157 1073 huc
181 1036 398 1082 bzerentem,
419 1037 476 1073 cui
504 1036 676 1074 medicam
711 1048 852 1074 manum
873 1048 966 1074 anno
992 1037 1062 1073 586
1080 1037 1144 1073 ad-

100 1105 260 1142 moverat,
294 1109 389 1134 anno
419 1098 524 1136 etiam
545 1098 743 1146 insequenti
774 1098 913 1146 penitus
936 1109 1062 1135 curare
1079 1109 1144 1134 vo-

101 1161 220 1198 luisse:
243 1161 429 1208 ipsumque
449 1160 602 1197 humilia:
625 1167 759 1206 quarta.-
784 1159 968 1200 exordium
983 1187 991 1202 ,
1015 1159 1146 1196 Rursus

99 1222 200 1258 Iudici
212 1223 402 1270 jejunaluri
417 1229 517 1265 sunt,
539 1223 701 1260 eamdem
720 1223 884 1270 proxime
903 1229 1146 1260 recurrentem

99 1284 169 1320 anni
183 1290 422 1330 tempestatem
443 1294 588 1331 prorsus
607 1284 807 1332 signiﬁcare
825 1285 983 1323 videtur.

141 1347 220 1392 Quae
236 1354 358 1384 contra
377 1348 570 1384 Auomoeos
591 1354 626 1384 ct
641 1355 765 1386 contra
783 1347 929 1385 Judreos
947 1348 1050 1384 annis
1076 1347 1146 1385 386

100 1409 207 1444 e1587
236 1409 342 1452 dixit,
376 1415 412 1445 et
434 1409 575 1456 quidem
597 1420 666 1446 non
695 1411 807 1448 semel
834 1410 984 1449 alternis
1009 1409 1146 1448 vicibus

101 1469 264 1506 interdum
285 1469 328 1507 de
352 1481 436 1512 uno,
458 1470 632 1508 interdum
653 1471 697 1511 de
714 1472 785 1508 alio
800 1478 1032 1519 argumento,
1057 1481 1146 1508 con-

101 1529 239 1566 tinentcr
269 1535 304 1566 et
332 1541 400 1566 una
429 1531 522 1567 serie
551 1531 760 1576 referenda,
794 1543 861 1568 nee
891 1532 1146 1578 intercipienda

99 1588 276 1634 duximus,
307 1591 424 1628 missis
453 1591 533 1628 aliis
565 1593 696 1631 diversi
732 1594 931 1641 argumenti
960 1592 1146 1640 homiliis,

99 1663 174 1698 quas
190 1664 255 1700 per
273 1653 356 1690 illud
379 1655 550 1701 temporis
574 1657 724 1702 spatium
737 1656 785 1692 ad
806 1656 975 1704 populum
999 1655 1145 1701 habuit,

100 1724 134 1748 ne
151 1715 222 1757 rei,
244 1726 321 1761 qua:
340 1715 500 1762 ejusdem
520 1718 716 1764 argumenti
742 1725 843 1763 erat,
871 1729 1012 1755 cursum
1034 1719 1146 1756 inter-

100 1775 308 1821 pellaremus.
330 1777 566 1821 Quamobrem
585 1779 778 1825 repetenda
801 1787 883 1816 sunt
901 1790 942 1816 ea
955 1807 964 1823 ,
985 1791 1064 1826 qua:
1083 1791 1146 1827 per

102 1835 172 1872 illud
201 1838 367 1885 temporis
398 1839 623 1876 llthl‘Slililllll
657 1841 840 1884 tractavit,
871 1852 1020 1888 quorum
1054 1853 1144 1882 nou-

101 1897 181 1932 nulla
204 1909 270 1934 non
291 1899 460 1945 minOris,
493 1899 564 1938 imo
595 1901 743 1948 majoris
772 1901 943 1939 momenti
972 1913 1052 1940 CSse
1078 1913 1142 1952 pu-

100 1964 218 1996 tantur.

143 2020 282 2058 Humilia
305 2023 346 2061 de
368 2024 602 2063 Anathemate.
623 2045 672 2056 συ-
689 2026 808 2063 Primo
838 2033 958 2064 autem
987 2027 1142 2066 occurri:

102 2081 232 2121 Humilia
258 2085 301 2122 de
321 2087 578 2132 Anathemate,
605 2099 712 2136 quam
743 2094 823 2136 post
851 2090 990 2126 tertiam
1017 2096 1141 2127 umtra

103 2143 272 2184 Antandros
289 2159 326 2185 se
344 2149 644 2195 pronuntiavisse,
665 2161 732 2187 nec
748 2150 899 2187 obscure
922 2149 1081 2188 declarat
1107 2151 1141 2186 in

102 2206 269 2254 principio,
290 2217 326 2246 ut
342 2211 375 2246 in
392 2211 523 2247 Μοιιίῑο
541 2212 766 2258 probavimus
779 2211 842 2260 (Τ.
863 2213 895 2248 l.
914 2223 945 2246 c.
965 2211 1030 2247 9M
1049 2214 1084 2259 );
1107 2220 1144 2249 ut

103 2279 212 2320 nempe
231 2273 368 2315 sedaret
395 2275 613 2316 simultatem
646 2275 828 2318 suborlam
847 2275 932 2318 olim
961 2274 1053 2316 inter
1071 2275 1144 2321 ille-

103 2332 235 2374 letianos
251 2345 285 2376 et
302 2339 526 2378 l‘aulinianos
545 2348 716 2389 utrosque
735 2341 952 2389 Catholicos,
973 2354 1054 2390 qua:
1072 2344 1144 2382 dis-

101 2397 208 2434 cordia
225 2400 287 2438 sub
305 2401 488 2449 Flaviano,
507 2409 542 2440 et
559 2403 604 2440 ad
622 2404 765 2451 longum
786 2411 907 2450 postea
923 2411 1062 2452 tempus
1081 2417 1145 2443 ex-

102 2460 196 2495 tracta
215 2467 280 2498 cst.
311 2463 379 2500 Sed
399 2464 442 2502 ad
463 2465 606 2504 lectoris
633 2466 862 2504 commodum
889 2478 948 2505 res
975 2467 1020 2505 ab
1041 2467 1144 2507 initio

104 2517 219 2558 dissidii
237 2526 425 2572 repetenda
445 2533 512 2564 est.

139 2582 334 2624 Eustathius
352 2589 608 2634 Antiochenus,
627 2591 682 2628 vir
698 2599 842 2628 sanctus
859 2599 896 2630 et
911 2592 1118 2633 Catholicus
1131 2621 1142 2640 ,

104 2643 237 2693 ideoque
259 2648 396 2687 Arianis
419 2651 552 2689 invisus
565 2681 575 2696 ,
595 2653 751 2699 ipsorum
771 2665 878 2702 opera
897 2662 933 2692 ct
952 2657 1143 2695 calumniis

104 2704 267 2751 depositus
284 2709 317 2745 in
347 2711 581 2759 exsiliumque
601 2723 701 2750 actus
729 2715 864 2759 fuerat,
886 2728 979 2754 anno
999 2719 1143 2756 circiter

104 2765 176 2810 530;
195 2771 227 2805 in
249 2771 394 2820 Ojll~qllc
413 2773 525 2811 locmn
541 2775 754 2814 substitutus
770 2778 881 2816 fuerat
895 2781 984 2817 alius
1001 2782 1142 2829 episco-

104 2838 158 2873 pus
191 2833 336 2873 Ariauus
362 2845 372 2871 :
406 2834 644 2884 deincepsque
677 2840 879 2878 continuata
911 2845 1141 2884 successione

106 2892 242 2933 ejusdem
263 2903 368 2933 sei-ur:
393 2897 549 2946 episcopi
567 2900 823 2938 Antiochenam
841 2909 986 2942 tenuere
1000 2906 1138 2951 sedem,

107 2951 272 2993 tlatbolicis
303 2959 440 2997 interim
477 2972 557 2998 cum
591 2962 828 3003 Eus'latbiano
856 2965 953 3003 clero
983 2969 1134 3006 seorsim

107 3013 253 3077 collectas
278 3022 483 3068 agentibus,
513 3025 627 3062 donec
654 3027 773 3063 Ariani
803 3027 1002 3076 .ilcletium,
1031 3041 1138 3077 quem

108 3072 216 3114 heresi
232 3091 299 3118 sum
314 3084 488 3122 addictum
509 3087 692 3134 putabant,
715 3089 748 3126 in
768 3091 973 3139 episcopum
995 3093 1140 3132 ordina-

110 3143 186 3174 rllnl.
208 3139 463 3190 Peropportune
487 3159 572 3185 vero
588 3150 715 3186 cecidit
743 3158 779 3188 ut
797 3152 871 3199 ipse
891 3164 961 3190 non
981 3153 1141 3191 Catholi-

111 3206 161 3230 l'us
176 3200 290 3248 modo,
309 3207 368 3242 sed
387 3209 492 3246 etiam
513 3220 555 3246 ex
577 3210 844 3250 ferventioribus
870 3213 1065 3251 Catholieis
1083 3224 1141 3252 es-

113 3262 219 3329 sein-At
235 3275 310 3303 cutn
333 3276 448 3314 postea
465 3274 720 3320 comperissent
739 3276 852 3324 ipsum
871 3276 1065 3314 Catholicm
1087 3278 1138 3315 rei

116 3321 258 3385 {indicem
274 3355 282 3369 .
302 3331 507 3381 Arianisque
532 3333 704 3374 infensum
725 3349 805 3375 esse
818 3367 826 3381 ,
855 3337 970 3376 \‘irnm
989 3340 1025 3376 in
1045 3341 1140 3377 exsi-

116 3378 178 3418 ¹Ῑ¹¹η¹
203 3388 280 3432 Ρειιί
308 3378 460 3438 curant;
483 3397 516 3432 in
536 3398 682 3448 ejusque
709 3378 825 3437 locum
847 3401 1017 3440 Enzoium
1036 3403 1139 3439 Aria-

117 3449 177 3510 lim."
192 3449 412 3510 substituunt.
432 3455 529 3494 Tunc
548 3470 632 3496 vero
659 3467 731 3499 tres
758 3462 792 3499 in
823 3470 942 3510 partes
967 3464 1137 3502 distracta

118 3508 214 3570 “illis
232 3508 293 3570 Ῐμῑι
309 3524 317 3547 :
340 3515 446 3558 printa
464 3525 539 3555 erat
556 3508 868 3560 Enslalhianorum
884 3553 893 3566 ,
912 3525 988 3561 sive
1011 3536 1136 3562 eorum

119 3567 160 3633 lli“
231 3569 408 3612 Eustathio
425 3577 551 3616 addicti
577 3590 696 3628 crant,
723 3585 855 3632 quique
882 3584 1011 3621 lileletii
1039 3596 1138 3623 corn-

118 3629 288 3692 ?“f'ﬂonﬂn
303 3661 312 3676 ν
333 3636 423 3681 quod
452 3638 495 3674 ab
512 3640 652 3680 Arianis
672 3644 706 3680 in
725 3629 931 3692 episcopum
952 3653 1138 3692 eooptatus

257 3697 481 3742 τοεριιε1›ηιιι;
503 3705 657 3740 secunda
685 3705 953 3742 Meletianorum
969 3734 978 3750 ,
1002 3708 1138 3745 scilicet

180 3758 345 3773 inm...”
386 3761 488 3773 -..ευ
514 3763 522 3773 .
551 3765 572 3773 ..
744 3768 751 3773 .
795 3767 802 3773 .
845 3767 852 3773 .
887 3767 895 3773 .
949 3767 956 3773 .
1050 3769 1070 3773 ..

140 3745 360 3800 ηιΙιοιίυοτυιη,
381 3761 438 3805 qui
457 3761 636 3802 Meletium
651 3794 660 3808 ,
683 3768 751 3803 etsi
771 3767 816 3803 ab
835 3767 976 3804 Arianis
995 3769 1139 3805 ordina-

120 3804 194 3874 Tms
211 3817 321 3857 “ll’hte
338 3817 554 3860 Catholicum
575 3826 912 3874 sanctissimumque
928 3829 1041 3864 virum
1054 3858 1063 3873 ,
1082 3839 1139 3867 sc-

120 3865 306 3938 iit-(tinuum?
327 3880 421 3916 tertia
443 3883 652 3923 Arianorum
667 3914 676 3929 ,
707 3887 765 3934 qui
793 3898 873 3924 cum
897 3889 1030 3926 Enzoio
1053 3900 1137 3927 con-

121 3928 218 3965 γ⁸¹¹¹¹¹⁵
235 3935 385 3979 “Scitam.
407 3941 581 3984 llactcnus
596 3954 712 3985 tamen
732 3948 874 3987 nonnisi
890 3949 960 3988 duo
977 3951 1133 4000 episcopi

877 284 996 322 NUNC
1025 283 1196 322 PRIMUM
1225 283 1490 323 ADOBAATA.

2231 287 2295 326 tto

1217 363 1415 411 Antiochia:
1433 369 1548 403 erant,
1573 364 1740 399 nimirum
1756 375 1796 400 ex
1819 373 1917 412 parte
1937 363 2201 402 Calliolieorunt
2225 365 2294 401 Min

1217 424 1344 465 letius;
1375 434 1418 458 ex
1447 424 1663 459 Arianorum
1683 435 1768 460 vero
1789 435 1888 471 parte
1910 427 2065 464 linzoins
2082 439 2091 464 :
2111 439 2193 464 nam
2225 427 2295 463 En-

1215 484 1383 520 stathiani
1413 494 1494 520 cum
1523 484 1673 520 Paulino
1700 486 1912 533 presbytero
1945 488 2096 526 seorsim
2124 490 2294 526 collectas

1217 546 1387 593 agebant.

1262 606 1502 651 Quamobrem
1531 606 1749 643 Athanasius
1783 607 1817 644 in
1850 607 1996 655 Synodo
2025 609 2288 655 Alexandrina,

1213 676 1308 704 anno
1323 667 1406 711 562,
1427 667 1510 704 totis
1537 668 1669 708 viribus
1689 668 1866 704 nitebatttr
1885 675 1919 703 ul
1940 668 2162 706 Eustathiani
2183 671 2281 707 Mole

1215 728 1577 776 tianisjungerentur,
1592 739 1787 776 omnesque
1798 729 1972 765 Catholici
1985 740 2094 765 unum
2111 729 2287 766 Meletium

1215 790 1422 836 episcopum
1440 797 1696 836 agnoscerent,
1717 790 1759 826 ad
1775 801 1927 837 eamque
1948 801 2022 827 rem
2046 790 2182 837 legatos
2199 791 2290 828 duos

1214 851 1407 888 Eusebium
1431 853 1692 890 Vercelleuscm
1709 860 1742 889 et
1767 853 1947 890 Asterium
1969 853 2160 900 episcopos
2176 863 2195 889 a
2219 852 2287 901 Sy-

1216 913 1311 949 nodo
1330 914 1568 952 Alexandrina
1585 915 1675 950 mitti
1695 915 1844 953 curavit.
1868 915 1996 951 Verum
2021 915 2177 958 interim,
2199 915 2284 950 dum

1215 975 1318 1022 legati
1341 975 1407 1011 iter
1417 984 1577 1023 agerent,
1596 976 1736 1015 Lucifer
1749 976 1972 1012 Calaritanns
1990 977 2084 1022 piunt
2103 977 2286 1012 Athanasii

1214 1036 1538 1084 Alexandrinzequc
1557 1038 1692 1086 Synodi
1711 1038 1900 1074 consilium
1930 1037 2204 1079 interturbavit,
2227 1037 2287 1084 qui

1214 1099 1399 1136 Paulinum
1431 1100 1465 1135 in
1493 1100 1700 1146 episcopum
1731 1099 1872 1146 allegit;
1894 1099 1940 1135 ita
1962 1104 2000 1136 nt
2023 1106 2096 1136 tres
2112 1098 2186 1146 jam
2208 1098 2290 1146 cpi.

1213 1163 1310 1210 scopi
1330 1162 1530 1199 Antiochia:
1549 1168 1684 1205 essent,
1703 1162 1774 1198 duo
1793 1161 1966 1200 Catholici
1979 1189 1988 1202 .
2009 1168 2044 1198 et
2061 1171 2152 1197 unus
2182 1161 2287 1198 Aria-

1215 1236 1294 1262 nus.
1315 1225 1366 1262 Ex
1388 1225 1458 1262 hoc
1477 1230 1596 1261 autem
1612 1223 1877 1260 Catholicorum
1897 1223 2058 1268 dissidio,
2074 1223 2168 1270 quod
2185 1223 2288 1259 anuis

1211 1286 1304 1323 bene
1324 1286 1446 1323 multis
1467 1285 1646 1332 perstitit,
1669 1285 1867 1321 innumera:
1896 1286 1981 1321 rixa:
2002 1285 2158 1323 subortu
2178 1293 2261 1322 sunt
2275 1308 2288 1328 ,

1213 1349 1457 1393 Ctillllll'lltfiitl‘,
1475 1348 1640 1390 dicteria,
1657 1347 1861 1390 maledicta,
1885 1346 2014 1394 quibus
2029 1357 2068 1382 se
2087 1353 2210 1381 tuutno
2231 1345 2287 1380 di-

1214 1413 1329 1448 versis
1346 1410 1476 1446 addicti
1499 1408 1662 1457 partibus
1679 1409 1898 1453 lacerabant,
1918 1409 2026 1444 rebus
2047 1408 2161 1459 palam
2183 1407 2289 1444 exul-

1215 1475 1358 1511 ceratis.
1378 1474 1548 1513 Paulinus
1569 1483 1654 1509 vero
1673 1473 1706 1508 in
1726 1473 1934 1519 episcopum
1950 1471 2110 1508 adiectus
2131 1470 2286 1506 Alexan-

1215 1535 1327 1572 drina:
1371 1534 1518 1583 Synodo
1564 1534 1804 1581 subscripsit,
1846 1533 1880 1570 in
1920 1543 1990 1580 qua
2037 1531 2281 1579 Apullinarins

1215 1595 1452 1638 Laodicenus,
1474 1597 1534 1647 qui
1555 1607 1600 1633 eo
1621 1595 1817 1632 mo:iachos
1837 1602 2003 1632 oratores
2019 1605 2104 1631 Suos
2123 1595 2283 1639 miserat,

1217 1664 1255 1694 ut
1275 1657 1534 1706 professiouetn
1565 1657 1648 1696 fidei
1678 1668 1752 1695 suae
1778 1658 1812 1694 in
1835 1664 1928 1695 coetu
1956 1657 2099 1694 Patrum
2133 1657 2284 1703 darent,

1215 1719 1262 1756 ita
1283 1727 1398 1755 tamen
1418 1727 1453 1755 ut
1475 1730 1616 1756 errores
1636 1730 1721 1759 suos
1739 1719 1888 1757 subdole
1909 1720 2118 1764 reticerent,
2136 1720 2170 1756 in
2186 1731 2286 1757 com.

1214 1781 1421 1820 munionctn
1441 1781 1656 1817 admittitur.
1679 1781 1852 1818 Paulinus
1871 1788 1990 1823 autem
2010 1791 2106 1818 anno
2125 1782 2196 1818 562
2223 1793 2285 1818 or-

1211 1844 1370 1889 dinatns,
1392 1854 1486 1880 anno
1506 1843 1589 1887 588,
1607 1844 1662 1880 vel
1678 1844 1762 1888 589,
1780 1843 1885 1881 linem
1903 1844 2041 1881 vivendi
2063 1844 2158 1880 fecit.
2178 1845 2284 1891 Apol-

1212 1905 1362 1943 linarius
1400 1917 1512 1949 vero,
1555 1907 1615 1952 qui
1660 1911 1741 1953 post
1776 1906 1961 1953 Synodum
2000 1906 2283 1942 Alexandrinam

1211 1977 1354 2009 ert-Ores
1375 1978 1458 2003 sues
1476 1967 1668 2014 Spargebat
1693 1974 1730 2004 ut
1747 1974 1830 2004 ante
1845 1995 1856 2014 ,
1877 1967 1922 2003 ab
1942 1966 2138 2003 Athanasio
2155 1968 2284 2004 coniu-

1213 2034 1306 2064 tatus
1325 2028 1388 2064 l'uil
1408 2035 1444 2064 ιιι
1463 2028 1668 2065 harreticus.

1261 2089 1344 2126 llarc
1375 2090 1622 2138 permittenda
1653 2097 1777 2135 erant,
1811 2097 1848 2126 nt
1877 2089 2123 2139 Chrysostomi
2155 2100 2285 2138 scopas

1211 2159 1247 2190 et
1268 2152 1361 2188 dicta
1386 2153 1686 2200 intelligerentur.
1709 2153 1888 2191 Meletiani
1909 2163 1994 2201 ergo
2013 2153 2215 2198 Catholici,
2238 2154 2284 2191 de

1212 2215 1318 2264 vulgo
1350 2215 1501 2268 loquor,
1535 2215 1781 2258 Eustatliianis
1813 2216 1956 2264 infensi,
1980 2215 2063 2253 hinc
2094 2217 2282 2253 maledicta

1213 2283 1416 2331 prot'ercndi
1437 2284 1662 2320 occasionem
1683 2283 1896 2330 captabant.
1916 2279 2009 2329 quod
2039 2279 2208 2320 Paulinus
2227 2282 2280 2319 ei-

1201 2344 1293 2397 dem
1314 2343 1565 2382 Alexandrina:
1579 2343 1725 2395 Synodo
1744 2344 2029 2390 subscripsisset,
2046 2345 2101 2381 cui
2121 2346 2280 2381 subscri-

1215 2411 1334 2452 pserat
1369 2405 1476 2441 etiam
1521 2405 1764 2452 Apollinarius
1814 2405 2082 2449 hmresiareba,
2130 2406 2283 2451 ideoque

1214 2467 1473 2516 Apollinarium
1491 2467 1627 2504 Paulini
1648 2467 1856 2513 magistrum
1875 2465 2102 2503 dictitabant.
2120 2465 2283 2514 Chryso-

1212 2535 1351 2570 stomns
1370 2539 1455 2565 vero
1481 2529 1540 2578 qui
1571 2538 1666 2576 :egre
1698 2527 1892 2567 admodum
1918 2527 2062 2564 videbat
2086 2527 2281 2564 Ecclesiam

1214 2589 1476 2627 Antiochenam
1491 2589 1537 2625 ita
1553 2589 1755 2631 discissam,
1776 2594 1814 2624 ut
1832 2585 2005 2625 Catholici
2024 2588 2058 2624 in
2075 2587 2281 2624 Catholieos

1213 2658 1284 2690 tam
1305 2651 1476 2690 atrociter
1495 2651 1721 2698 insurgerent
1737 2680 1745 2693 .
1765 2651 1949 2687 auditores
1967 2660 2053 2687 suos
2073 2650 2154 2686 talia
2175 2659 2282 2686 ausus

1211 2725 1339 2763 aspere
1359 2715 1490 2762 excipit
1510 2726 1518 2750 :
1539 2713 1610 2751 Sed
1626 2712 1708 2760 quid
1725 2713 1842 2749 dicunt
1858 2712 1926 2756 illi,
1948 2713 2074 2759 inquit,
2091 2711 2137 2747 ad
2149 2722 2281 2747 omnem

1211 2777 1377 2814 malitiam
1399 2775 1574 2812 audaces?
1595 2774 1794 2818 llwreticus,
1815 2775 1922 2817 aiunt,
1943 2774 2001 2810 ille
2016 2776 2127 2822 [actus
2147 2779 2207 2814 est,
2228 2773 2282 2808 iu-

1211 2839 1418 2875 Itabt'tantem
1451 2838 1548 2874 habet
1579 2837 1771 2878 diabolum,
1806 2842 1836 2872 et
1865 2836 2014 2883 loquitur
2037 2841 2154 2871 contra
2173 2834 2281 2870 Deum

1210 2901 1408 2948 nequitiam,
1431 2900 1621 2947 multosque
1639 2898 1780 2934 suadela
1797 2908 1948 2945 vanaque
1974 2897 2112 2944 fallacia
2139 2896 2173 2932 in
2201 2908 2282 2944 pro~

1209 2962 1356 3010 fundunt
1377 2961 1470 2999 exitii
1489 2960 1650 3003 abducit;
1668 2960 1808 3006 ideoque
1835 2971 1858 2996 η
1887 2959 2046 2995 Palribus
2069 2959 2194 3006 ejecta:
2211 2964 2280 3002 est,

1209 3025 1357 3061 maxime
1374 3023 1476 3070 hujus
1496 3023 1670 3070 magister,
1698 3021 1755 3068 qui
1777 3027 1906 3068 partem
1927 3019 2089 3056 Ecclesiw
2114 3019 2281 3056 abscidit:

1208 3087 1257 3124 sic
1277 3091 1338 3122 aut
1359 3085 1544 3122 Paulinum
1563 3090 1620 3120 aut
1641 3082 1893 3131 Apollinarium
1910 3082 2100 3129 designant.

1259 3148 1342 3184 llzec
1355 3146 1462 3184 rcl'ert
1478 3145 1759 3194 Chrysoslomns
1774 3151 1810 3180 ut
1827 3143 1872 3179 ab
1887 3143 2067 3179 incondita
2086 3143 2186 3179 turba
2206 3153 2277 3179 non

1208 3211 1256 3247 ita
1273 3215 1438 3246 accurate
1458 3208 1671 3246 dicebantur
1687 3219 1694 3243 :
1715 3211 1752 3243 et
1771 3207 1853 3253 quia
1876 3215 1945 3242 non
1959 3216 2043 3242 raro
2061 3206 2196 3252 plebeia
2213 3206 2279 3242 bu-

1204 3271 1362 3320 jnsmodi
1383 3269 1544 3308 convicia
1567 3277 1602 3307 et
1619 3269 1714 3306 dicta
1739 3268 1965 3316 peregrinum
1996 3269 2158 3305 souantia
2192 3279 2276 3304 ura-

1209 3335 1295 3372 tiOni
1315 3335 1621 3377 intermiscentur,
1638 3332 1715 3368 hzee
1739 3332 1865 3368 concio
1884 3331 2006 3368 multis
2033 3331 2068 3368 in
2097 3331 2186 3368 locis
2204 3343 2274 3368 non

1208 3396 1284 3443 pari
1301 3401 1408 3443 atque
1427 3401 1566 3432 earterae
1587 3393 1764 3440 elegantia
1783 3392 1879 3429 dicta
1897 3392 2052 3429 videtur.
2075 3392 2176 3430 lianc
2193 3403 2275 3430 cn.n

1207 3457 1362 3495 Baronio
1381 3463 1418 3495 et
1439 3456 1661 3500 llcrmantio,
1678 3460 1841 3493 vertente
1859 3465 1954 3492 anno
1971 3455 2041 3493 586
2057 3455 2189 3492 dictam
2209 3465 2276 3500 pu—

1208 3527 1350 3565 tamns,
1384 3530 1514 3567 resque
1538 3519 1684 3555 omnino
1714 3524 1811 3555 certa
1843 3517 1997 3555 videtur.
2026 3516 2279 3554 Tillemomius

1209 3589 1328 3620 tamen
1347 3593 1392 3620 ex
1411 3583 1505 3619 male
1518 3581 1626 3618 allato
1643 3588 1679 3617 et
1697 3581 1879 3618 intellecto
1891 3580 1997 3627 hujus
2011 3579 2168 3616 homiliae
2183 3578 2276 3616 loco.

1208 3649 1308 3690 putat
1327 3655 1406 3681 eam
1427 3643 1583 3680 habitam
1614 3642 1722 3680 fuisse
1743 3649 1822 3690 pOst
1842 3643 1980 3679 Paulini
2001 3646 2174 3678 mortem,
2197 3641 2277 3680 post

1208 3717 1341 3742 annum
1361 3705 1497 3742 scilicet
1515 3705 1599 3742 588.
1620 3705 1710 3742 Vide
1731 3705 1900 3742 Monilum
1922 3709 2100 3742 nostrum,
2116 3698 2173 3732 ubi
2188 3705 2274 3731 sen-

1211 3768 1318 3804 tentia
1339 3767 1418 3814 ejus
1437 3767 1650 3811 clarissime,
1673 3768 1706 3804 ni
1726 3767 1844 3808 fallor,
1865 3764 2082 3802 confutatur.

1258 3828 1302 3865 In
1321 3829 1443 3865 Natali
1461 3829 1588 3865 Christi
1601 3829 1783 3865 concio.——
1792 3827 1956 3871 Quinque
1974 3821 2099 3856 diebus
2119 3823 2196 3863 post
2215 3816 2277 3850 ba-

1211 3890 1318 3926 bitam
1339 3891 1374 3927 in
1401 3891 1439 3928 S.
1461 3890 1710 3937 l‘hilogouium
1741 3886 1922 3923 homiliam
1938 3909 1948 3924 ,
1970 3879 2004 3915 id
2021 3884 2077 3915 est
2101 3877 2277 3932 vigesima

1207 3953 1328 3999 quinta
1351 3952 1557 3989 Decembris
1572 3979 1581 3995 ,
1599 3955 1636 3986 ut
1658 3950 1734 3995 ipse.
1751 3946 2027 3992 Chrysostomus
2053 3938 2274 3983 testificatur,
