3932 6190
568 419 660 476 Ml
1626 409 1679 465 S.
1722 405 1998 464 JUANNIS
2031 403 2499 461 CllllYSOSTOMl
2543 407 2719 475 Vl'l'A,
3737 407 3830 463 H't

565 533 730 599 prima
761 527 873 579 \ice
901 525 967 580 de
995 525 1080 579 die
1105 523 1274 578 Natali
1298 520 1490 577 Chri~ti
1520 524 1859 576 Concionatus
1878 531 1960 575 est
1981 519 2066 591 (Τ.
2083 519 2137 572 2.

565 630 610 667 c.
644 613 742 668 35l
757 650 770 663 .
791 611 828 664 l.
846 612 958 684 24).
979 609 1110 667 Cum
1133 613 1279 669 enim
1315 613 1542 668 nondum
1575 614 1799 668 decimus
1819 631 1985 668 annus
2002 625 2148 678 esset,

2253 532 2355 579 est.
2396 522 2704 577 Miraculum
2750 521 2942 576 deinde
2984 522 3124 575 circa
3164 535 3352 591 aquam
3379 519 3629 591 baptismi
3669 535 3834 576 enun-

2254 614 2378 680 tiat;
2424 629 2548 668 nam
2592 627 2714 668 cum
2762 625 2948 667 versus
2991 611 3221 669 mediam
3265 621 3498 677 noctem,
3537 627 3659 684 quae
3691 615 3822 670 diem

563 701 740 773 inquit
767 703 876 771 ille,
907 720 970 758 ea:
994 720 1094 776 quo
1121 704 1228 761 dies
1253 703 1342 764 ille
1369 705 1722 763 Antiochenis
1761 706 2051 760 inualuerat
2086 704 2153 761 ah
2255 704 2567 775 Epiphaniae
2595 703 2961 775 pra-cedebat,
2991 703 3184 774 singuli
3214 702 3282 760 de
3309 717 3445 774 aqua
3473 704 3562 762 itla
3589 704 3829 774 baptismi

562 794 872 858 Occidente,
905 793 994 846 ubi
1024 792 1090 847 ab
1119 790 1338 848 exordio
1369 790 1457 844 illa
1484 789 1570 844 die
1609 789 1908 847 celebratus
1937 789 2142 855 fuerat,

563 887 900 944 Antiochiam
940 885 1178 950 delatus;
1211 883 1361 943 multi
1391 882 1532 937 diem
1575 881 1768 936 festum
1812 879 2144 950 huiusmodi,

565 979 714 1051 quasi
742 993 937 1034 novum
967 991 1030 1032 ac
1058 985 1302 1033 recenter
1332 973 1601 1030 inductum
1628 973 2026 1038 detrectabant;
2054 971 2149 1027 alii

566 1081 743 1124 tamen
786 1083 980 1140 magno
1028 1080 1250 1127 numero
1290 1065 1520 1122 libenter
1564 1063 1956 1123 admittebant:
1987 1078 2147 1140 quam

565 1163 1003 1232 disceptationem
1027 1171 1082 1215 ut
1102 1160 1302 1230 sopiret
1329 1157 1761 1230 Chrysostomus,
1786 1156 1874 1212 ubi
1896 1157 2144 1229 primum,

564 1263 846 1325 postquam
892 1252 1169 1324 presbyter
1211 1251 1485 1306 ordinatus
1531 1251 1741 1314 fuerat,
1788 1251 2020 1307 occurrit
2061 1249 2150 1304 illa

565 1344 872 1409 celebritas,
911 1338 1045 1399 han'c
1075 1342 1346 1400 homiliam
1379 1341 1580 1405 habuit,
1609 1349 1670 1395 ut
1697 1339 1970 1395 subortam
2003 1339 2148 1396 litem

568 1437 804 1502 tolleret,
829 1443 882 1488 et
910 1432 1050 1492 diem
1081 1432 1321 1488 Natalem
1348 1431 1544 1487 Christi
1575 1432 1628 1485 in
1654 1431 1964 1500 vigesimam
1990 1431 2149 1500 quin-

569 1538 677 1582 tam
708 1525 1016 1582 Decembris
1057 1524 1291 1582 incidere
1317 1525 1496 1578 multis
1525 1524 1852 1593 argumentis
1883 1522 2149 1591 probaret,

572 1620 754 1674 Primo
796 1619 872 1676 ait
910 1618 1048 1673 hanc
1086 1632 1265 1672 verum
1293 1631 1411 1671 esse
1437 1615 1756 1670 sententiam
1785 1616 1868 1670 vel
1891 1615 2010 1670 inde
2031 1629 2154 1685 pro-

573 1711 819 1767 babiliter
843 1710 994 1779 argui
1015 1751 1029 1774 ,
1057 1707 1198 1782 quod
1229 1723 1630 1777 quaquaversus
1656 1707 1963 1761 denuntiata
1985 1748 2000 1773 ,
2030 1721 2151 1762 cum

574 1813 716 1857 tanta
747 1802 1021 1856 celeritate
1048 1801 1116 1854 ab
1150 1797 1398 1854 omnibus
1434 1809 1679 1869 suscepta
1725 1797 1905 1856 fuerit.
1953 1798 2154 1855 Deinde

571 1898 648 1952 ait
672 1896 761 1952 illa
786 1895 872 1948 die
899 1893 966 1948 ab
989 1892 1212 1949 exordio
1240 1908 1333 1963 per
1355 1901 1519 1948 totum
1548 1891 1890 1948 Occidentem
1913 1891 2154 1948 celebra-

570 1995 686 2044 tum
729 1984 890 2040 fuisse
917 1984 1114 2040 Christi
1156 1993 1366 2048 ortum,
1397 1983 1731 2053 maximeque
1772 1983 1976 2040 Romm.
2022 1983 2154 2037 Cum

569 2089 753 2134 autem
783 2091 976 2132 census
1004 2073 1219 2147 Cyrcnii
1240 2075 1393 2145 jussu
1420 2075 1639 2144 Augusti
1679 2075 1847 2128 factus
1872 2116 1885 2137 ,
1920 2075 1972 2128 in
1992 2074 2154 2131 tabu-

573 2169 747 2240 lisque
789 2168 1125 2237 descriptus,
1171 2182 1336 2240 penes
1376 2167 1644 2221 Romanos
1688 2166 2004 2234 haberetur;
2034 2167 2157 2224 hinc

573 2274 752 2313 verum
787 2273 1205 2328 germanumquc
1241 2257 1441 2313 Natalis
1469 2258 1664 2318 Christi
1707 2258 1847 2317 diem
1889 2259 2158 2317 Romanos

575 2349 838 2403 hausisse.
873 2349 1026 2403 Aliud
1053 2363 1262 2418 qquuc
1301 2359 1670 2419 argumentum
1702 2358 1974 2408 mutuatur
1999 2366 2064 2404 ex
2093 2362 2159 2405 eo

575 2439 661 2493 die
682 2481 696 2505 ,
723 2455 832 2512 quo
863 2439 1134 2512 ingressus
1161 2449 1242 2492 cst
1269 2440 1319 2493 in
1355 2441 1607 2510 templum
1648 2440 1931 2497 Zacharias
1951 2484 1965 2506 ,
1999 2429 2158 2510 quem

577 2529 691 2602 ipse
716 2546 980 2586 summum
1025 2529 1330 2603 pontificem
1360 2539 1512 2600 putat
1540 2548 1554 2585 :
1587 2532 1710 2585 inde
1741 2547 1868 2586 vero
1895 2533 2159 2592 calculum

577 2625 756 2689 ducit,
802 2633 861 2681 ut
907 2625 1091 2694 probet
1135 2624 1185 2678 in
1218 2623 1524 2695 vigesimum
1569 2622 1805 2694 quintam
1848 2623 2160 2681 Decembris

580 2717 816 2772 incidere
846 2717 984 2773 diem
1013 2717 1253 2775 Natalem
1287 2718 1514 2774 Domini.
1542 2719 1650 2773 Hac
1676 2733 1801 2773 vero
1833 2716 1900 2773 de
1927 2735 1985 2773 re
2011 2720 2160 2791 plura

580 2811 895 2882 protulimus
925 2811 976 2865 in
1006 2810 1206 2866 Monito
1235 2811 1295 2866 T.
1325 2811 1379 2874 2,
1406 2827 1454 2868 c.
1475 2811 1577 2870 547
1597 2851 1611 2878 ,
1645 2809 1732 2864 ubi
1761 2810 1880 2864 vide
1908 2811 2002 2864 sis.

650 2903 835 2958 Concio
852 2903 1220 2958 alim—Erant
1245 2903 1542 2959 Antiochia:
1569 2902 1782 2972 quidam
1803 2902 1870 2957 de
1887 2903 2029 2959 recta
2062 2901 2163 2957 ﬁde

581 3012 688 3052 non
719 2995 885 3065 probe
911 2997 1226 3060 sentientes,
1258 2996 1346 3064 qui
1377 2993 1480 3051 hoc
1505 2993 1654 3052 Pauli
1676 2992 1878 3050 dictum
1908 2992 1958 3047 in
1983 2993 2164 3049 Eccle-

579 3086 658 3140 sia
715 3086 910 3142 lectum
951 3084 1052 3155 (Τ.
1093 3087 1145 3140 5.
1192 3101 1240 3138 c.
1285 3087 1381 3141 3H
1409 3086 1466 3156 ),
1516 3084 1636 3139 Sive
1675 3102 1764 3154 per
1815 3085 2161 3153 occasionem,

578 3177 682 3233 sive
710 3193 799 3246 per
824 3177 1078 3231 veritatem
1104 3175 1332 3235 Christus
1359 3177 1707 3242 annuntietur,
1735 3187 1781 3231 et
1817 3179 1869 3232 in
1909 3179 2002 3232 hoc
2031 3196 2164 3251 gau—

581 3271 698 3334 deo,
742 3269 815 3325 ita
860 3284 1024 3342 prave
1062 3269 1569 3341 interpretabantur,
1613 3279 1673 3328 ut
1715 3269 1992 3339 dicerent,
2038 3271 2165 3327 dum

579 3359 828 3416 Christus
850 3359 1276 3425 annuntiaretur,
1306 3376 1493 3430 parum
1519 3359 1780 3417 interesse
1809 3377 1875 3415 an
1916 3360 2165 3422 hmrutica

581 3467 651 3508 an
693 3466 816 3507 vera
864 3451 1111 3522 dogmata
1140 3461 1344 3507 essent.
1376 3451 1489 3506 Hoc
1515 3453 1711 3507 erroris
1742 3462 2043 3522 portentum
2069 3453 2166 3510 de-

583 3545 735 3616 pellit
777 3543 1230 3615 Chrysostomus,
1280 3544 1626 3615 pluribusque
1679 3544 2008 3603 demonstrat
2061 3560 2168 3601 non

583 3651 704 3692 eam
729 3650 851 3692 esse
874 3635 1023 3690 Pauli
1047 3644 1299 3690 utentem.
1329 3633 1433 3690 Sed
1460 3651 1526 3693 ex
1549 3650 1673 3694 vera
1701 3651 1875 3689 rerum
1899 3646 2168 3706 gestarum

586 3727 809 3783 hiatoria
831 3727 978 3782 Pauli
1007 3727 1324 3786 sententiam
1369 3726 1506 3781 hanc
1544 3741 1665 3782 esse
1705 3726 1984 3783 confirmat
2007 3744 2019 3779 :
2046 3742 2169 3790 cum

585 3823 734 3878 Pauli
778 3821 976 3876 inimici
1018 3821 1232 3891 quidam
1262 3835 1383 3876 eum
1421 3819 1647 3880 vinealis
1672 3820 2020 3875 constrictum
2047 3836 2168 3876 cer-

586 3923 812 3982 nerent,
860 3925 917 3970 ut
959 3913 1226 3971 Neronem
1273 3915 1441 3984 magis
1485 3913 1536 3968 in
1573 3929 1696 3969 eum
1749 3923 2168 3984 exasperarent,

587 4008 860 4077 ipsiusque
905 4006 1194 4076 perniciem
1255 4005 1592 4071 molirentur,
1647 4020 1828 4060 veram
1882 4020 2172 4078 sanamque

589 4097 751 4153 fidem
783 4097 904 4153 ideo
933 4097 1310 4167 praedicabant,
1357 4106 1417 4152 ut
1458 4104 1614 4151 aucto
1660 4097 2042 4166 discipulorum
2069 4116 2170 4156 nu-

591 4205 741 4244 mero
771 4201 1026 4260 tyrannus
1054 4189 1143 4243 ille
1174 4189 1228 4244 in
1254 4189 1472 4244 Paulum
1499 4190 1702 4248 catenis
1723 4201 1973 4247 onustum
2006 4192 2174 4262 magis

591 4283 868 4353 magisque
891 4281 1124 4336 saavirct.
1151 4281 1264 4334 Hac
1289 4295 1417 4335 vero
1446 4281 1511 4336 de
1534 4296 1691 4336 causa
1715 4324 1731 4349 ,
1757 4283 1830 4337 ait
1857 4282 2175 4354 Chrysosto-

593 4389 734 4440 mus,
759 4372 952 4427 Paulus
979 4371 1107 4425 dicit
1133 4389 1148 4425 :
1175 4370 1294 4426 Sive
1314 4388 1402 4442 per
1425 4373 1768 4440 occasionem,
1799 4374 1900 4426 sive
1934 4393 2024 4445 per
2049 4377 2176 4429 veri..-

593 4474 743 4518 tatem
785 4461 1014 4518 Christus
1052 4462 1490 4526 annuntietur,'et
1533 4463 1586 4516 in
1627 4462 1722 4518 hoc
1759 4464 1972 4534 gaudeo.
2014 4464 2175 4521 Multa

595 4554 810 4624 pra-fert
840 4552 955 4608 hanc
989 4552 1206 4608 liomilia
1233 4553 1285 4606 in
1314 4551 1577 4622 principio
1599 4551 1665 4607 de
1701 4552 2018 4618 humilitate,
2045 4565 2098 4609 et
2124 4555 2178 4610 in

596 4645 703 4700 line
731 4645 799 4699 de
841 4644 1069 4698 utilitate
1097 4643 1516 4712 necessitateque
1560 4643 1897 4712 precationis.
1936 4644 2176 4700 Habitum

596 4746 775 4790 autem
819 4734 985 4791 fuisse
1028 4745 1148 4804 post
1187 4735 1328 4791 diem
1360 4734 1596 4789 Natalem
1619 4734 1814 4794 Christi
1845 4737 2042 4792 ultimis
2071 4737 2178 4792 De-

595 4827 829 4882 cembris
851 4825 1038 4880 diebus
1060 4826 1184 4879 anni
1216 4825 1352 4892 386,
1385 4841 1448 4880 ex
1493 4826 1622 4895 ipsis
1651 4825 2018 4899 Chrysostomi
2059 4845 2178 4884 ver-

597 4916 684 4971 bis
723 4917 996 4986 arguitur,
1029 4925 1085 4970 ιιι
1107 4915 1290 4971 videas
1333 4917 1387 4990 in
1415 4916 1615 4974 Monito
1643 4917 1703 4974 T.
1737 4920 1792 4986 5,
1829 4935 1879 4973 c.
1908 4919 2014 4974 309
2043 4937 2055 4975 :
2087 4921 2177 4975 ubi

597 5023 709 5063 rem
727 5047 745 5074 ,
771 5007 817 5062 si
844 5023 948 5062 non
995 5009 1218 5064 omnino
1245 5020 1448 5065 certam
1467 5051 1484 5079 ,
1517 5010 1804 5067 admodum
1828 5011 2175 5068 veriSImiletn

595 5101 1156 5156 tuimtnonstravimus.

667 5194 855 5250 Concio
883 5195 936 5247 in
965 5192 1306 5264 Epiphaniam
1327 5204 1375 5249 et
1399 5196 1537 5251 alite.
1558 5226 1631 5237 —
1650 5195 1705 5250 ln
1732 5193 1819 5274 die
1849 5207 2023 5250 autem
2053 5196 2179 5265 Epi-

597 5285 807 5358 phaniae
836 5286 1076 5356 sequenti
1110 5284 1278 5358 (Anno
1302 5288 1451 5358 587),
1489 5297 1546 5341 ut
1578 5288 1796 5342 omnino
1833 5287 2178 5357 probabiliter

597 5378 950 5440 existimatur,
980 5375 1050 5432 de
1074 5375 1344 5447 Baptismo
1385 5386 1440 5432 et
1480 5377 1770 5448 Epiphania
1807 5376 2005 5432 Christi
2048 5393 2178 5432 con-

597 5469 807 5522 cionem
835 5466 1019 5520 habuit
1047 5463 1133 5537 (Τ.
1161 5466 1218 5519 2.
1239 5483 1285 5518 c.
1319 5463 1446 5533 365)
1471 5482 1482 5517 :
1503 5465 1590 5520 ubi
1619 5477 1897 5536 postquam
1927 5467 2176 5536 populum

599 5559 666 5614 ad
695 5559 986 5614 Ecclesiam
1011 5556 1443 5627 frequentandam
1477 5555 1718 5612 hortatus
1746 5567 1848 5624 est,
1881 5558 1948 5613 de
1976 5559 2173 5628 duplici

599 5649 891 5717 epiphania
921 5650 1062 5719 agit;
1093 5648 1159 5704 de
1189 5647 1279 5702 illa
1316 5659 1511 5717 nempe
1533 5663 1636 5716 qua
1680 5649 1847 5720 magis
1875 5666 1938 5704 ex
1969 5651 2176 5707 oriente

599 5739 935 5792 venientibus
976 5741 1242 5809 apparuit,
1282 5738 1455 5809 deque
1491 5751 1783 5810 postrema,
1825 5756 1925 5810 qua
1968 5743 2018 5796 in
2045 5757 2176 5796 con-

603 5831 956 5886 summatione
975 5832 1155 5886 saeculi
1183 5848 1301 5888 cum
1331 5833 1498 5904 gloria
1533 5843 1586 5890 et
1615 5835 1898 5904 Splendore
1926 5845 2176 5891 venturus

2252 795 2436 852 latices
2477 810 2656 850 secum
2685 803 3048 866 asportarent,
3079 809 3214 865 aqua
3253 793 3342 849 illa
3381 811 3486 848 non
3527 810 3832 863 comitare-

2253 885 2428 952 batur,
2455 884 2549 940 sed
2580 885 2786 954 integro
2815 898 2956 939 anno
2977 925 2994 950 ,
3028 885 3152 955 quin
3181 892 3236 939 et
3269 883 3484 940 biennio
3521 895 3575 939 et
3607 886 3832 940 triennio

2253 978 2558 1048 incorrupta
2585 979 2850 1034 manebat.
2877 978 3043 1033 Docet
3065 977 3257 1033 deinde
3277 977 3401 1048 quid
3424 978 3632 1032 intersit
3650 979 3832 1036 discri'

2253 1068 2413 1123 minis
2438 1069 2577 1124 inter
2609 1069 2869 1138 baptisma
2892 1069 3196 1125 ludatorum
3217 1109 3232 1136 ,
3258 1069 3520 1138 baptisma
3540 1069 3761 1124 Joannis
3785 1081 3830 1127 et

2255 1160 2514 1230 baptisma
2563 1159 2780 1215 Christi.
2827 1161 2961 1215 Hinc
3008 1159 3236 1229 explicat
3280 1159 3548 1230 quomodo
3594 1160 3834 1219 Christus

2256 1251 2556 1323 impleverit
2589 1267 2800 1307 onmem
2825 1249 3086 1323 justitiam
3109 1267 3124 1315 ;
3149 1251 3362 1306 demum
3394 1251 3639 1307 hortatur
3669 1268 3826 1322 pepu-

2255 1342 2387 1408 lnm,
2417 1353 2473 1397 ut
2497 1359 2686 1414 magna
2715 1358 2836 1398 cum
2866 1343 3163 1398 reverentia
3191 1343 3256 1398 ad
3287 1343 3556 1399 tremenda
3588 1345 3829 1415 mysteria

2256 1435 2494 1490 accedat.

2327 1527 2652 1584 Concionem
2695 1527 2762 1584 de
2807 1527 3077 1599 Baptismo
3117 1528 3312 1584 Christi
3356 1531 3432 1584 sic
3472 1545 3626 1585 orsus
3672 1531 3838 1589 fuerat

2255 1617 2667 1688 Chrysostomus
2698 1636 2711 1672 :
2749 1617 2933 1674 Omnes
2961 1635 3045 1674 vos
3065 1619 3116 1673 in
3142 1620 3315 1674 la'titia
3340 1621 3510 1685 hodie,
3541 1639 3632 1692 ego
3657 1639 3770 1675 vero
3793 1625 3840 1676 in

2257 1726 2470 1763 mturare
2495 1727 2606 1762 sum
2631 1711 2790 1764 solus.
2820 1709 2958 1765 Nam
2985 1728 3099 1764 cum
3125 1712 3180 1766 in
3215 1713 3310 1766 hoc
3347 1716 3611 1784 spirituale
3639 1717 3844 1785 pelagus

2258 1799 2432 1854 oculos
2477 1817 2612 1856 meos
2654 1811 2920 1867 converto,
2967 1812 3013 1856 et
3059 1803 3326 1859 immensas
3368 1803 3612 1859 Ecclesia:
3648 1808 3846 1861 divitias

2259 1890 2595 1960 complector;
2623 1909 2682 1945 ac
2711 1892 2889 1946 deinde
2912 1894 3165 1964 perpendo
3203 1898 3343 1966 fore,
3383 1905 3435 1948 ut
3472 1907 3586 1949 cum
3629 1900 3849 1966 primunt

2258 1981 2551 2037 solemnilas
2580 1983 2675 2037 ista
2702 1986 3020 2055 prater-ierit,
3047 1983 3309 2040 multitudo
3331 2005 3509 2041 rursus
3529 1987 3626 2041 ista
3657 1991 3850 2042 resiliat

2259 2087 2321 2125 ac
2349 2073 2572 2129 discedat
2599 2090 2619 2128 :
2647 2075 2847 2128 crucior
2870 2084 2918 2128 et
2948 2075 3106 2130 animi
3133 2076 3306 2130 dolone
3340 2065 3518 2148 angor,
3547 2080 3708 2148 quod,
3741 2098 3849 2133 cunt

2262 2173 2364 2217 tam
2393 2166 2578 2219 multos
2608 2166 2789 2220 liberos
2810 2169 3055 2238 pepererit
3087 2167 3332 2234 Ecclesia,
3358 2187 3455 2223 non
3483 2170 3588 2224 illis
3611 2172 3786 2225 itidem
3804 2174 3850 2226 in

2261 2256 2475 2327 singulis
2504 2257 2726 2312 collectis
2748 2303 2763 2323 ,
2809 2261 2898 2313 sed
2927 2261 2976 2313 in
3005 2262 3144 2332 festis
3169 2262 3483 2316 solummodo
3524 2265 3632 2333 frui
3675 2283 3767 2335 pos
3796 2267 3847 2322 it.

2261 2345 2414 2414 Quod
2444 2362 2603 2416 porro
2625 2349 2892 2404 metuebat
2913 2350 3001 2405 ille
3026 2351 3110 2406 die
3139 2354 3376 2422 sequenti
3407 2355 3634 2424 septima
3659 2356 3853 2410 lanna.

2265 2438 2328 2492 rii
2359 2438 2555 2493 accidit
2585 2439 2755 2508 (Anno
2777 2441 2925 2513 587).
2951 2441 3084 2500 Cum
3115 2444 3253 2498 enim
3285 2444 3350 2499 de
3380 2447 3435 2499 S.
3470 2445 3708 2501 aniano
3730 2464 3854 2501 con-

2265 2530 2472 2585 cionem
2502 2530 2719 2586 haberet
2752 2529 2834 2606 (Τ.
2864 2529 2922 2594 2.
2951 2548 2996 2584 ε.
3031 2533 3187 2603 519),
3211 2535 3319 2605 jam
3352 2552 3454 2590 non
3485 2536 3629 2590 illam
3667 2540 3851 2608 populi

2266 2620 2620 2700 frequentiam
2642 2622 2831 2678 adesse
2852 2623 3003 2691 vidit,
3020 2623 3114 2679 scd
3138 2625 3290 2694 longe
3313 2628 3541 2682 rariores
3561 2630 3852 2692 auditores;

2265 2713 2612 2786 quamobrem
2640 2715 2717 2770 sic
2747 2713 2833 2770 ille
2863 2715 3068 2770 orditur
3098 2734 3110 2771 :
3143 2716 3293 2784 Quod
3318 2717 3548 2772 hesterno
3589 2720 3677 2773 die
3701 2723 3851 2792 perti-

2267 2806 2542 2862 mescebam
2585 2807 2773 2874 euenit,
2802 2816 2850 2861 et
2889 2807 2958 2861 ad
2998 2805 3232 2875 eﬂ‘ectum
3263 2810 3378 2880 jam
3417 2809 3724 2876 perductum
3757 2825 3853 2875 est;

2268 2913 2448 2967 nempe
2471 2897 2555 2952 ubi
2584 2898 2764 2966 festum
2789 2899 3049 2968 prwtcriit,
3072 2899 3225 2951 simul
3244 2901 3391 2952 etiam
3414 2902 3695 2954 multitudo
3722 2905 3856 2955 nobis

2268 2989 2536 3055 abscessit,
2585 2989 2846 3059 minorque
2883 2990 3025 3043 nobis
3055 3000 3208 3044 cretus
3244 2991 3411 3059 factus
3446 3002 3537 3045 est.
3571 2991 3713 3047 Hinc
3747 2995 3856 3048 luce

2268 3080 2464 3136 clarius
2493 3081 2899 3136 commonstrari
2940 3081 3149 3136 videtur
3180 3081 3316 3142 hanc
3340 3082 3394 3138 S.
3420 3083 3642 3142 Lueiani
3697 3103 3857 3156 pane-

2269 3174 2422 3248 gyrin
2453 3175 2842 3245 pronuntiatam
2875 3162 3034 3228 fuiSsc
3051 3173 3138 3230 die
3165 3175 3510 3244 Epiphaniam
3542 3177 3859 3247 insequente

2271 3277 2328 3324 et
2354 3265 2542 3322 eodem
2569 3282 2708 3320 anno
2730 3263 2853 3322 587.
2878 3266 3141 3322 Lucianus
3166 3275 3340 3322 autem
3365 3267 3655 3339 presbyter
3678 3271 3857 3324 Atilio-

2271 3357 2513 3421 chenus,
2563 3358 2733 3428 inquit
2768 3357 3210 3436 Chrysostomus,
3259 3358 3395 3414 fame
3437 3369 3491 3414 et
3536 3362 3858 3417 ςτιιςὶειιίιηις

2273 3450 2457 3506 multis
2485 3450 2685 3506 Christi
2711 3466 2904 3506 nomen
2936 3451 3166 3521 gloriose
3189 3451 3462 3506 confessus
3495 3463 3600 3506 est.
3631 3452 3693 3507 ω
3725 3455 3857 3508 arci.

2271 3544 2350 3599 dit
2375 3559 2517 3599 anno
2543 3543 2678 3611 3H,
2710 3543 2794 3598 vel
2835 3543 2969 3610 512,
3015 3544 3066 3596 in
3107 3543 3521 3613 persequutione
3565 3541 3864 3598 Maximini.

2272 3637 2703 3711 Martyrologium
2735 3636 3032 3692 Romanum
3061 3636 3128 3690 ad
3158 3635 3296 3688 diem
3339 3637 3370 3692 7
3405 3634 3645 3690 Januarii
3670 3636 3724 3691 S.
3769 3637 3870 3690 Lu-

2275 3730 2413 3789 ciani
2441 3729 2755 3801 martyrium
2783 3728 3081 3783 annuntiat.
3111 3727 3261 3781 llunc
3287 3726 3468 3781 Ariani
3495 3742 3707 3783 suarum
3734 3745 3879 3797 par,

2277 3821 2406 3876 tium
2433 3819 2593 3878 fuisse
2620 3819 3030 3884 mentiebantur,
3059 3819 3307 3888 quoniam
3340 3831 3406 3874 ex
3433 3818 3706 3890 discipulis
3735 3822 3876 3892 (‘jns

2275 3913 2490 3983 quidam
2534 3925 2594 3967 se
2639 3910 2691 3965 in
2737 3911 3052 3964 Arianorum
3102 3920 3276 3965 castra
3325 3912 3711 3980 coniecerant:
3769 3916 3876 3967 imo

2277 4005 2392 4074 ipse
2435 4003 2594 4058 Arius
2639 4007 2874 4073 itemque
2921 4002 3184 4058 Eusebius
3222 4002 3679 4070 Nicomediensis,
3720 4007 3872 4061 illius

2277 4106 2438 4151 secta:
2465 4095 2838 4167 primipilares.
2864 4094 3082 4152 Luciani
3111 4094 3356 4164 discipuli
3389 4095 3633 4162 fuerant,
3665 4109 3726 4154 et
3753 4114 3879 4152 Sese

2277 4185 2682 4244 Collucianistas
2703 4185 2982 4240 vocabant.
3015 4185 3204 4239 Verum
3232 4185 3302 4239 illi
3325 4199 3354 4238 a
3377 4185 3594 4244 Luciani
3622 4187 3878 4241 doctrina

2279 4289 2334 4334 et
2364 4295 2391 4332 a
2422 4278 2682 4333 catholica
2721 4278 2826 4334 ﬁde
2867 4277 3221 4332 desciverant.
3256 4278 3364 4332 Hac
3391 4279 3459 4332 de
3487 4295 3549 4334 re
3576 4295 3712 4334 vero
3740 4281 3885 4334 nihil

2282 4369 2332 4423 in
2365 4367 2734 4444 Chrysostomi
2767 4369 3017 4440 panegyri
3047 4369 3105 4424 S.
3129 4368 3345 4428 Luciani
3388 4369 3576 4425 fertur.

2353 4462 2464 4516 lloc
2509 4461 2724 4515 ineunte
2754 4476 2895 4514 anno
2925 4461 3028 4516 557
3055 4463 3403 4517 concinnatus
3446 4472 3529 4515 est
3569 4461 3626 4516 S.
3659 4463 3883 4516 doctor.

2281 4554 2358 4609 Ex
2405 4553 2634 4610 homiliis
2681 4551 2836 4622 porro
2885 4554 3019 4618 illis,
3052 4567 3182 4622 quas
3223 4563 3348 4608 ante
3389 4554 3879 4624 Quadragesimam

2281 4645 2519 4716 ejusdem
2545 4644 2669 4703 anni
2693 4644 2758 4699 ad
2783 4645 3032 4714 pepulum
3061 4644 3264 4709 habuit,
3289 4644 3430 4702 illam
3453 4645 3725 4715 ponimus,
3747 4662 3890 4715 qua:

2283 4737 2350 4793 de
2377 4736 2790 4797 Resurrectione
2828 4730 3162 4798 mortuorum
3188 4737 3519 4802 inscribitur,
3569 4739 3687 4806 ipso
3729 4737 3889 4791 indi-

2282 4838 2438 4884 cante
2465 4827 2617 4883 nobis
2641 4825 3021 4898 Chrysostomo
3043 4869 3059 4894 ,
3092 4828 3180 4898 qui
3201 4829 3278 4882 sic
3295 4829 3438 4884 illam
3460 4829 3669 4883 orditur
3700 4829 3806 4895 (Γ.
3823 4831 3902 4884 εἰ.

2294 4931 2341 4970 c.
2369 4917 2472 4973 H7
2509 4937 2522 4973 :
2553 4917 2634 4974 De
2661 4919 2780 4989 [idet
2803 4930 2986 4975 nostra:
3005 4919 3342 4991 dogmatibus,
3371 4920 3530 4990 deque
3545 4921 3708 4991 gloria
3739 4921 3918 4976 Uni-

2282 4996 2438 5082 geniti
2464 5008 2590 5065 Filii
2619 5009 2717 5066 Dei
2746 5021 2862 5066 ante
2894 5013 3032 5083 apud
3072 5027 3158 5066 vos
3191 5012 3550 5078 disseruimus,
3577 5011 3929 5071 obturan:es

2283 5117 2455 5156 eorum
2481 5118 2590 5164 ora,
2619 5103 2704 5172 qui
2731 5102 2945 5172 gloriam
2972 5102 3048 5156 illi
3076 5103 3366 5169 detrahunt,
3397 5113 3445 5156 et
3469 5121 3502 5156 a
3521 5102 3759 5158 Genitore
3796 5125 3930 5161 sua

2284 5193 2506 5247 alienum
2534 5193 2730 5248 dicunt.
2762 5194 3056 5248 Conciones
3077 5210 3205 5249 vero
3230 5205 3414 5249 contra
3441 5196 3764 5257 Anommos,
3805 5203 3930 5267 qui

2283 5286 2503 5358 gloriam
2533 5285 2794 5356 Unigeniti
2828 5284 3147 5342 labefactare
3190 5287 3476 5350 curabant,
3512 5287 3604 5341 hic
3631 5301 3930 5344 οοηὶιιιο‹

2286 5390 2478 5443 morat,
2508 5394 2639 5448 quas
2666 5378 2880 5433 ineunte
2909 5393 3050 5432 anno
3071 5379 3173 5433 387
3200 5377 3452 5444 absolvit,
3482 5388 3538 5434 ut
3585 5379 3635 5430 in
3671 5375 3930 5437 Μοιιὶις

2285 5468 2350 5522 ad
2379 5468 2594 5523 easdem
2627 5469 2985 5538 probavimus.
3014 5469 3148 5524 Hinc
3169 5484 3294 5524 vero
3318 5469 3562 5539 arguitur
3582 5467 3712 5521 hanc
3740 5482 3930 5528 eo“.

2284 5560 2490 5615 cionem
2519 5559 2620 5614 sub
2645 5560 2847 5614 initium
2887 5562 3010 5634 anni
3051 5562 3152 5617 387
3183 5561 3416 5616 habitam
3442 5559 3637 5626 fuisse,
3665 5566 3718 5612 c3
3767 5564 3930 5632 quis

2287 5651 2407 5706 dem
2433 5660 2557 5707 ante
2580 5651 3074 5723 Quadragesimam,
3103 5667 3261 5723 quam
3293 5661 3458 5706 totam
3490 5653 3542 5708 in
3575 5649 3929 5721 deplorant

2286 5742 2368 5797 dis
2393 5743 2840 5800 Antiocnenorutn
2866 5753 2985 5814 post
3013 5757 3228 5800 eversas
3257 5752 3459 5798 statuas
3479 5741 3924 5802 calamitatibu

2289 5841 2635 5908 consumpsit.
