3932 6190
211 427 316 483 H3

284 541 517 608 llujusre
561 551 726 606 porro
767 534 1040 592 concionis
1077 543 1447 605 argumentum
1493 534 1545 587 in
1582 533 1802 588 exordio

206 631 400 688 statuit
421 630 477 685 S.
501 629 716 682 Doctor.
739 625 930 697 Agitur
943 626 1010 680 de
1029 624 1422 680 resurrectione
1445 634 1798 687 mortuorum,

206 723 368 792 Cujus
411 721 687 776 veritatem
736 718 934 788 passim
969 715 1168 771 asserit
1203 734 1224 769 τ
1255 723 1584 770 mortuorum
1627 724 1802 768 autem

211 815 675 872 resurrectionem
703 811 968 866 innumeri
990 810 1251 882 negabant
1273 809 1639 881 Chrysostomi
1667 824 1803 864 :evo.

206 906 557 976 Prosequitur
600 911 786 973 postea
834 901 1268 958 de'instituenda
1310 900 1604 956 secundum
1634 901 1804 955 Deum

206 1001 342 1062 vita,
374 998 442 1052 de
464 995 751 1062 adeundis,
779 1009 1040 1066 perpensa
1071 995 1270 1064 prmmii
1300 993 1693 1064 magnitudine,
1725 993 1806 1046 la-

209 1090 430 1144 boribus
469 1105 484 1144 :
531 1086 844 1142 nonnullam
901 1085 1160 1141 bonorum
1213 1100 1436 1154 operum
1504 1084 1808 1141 mercedem

211 1180 371 1236 etiam
401 1177 455 1234 in
479 1179 580 1234 hac
601 1179 705 1232 vita
736 1177 914 1243 tribui,
939 1175 1084 1230 Pauli
1108 1177 1363 1246 exemplo
1389 1175 1662 1246 probatur.

281 1268 428 1326 Inter
453 1284 537 1334 ea,
565 1283 688 1340 quae
711 1268 935 1324 Joannis
971 1265 1342 1339 Chrysostomi
1373 1275 1618 1336 tempore
1667 1265 1808 1322 ποιεῖν

210 1362 412 1418 derunt
434 1403 450 1425 ,
478 1361 611 1416 nihil
641 1357 1044 1416 memorabilius
1071 1357 1159 1412 illa
1181 1357 1636 1412 Antiocheuorum
1669 1355 1812 1411 sedi-

210 1453 386 1518 tione,
415 1467 521 1523 qua
548 1451 766 1520 deiectis
787 1449 1076 1506 Theodosii
1098 1449 1440 1520 Imperatoris
1465 1458 1518 1504 et
1545 1448 1811 1503 Flaccilla

205 1547 333 1616 ejus
385 1545 568 1600 uxoris
606 1544 831 1610 statuis,
876 1543 1173 1614 iisdemque
1217 1557 1313 1613 per
1352 1542 1540 1597 urbem
1567 1541 1807 1611 raptatis,

209 1637 578 1693 Theodosium
608 1637 674 1690 ita
703 1643 1108 1704 exasperarunt,
1142 1642 1200 1688 ut
1221 1631 1288 1688 de
1309 1632 1442 1688 urbe
1466 1632 1694 1688 delenda
1720 1647 1812 1687 co-

209 1728 481 1800 gitaverit.
525 1727 651 1783 lltcc
694 1727 789 1781 fuit
832 1724 1221 1797 Chrysostomo
1261 1735 1449 1779 nostro
1489 1724 1556 1777 ad
1594 1723 1813 1778 concio-

210 1819 377 1875 nandi
409 1819 715 1875 facultatem
747 1816 1309 1888 exercendam'ampla
1337 1815 1606 1871 materies.
1632 1816 1812 1871 Antio-

209 1909 406 1966 chenis
454 1910 646 1980 quippe
691 1909 832 1964 inter
871 1923 1020 1979 spem
1063 1916 1118 1963 et
1155 1915 1354 1962 metum
1397 1905 1807 1972 ﬂuctuantibus,

212 2001 340 2058 dum
356 2003 619 2074 repentini
636 2017 791 2057 casus
813 2015 1004 2057 novam
1028 2001 1556 2072 inexspectatamque
1573 1995 1814 2069 quotidie

216 2093 302 2148 vel
344 2093 598 2162 sperandi
631 2093 713 2148 vel
748 2090 968 2147 timendi
999 2106 1217 2145 causam
1246 2088 1502 2144 oﬁ‘errent
1527 2131 1540 2153 ,
1572 2088 1809 2158 impara-

214 2195 299 2239 tus
331 2185 444 2239 fere
468 2198 688 2254 semper
713 2181 1146 2255 Cbrysostomus,
1174 2192 1334 2252 prout
1355 2194 1442 2236 res
1469 2194 1594 2235 sese
1614 2179 1814 2234 dabant

212 2276 414 2347 stylum
445 2285 659 2330 vertere
687 2283 925 2342 coactus,
954 2288 1097 2344 saepe
1126 2288 1189 2328 ex
1219 2282 1479 2342 tempore,
1505 2272 1622 2325 illas
1645 2266 1815 2324 admi-

213 2368 426 2421 ratione
455 2365 644 2436 dignas
687 2367 975 2421 conciones
1022 2365 1398 2434 pronuntiabat
1431 2369 1451 2434 (
1482 2360 1723 2416 Humilia
1747 2361 1814 2415 ad

215 2457 594 2521 Antiocheam,
645 2465 683 2511 t.
727 2455 784 2513 9..
842 2455 1056 2528 initio);
1109 2454 1269 2509 modo
1311 2463 1370 2510 ut
1414 2454 1466 2506 in
1511 2452 1814 2509 calamitate

215 2557 525 2601 versantem
577 2547 830 2616 populum
883 2546 1268 2609 consolaretur,
1319 2542 1479 2598 modo
1520 2550 1582 2598 ut
1619 2543 1814 2597 fractos

214 2641 439 2710 periculi
485 2639 848 2710 magnitudine
877 2640 1082 2693 animos
1113 2637 1456 2692 conﬁrmaret
1481 2655 1495 2690 :
1519 2645 1629 2690 tum
1673 2650 1814 2706 pra:-

215 2733 376 2802 cipue
409 2741 465 2784 ut
491 2730 776 2795 occasione
812 2730 1206 2785 imminentium
1232 2729 1493 2782 malorum
1522 2725 1814 2788 Antioche-

215 2842 317 2880 nos
381 2823 450 2878 ad
512 2824 639 2878 vitia
687 2822 1003 2894 corrigenda
1047 2831 1101 2876 et
1151 2835 1330 2876 mores
1379 2817 1813 2890 componendos,

213 2915 556 2987 eluendaque
597 2917 798 2971 scelera
822 2957 837 2984 ,
884 2931 1002 2986 qua:
1034 2923 1233 2969 tantam
1266 2914 1357 2969 Dei
1386 2913 1520 2968 iram
1551 2911 1815 2967 aceendeé

214 3019 362 3075 rant,
392 3010 715 3063 monitorum
743 3007 1039 3078 frequentia
1065 3007 1356 3062 deduceret
1381 3025 1395 3062 :
1423 3005 1512 3075 qui
1541 3015 1685 3060 certe
1720 3017 1816 3058 co-

214 3112 380 3156 natus
402 3101 789 3174 Chrysostomo
816 3101 980 3156 cessit
1019 3111 1088 3156 ex
1115 3109 1241 3155 voto
1261 3141 1276 3166 ,
1306 3107 1364 3153 ut
1399 3098 1490 3155 ille
1516 3097 1708 3152 alicubi
1740 3095 1817 3152 fa.

216 3202 386 3246 tetur.

291 3283 625 3340 Antiocheam
657 3284 918 3340 seditionis
949 3283 1181 3339 historia.
1207 3313 1279 3324 —
1303 3281 1490 3339 Tantm
1515 3296 1644 3337 vero
1672 3280 1816 3339 sedi-

213 3376 386 3432 tionis
423 3391 584 3431 causa
607 3369 738 3444 fuit,
770 3385 906 3432 teste
952 3375 1168 3432 Zosimo
1194 3374 1419 3447 (Zosim.
1452 3375 1489 3428 l.
1521 3375 1586 3444 4)
1611 3415 1626 3440 ,
1656 3372 1818 3428 nimia

217 3471 552 3525 tributontm
581 3510 597 3534 ,
641 3486 760 3540 qua:
801 3468 1036 3541 quotidie
1067 3469 1504 3539 excogitabantur
1525 3508 1541 3530 ,
1571 3466 1779 3523 exactio
1801 3509 1817 3532 ,

216 3565 336 3617 sive
364 3576 466 3633 pro
491 3559 804 3617 celebritate
848 3561 1018 3632 quinti
1044 3561 1161 3616 initi
1203 3561 1272 3615 ab
1315 3558 1546 3614 Arcadio
1581 3558 1704 3614 anni
1754 3573 1820 3612 ex

219 3669 331 3724 quo
388 3655 660 3724 Augustus
689 3655 1058 3726 promulgatus
1111 3655 1319 3719 fuerat,
1351 3661 1406 3708 et
1453 3651 1644 3706 decimi
1698 3649 1821 3704 anni

217 3745 519 3802 Theodosii
553 3745 922 3816 Imperatoris,
944 3746 1034 3816 qui
1065 3760 1205 3800 anno
1231 3744 1330 3800 ‘58!
1366 3741 1683 3815 incipiebat,
1711 3741 1824 3796 sive

218 3853 323 3907 pro
352 3849 615 3908 apparatu
645 3837 770 3893 belli
796 3846 981 3894 contra
1031 3836 1316 3894 Maximum
1347 3845 1628 3907 tyrannum
1652 3875 1668 3900 ,
1710 3834 1826 3888 sive

223 3943 325 3999 pro
355 3927 483 3983 aliis
511 3927 731 3999 publicis
776 3928 1205 3983 necessitatibus.
1239 3926 1444 3982 Tributi
1490 3940 1656 3980 onere
1704 3939 1826 3995 per-

221 4018 362 4074 culsi
394 4017 711 4074 Antioclteni
752 4019 896 4074 cives
931 4017 1247 4074 Praefectum
1293 4016 1524 4086 adeunt,
1558 4018 1592 4071 ii
1624 4017 1828 4071 scilicet

219 4110 314 4180 qui
347 4109 652 4163 urbanioris
693 4119 833 4164 nota:
861 4119 1050 4174 erant;
1084 4119 1138 4162 ct
1176 4109 1529 4178 laerymantes
1556 4147 1570 4172 ,
1601 4105 1826 4176 vectigal

219 4200 491 4256 indictum
521 4199 740 4255 nimium
768 4209 1082 4271 queruntur,
1113 4200 1313 4270 Deique
1342 4213 1495 4269 opem
1524 4199 1824 4268 implorant.

223 4291 439 4349 Deinde
472 4307 606 4347 vero
633 4293 1178 4348 circnmloraneorum
1209 4301 1262 4347 et
1300 4299 1604 4346 exterorum
1658 4289 1830 4345 homi-

222 4400 362 4440 num
395 4400 462 4440 cx
506 4383 688 4438 inﬁma
733 4384 886 4455 plebe
949 4384 1101 4439 turba
1128 4425 1143 4450 ,
1175 4383 1458 4439 commotis
1497 4383 1690 4437 animis
1715 4425 1730 4450 ,
1773 4382 1829 4437 in

224 4475 474 4530 facinora
520 4487 827 4548 erumpunt.
858 4475 1038 4531 Primo
1078 4477 1129 4530 in
1186 4475 1400 4545 publico
1431 4475 1624 4531 balneo
1651 4475 1828 4530 omnia

224 4567 506 4636 susdeque
553 4577 800 4638 ponunt:
849 4567 972 4622 hinc
1017 4567 1258 4622 Praafecti
1327 4567 1543 4622 domum
1593 4567 1828 4635 adeunt,

225 4658 511 4712 cancellos
551 4659 848 4729 januasqne
878 4657 1163 4721 invadunt;
1188 4657 1381 4726 vixque
1425 4659 1683 4724 coerciti,
1727 4659 1832 4714 alio

225 4751 475 4805 lurorcm
510 4761 846 4812 convertunt,
878 4751 1221 4820 depictasque
1247 4749 1627 4824 lmperatorum
1661 4749 1832 4804 tabel—

227 4842 312 4897 las
344 4843 614 4914 lapidibus
639 4845 902 4915 impetunt
924 4886 940 4910 ,
973 4843 1175 4899 ftedant
1196 4853 1249 4898 et
1273 4842 1594 4898 labefactant
1620 4861 1632 4898 :
1659 4845 1832 4914 ipsos-

226 4951 339 5005 que
363 4938 634 5006 Augustos
649 4935 944 4992 maledictis
970 4945 1024 4990 et
1047 4936 1300 4991 conviciis
1331 4946 1588 4991 onerant:
1618 4937 1833 4992 demum

221 5028 590 5100 Imperatoris
640 5028 931 5085 Theodosii
975 5028 1348 5101 Flaccillwque
1375 5029 1490 5099 ejus
1519 5029 1698 5085 uxoris
1723 5031 1832 5099 jam

213 5123 511 5178 defunctae
536 5131 736 5178 statuas
751 5123 1030 5193 dejiciunt,
1055 5132 1107 5178 et
1136 5137 1231 5194 per
1260 5123 1406 5175 vicos
1434 5122 1576 5176 urbis
1599 5131 1831 5192 raptant.

214 5217 469 5285 Jamque
507 5215 664 5284 'plura
720 5215 921 5271 inferre
969 5215 1166 5270 damna
1217 5223 1534 5283 cmperant,
1571 5228 1690 5266 cum
1737 5213 1838 5267 im-

215 5313 409 5366 missa
440 5325 470 5362 a
506 5308 768 5364 Prazfecto
795 5309 1190 5379 sagittariorum
1222 5323 1380 5362 manu
1401 5347 1416 5372 ,
1440 5306 1650 5376 depulsi
1688 5315 1832 5362 sunt.

212 5403 328 5459 Sic
357 5401 623 5457 exstincta
663 5401 948 5469 seditione,
982 5401 1150 5457 furori
1181 5401 1338 5455 timor
1357 5398 1647 5466 successit;
1676 5407 1836 5470 atque

212 5492 576 5551 imminentis
607 5508 780 5565 pinna:
809 5493 1139 5564 exspectatio
1173 5491 1385 5546 onerosi
1414 5489 1643 5561 impositi
1671 5488 1836 5545 vecti-

213 5586 381 5659 galis
411 5584 736 5640 oblivionem
794 5584 1020 5639 induxit.
1060 5584 1198 5650 Quid
1243 5582 1367 5638 hinc
1411 5583 1481 5637 sit
1529 5596 1834 5652 consequu-

213 5693 353 5735 tum
375 5718 392 5741 ,
416 5675 553 5732 infra
577 5678 878 5732 narrabitur
907 5676 960 5732 in
993 5677 1303 5732 recensione
1324 5675 1696 5740 homiliarum;
1725 5673 1834 5744 jam

210 5773 290 5826 de
327 5783 480 5824 anno
515 5767 793 5825 salitiouis
815 5809 832 5836 ,
859 5784 965 5839 quo
1018 5767 1100 5823 ha:
1136 5778 1258 5822 sunt
1313 5768 1506 5823 habitze
1555 5766 1786 5822 homiliae
1811 5806 1827 5833 ,

209 5859 437 5929 aliquid
469 5859 768 5916 dicendum.

1403 417 1586 476 NUNC
1618 416 1888 475 PRIMUM
1927 417 2322 475 ADORNATA.

3394 432 3497 491 114

1988 532 2142 586 Missa
2171 531 2493 588 Theodoreti
2524 545 2579 591 et
2610 537 2887 594 Sozomeni
2917 545 3220 599 narratione
3238 587 3254 613 ,
3297 562 3364 604 ett
3392 565 3496 621 qua

1914 635 2035 694 post
2062 627 2256 680 bellum
2279 636 2465 682 contra
2492 629 2777 686 Maximum
2802 634 2994 690 seditio
3023 637 3168 692 istmc
3194 648 3248 694 et
3273 644 3495 698 concio-

1915 731 2010 770 nes
2029 732 2057 769 a
2094 717 2480 790 Chrysostomo
2509 720 2703 778 habitae
2731 722 2966 782 locandas
3015 738 3194 784 essent
3215 771 3230 796 ,
3259 746 3327 786 ex
3357 735 3499 792 notis

1917 801 2172 870 temporis
2196 801 2355 872 longe
2379 803 2700 862 certioribus
2726 816 2852 862 ante
2893 808 3088 865 bellum
3117 823 3301 868 contra
3327 816 3499 872 Maxi-

1917 910 2061 949 mum
2117 894 2232 950 hinc
2258 896 2520 952 accidisse
2567 899 2679 968 jam
2725 901 3016 969 probarunt
3062 905 3162 960 viri
3217 907 3398 975 docti,
3443 919 3498 966 et

1915 989 2153 1056 pluribus
2176 991 2410 1046 asseruit
2455 991 2822 1049 Tillemontius
2849 995 2901 1049 in
2949 1007 3073 1051 nota
3120 997 3189 1050 27
3229 1000 3295 1053 ad
3326 1000 3496 1056 Vitam

1915 1078 2200 1136 Theodosii
2237 1081 2604 1152 imperatoris.
2638 1083 3031 1142 Validissimum
3063 1102 3222 1158 porro
3243 1089 3494 1148 adversus

1917 1169 2060 1225 illam
2113 1171 2343 1240 priorem
2385 1175 2704 1230 sententiam
2755 1177 2964 1232 eruitur
3005 1189 3376 1248 argumentum
3433 1197 3500 1239 ex

1917 1261 2046 1330 ipsis
2071 1260 2442 1334 Chrysostemi
2471 1265 2652 1320 verbis
2681 1283 2694 1320 :
2728 1281 2850 1321 nam
2881 1268 3109 1328 Romulia
3152 1270 3270 1326 XVI
3300 1313 3316 1338 ,
3348 1289 3500 1328 num.

1914 1353 1951 1410 2
1980 1393 1996 1419 ,
2027 1354 2344 1411 testiﬁcatur
2388 1356 2530 1412 hunc
2565 1372 2763 1413 annum
2795 1361 3086 1416 secundum
3113 1377 3234 1418 esse
3257 1404 3274 1429 ,
3305 1381 3370 1422 ex
3395 1379 3500 1436 quo

1917 1444 2223 1499 concionari
2249 1457 2506 1516 ceperat.
2535 1447 2712 1518 Coepit
2735 1459 2914 1504 autem
2943 1466 3064 1506 cum
3110 1452 3388 1524 presbyter
3413 1471 3504 1510 or-

1917 1535 2130 1591 dinatus
2180 1537 2279 1592 fuit
2299 1579 2314 1605 ,
2342 1554 2483 1596 anno
2509 1540 2727 1597 ineunte
2754 1543 2860 1600 586
2885 1562 2900 1597 :
2928 1546 3274 1614 quamobrem
3305 1548 3357 1602 in
3398 1563 3501 1602 an-

1918 1643 2043 1710 num
2089 1629 2196 1684 587
2243 1630 2358 1685 haec
2406 1632 2723 1687 conferenda
2769 1645 2915 1690 sunt.
2966 1636 3229 1692 Baronius
3280 1645 3497 1704 tamen,

1917 1716 2166 1773 Petavius
2191 1728 2247 1773 et
2290 1719 2548 1775 Henricus
2597 1722 2842 1781 Valesius
2892 1726 2944 1779 in
2996 1743 3193 1783 annum
3241 1729 3346 1785 588
3389 1729 3503 1786 lucc

1917 1811 2243 1880 conjiciunt:
2279 1811 2504 1884 ideoque
2535 1815 2676 1870 hunc
2693 1816 2958 1872 calculum
2986 1829 3229 1888 ponunt,
3259 1822 3380 1890 quia
3411 1823 3503 1878 illo

1917 1919 2059 1959 anno
2080 1905 2367 1975 incipiebat
2394 1905 2636 1962 decimus
2667 1907 2873 1978 imperti
2919 1908 3227 1975 Theodosii,
3255 1912 3322 1966 ad
3349 1914 3503 1983 cujus

1918 1995 2281 2051 celebritatem
2311 1997 2581 2053 inductum
2612 1997 2710 2052 fuit
2755 1999 3009 2053 tributum
3041 2015 3201 2071 supra
3233 2016 3500 2056 memora-

1921 2096 2050 2141 tum.
2078 2087 2234 2155 Quod
2276 2098 2455 2145 autem
2485 2104 2548 2145 ex
2581 2089 2801 2145 Libanio
2828 2090 3049 2146 alfertur
3071 2092 3138 2147 ad
3178 2093 3319 2148 illam
3348 2103 3508 2151 tut"-

1919 2179 2038 2234 dam
2061 2181 2402 2244 sententiam,
2433 2181 2737 2237 intricatum
2760 2182 2979 2237 omnino
3005 2193 3107 2250 est,
3132 2192 3188 2240 et
3215 2182 3281 2239 ad
3305 2193 3504 2240 utram-

1921 2259 2000 2327 vis
2025 2273 2328 2342 opinionem
2360 2281 2536 2344 potest
2561 2275 2888 2345 detorqueri.
2911 2275 3206 2330 Certiorem
3238 2291 3398 2347 porro
3421 2278 3505 2332 his

1920 2364 2169 2418 onmibus
2209 2373 2388 2419 notam
2422 2365 2658 2420 eruimus
2701 2383 2767 2422 ex
2819 2382 2884 2422 eo
2914 2409 2929 2434 ,
2976 2367 3120 2438 quod
3170 2367 3506 2425 Theodosius

1923 2455 2216 2526 Imperator
2275 2458 2578 2513 certissime
2635 2459 3098 2529 Constantinopoli
3147 2461 3364 2530 degeret
3413 2479 3507 2532 per

1922 2549 2149 2604 hiemem
2167 2560 2218 2604 et
2239 2549 2706 2621 Quadragesimam
2728 2553 2850 2607 anni
2873 2554 2978 2608 587
3004 2572 3016 2607 :
3051 2569 3158 2624 quo
3183 2556 3342 2608 etiam
3365 2571 3508 2610 anno

1920 2641 2234 2696 seditionem
2258 2640 2544 2712 contigisse
2569 2652 2808 2710 oportet:
2829 2659 2950 2697 nam
2978 2653 3214 2714 tempore
3233 2646 3509 2700 seditionis

1920 2731 2375 2801 Constantinopoli
2415 2742 2530 2787 erat
2559 2749 2573 2798 ;
2604 2749 2745 2787 anno
2769 2744 2945 2789 autem
2975 2737 3214 2806 sequenti
3253 2738 3353 2791 hac
3395 2737 3508 2806 ipsa

1923 2832 2239 2894 tempestate
2303 2823 2698 2879 Thessalonicae
2769 2828 3082 2882 versabatur
3155 2828 3506 2884 Theodosius.

1921 2914 2075 2993 Quod
2095 2915 2344 2984 objicitur
2357 2930 2488 2970 vero
2516 2931 2580 2970 ex
2598 2916 2956 2972 celebratione
2979 2919 3101 2972 anni
3118 2919 3307 2973 decimi
3335 2920 3512 2975 Theo-

1922 3008 2058 3064 dosii
2077 3051 2091 3074 ,
2119 3010 2208 3079 qui
2237 3023 2378 3064 anno
2405 3007 2511 3064 588
2535 3009 2819 3079 incipiebat
2847 3026 2861 3075 ;
2896 3009 3026 3065 illud
3047 3053 3062 3077 ,
3108 3011 3324 3082 inquam
3357 3011 3508 3068 nihili

1923 3109 2026 3166 est,
2077 3115 2197 3156 eum
2227 3111 2430 3155 certum
2463 3101 2532 3155 sit
2576 3116 2640 3155 ex
2695 3101 2843 3155 fastis
2877 3101 3026 3156 ldatii
3073 3110 3130 3158 et
3172 3102 3461 3157 Marcellini
3492 3145 3510 3171 ,

1924 3193 2096 3263 ipsum
2126 3194 2249 3248 anni
2280 3193 2471 3248 decimi
2501 3192 2710 3263 imperii
2746 3194 2828 3249 sui
2849 3193 3208 3253 celebritatem
3237 3209 3342 3249 uno
3372 3210 3514 3249 anno

1926 3284 2260 3354 pra-vertisse
2287 3325 2303 3349 ,
2350 3294 2406 3338 ut
2447 3299 2568 3340 cum
2616 3282 2726 3339 ﬁlio
2773 3299 2870 3339 suo
2896 3285 3124 3340 Arcadio
3151 3327 3166 3352 ,
3194 3287 3284 3356 qui
3314 3267 3512 3341 annum

1924 3378 2168 3448 quintum
2224 3377 2432 3446 imperii
2487 3391 2632 3432 anno
2673 3377 2779 3434 58‘!
2833 3377 3030 3443 inibat,
3071 3391 3174 3432 una
3247 3377 3514 3434 decimum

1925 3484 2078 3524 suum
2148 3469 2483 3536 celebraret,
2553 3469 2997 3539 quemadmodum
3059 3478 3114 3525 et
3171 3470 3516 3526 Maximianus

1928 3559 2248 3626 Herculius,
2305 3575 2426 3616 cum
2468 3575 2663 3614 annum
2711 3559 2974 3614 decimum
3017 3567 3263 3616 octavum
3311 3570 3514 3617 tantum

1929 3651 2136 3724 imperii
2165 3652 2245 3708 sui
2288 3660 2510 3724 ageret,
2565 3666 2666 3705 una
2694 3667 2816 3706 cum
2843 3650 3171 3708 Diocletiano
3190 3693 3204 3717 ,
3233 3654 3323 3723 qui
3366 3655 3509 3724 vige-

1928 3743 2125 3798 simum
2165 3743 2391 3813 agebat,
2414 3743 2725 3812 vigesimum
2757 3751 2811 3797 et
2859 3741 2973 3812 ipse
3023 3743 3337 3799 eelebrarat.
3374 3744 3515 3801 Nihil

1930 3834 2106 3905 itaque
2136 3833 2260 3888 hinc
2301 3844 2477 3904 potest
2506 3843 2691 3890 contra
2722 3833 2980 3890 calculum
3009 3843 3248 3890 nostrum
3290 3835 3471 3892 inferri
3497 3877 3515 3903 ,

1931 3936 1988 3982 ut
2017 3927 2219 3997 optime
2245 3927 2434 3997 probat
2462 3925 2854 3985 Tillemontius.

2001 4017 2182 4087 Longe
2207 4019 2418 4088 gravior
2445 4017 2728 4072 difﬁcultas
2757 4018 2950 4087 opponi
2979 4028 3162 4088 posset
3201 4035 3266 4075 ex
3314 4019 3518 4074 calculo

1933 4109 2177 4165 Paschali
2217 4110 2367 4164 istius
2413 4109 2536 4164 anni
2576 4109 2701 4176 387,
2739 4125 2842 4178 quo
2867 4110 3157 4164 secundum
3190 4111 3395 4170 tabulas
3423 4112 3522 4166 Pa-

1923 4201 2146 4282 .schales
2168 4201 2370 4257 Pascha
2397 4201 2661 4257 incidebat
2682 4202 2736 4257 in
2761 4202 2900 4256 diem
2921 4201 2992 4258 ‘25
3020 4201 3244 4272 Aprilis;
3273 4213 3325 4257 et
3343 4213 3518 4258 tamen

1933 4293 2137 4349 Pascha
2156 4293 2461 4348 Judrcorum
2493 4293 2597 4348 hoc
2627 4309 2768 4348 anno
2789 4293 3176 4360 celebrabatur,
3201 4303 3334 4348 teste
3359 4294 3520 4366 Chry-

1934 4394 2170 4440 sostomo
2193 4427 2208 4452 ,
2240 4385 2440 4455 aliquot
2467 4385 2655 4440 diebus
2683 4397 2797 4454 post
2836 4383 3037 4440 Pascha
3077 4385 3519 4440 Christianorum.

1933 4477 2087 4546 Quod
2127 4492 2255 4532 vero
2302 4477 2469 4532 Judari
2517 4485 2638 4545 post
2683 4477 2992 4546 vigesimam
3035 4477 3273 4546 quintam
3323 4477 3522 4548 Aprilis

1935 4569 2139 4626 Pascha
2178 4567 2541 4634 celebrarint,
2571 4569 2623 4622 id
2652 4569 2833 4638 utique
2875 4582 3161 4637 numquam
3207 4570 3521 4641 contingere

1935 4661 2128 4732 potuit.
2157 4659 2518 4730 Quamobrem
2543 4702 2558 4727 ,
2589 4669 2648 4714 ut
2678 4658 2916 4729 pluribus
2942 4673 3100 4730 supra
3131 4659 3393 4727 diximus,
3427 4679 3523 4716 va-

1939 4754 2182 4808 rietatem
2207 4751 2258 4808 in
2276 4753 2486 4808 calculo
2501 4751 2741 4806 Paschali
2760 4751 3055 4808 Antiochiae
3071 4769 3213 4808 anno
3238 4753 3340 4809 387
3361 4753 3526 4812 fuisse

1940 4843 2229 4914 putandum
2259 4854 2342 4898 cst
2370 4861 2382 4896 :
2427 4857 2547 4912 quae
2575 4843 2859 4897 varietates
2887 4854 2990 4897 tam
3036 4842 3342 4915 frequenter
3379 4861 3525 4902 aect-

1938 4935 2164 5003 daV-runt,
2201 4944 2259 4990 ut
2307 4933 2502 4989 ibidem
2541 4932 2802 5001 dicimus,
2830 4943 2885 4988 ut
2923 4933 3011 4989 hic
3055 4935 3216 4990 etiam
3268 4937 3528 4994 accidisse

1941 5028 2130 5082 mirum
2164 5041 2270 5081 non
2301 5026 2389 5081 sit.
2585 5033 2588 5036 λ

2011 5121 2054 5174 Τ
2059 5119 2377 5175 illemontius
2421 5127 2599 5174 tamen
2653 5116 2742 5188 qui
2809 5116 3173 5173 difﬁcultatem
3221 5115 3526 5188 hujusmodi

1941 5209 1992 5263 in
2022 5211 2160 5264 notis
2185 5210 2251 5263 ad
2277 5208 2450 5263 Vitam
2492 5207 2881 5279 Cbrysostomi,
2917 5209 3004 5262 ubi
3035 5209 3212 5279 agitur
3239 5207 3305 5262 de
3338 5205 3518 5259 llomi-

1943 5299 2028 5356 liis
2054 5312 2241 5356 contra
2267 5300 2504 5368 Judaeos,
2540 5299 2918 5356 animadvertit
2945 5308 2998 5356 et
3032 5299 3294 5361 excussit,
3324 5296 3526 5350 nullam

1941 5393 2056 5463 ejus
2115 5393 2442 5449 mentionem
2487 5392 2612 5448 fecit
2641 5393 2694 5447 in
2735 5392 2877 5447 notis
2926 5390 2993 5446 ad
3028 5389 3202 5445 Vitam
3239 5387 3526 5443 Theodosii

1941 5484 2282 5555 Imperatoris
2330 5501 2344 5540 :
2399 5484 2486 5540 ubi
2554 5483 2803 5540 homilias
2842 5482 3000 5537 hasce
3051 5478 3418 5551 Chrysostomi
3461 5479 3530 5534 ad

1944 5577 2193 5648 populum
2222 5578 2611 5634 Antiochenum
2641 5579 2712 5632 ita
2738 5575 2982 5641 ordinat,
3010 5589 3073 5628 ac
3111 5573 3155 5627 si
3186 5570 3388 5626 Pascha
3416 5615 3430 5637 ,
3472 5586 3528 5628 ut

1943 5672 2118 5725 ferunt
2151 5669 2432 5725 Paschales
2455 5670 2666 5734 ιςὼιιιςιξ,
2694 5664 2937 5748 inciderit
2967 5665 3018 5718 in
3036 5664 3344 5736 Vtgesimam
3376 5666 3531 5734 quin-

1945 5772 2051 5818 tam
2090 5761 2308 5833 Aprilis.
2336 5763 2567 5816 Primam
2596 5761 2755 5830 igitur
2785 5758 3056 5812 homiliam
3093 5758 3248 5828 paulo
3277 5766 3401 5811 ante
3443 5773 3530 5812 se.

1947 5854 2200 5910 ditionem
2226 5854 2360 5908 locat
2395 5868 2406 5903 :
2439 5851 2754 5907 seditionem
2797 5863 2920 5903 vero
2967 5849 3220 5921 vigesima
3251 5858 3396 5903 sexta
3430 5849 3533 5906 1ιί»-
