2694 4342
276 306 344 346 H9

278 386 362 422 tiam
381 381 556 417 dicemus.
577 368 704 416 Agitur
721 357 902 410 prtecipue
920 365 956 392 tn
971 354 1040 390 hac
1058 348 1206 387 homilia
1227 344 1272 382 de
1291 341 1355 380 Dei

279 405 362 422 Hillll
381 405 555 417 “suun”--.
578 405 629 416 πυ
724 405 732 410 _
837 405 844 406 ὲ

277 441 450 492 sapientia
477 437 514 472 in
540 428 696 469 hominis
716 419 972 463 constitutione
987 445 996 462 ,
1023 421 1059 452 et
1079 413 1114 450 in
1143 411 1212 448 line
1233 407 1278 445 de
1301 405 1336 442 vi

279 505 386 544 tando
399 501 618 548 juramento.

325 531 584 604 Duodecimam
605 563 692 593 ttcm
711 556 748 590 et
766 548 944 588 decimam
970 541 1110 580 tertiam
1125 567 1134 583 ,
1156 541 1239 584 post
1261 531 1361 570 deci-

279 611 372 666 mam
393 623 556 672 quintam
575 624 611 655 et
633 613 810 652 decimam
832 614 993 648 sextam,
1015 601 1142 640 eadem
1165 607 1233 646 qua
1253 603 1361 642 supra

279 693 325 728 de
345 657 453 726 caiisa
472 683 590 730 rejicrt
603 673 870 721 Tillemonlius.
891 671 937 706 At
957 665 1082 704 nescio
1099 671 1170 711 quo
1189 665 1292 708 pacto
1309 657 1363 692 in-

282 751 421 798 telligat
438 717 525 784 illud
549 744 584 780 in
603 742 670 778 hac
693 735 839 775 humilia
858 729 1072 769 duodecima
1091 734 1192 762 num.
1215 723 1233 758 1
1257 733 1265 757 :
1286 717 1365 756 Tri—
1386 757 1388 759 ἱ

1019 789 1054 798 “·⁶
1106 788 1114 795 ⁸
1152 783 1178 798 τὶ
1193 785 1210 798 Δ
1226 781 1367 798 ...ι-Δημι

283 816 345 851 bus
360 781 462 860 igitur
478 803 658 856 prwteritis
673 799 789 838 dicbus
805 805 910 832 unum
928 788 1131 838 cognitionis
1145 783 1210 821 Dei
1226 781 1377 820 modum,

287 845 343 851 ’“““
361 845 402 860 ’3⁷
425 845 439 846 ⁷⁷
478 845 486 856 ι

287 874 536 924 quwrcbamus,
557 869 736 914 ipsumque
760 861 794 896 in
815 859 918 906 ﬁnem
945 850 1148 890 deduximus
1164 875 1174 891 ,
1199 845 1368 890 interpre-

909 919 919 924 ‘
969 918 975 924 '
1059 913 1082 924 l‘
1096 912 1120 924 γ’
1138 923 1143 924 γ
1172 917 1195 924 4.
1215 908 1310 924 -..-Ι,.
1329 905 1368 924 ..ξι

288 905 396 977 ίηηιρδ
413 932 583 984 quomodo
598 927 685 966 (ἰληιί
703 926 874 963 enarrant
886 918 1038 967 gloriam
1059 912 1123 951 Dei
1137 923 1146 955 ;
1165 917 1195 947 et
1209 908 1310 957 quale
1326 905 1369 942 sit

289 971 393 977 """"
415 971 430 984 ⁷1

289 1002 394 1040 Pauli
414 1001 541 1035 dictum
556 1024 565 1037 ,
586 989 782 1030 invisibilia
804 985 918 1032 ipsius
936 992 956 1018 a
976 983 1145 1016 creatura
1163 971 1285 1010 mundi
1308 978 1370 1015 per

289 1078 332 1104 ca
346 1093 356 1110 ,
375 1073 455 1112 qum
477 1061 570 1098 facta
593 1060 698 1099 sunt,
727 1049 910 1088 intellecta
937 1040 1208 1090 conspiciuntur
1228 1048 1238 1072 :
1259 1039 1290 1070 et
1312 1031 1374 1068 de-

1092 1104 1111 1112 "
1177 1108 1184 1112 -
1215 1111 1235 1112 νγ
1258 1096 1372 1112 Α.-.-.1,.

291 1096 356 1110 η,
377 1096 454 1112 Ἰν-
478 1096 526 1098 ._
690 1096 694 1099 ,

291 1126 552 1166 monstravimus
579 1112 749 1168 quomodo
773 1126 794 1150 α
813 1116 969 1150 creatura
992 1104 1131 1147 mundi,
1153 1108 1184 1138 et
1205 1096 1374 1147 quomodo

294 1204 353 1242 per
369 1190 488 1228 uelum
507 1193 536 1224 et
559 1192 682 1221 (errant
699 1187 727 1216 et
746 1187 840 1214 mare
859 1173 1000 1211 Creator
1019 1166 1242 1217 gloriﬁcctttr.
1264 1159 1376 1197 Hodie

786 1240 792 1242 “
884 1237 891 1242 “
971 1234 1004 1242 “““
1103 1241 1106 1242 ν
1161 1237 1226 1242 ----ι
1251 1222 1376 1242 Α-ᾹίιιΛ

293 1222 392 1298 itero,
413 1259 482 1290 etc.
506 1249 572 1286 llic
597 1245 729 1284 seriem
751 1240 858 1278 trium
884 1234 1112 1274 homiliarum
1127 1258 1137 1274 ,
1157 1237 1229 1276 quo
1249 1222 1376 1262 ordine

295 1317 429 1354 habitm
444 1313 587 1350 fuerant
600 1314 684 1346 ante
697 1302 946 1344 duodecimam
962 1297 1066 1334 all‘ert
1079 1294 1375 1340 Chrysostomus,

297 1387 426 1425 nempe
447 1385 574 1416 name,
592 1370 742 1409 decimae
768 1372 804 1405 et
830 1361 1042 1402 undecima).
1063 1357 1101 1394 ιιι
1123 1363 1215 1392 nena
1236 1362 1336 1389 num.
1355 1347 1380 1384 ‘2

298 1408 426 1425 ..ν...,.ν
449 1408 468 1412 ..
566 1408 574 1416 ,
599 1408 602 1409 ,

298 1443 550 1488 argumentum
566 1431 740 1471 orationis
761 1427 860 1476 ponit
877 1424 945 1461 hoc
963 1421 1063 1459 Pauli
1083 1417 1234 1460 dictum,
1255 1408 1380 1450 Invisi-

300 1478 382 1539 bilia
401 1499 522 1547 ipsius,
544 1502 642 1538 etc.;
669 1491 829 1538 illudque
854 1486 1095 1525 Psalmorum,
1115 1478 1198 1516 Ca'li
1219 1480 1382 1514 enarrant

303 1563 447 1612 gloriam
467 1559 542 1596 Dei.
562 1557 600 1594 In
619 1556 758 1593 decima
780 1553 866 1588 item
885 1559 984 1586 num.
1007 1546 1031 1582 2
1048 1554 1086 1581 se
1103 1543 1172 1579 hoc
1190 1540 1306 1588 ipsum
1325 1547 1383 1574 ar-

303 1630 514 1674 gumentum
545 1618 713 1667 persequi
739 1615 902 1653 declarat
926 1623 934 1647 :
959 1610 992 1647 in
1023 1605 1214 1646 undecima
1241 1609 1385 1650 quoque

305 1698 407 1725 num.
423 1685 448 1720 2
465 1694 503 1720 se
522 1682 640 1718 eidem
658 1683 870 1726 argumento
884 1674 1052 1711 insistere
1069 1668 1295 1706 testiﬁcatur.
1313 1668 1386 1700 An-

308 1760 379 1788 non
398 1743 646 1795 Chrysostomi
667 1740 772 1778 dictis
791 1738 862 1774 vim
891 1735 999 1772 infert
1018 1729 1284 1772 Tillemonlius,
1305 1735 1388 1762 cum

309 1812 486 1850 decimam
509 1808 601 1844 inter
621 1809 657 1842 et
677 1801 903 1840 undecimam
931 1796 1007 1832 vult
1026 1791 1190 1830 interseri
1211 1789 1388 1826 decimam

311 1876 470 1924 quintam
495 1876 532 1909 et
557 1868 734 1907 dccintam
756 1860 924 1901 sextam?
941 1858 978 1896 ld
998 1862 1117 1893 autem
1140 1854 1199 1890 ille
1217 1849 1391 1888 subdubi-

313 1913 422 1975 tando
437 1940 575 1973 tantum
591 1929 758 1978 proponit
775 1927 810 1963 in
830 1931 914 1962 nota
932 1921 978 1960 29
998 1919 1042 1957 ad
1062 1919 1178 1956 Vitam
1196 1913 1391 1952 Theodosii

315 1996 560 2047 Imperatoris,
580 2005 617 2030 n.
639 1991 697 2035 10,
717 1989 758 2026 ll
778 1993 814 2024 et
831 1996 949 2033 scqq.,
967 1983 1168 2026 fateturque
1185 1987 1266 2015 eum
1285 1984 1392 2023 quem

317 2071 382 2098 nos
400 2059 590 2096 statuimus
607 2053 771 2091 ordinem
791 2049 889 2087 clare
904 2057 924 2084 a
937 2045 1198 2092 Chrysostomo
1215 2037 1364 2076 indicari
1384 2049 1392 2072 :

318 2122 380 2160 sed
399 2121 521 2158 nescio
536 2128 607 2166 quo
621 2121 726 2163 pacto
743 2111 788 2150 ab
805 2109 934 2148 eodem
948 2107 1025 2154 ipso
1037 2104 1164 2141 ordine
1181 2107 1304 2149 postea
1323 2099 1397 2135 dis-

319 2183 435 2221 cedat.
453 2181 632 2218 C.nterum
657 2185 738 2213 cum
756 2173 844 2210 dicit
872 2170 1167 2218 Cln‘ysostomus,
1187 2165 1292 2200 tribus
1311 2171 1398 2210 priv-

321 2244 428 2282 teritis
445 2243 575 2284 diebus,
595 2249 668 2276 non
686 2233 898 2282 intelligitur
914 2231 968 2281 de
980 2229 1096 2267 tribus
1117 2226 1310 2276 postremis
1323 2224 1400 2261 die-

322 2308 390 2344 bus
412 2306 447 2342 in
471 2303 600 2351 quibus
626 2300 764 2338 scilicet
789 2296 1024 2335 concinnatus
1043 2298 1134 2330 erat.
1154 2291 1192 2328 ln
1217 2289 1286 2326 hac
1313 2287 1400 2324 item

325 2368 470 2407 homilia
489 2364 716 2408 duodecima,
733 2371 813 2410 qua:
832 2359 952 2397 habita
971 2362 1026 2395 est
1044 2354 1132 2393 feria
1148 2353 1251 2391 tertia
1265 2357 1402 2400 quarta:

327 2429 561 2469 hebdomadis
578 2424 892 2474 Quadragesimzn,
911 2420 1030 2458 eidem
1051 2416 1185 2456 insistit
1210 2413 1403 2464 hypotltcsi

327 2493 372 2530 dc
389 2490 564 2540 sapientia
580 2487 644 2526 Dei
657 2488 692 2524 in
707 2484 831 2524 mundi
846 2482 990 2531 opiﬁcio
1006 2493 1015 2517 :
1033 2485 1157 2528 postea
1175 2477 1248 2526 agit
1265 2476 1310 2513 de
1324 2475 1406 2523 jure

329 2535 496 2597 naturali,
513 2550 618 2598 cujus
635 2546 877 2596 cognitionem
898 2544 996 2582 Deus
1013 2539 1150 2578 homini
1170 2537 1322 2582 indidit,
1341 2535 1406 2574 de-

329 2625 400 2662 que
413 2615 619 2662 juramento
637 2608 798 2648 vitando.

381 2661 561 2714 Decimam
579 2674 723 2712 tertiam
741 2669 925 2708 homiliam
939 2667 1030 2706 dixit
1045 2663 1222 2715 postridie
1235 2661 1410 2701 duodeci-

333 2751 444 2778 mam.
464 2737 648 2786 Principio
665 2735 799 2784 gratias
817 2733 890 2782 agit
907 2732 982 2770 Deo
1001 2731 1046 2768 de
1065 2735 1200 2768 mutata
1219 2737 1340 2766 rerum
1361 2725 1412 2762 [ςι-

334 2804 404 2849 cie,
423 2803 538 2850 deque
553 2800 698 2839 sublato
712 2803 825 2840 metu,
841 2797 900 2844 qui
915 2801 1034 2833 tantus
1053 2793 1182 2837 fuerat,
1195 2797 1232 2828 ut
1250 2789 1410 2832 ciuitatis,

336 2865 464 2912 inquit,
481 2849 592 2912 major
610 2873 689 2910 pars
710 2871 782 2908 pra:
802 2859 921 2896 timore
938 2863 970 2894 et
988 2854 1250 2892 comminatione
1267 2850 1330 2888 illa
1343 2880 1352 2893 ,
1368 2849 1414 2886 ad

338 2928 470 2964 deserta
489 2933 520 2964 et
535 2927 650 2973 fauces
665 2923 831 2960 montium
847 2949 856 2965 ,
879 2927 910 2956 et
930 2918 1064 2956 occulta
1084 2918 1235 2953 locorum
1254 2913 1416 2951 transmi-

340 2989 497 3038 graverit.
519 2988 608 3025 llinc
625 2986 669 3024 de
685 2985 808 3022 multis
827 2983 871 3020 ad
893 2981 1047 3018 tribunal
1065 2978 1249 3019 adductis.
1271 2977 1315 3013 de
1331 2975 1417 3012 hor-

342 3037 434 3088 ribili
453 3051 574 3087 habita
597 3048 788 3085 verberum
817 3050 854 3082 et
883 3043 1104 3090 ﬂagellorum
1125 3039 1326 3088 quaestione
1341 3065 1350 3080 ,
1373 3037 1419 3074 de

343 3115 422 3151 aliis
439 3114 482 3151 ad
499 3112 712 3160 supplicium
731 3108 894 3156 raptatis,
909 3106 956 3144 de
971 3111 1085 3142 matre
1102 3109 1137 3140 et
1153 3112 1280 3140 sorore
1299 3101 1421 3148 cujus-

345 3175 442 3218 dam,
458 3175 502 3212 de
521 3184 592 3222 quo
619 3175 714 3210 intus
731 3170 969 3220 indicabatur,
989 3167 1034 3204 ad
1053 3163 1268 3203 vesnbulum
1287 3163 1322 3199 in
1344 3161 1422 3208 pul—

347 3246 431 3272 vere
445 3235 624 3272 volutatis.
647 3234 730 3270 llaec
748 3231 927 3279 pathetice
941 3227 1113 3266 describit
1126 3225 1421 3274 Chrysostomus,

348 3309 428 3342 qtne
446 3297 566 3342 paucis
581 3301 665 3332 ante
681 3294 820 3336 diebus,
836 3293 973 3329 scilicet
985 3297 1178 3336 antequam
1195 3287 1421 3324 undecimam

350 3355 729 3427 etipcioitemltaberet
745 3384 754 3400 ,
775 3361 874 3404 gesta
893 3355 1048 3393 fuerant.
1070 3353 1156 3390 Hice
1172 3356 1291 3393 autem
1311 3346 1426 3383 homi—

428 3419 438 3427 -
477 3420 484 3427 .
500 3419 521 3427 .Δ
575 3419 588 3427 .-
613 3419 620 3427 .
797 3419 804 3425 .
899 3417 930 3427 -ι
960 3424 966 3427 .
1035 3415 1050 3427 ι·
1071 3415 1117 3427 ηε-
1148 3418 1267 3427 -.-....ι..
1288 3407 1407 3427 ιωιυιΛ

354 3407 411 3458 liii
428 3419 548 3456 habita
573 3419 682 3456 fuisse
709 3419 856 3454 omnino
874 3417 1014 3454 videtur
1033 3415 1120 3452 feria
1145 3418 1270 3460 quarta
1288 3407 1427 3445 hebdo-

356 3483 472 3522 madis
490 3489 627 3530 quarta:
647 3481 949 3529 Quadragesimaa.
975 3476 1177 3516 Prtemissis
1194 3479 1315 3510 autent
1334 3470 1427 3506 bene

316 3549 319 3552 '
355 3547 478 3584 multis
503 3545 549 3582 de
575 3543 779 3582 calamitate
807 3543 1031 3580 Antiochena
1049 3567 1058 3584 ,
1087 3538 1133 3576 ad
1164 3535 1354 3584 pristinum
1383 3531 1429 3568 de

360 3609 514 3647 hominis
533 3608 677 3656 opilicio
704 3613 955 3655 argumentum
987 3599 1203 3646 descendit,
1231 3603 1267 3635 et
1295 3594 1428 3631 cohor-

359 3672 468 3709 tando
485 3671 531 3710 de
552 3681 652 3708 more
671 3670 714 3708 ad
732 3670 936 3718 iuramenta
950 3664 1097 3704 vitanda
1115 3660 1316 3700 orationem
1333 3657 1432 3694 clau-

359 3734 425 3771 dit.

413 3796 592 3832 Decimum
633 3800 796 3843 quartam
827 3787 1082 3828 Tillemonlius
1110 3781 1298 3820 locandam
1334 3781 1435 3825 putat

463 3858 634 3894 decimam
657 3863 819 3892 octavam
835 3881 846 3896 ,
875 3853 943 3887 hac
969 3852 1152 3895 permotus
1186 3843 1326 3880 ratione
1347 3852 1355 3875 :
1378 3839 1436 3875 ln—

447 3921 494 3954 .e7t
510 3918 802 3965 (lhrysostomus,
827 3913 908 3950 Non
928 3920 1048 3959 parum
1069 3907 1235 3942 civitatem
1250 3901 1345 3938 nobis
1364 3900 1436 3936 lteri

430 3992 433 3994 ·
474 3983 522 4014 'th
545 3991 572 4024 pt
586 3977 758 4022 rturbacit,
778 3976 838 4012 sed
855 3979 886 4010 et
905 3972 995 4008 Deus
1014 3979 1075 4006 nos
1089 3968 1208 4005 iterum
1225 3975 1292 4002 non
1315 3971 1435 4011 parum

1006 274 1044 312 S.
1073 266 1262 310 JO.\NNlS
1288 257 1609 304 CHRYSOSTOMI
1637 255 1759 299 Vl'l'A,

2423 248 2480 287 ηο

1431 336 1628 374 consolatus
1643 339 1704 371 est.
1721 331 1808 369 llrec
1822 328 1946 372 verba,
1966 327 2079 374 inquit
2099 325 2159 362 ille
2174 351 2184 369 ,
2206 323 2388 361 adventum
2407 323 2482 362 llel-

1432 398 1580 442 lebichi,
1599 403 1636 434 et
1656 394 1820 432 nuntium
1833 393 1906 439 jam
1922 386 2230 434 Constantinopoli
2247 386 2368 424 adesse
2383 387 2482 436 signi-

1433 461 1554 498 llcant.
1575 458 1709 495 Verum
1737 455 1815 504 haec
1842 450 2054 490 hariolando
2080 449 2256 486 dicuntur.
2277 447 2367 493 Quot
2382 449 2484 496 suspi-

1432 520 1558 561 cio‘nes
1576 526 1612 558 et
1632 525 1791 557 terrores
1818 516 2000 553 immissos
2019 519 2121 560 putas
2142 509 2368 548 Antioeltenis
2383 539 2392 555 ,
2410 510 2484 548 dum

1433 585 1545 623 animi
1565 582 1778 631 penderent,
1794 585 1830 617 et
1843 587 2015 627 quorsum
2031 581 2103 613 tam
2118 572 2269 610 infausta
2286 583 2340 610 res
2353 582 2487 610 evasura

1435 654 1533 686 esset
1563 642 1795 694 ignorarent?
1819 642 1870 680 De
1891 641 1934 678 iis
1953 649 2041 677 vero
2069 636 2265 675 terroribus
2288 636 2488 674 rumoribus-

1437 722 1508 759 que
1539 707 1747 747 ratiocinari
1772 703 1954 754 quomodo
1972 711 2176 751 possumus,
2197 700 2256 747 qui
2275 710 2391 737 eorum
2407 700 2487 738 haud

1438 775 1550 813 dubie
1575 772 1770 810 maximam
1791 775 1930 818 partem
1959 768 2190 816 ignoramus;
2209 766 2290 803 etsi
2317 776 2380 813 qua
2404 767 2474 803 noti

1439 848 1535 882 mus,
1555 837 1602 873 ita
1621 836 1832 883 plerumque
1852 831 2086 878 intelligimus
2100 858 2109 873 ,
2137 834 2176 865 ut
2199 828 2258 865 vix
2283 827 2361 864 inde
2377 839 2488 876 quain-

1441 903 1536 948 piam
1555 904 1678 936 notam
1699 895 1876 944 expiscari
1899 892 2108 942 possimus?
2135 891 2218 929 Haec
2235 890 2376 928 homilia
2397 891 2491 927 let-tne

1442 969 1516 1000 tota
1535 969 1592 999 est
1609 962 1654 999 de
1673 959 1820 998 vitando
1834 959 2054 1006 iuramento.

1493 1026 1676 1062 Decitnam
1695 1023 1856 1070 quintam
1877 1019 2062 1056 homiliam
2084 1017 2159 1054 vult
2183 1016 2423 1054 Tillemonlius
2441 1015 2493 1051 ha.

1445 1089 1556 1126 bilam
1582 1087 1692 1124 fuisse
1720 1084 1815 1122 inter
1841 1083 2019 1120 decimam
2043 1086 2080 1118 et
2107 1079 2351 1123 undecimam,
2374 1084 2437 1115 tum
2456 1077 2492 1113 ob

1446 1159 1574 1188 causas
1600 1158 1708 1196 supra
1739 1146 1785 1184 ad
1814 1144 2042 1183 undecimam
2071 1147 2286 1180 memoratas
2303 1168 2312 1185 ,
2339 1146 2407 1176 tum
2426 1139 2493 1186 quia

1448 1213 1728 1262 Cltrysostomus
1753 1209 1806 1246 sic
1839 1208 1949 1245 habet
1966 1205 2068 1243 initio
2087 1217 2096 1242 :
2115 1203 2296 1251 Oportebat
2321 1209 2348 1239 et
2367 1201 2454 1238 hodie
2469 1207 2494 1235 et

1449 1275 1625 1324 superiore
1652 1272 1792 1310 sabbato
1813 1271 1856 1308 de
1875 1269 2010 1318 jtjunio
2030 1278 2162 1304 movere
2178 1276 2368 1304 sermonem.
2389 1264 2444 1302 Ubi
2462 1264 2495 1299 il-

1451 1337 1511 1376 lud
1530 1367 1538 1384 ,
1567 1337 1744 1384 superiore
1761 1364 1770 1381 ,
1791 1334 1894 1382 quasi
1911 1339 2009 1370 esset
2034 1331 2144 1380 primo
2170 1329 2214 1367 de
2238 1329 2348 1376 primo
2371 1327 2496 1364 sabbato

1452 1401 1766 1450 Quadragcsima),
1789 1395 2056 1436 subdubitando
2083 1402 2200 1432 tamen
2215 1422 2226 1438 ,
2253 1390 2426 1438 intelligit;
2445 1388 2497 1426 sed

1455 1478 1536 1512 nos,
1559 1473 1595 1503 ut
1615 1471 1651 1503 et
1670 1461 1878 1502 Bernardus
1896 1459 2102 1503 Brixianus,
2123 1456 2169 1495 de
2187 1455 2365 1503 superiore
2382 1453 2447 1490 sive
2463 1451 2499 1487 de

1455 1528 1684 1578 przeccdente
1703 1525 1952 1572 intelligimus,
1975 1528 2081 1570 atque
2100 1520 2147 1557 ita
2165 1516 2419 1565 intelligendum
2435 1525 2501 1551 esse

1456 1591 1637 1640 exemplis
1666 1588 1925 1636 comprobatur
1949 1598 1958 1622 :
1986 1583 2193 1630 nullamque
2221 1581 2323 1618 aliam
2347 1577 2500 1624 interponi

1458 1666 1565 1704 posse
1585 1652 1770 1692 homiliam
1790 1651 1884 1688 inter
1898 1649 2075 1686 decimam
2093 1653 2128 1684 et
2142 1642 2362 1682 undecimam
2377 1641 2441 1688 jam
2455 1649 2503 1676 su-

1460 1720 1584 1768 perius
1610 1716 1856 1766 probavimus.
1879 1712 2078 1750 Occasione
2099 1716 2214 1746 metus
2231 1717 2299 1754 quo
2318 1703 2426 1742 allecti
2445 1703 2504 1738 An-

1460 1780 1619 1819 tiOcheni
1640 1784 1744 1816 erant
1760 1806 1770 1823 ,
1795 1775 1907 1814 multa
1937 1774 2026 1812 dicit
2056 1771 2102 1810 de
2131 1771 2225 1809 bono
2246 1767 2377 1806 timoris
2398 1771 2455 1802 :et
2476 1763 2504 1798 in

1462 1843 1534 1880 fine
1550 1847 1674 1880 coutra
1693 1839 1837 1888 iurandi
1849 1867 1858 1883 ,
1878 1838 1923 1875 ab
1941 1836 2093 1884 aliisque
2109 1834 2347 1882 juramcntum
2365 1824 2506 1874 exigendi

1463 1903 1762 1945 consuetudinem
1781 1901 2028 1940 concionatur.

1513 1969 1660 2007 Decima
1680 1974 1782 2004 sexta
1803 1971 1886 2002 tunc
1907 1963 2026 2000 habita
2046 1959 2126 2005 fuit,
2141 1969 2222 1996 cum
2241 1964 2360 2004 sparso
2377 1949 2510 2000 quodam

1465 2031 1558 2068 falso
1575 2029 1703 2067 futura:
1723 2026 1964 2075 populationis
1981 2033 2140 2064 rumore,
2161 2020 2206 2057 de
2223 2019 2302 2065 fuga
2317 2010 2512 2062 capessenda

1467 2103 1596 2130 omnes
1611 2089 1874 2130 deliberabant.
1893 2088 1992 2124 llanc
2009 2085 2116 2122 etiam
2133 2083 2211 2120 loco
2230 2087 2368 2116 movere
2385 2077 2514 2112 conatur

1469 2155 1735 2200 Tillemonlius,
1749 2159 1785 2191 et
1805 2153 1897 2189 inter
1909 2147 2086 2188 decimam
2104 2151 2140 2184 et
2155 2142 2372 2181 undecimam
2389 2139 2514 2176 locare;

1469 2217 1568 2268 quod
1587 2225 1724 2261 tamen,
1747 2221 1788 2253 ut
1807 2213 1852 2252 ad
1873 2211 2122 2250 duodecimam
2137 2206 2304 2248 diximus,
2321 2198 2447 2239 admitti
2466 2206 2518 2233 ne-

1472 2262 1562 2329 quit.
1585 2278 1649 2317 His
1671 2287 1780 2326 porro
1801 2276 1926 2313 nititur
1943 2269 2192 2321 Chrysostomi
2215 2265 2330 2304 verbis
2349 2262 2520 2300 Tillemon-

1474 2325 1545 2381 lius
1567 2343 1639 2380 :ait
1712 2340 1840 2379 doctor
1859 2349 1896 2376 n.
1919 2336 1956 2382 6,
1978 2333 2174 2373 Secundam
2188 2325 2522 2379 iejuniiseptimanam

1475 2405 1734 2454 pt'ttterivimus.
1741 2403 1836 2440 Duas
1845 2410 1930 2448 ergo
1939 2402 2076 2435 tantum
2085 2391 2324 2432 hebdomadas
2333 2383 2523 2436 praeteriisse

1475 2470 1578 2515 dicit,
1600 2464 1696 2516 quOd
1717 2463 1859 2504 admitti
1889 2472 1962 2500 non
1994 2469 2102 2508 posse
2123 2457 2298 2498 videatur,
2319 2452 2347 2514 si
2371 2450 2479 2487 locum
2495 2448 2525 2480 et

1478 2541 1670 2570 numerum
1703 2539 1808 2567 suum
1836 2526 1894 2564 illa
1915 2528 2062 2562 teneat:
2085 2521 2168 2559 ideo
2184 2508 2425 2557 Tillemonlius
2443 2508 2524 2546 illam

1477 2594 1560 2632 loco
1578 2589 1792 2630 movendam
1808 2598 1891 2626 esse
1911 2591 2013 2634 putat
2031 2590 2068 2622 et
2085 2583 2178 2620 inter
2193 2579 2364 2618 decimam
2381 2579 2414 2611 et
2431 2567 2527 2608 unde-

1481 2657 1626 2694 cimam.
1645 2653 1724 2690 Non
1743 2660 1850 2699 posse
1870 2649 1969 2686 illam
1985 2647 2078 2684 inter
2091 2643 2266 2684 decimam
2281 2634 2524 2678 etundecimam

1482 2717 1633 2766 reponi,
1652 2716 1726 2763 jam
1746 2711 1911 2760 superius
1930 2708 2121 2758 probatum
2138 2711 2207 2743 est.
2225 2702 2302 2741 Non
2321 2707 2420 2748 posse
2436 2692 2525 2730 etiam

1483 2782 1553 2819 hoc
1581 2781 1616 2817 in
1641 2778 1721 2816 loco
1747 2782 1784 2814 et
1807 2783 1960 2812 numero
1986 2771 2186 2808 consistere
2213 2764 2356 2804 omnino
2381 2757 2527 2796 videtur:

1486 2852 1568 2880 nam
1589 2840 1619 2877 si
1635 2843 1716 2886 post
1733 2835 1928 2876 secundam
1941 2831 2066 2881 jejunii
2081 2830 2314 2878 septimanam
2335 2820 2446 2860 habita
2464 2815 2528 2856 fuit,

1487 2905 1663 2943 decimam
1693 2901 1833 2938 tertiam
1859 2903 1896 2934 et
1923 2900 2114 2943 sequentes
2135 2887 2328 2940 praecessit.
2357 2883 2435 2920 Htcc
2453 2881 2533 2915 certe

1489 2966 1640 3005 salebris
1663 2969 1746 3001 Sunt
1774 2961 1878 3009 plena
1905 2971 1913 2996 :
1939 2939 2156 3006 quapropter
2183 2962 2260 2990 rem
2281 2946 2416 2986 dubiam
2441 2939 2532 2978 relin-

1490 3039 1601 3078 quere
1621 3027 1737 3064 visum
1756 3029 1824 3061 est.
1847 3021 1940 3067 Quid
1968 3020 1997 3056 si
2018 3017 2214 3056 dixerimus
2233 3019 2386 3050 errorem
2407 3005 2534 3042 fortasse

1491 3093 1528 3129 in
1543 3090 1640 3127 hunc
1652 3088 1771 3124 locum
1792 3085 1971 3121 invectum
1986 3089 2067 3117 esse
2085 3089 2105 3114 a
2121 3076 2249 3119 scriba,
2267 3071 2324 3120 qui
2344 3070 2468 3106 literam
2483 3069 2536 3096 nu-

1492 3152 1664 3192 meralem
1677 3166 1696 3195 ν
1713 3159 1779 3196 pro
1794 3146 1896 3184 tertia
1914 3143 2066 3191 positam
2080 3141 2115 3176 in
2130 3146 2161 3182 6,
2182 3137 2216 3174 id
2235 3141 2290 3174 est
2306 3135 2342 3170 in
2355 3124 2536 3196 secundam.

1494 3181 1664 3192 .........-...
1683 3181 1693 3195 ,
1717 3181 1775 3196 γ.-
1796 3181 1873 3184 --η
1915 3181 1926 3191 _
2155 3181 2158 3182 ν

1494 3211 1712 3253 mutaverit?
1741 3209 1780 3246 In
1806 3209 1874 3245 hac
1893 3205 2067 3242 concione
2088 3198 2280 3250 praemissis
2297 3188 2490 3243 quibusdam
2500 3181 2540 3253 Ide

1492 3275 1686 3314 timiditate
1706 3268 2012 3308 Antiochenorum
2027 3293 2036 3311 ,
2056 3264 2172 3310 deque
2187 3259 2389 3308 juramento
2402 3243 2538 3314 vitando.

1497 3342 1746 3386 argumentum
1769 3331 1928 3370 homilite
1947 3333 2130 3365 mutuatur
2149 3325 2418 3371 Chrysostomns
2435 3321 2472 3349 ex
2495 3305 2541 3358 hi5

2302 3383 2308 3386 .
2371 3377 2410 3386 ..ιο
2449 3371 2541 3386 ,.L..m

1499 3371 1699 3386 -.ο--..νην

1499 3400 1598 3438 Pauli
1617 3397 1736 3436 verbis
1756 3408 1764 3431 :
1789 3394 1922 3430 Paulus
1939 3392 2070 3428 vinctus
2082 3389 2166 3426 Jcsu
2184 3383 2308 3424 Christi
2325 3387 2354 3419 et
2369 3371 2541 3416 Timothei“

1500 3465 1630 3512 frater,
1661 3459 1882 3504 Paulumque
1907 3453 2154 3502 gloriosiorem
2179 3460 2222 3487 ex
2247 3443 2394 3483 vinculis
2414 3437 2543 3475 demon-

1500 3531 1606 3570 strat,
1625 3532 1733 3571 quam
1753 3531 1797 3558 ex
1819 3519 1948 3555 virtute
1965 3514 2234 3552 miraculorum.

1554 3553 1606 3570 ...,
1653 3553 1733 3561 μ...
1756 3553 1797 3558 ,.-

1551 3553 1698 3624 Decima
1728 3581 1881 3629 septima
1912 3577 2031 3615 habita
2052 3581 2107 3612 est
2133 3579 2318 3621 postquam
2343 3553 2549 3602 Hetlebiclnli

1502 3650 1671 3698 Magister
1689 3647 1842 3684 militum
1861 3649 1897 3681 et
1915 3639 2091 3679 Caesarius
2107 3635 2274 3684 Magister
2293 3630 2337 3668 ab
2353 3621 2550 3698 Imperium:

1504 3681 1664 3698 .....,,.---.
1823 3681 1827 3682 ν
2170 3681 2182 3684 ἡ

1504 3712 1605 3750 missi
1627 3707 1864 3758 perquisitum
1883 3704 1928 3741 de
1947 3701 2123 3740 seditione
2138 3726 2148 3743 ,
2171 3691 2390 3734 Antiochiam
2413 3681 2552 3719 advene—
2580 3689 2585 3694 -

1505 3779 1600 3811 rant.
1622 3746 1852 3809 ilcllebichus
1869 3767 1926 3804 hic
1939 3794 1950 3811 ,
1969 3763 2136 3811 Magister
2152 3759 2307 3804 equitum
2327 3746 2552 3811 peditumque:

1506 3835 1590 3872 alibi
1622 3837 1840 3870 memoratus
1867 3827 2049 3869 occurrit,
2079 3828 2115 3860 et
2141 3818 2285 3867 iustitiae
2309 3804 2555 3872 clementiaeque

1509 3895 1612 3932 laude
1633 3893 1785 3931 celebris
1801 3897 1877 3929 erat
1897 3918 1905 3926 .
1925 3885 2101 3926 Ctesltrius
2118 3883 2238 3920 etiam,
2261 3873 2421 3920 Magister
2437 3863 2557 3932 om?”

1511 3967 1591 3995 rum
1610 3955 1696 3995 alibi
1711 3955 1842 3999 dictus,
1866 3951 1941 3999 pari
1958 3946 2136 3998 gaudebat.
2155 3936 2339 3989 probitatis
2359 3932 2460 3969 fama.
2479 3921 2556 3959 PI'O'
