2694 4342
223 225 283 261 12!
1002 217 1124 256 NUNC
1151 215 1325 253 PRIMUM
1352 215 1618 254 ADORNATA.

223 299 376 336 nuntiata
389 303 506 336 autem
525 297 592 334 fuit
605 296 683 334 haec
697 294 842 334 humilia
859 305 941 333 cum
961 293 1175 351 Antiocheni
1196 305 1288 342 pene

221 371 241 398 a
257 367 352 398 metu
366 359 466 398 liberi
487 365 619 398 essent.
641 358 844 404 lnnumera,
860 357 908 395 ait
923 357 984 395 ille
995 367 1095 394 num.
1112 355 1150 402 2,
1167 367 1288 402 exspe-

221 423 378 458 ctavimus
396 422 510 466 mala;
527 421 677 458 omnium
691 421 870 468 facultates
885 420 1054 467 direptum
1073 419 1130 463 iri,
1153 417 1288 454 habita-

221 485 296 521 cula
313 495 387 520 cum
405 483 631 520 habitantibus
650 482 878 520 contburenda
896 509 905 526 ,
925 481 1093 518 civitatem
1113 478 1156 516 de
1175 479 1286 516 medio

150 537 157 547 ’
221 547 399 583 tollendam
417 547 510 592 orbe,
527 552 560 583 et
573 547 678 594 ipsius
695 546 854 592 reliquias
868 556 982 582 omnes
1001 544 1182 592 perituras,
1205 553 1286 578 ara-

221 615 304 643 trum
321 608 427 655 ipsius
443 615 567 645 terram
585 608 796 646 sulcaturum
813 618 896 644 esse.
914 607 984 644 Sed
997 617 1073 643 ecce
1083 606 1155 642 lucc
1171 605 1286 642 omnia

220 669 304 705 intra
317 670 598 718 exspectationem
609 676 740 706 tantum
750 676 927 714 steterunt,
941 676 971 706 et
984 669 1019 705 in
1030 679 1114 716 opus
1126 679 1193 704 non
1205 679 1286 715 pro-

220 738 398 767 cesserunt.
421 731 494 768 Sub
509 733 584 769 lucc
602 738 721 769 narrat
738 730 918 780 quomodo
933 730 1100 769 monachi
1117 741 1162 768 ex
1179 740 1284 766 mon-

221 792 312 830 tibus
331 794 555 831 Antiochiam
575 794 850 840 descenderint,
870 800 910 831 ut
925 794 1064 841 judices
1085 793 1282 841 placarent,

220 853 301 890 dum
323 855 463 892 interim
479 855 680 904 philosophi
700 866 826 894 omnes
853 856 969 893 Graeci
991 855 1117 893 urbem
1137 855 1284 892 desere-

220 905 298 954 rent
314 930 322 953 :
341 929 412 965 quo
439 926 542 966 pacto
561 921 669 957 etiam
695 921 902 957 sacerdotes
925 921 959 957 in
987 921 1138 968 gratiam
1166 920 1282 968 populi

221 985 367 1017 strenue
388 991 462 1018 rem
479 981 654 1028 gesserint
675 994 684 1019 :
703 992 827 1029 poenas
847 981 892 1018 ab
903 982 1124 1030 lmperature
1138 981 1284 1019 demum

221 1041 394 1089 irrugatas
408 1071 418 1088 ,
441 1043 538 1081 leves
558 1044 830 1092 tulerahilesque
845 1055 937 1090 esse,
957 1055 1072 1092 neque
1089 1044 1284 1082 dolendum

219 1104 250 1141 si
270 1105 478 1143 orchestram
497 1114 527 1143 et
545 1107 666 1144 balnea
685 1109 887 1152 occluserit,
907 1118 950 1146 ac
968 1109 1208 1156 metropoleos
1228 1108 1284 1146 di-

219 1167 388 1212 gnitatem
407 1168 451 1205 ab
471 1169 557 1206 urbe
574 1169 774 1208 Antiochite
795 1171 992 1208 sustulerit.
1014 1171 1144 1208 Veram
1159 1172 1286 1209 Antio-

219 1227 309 1264 chize
321 1228 530 1276 dignitatem
549 1241 644 1277 esse,
668 1231 763 1278 quod
779 1232 814 1269 in
833 1243 874 1270 ea
889 1232 1052 1280 discipuli
1065 1233 1198 1272 Christi
1211 1235 1284 1282 pri-

218 1301 315 1328 mum
335 1291 525 1330 Christiani
541 1294 610 1331 sint
626 1295 753 1340 vocati,
769 1301 805 1332 et
817 1295 912 1343 quod
924 1296 1138 1334 Antiocheni
1153 1298 1286 1336 sanctis

218 1353 526 1401 lerusolymitauis
539 1356 630 1392 tame
646 1355 888 1394 laborantibus
903 1367 1007 1404 opem
1029 1358 1197 1396 tulerint:
1214 1369 1284 1396 non

219 1415 494 1462 magnitudinem
508 1445 518 1463 ,
549 1417 613 1454 sed
634 1417 802 1465 pietatem
827 1418 932 1456 urbes
952 1429 1140 1458 exornare.
1159 1421 1197 1458 In
1214 1421 1288 1458 line

218 1484 336 1514 autem
353 1477 449 1524 dicit,
465 1479 553 1517 alios
565 1480 680 1518 adhuc
695 1482 729 1518 in
745 1492 888 1520 carcere
906 1482 1052 1530 degere,
1068 1483 1159 1521 alios
1175 1484 1210 1521 in
1225 1495 1288 1521 ex-

217 1539 336 1576 silium
365 1541 555 1580 mittendos
587 1553 679 1580 esse.
711 1543 810 1582 lianc
830 1544 1014 1582 humilium
1035 1546 1287 1584 Tillemontius

218 1603 357 1640 cunfert
375 1604 410 1640 in
438 1604 696 1642 hebdomadem
717 1613 880 1654 quartam
898 1607 1187 1656 Quadragesimae
1209 1617 1288 1656 post

219 1657 344 1697 feriam
361 1668 538 1708 quartam,
559 1663 622 1700 sed
643 1674 686 1700 ex
704 1664 908 1711 conjectura
929 1671 1079 1702 tantum.
1102 1665 1286 1714 Metropo-

217 1721 294 1759 leos
331 1733 416 1760 vero
455 1723 608 1771 dignitas
639 1727 810 1764 translata
846 1727 909 1764 fuit
936 1728 1125 1766 Antiochia
1161 1729 1288 1768 Laudi-

215 1792 329 1830 ceam,
345 1784 522 1823 referente
541 1786 767 1826 Theoduretu
787 1789 809 1825 Ι.
831 1789 866 1834 5,
886 1799 919 1826 c.
942 1790 1000 1828 19.

262 1845 405 1882 Decima
423 1855 546 1884 octava
569 1848 714 1886 humilia
734 1856 815 1898 post
834 1851 1022 1889 dimidium
1039 1852 1167 1900 jejunii
1188 1853 1284 1892 dicta

217 1906 292 1952 fuit,
314 1916 350 1945 ut
368 1909 415 1946 ait
436 1911 535 1948 initio
551 1911 842 1960 Chrysostomus.
866 1913 971 1951 Putat
986 1925 1074 1952 vero
1087 1915 1285 1953 Tillemon-

217 1972 282 2007 tius
301 1971 393 2008 illam
416 1973 449 2010 in
469 1974 688 2012 Dominicam
709 1979 868 2024 quintam
887 1976 1181 2026 Quadragesimze
1200 1991 1285 2028 pru-

215 2031 376 2071 babiliter
389 2035 514 2082 conjici
530 2046 648 2084 posse.
669 2038 796 2084 Agitur
815 2048 923 2085 porro
940 2039 986 2076 de
999 2051 1084 2077 vera
1097 2041 1283 2088 jejunandi

215 2095 348 2134 ratione
362 2125 371 2141 ,
393 2097 436 2135 de
451 2098 655 2136 divitiarum
671 2105 880 2148 contemptu
891 2127 902 2144 .
920 2100 965 2140 de
989 2102 1134 2140 tristitia
1151 2114 1283 2142 secun-

216 2156 294 2195 dum
318 2160 442 2205 Deum,
463 2167 532 2198 etc.

261 2221 437 2261 Hactenus
465 2224 501 2261 in
526 2223 758 2262 homiliarum
784 2236 936 2264 numero
955 2231 991 2264 et
1012 2227 1140 2265 ordine
1160 2227 1283 2266 Savilii

214 2289 250 2319 et
275 2283 464 2324 Frontonis
499 2287 616 2324 Duczci
647 2287 830 2326 Editiones
861 2296 1034 2336 sequutus
1065 2298 1176 2336 sum;
1212 2292 1284 2329 imo

215 2345 318 2383 etiam
337 2347 511 2386 decimam
533 2360 664 2386 nonam
679 2351 908 2389 continenter
923 2352 1042 2400 posui,
1061 2353 1285 2392 Tillemontii

213 2409 367 2456 opinioni
387 2412 625 2461 adstipulatus
638 2442 647 2458 ,
669 2415 729 2462 qui
751 2415 845 2453 inter
860 2415 1200 2464 Quadragesimales
1217 2417 1283 2454 de-

213 2471 339 2508 cimam
367 2485 495 2512 nonam
525 2482 562 2513 et
587 2475 665 2524 ipse
693 2477 830 2524 putavit
855 2479 1132 2516 accensendam.
1150 2479 1283 2517 Verum

213 2540 334 2579 postea
352 2537 516 2574 secundis
534 2536 805 2587 curis'eomperi
824 2539 920 2576 illam
939 2540 1001 2578 diu
1021 2546 1105 2589 pust
1122 2541 1260 2578 Pascha
1273 2569 1284 2585 ,

216 2595 396 2634 Duminiea
424 2609 555 2647 nempe
569 2607 652 2639 ante
677 2602 938 2640 Ascensionem
956 2603 1099 2640 Domini
1119 2603 1280 2641 habitam

216 2655 347 2702 fuisse,
374 2667 414 2696 ut
438 2662 544 2699 etiam
571 2663 606 2700 in
632 2664 734 2702 titulo
761 2665 900 2714 fertur,
933 2676 1066 2714 nempe
1095 2666 1282 2704 Dominica

214 2729 270 2760 τῆς
289 2724 517 2768 ἐπισωςσμένης
535 2750 545 2766 ,
573 2735 652 2772 quae
671 2727 892 2765 Dominicam
913 2729 1074 2776 quintam
1105 2737 1188 2777 post
1215 2729 1284 2767 Pa-

213 2781 314 2827 scha,
331 2783 406 2820 sive
425 2784 642 2823 Dominicam
658 2793 741 2826 ante
757 2789 1017 2829 Ascensionem
1035 2792 1228 2841 signiﬁcat,
1245 2799 1284 2830 ut

215 2844 262 2881 ait
277 2845 349 2882 Leu
363 2846 526 2884 Allatius.
541 2847 612 2886 Sed
629 2859 670 2886 ea
688 2850 733 2888 de
750 2861 790 2888 re
806 2851 896 2890 infra
914 2853 1088 2902 pluribus.
1107 2855 1196 2894 Cum
1216 2857 1284 2893 ita-

215 2917 282 2954 que
300 2909 360 2945 itla
380 2909 473 2947 inter
491 2911 664 2950 l‘lomilias
679 2912 726 2950 de
741 2914 888 2962 Statuis,
910 2917 965 2954 vel
982 2917 1284 2966 Quadragesima-

217 2969 265 3008 les
282 2974 457 3010 reccnseri
475 2985 546 3012 non
559 2975 702 3021 debeat,
719 2976 858 3015 decima
878 2983 972 3016 nona
985 2981 1055 3018 erit
1071 2981 1132 3018 illa
1143 3009 1153 3028 ,
1175 2992 1282 3030 quam

217 3042 278 3069 nos
291 3035 496 3082 vigesimam
513 3047 760 3085 posueramus,
773 3051 923 3090 qumque
937 3041 972 3080 in
988 3043 1156 3082 Editioue
1167 3045 1284 3082 Fron-

217 3097 306 3136 tonis
326 3097 442 3136 Duczei
462 3102 634 3148 vigesima
652 3103 809 3140 secunda
829 3112 1060 3152 numeratur,
1089 3105 1282 3155 habitaque

217 3157 278 3196 fuit
290 3189 300 3205 ,
321 3166 411 3200 teste
435 3161 694 3212 Chrysostomo
709 3193 720 3210 ,
741 3165 866 3204 decem
884 3167 1012 3206 diebus
1029 3175 1114 3206 ante
1128 3169 1280 3207 Pascha.

219 3218 276 3257 Illa
295 3232 399 3268 vero,
419 3235 526 3272 quam
545 3226 682 3265 Fronto
705 3228 856 3266 Ducaeus
874 3230 1083 3278 vigesimum
1105 3241 1280 3269 numera-

218 3291 337 3330 verat,
357 3293 394 3324 et
412 3297 478 3325 nos
497 3289 705 3338 vigesimam
726 3292 877 3338 primam
898 3293 1085 3340 posuimus
1098 3283 1204 3342 ,Pjam
1227 3295 1282 3331 vi-

218 3347 347 3393 gesima
357 3353 436 3398 erit,
447 3353 588 3403 dempta
599 3365 727 3403 nempe
745 3357 804 3394 illa
822 3356 944 3394 habita
966 3359 1002 3396 in
1024 3359 1210 3396 Dominica
1225 3369 1283 3401 τῆς

217 3410 462 3459 επισωςομένης,
483 3416 527 3453 de
552 3427 620 3464 qua
648 3427 715 3455 suo
735 3418 815 3457 loco
833 3427 972 3468 agetur.
1003 3421 1088 3458 [hee
1102 3431 1214 3469 porro
1231 3421 1284 3458 vi-

218 3472 348 3516 gesima
363 3481 415 3512 est
431 3477 551 3514 ultima
565 3478 610 3516 de
624 3479 774 3518 Statuis.
793 3481 917 3529 Itaque
932 3481 1006 3528 jam
1021 3483 1146 3530 viginti
1165 3482 1283 3520 solum

220 3531 388 3573 liumilias
403 3537 448 3575 de
463 3539 594 3578 Statuis
607 3553 800 3580 recensere
814 3551 972 3591 oportet,
989 3545 1070 3591 quia
1085 3545 1160 3589 illa,
1176 3549 1283 3593 quam

221 3604 283 3632 nos
301 3597 470 3638 decimam
489 3613 619 3641 nonam
637 3605 836 3652 posuimus,
859 3606 930 3642 alio
949 3605 1196 3644 transferenda
1213 3614 1282 3653 est,

221 3665 255 3692 et
271 3656 431 3707 humilia,
451 3673 557 3710 quam
577 3665 786 3714 vigesimam
808 3667 961 3714 primam
983 3667 1118 3705 Fronto
1133 3669 1285 3708 Dueams

222 3728 381 3778 posuerat
395 3752 405 3768 ,
423 3732 478 3762 est
493 3728 694 3766 catechesis
711 3735 811 3767 extra
831 3730 963 3766 seriem
982 3729 1220 3770 Homiliarum
1241 3731 1286 3778 de

223 3776 351 3820 Statuis
370 3788 544 3834 ponenda,
565 3797 603 3827 ut
620 3791 701 3828 luco
720 3800 786 3828 suo
801 3791 978 3829 dicemus.

269 3843 306 3881 In
331 3848 496 3896 vigesima
522 3851 684 3897 humilia,
706 3863 814 3900 quam
843 3863 911 3890 nos
927 3854 1003 3902 jam
1021 3853 1196 3894 decimam
1221 3868 1287 3896 no-

230 3913 307 3941 nam
323 3918 566 3960 numeramus,
579 3913 615 3952 in
628 3914 734 3953 titulo
743 3915 821 3954 haec
833 3916 1018 3967 adduntur
1036 3919 1072 3958 in
1089 3919 1286 3960 Manuscri-

2375 222 2442 260 122

1361 293 1430 341 ptis
1451 294 1667 342 quibusdam
1681 305 1699 332 ἐ
1727 297 1824 335 Dicta
1841 305 1890 336 est
1909 297 2023 337 decem
2042 299 2160 338 diebus
2183 307 2262 338 ante
2287 311 2442 340 sanctam

1359 362 1390 392 et
1406 356 1572 402 vivi/icam
1592 357 1733 394 Domini
1747 362 1854 396 nostri
1870 360 1962 398 1,(2.
1986 363 2276 402 Resurrectionem
2295 375 2336 402 ea:
2351 377 2442 402 utor-

1359 417 1426 454 tuis
1443 427 1456 452 :
1473 417 1570 464 quod
1602 419 1738 465 optime
1767 421 1920 467 quadrat
1947 424 1992 460 ad
2014 425 2150 463 dictum
2171 426 2258 464 illud
2277 427 2442 476 Chryso-

1357 479 1466 516 stomi
1496 479 1603 525 paulo
1631 487 1716 518 ante
1746 481 1854 519 finem
1888 484 2047 524 homiliae
2069 500 2076 524 :
2102 489 2340 538 Quadraginta
2369 492 2442 528 dies

1359 541 1608 589 prwtericrunt.
1626 541 1753 581 llabita
1769 554 1856 591 ergo
1873 544 1980 584 fuerit
1999 547 2076 586 haec
2089 553 2216 588 concio
2236 552 2324 590 feria
2340 561 2442 592 sexta

1357 603 1688 650 postDominicam,
1699 615 1806 653 quam
1819 601 2004 646 Passionis
2017 619 2200 648 vocamus.
2213 613 2297 652 Haec
2309 616 2442 663 quippe

1357 665 1434 704 dies
1446 673 1524 704 erat
1535 667 1824 716 quadragesima,
1839 669 1907 706 inci
1912 670 2044 716 piendo
2056 683 2076 708 a
2092 672 2180 710 feria
2191 677 2350 714 secunda
2363 685 2444 724 post

1357 727 1716 776 Quinquagesimam,
1738 741 1820 778 qum
1849 737 1928 768 erat
1953 731 2095 770 initium
2115 733 2410 783 Quadragesimw
2433 752 2440 775 :

1357 797 1434 828 erat
1453 791 1536 828 item
1555 791 1696 829 decima
1714 799 1798 830 ante
1815 793 1952 831 Pascha
1967 821 1976 837 ,
1997 795 2116 842 ipsum
2135 795 2324 835 Paschalis
2345 799 2440 837 diem

1323 855 1329 865 ‘
1356 853 1641 890 annumerandu.
1659 853 1723 890 Est
1741 860 1861 892 autem
1879 854 1958 892 haec
1976 855 2123 894 humilia
2139 857 2254 896 ferme
2269 865 2341 896 tota
2355 871 2445 898 con~

1358 920 1411 950 tra
1439 915 1660 952 simultatem
1689 922 1726 953 et
1757 916 1966 964 injuriaram
1985 919 2197 956 memoriam
2216 948 2226 966 ,
2256 927 2293 958 et
2317 921 2352 958 in
2372 923 2443 960 line

1358 985 1422 1022 pro
1441 987 1541 1014 more
1561 977 1666 1014 solito
1686 984 1812 1014 contra
1833 977 2049 1026 iuramenta.

1408 1039 1588 1088 Vigesima
1609 1041 1722 1088 prima
1744 1041 1906 1088 humilia,
1928 1053 2036 1091 quam
2053 1054 2120 1082 nos
2140 1045 2350 1092 vigesimum
2373 1058 2441 1083 nu-

1358 1101 1566 1138 merandum
1587 1109 1755 1150 putamus
1769 1133 1778 1149 ,
1805 1112 1860 1142 est
1888 1105 2013 1143 ultima
2033 1106 2078 1144 de
2097 1107 2247 1146 Statuis.
2269 1109 2350 1156 lpso
2369 1109 2442 1147 Re-

1358 1165 1592 1202 surrcctionis
1621 1165 1682 1202 die
1711 1165 1832 1204 habita
1860 1167 2035 1214 probatur
2063 1179 2108 1206 ex
2137 1169 2180 1206 iis
2201 1180 2282 1218 quae
2300 1171 2368 1208 sub
2388 1171 2442 1208 in-

1359 1227 1460 1263 itium
1496 1227 1678 1272 dicuntur,
1711 1235 1748 1266 et
1777 1235 1860 1276 post
1885 1230 2040 1268 reditum
2073 1232 2236 1270 Flaviani
2265 1234 2440 1282 episcopi.

1358 1288 1481 1326 Primo
1506 1289 1630 1326 laudat
1659 1289 1871 1327 Flavianum
1888 1319 1898 1334 ,
1913 1291 2010 1338 quod
2031 1301 2158 1330 sorore
2183 1294 2312 1332 morbo
2339 1295 2443 1334 labo-

1358 1359 1482 1398 rante,
1501 1353 1547 1390 de
1563 1354 1740 1392 extremis
1757 1355 1986 1402 periclitante
1999 1384 2008 1400 ,
2029 1363 2066 1393 et
2081 1355 2231 1394 fratrem
2252 1367 2298 1395 ne
2315 1369 2355 1396 se
2375 1359 2442 1397 de-

1358 1420 1498 1452 sereret
1528 1421 1680 1463 rogaute
1695 1443 1706 1461 ,
1728 1417 1850 1454 omnia
1872 1423 1992 1455 tamen
2019 1417 2080 1456 ille
2104 1418 2353 1466 posthabuerit
2371 1447 2384 1466 ,
2405 1429 2444 1458 ut

1359 1476 1576 1524 periclitanti
1595 1477 1695 1525 gregi
1714 1477 1953 1525 prospiceret.
1969 1477 2101 1516 Narrat
2117 1479 2300 1528 quomodo
2321 1479 2439 1530 Impe-

1359 1546 1517 1576 ratorem
1536 1538 1668 1576 adierit
1685 1545 1722 1577 et
1743 1539 1779 1576 in
1797 1547 2032 1588 conspectum
2050 1540 2130 1588 ejus
2148 1541 2342 1586 adductus,
2361 1549 2440 1580 sta-

1360 1601 1423 1638 tim
1437 1601 1620 1650 lacrymis,
1632 1601 1730 1639 luctu
1745 1608 1779 1639 et
1799 1602 1944 1640 silentio
1955 1603 2027 1640 vim
2041 1603 2179 1642 doloris
2193 1606 2414 1653 expresserit
2429 1618 2440 1644 :

1359 1661 1562 1711 deindeque
1583 1663 1712 1701 leniter
1729 1663 1896 1702 hortante
1914 1665 2134 1712 lmperature
2150 1667 2353 1706 orationem
2371 1667 2442 1706 ha-

1357 1725 1478 1763 buerit
1495 1753 1506 1771 ,
1527 1737 1634 1774 quam
1663 1726 1944 1776 Chrysostomus
1973 1727 2019 1765 ad
2047 1728 2194 1766 verbum
2225 1731 2334 1768 refert
2359 1738 2442 1779 apte

1355 1788 1591 1835 compositam
1610 1788 1655 1826 ad
1673 1789 1918 1828 Theodosium
1941 1790 2158 1838 placandum
2182 1804 2190 1828 :
2211 1791 2440 1830 Theodosius

1355 1850 1443 1888 vero
1469 1851 1512 1888 ad
1544 1851 1831 1890 misericordiam
1863 1860 2092 1900 commotus,
2122 1855 2200 1892 hzec
2231 1855 2440 1894 Christiano

1356 1913 1524 1962 Principe
1550 1914 1657 1963 digna
1685 1917 1834 1963 protulit
1855 1917 1966 1954 verba
1987 1929 1996 1954 :
2019 1917 2112 1963 Quid
2126 1929 2288 1966 magnum
2305 1920 2391 1963 erit,
2412 1921 2442 1956 si

1355 1977 1563 2022 hominibus,
1583 1977 1642 2024 qui
1657 1989 1719 2014 nos
1739 1979 1952 2016 contumeliis
1968 1978 2168 2025 affecerunt,
2181 1981 2271 2016 iram
2285 1982 2440 2018 remittu—

1355 2051 1451 2084 ntus,
1473 2051 1550 2076 cum
1569 2051 1630 2078 nos
1650 2041 1717 2089 ipsi
1735 2041 1891 2079 homines
1911 2043 2017 2079 simus
2033 2053 2046 2087 ;
2065 2043 2203 2091 quando
2223 2044 2345 2080 mundi
2361 2043 2438 2082 Do-
2474 2043 2476 2045 ’

1355 2103 1466 2140 minus
1484 2103 1520 2140 in
1541 2111 1668 2140 terram
1685 2105 1890 2142 descendens
1905 2133 1914 2150 ,
1945 2116 1986 2141 ac
2009 2113 2150 2153 propter
2175 2117 2236 2142 nos
2263 2106 2365 2143 homo
2385 2108 2439 2154 {a-

1355 2173 1442 2210 ctus,
1458 2173 1488 2204 et
1502 2179 1523 2203 a
1538 2167 1699 2214 beneﬁcio
1713 2167 1845 2214 affectis
1861 2169 2062 2215 cruciﬁxus,
2081 2181 2143 2218 pro
2157 2169 2438 2218 crucifigentibus

1355 2241 1392 2266 se
1405 2229 1548 2267 Patrem
1565 2231 1674 2268 orauit
1691 2231 1808 2269 dicens
1821 2243 1834 2269 :
1848 2231 1996 2281 Ignosce
2013 2233 2109 2277 illis;
2129 2245 2198 2272 non
2215 2235 2306 2271 enim
2324 2235 2438 2272 sciunt

1355 2293 1437 2340 quid
1454 2293 1600 2340 faciunt.
1619 2293 1710 2332 Cum
1731 2301 1855 2332 autem
1885 2295 2077 2333 Flavianus
2100 2296 2238 2334 Pascha
2259 2307 2343 2335 cum
2365 2296 2437 2334 lm-

1357 2361 1527 2401 peratore
1553 2355 1739 2392 celebrare
1756 2356 1887 2402 vellet,
1907 2358 2051 2403 reponit
2068 2357 2297 2395 Theodosius
2316 2371 2325 2395 :
2347 2357 2439 2395 Novi

1356 2415 1668 2452 Antiochenorum
1685 2416 1828 2453 animos
1845 2417 2096 2460 conturbatos,
2117 2425 2154 2454 et
2166 2419 2298 2455 multas
2311 2429 2438 2467 super-

1357 2487 1438 2514 esse
1458 2477 1674 2514 ealamitatis
1697 2477 1884 2524 reliquias.
1903 2477 1966 2514 Abi
1985 2484 2015 2514 et
2033 2479 2222 2515 consolare.
2245 2479 2288 2516 Si
2316 2482 2439 2528 guber-

1357 2547 1511 2577 natorem
1538 2540 1707 2586 viderint,
1733 2551 1794 2577 nec
1822 2541 2002 2589 printerin
2026 2542 2288 2578 reminiscentur
2310 2549 2438 2591 (enipe-

1356 2603 1468 2646 statis,
1484 2603 1542 2640 scd
1562 2603 1674 2651 ipsum
1691 2603 1839 2640 tristium
1858 2603 2058 2639 memoriam
2080 2602 2250 2640 delebant.
2270 2603 2355 2640 [hec
2376 2605 2438 2642 ubi

1356 2666 1595 2704 Antiuchenis
1615 2666 1776 2703 nuntiata
1798 2665 1912 2710 fuere,
1931 2665 2063 2714 gaudio
2081 2664 2218 2713 perfusi
2240 2665 2356 2702 forum
2376 2677 2438 2704 eu-

1357 2735 1547 2774 ronarunt,
1568 2729 1736 2766 lucernas
1753 2727 2024 2772 accenderunt,
2045 2733 2083 2765 et
2102 2733 2188 2764 ante
2205 2727 2369 2765 ofﬁcinas
2387 2729 2439 2765 Ie-

1355 2791 1543 2829 ctisternia
1563 2801 1733 2839 posuere.
1755 2791 1821 2828 llic
1843 2790 1987 2828 tandem
2015 2789 2079 2828 fuit
2095 2790 2332 2828 Antiochense
2344 2791 2438 2828 sedi-

1357 2856 1467 2894 tionis
1485 2856 1616 2894 exitus.

1403 2919 1484 2957 Jam
1502 2919 1547 2957 ad
1565 2919 1753 2968 sequentia
1769 2919 1971 2964 veniamus,
1985 2928 2065 2967 qua:
2082 2917 2268 2966 pustdiem
2284 2917 2440 2956 Pascha-

1356 2984 1402 3022 tis
1420 2983 1638 3032 subsequuta
1660 2990 1744 3020 sunt
1763 2997 1773 3020 :
1795 2984 1831 3020 in
1849 2983 1952 3032 queis
1971 2993 2016 3020 ex
2039 2981 2210 3020 diuturna
2229 2981 2440 3018 tractatione

1356 3057 1430 3084 non
1450 3057 1564 3095 pauca
1596 3052 1680 3084 sunt
1697 3075 1707 3092 ,
1726 3056 1807 3094 qua:
1829 3045 1970 3093 pridem
1997 3043 2197 3082 secundum
2215 3043 2438 3080 'l'illemontu

1357 3111 1575 3148 sententiam
1593 3117 1838 3147 statueramus
1855 3137 1864 3152 ,
1887 3119 2039 3157 qumque
2052 3108 2128 3156 jam
2147 3105 2318 3144 mutanda
2336 3107 2440 3143 nobis

1356 3179 1452 3210 sunt.
1474 3173 1622 3219 Eurum,
1635 3184 1716 3221 qua:
1731 3180 1813 3222 post
1831 3173 1928 3210 diem
1943 3171 2132 3210 Paschalis
2147 3171 2254 3219 hujus
2271 3171 2354 3207 anui
2371 3171 2440 3208 587

1357 3235 1578 3284 subsequuta
1607 3243 1714 3282 sunt,
1751 3236 1842 3274 ordo
1870 3235 1982 3284 probe
2004 3235 2204 3284 percipitur
2221 3245 2266 3272 ex
2294 3234 2340 3272 iis
2360 3244 2442 3282 qua:

1357 3297 1535 3336 Sermone
1567 3299 1682 3346 primo
1699 3298 1746 3336 de
1771 3299 1876 3336 Anna
1899 3304 2023 3336 narrat
2047 3298 2344 3348 Chrysostomus.
2374 3295 2443 3332 Vos

1357 3361 1447 3397 enim
1464 3361 1626 3408 fortasse,
1648 3362 1778 3410 inquit,
1794 3373 1911 3398 eorum
1928 3362 2025 3399 obliti
2045 3363 2138 3408 estis,
2155 3373 2195 3400 eo
2210 3362 2302 3410 quod
2316 3361 2442 3397 omitus

1357 3423 1486 3460 interea
1512 3435 1684 3461 sermones
1701 3451 1710 3468 ,
1733 3431 1763 3461 et
1791 3425 1834 3461 de
1862 3425 1941 3462 aliis
1974 3425 2074 3462 rebus
2107 3437 2171 3462 nos
2209 3425 2439 3462 hal'uerimus-

1359 3485 1454 3522 Nam
1473 3497 1606 3522 reuerso
1627 3497 1648 3522 a
1669 3485 1856 3534 longinqua
1876 3487 2150 3536 peregrinatione
2168 3485 2278 3522 Patre
2296 3489 2412 3519 nostro
2430 3509 2440 3522 ,

1357 3548 1586 3585 necessarium
1602 3548 1669 3595 fuit
1689 3549 1805 3585 omnia
1823 3561 2104 3594 commemorare,
2123 3559 2202 3596 quae
2217 3547 2252 3582 in
2269 3544 2441 3582 Comitum

1357 3610 1555 3647 acciderant
1569 3621 1582 3647 :
1603 3622 1644 3648 ac
1661 3611 1785 3649 deinde
1800 3623 1878 3649 cum
1898 3611 2080 3660 gentilibus
2101 3611 2296 3656 disputare,
2317 3610 2357 3640 ut
2379 3604 2442 3640 hos

1358 3673 1390 3709 vi
1411 3673 1616 3710 calamitatis
1641 3675 1687 3710 ad
1713 3675 1886 3712 meliorem
1908 3677 2042 3722 frugem
2063 3675 2236 3706 revocatos
2251 3693 2261 3709 .
2281 3665 2340 3710 (Ιυί
2355 3692 2364 3708 ν
2381 3664 2443 3699 ἀει

1359 3742 1449 3772 serto
1471 3735 1652 3784 gentilium
1670 3747 1798 3780 errore,
1819 3747 1892 3772 sese
1907 3735 1952 3770 ad
1969 3743 2032 3768 nos
2048 3727 2263 3766 contulerant
2281 3753 2290 3768 ,
2313 3736 2376 3772 pro
2393 3725 2441 3761 vi-

1359 3797 1417 3835 rili
1434 3799 1730 3846 conﬁrmaremus,
1751 3810 1792 3834 ac
1812 3799 2020 3837 duceremus,
2040 3790 2178 3834 ηυαητίδ
2197 3787 2342 3824 ’σηεδνίδ
2359 3787 2443 3824 m’“

1359 3862 1454 3908 rati,
1474 3861 1521 3898 ad
1541 3868 1674 3898 tantam
1697 3859 1848 3896 veritatis
1875 3857 1985 3893 lucem
2011 3851 2252 3888 occurrissent.
2273 3848 2360 3886 Post
2379 3847 2444 3885 illa

1361 3936 1500 3963 rursum
1517 3924 1634 3962 multis
1651 3921 1770 3960 diebus
1787 3925 1976 3965 martyrum
1993 3914 2176 3963 festivitate
2185 3912 2284 3962 potiti
2298 3922 2415 3950 sumus
2429 3920 2443 3948 :
