2694 4342
265 253 331 290 19.3

261 339 368 375 neque
395 326 538 373 tempori
559 325 758 361 conveniens
780 324 898 370 [uisset
917 335 973 361 eos
989 353 1000 370 ,
1022 324 1080 375 qui
1105 325 1139 361 in
1168 323 1334 371 sepulcris

260 395 449 435 martyrum
471 391 695 428 versarentur,
717 396 835 421 earum
862 385 1005 422 laudum
1033 397 1108 434 qua:
1128 385 1336 434 martyribus

259 449 419 484 debentur
437 451 586 482 exsortes
606 446 791 483 discedere.
818 447 990 486 Successit
1017 449 1070 484 Itis
1093 449 1139 484 ad
1164 449 1336 485 abstinen-

263 511 339 545 'lum
369 520 389 543 a
410 509 616 555 juramentis
653 509 858 545 exhortatio.
897 510 982 546 Cum
1016 511 1106 548 enim
1133 517 1239 547 totam
1276 523 1336 547 ru-

259 570 420 606 sticorum
454 570 626 605 nationem
664 571 698 606 in
731 570 846 607 urbem
879 572 1069 620 ingressam
1105 584 1334 617 cerneremus,

260 632 320 666 hos
355 631 416 666 illo
445 641 466 666 a
500 631 596 668 nobis
628 632 810 670 instructos
839 634 960 670 viatico
988 636 1181 672 censuimus
1217 636 1334 672 dimit-

259 692 391 730 tentias.

309 752 473 790 flamina!
499 761 574 801 post
600 755 737 792 Pascha
771 756 884 794 dicae.
920 778 968 785 —
1003 758 1173 802 Reverso,
1209 760 1334 806 inquit,

259 825 302 850 ea:
342 815 528 863 longinqua
555 819 826 866 peregrinatione
854 818 962 856 Patre
993 826 1108 857 nostro
1125 849 1135 865 ,
1177 833 1336 858 necessa-

260 877 350 911 rium
393 878 458 924 fuit
496 879 611 914 omnia
649 890 938 925 commemorare,
974 892 1052 928 qua:
1081 883 1117 918 in
1166 882 1336 919 Comitum

260 939 468 976 acciderant.
487 941 549 977 llic
565 941 660 978 haud
674 942 781 979 dubie
803 950 902 980 notat
915 944 1105 982 llomiliam
1125 946 1336 994 vigesimum

262 1003 413 1048 primam
449 1004 492 1040 ad
533 1005 707 1052 Populum
735 1007 1001 1045 Antiochenmn
1031 1009 1073 1045 T.
1093 1009 1140 1054 2,
1167 1021 1198 1045 c.
1236 1009 1297 1046 21f
1327 1022 1334 1045 :

262 1074 368 1110 quam
385 1065 590 1112 vigesimum
613 1070 872 1106 nun'terandmn
892 1080 974 1107 esse
995 1071 1335 1118 mododicehamus,

260 1125 297 1161 in
316 1136 384 1172 qua
397 1128 566 1173 agiturdc
579 1129 693 1166 reditu
712 1129 870 1166 Flaviani
887 1132 1060 1178 episcopi,
1075 1131 1191 1180 deque
1210 1144 1337 1170 recon-

261 1187 379 1224 ciliata
393 1189 585 1227 Theodosii
608 1191 838 1238 Imperatoris
850 1204 931 1230 cum
955 1195 1188 1232 Antiochenis
1207 1197 1335 1244 gratia,

260 1259 340 1295 qua:
359 1251 484 1287 concio
501 1252 533 1287 in
553 1252 609 1289 die
621 1253 806 1290 Paschalis
820 1255 940 1292 habita
957 1256 1339 1308 fuerat.PergitClu-y-

260 1313 509 1348 sostomuszzie
523 1314 645 1350 deinde
656 1327 732 1351 eum
742 1318 924 1364 gentilibus
937 1319 1112 1366 disputare
1123 1323 1285 1368 oportuit,
1303 1328 1338 1357 ut

263 1374 324 1410 hos
341 1375 374 1410 vi
402 1375 609 1413 calamitatis
637 1378 683 1414 ad
703 1380 874 1416 meliorem
895 1383 1029 1430 frugem
1057 1391 1241 1429 revocatos,
1263 1386 1334 1432 qui,

261 1435 393 1472 deserto
411 1439 589 1484 gentilium
605 1451 731 1485 errore,
745 1453 818 1478 sese
835 1443 880 1478 (1(l
893 1455 953 1480 nos
969 1446 1198 1491 contulerant,
1214 1457 1275 1492 pro
1289 1448 1337 1482 ri-

260 1498 318 1533 rili
338 1500 634 1546 conﬁrmaremus,
661 1505 798 1550 quantis
815 1506 961 1542 tenebris
979 1507 1113 1544 liberati
1130 1509 1176 1544 ad
1207 1516 1338 1546 tantam

263 1558 373 1595 lucem
408 1561 558 1598 veritatis
577 1565 812 1603 occurrissent.
847 1567 983 1616 Nempe
1005 1569 1132 1607 diebus
1163 1578 1243 1618 post
1269 1571 1337 1608 Pa-

261 1621 420 1658 schalcm
437 1623 699 1663 solemnitatem
719 1631 951 1676 sequentibus
968 1634 1119 1680 gentiles
1139 1635 1220 1671 illos
1247 1645 1336 1672 eon-

264 1681 412 1720 ﬁrmare
441 1685 597 1730 studuit,
629 1689 687 1734 qui
707 1700 751 1726 ex
779 1692 981 1730 calamitate
1000 1695 1233 1733 Autiochenis
1265 1704 1334 1734 tam

261 1744 454 1789 gentilibus
471 1757 577 1793 quam
597 1747 810 1787 Christianis
831 1755 877 1790 ob
896 1764 1045 1791 eversas
1066 1763 1202 1793 statuas
1221 1758 1333 1802 illata,

262 1804 308 1841 ad
329 1806 515 1844 meliorem
537 1808 675 1857 frugem
695 1815 868 1859 revocati,
898 1817 942 1852 ad
964 1817 1206 1855 Christianam
1230 1821 1334 1858 fidem

261 1875 490 1906 accesserant
511 1883 519 1906 :
543 1882 586 1907 au
607 1880 724 1910 autem
745 1885 828 1921 una,
851 1888 896 1913 au
919 1878 1080 1925 pluribus
1100 1882 1336 1920 concionihus

262 1929 297 1966 id
330 1932 456 1977 egerit,
486 1933 662 1970 incertum
691 1944 744 1973 est
765 1949 774 1979 ;
805 1939 868 1975 sed
889 1940 965 1977 sive
989 1951 1096 1977 unam
1118 1943 1195 1980 sive
1216 1944 1336 1990 plures

261 1992 442 2039 habuerit,
461 1997 579 2033 omnia
601 1999 801 2037 amisimus.
824 2001 955 2038 Verum
979 2003 1071 2040 hanc
1087 2003 1266 2050 jacturam
1284 2013 1332 2042 ut-

261 2063 417 2102 cumque
435 2059 543 2095 snrcit
562 2059 842 2108 Chrysostomus
859 2091 869 2104 ,
890 2063 949 2110 qui
968 2074 1008 2100 ea
1024 2075 1104 2111 quae
1121 2065 1165 2101 ad
1185 2067 1336 2113 gentiles

261 2115 402 2153 dixerat
420 2119 454 2154 in
467 2119 534 2156 hac
553 2120 699 2158 homilia
719 2133 785 2158 nec
805 2125 929 2170 paucis
948 2125 1068 2161 verbis
1083 2128 1225 2174 repetit.
1243 2128 1336 2166 Sub-

260 2175 377 2224 jungit
396 2189 482 2215 vero
498 2179 538 2216 S.
558 2181 684 2218 doctor
702 2183 827 2220 isthmc
850 2198 859 2220 :
896 2183 977 2221 Post
1002 2187 1064 2222 illa
1082 2199 1220 2224 rursum
1253 2192 1337 2227 mul-

263 2238 306 2274 tis
323 2239 438 2275 diebus
452 2247 648 2278 sanctorum
669 2245 849 2291 festivitate
866 2247 967 2290 potiti
983 2259 1114 2294 sumus,
1134 2261 1241 2298 neque
1252 2258 1336 2288 tent-

263 2299 340 2345 pori
358 2301 559 2338 conveniens
577 2304 697 2350 fuisset
715 2316 771 2341 eos
787 2334 797 2350 ,
818 2308 878 2353 qui
895 2309 930 2344 in
957 2310 1124 2356 sepulcris
1145 2319 1334 2359 martyrum

261 2367 495 2407 versarentur,
516 2374 631 2400 earum
663 2365 804 2402 laudum
837 2379 914 2415 quae
945 2371 1152 2418 nmrtyribus
1173 2373 1336 2411 debentur

263 2428 413 2459 exsortes
441 2425 624 2462 discedere.
643 2427 815 2465 Successit
834 2431 888 2467 his
906 2431 953 2467 ad
977 2434 1216 2470 abstinendum
1235 2448 1256 2471 a
1270 2437 1332 2483 ju-

262 2486 423 2521 ramentis
439 2487 628 2525 cohortatio
646 2500 659 2526 :
677 2502 754 2527 eum
772 2493 861 2528 enim
876 2499 983 2530 totam
1000 2497 1206 2533 rusticorum
1223 2499 1336 2534 natio-

263 2556 338 2581 nem
361 2547 397 2582 in
428 2548 546 2586 urbem
571 2551 760 2600 ingressam
786 2565 1016 2602 cerneremus,
1037 2558 1099 2594 hos
1116 2559 1176 2595 illo
1197 2571 1218 2595 a
1238 2561 1334 2598 nobis

263 2606 442 2646 instructos
459 2611 580 2649 viatico
598 2616 1049 2656 censuimusdimittendos.

312 2671 446 2710 Eadem
467 2685 573 2721 porro
593 2677 681 2724 ipsa,
703 2689 783 2726 qua:
803 2680 849 2717 de
864 2689 1061 2730 martyrum
1082 2684 1334 2724 festivitatibus

265 2731 408 2771 humilia
432 2737 545 2782 prima
563 2738 608 2776 de
629 2741 731 2778 Anna
761 2741 884 2789 refert,
906 2745 940 2780 in
957 2745 1113 2784 llomilia
1131 2759 1275 2796 quoque
1297 2751 1332 2786 in

266 2795 445 2834 lloniinica
475 2805 779 2849 τῆςδπιςωζομινης
807 2814 984 2853 recenset,
1005 2810 1070 2846 etsi
1105 2795 1249 2858 paulum
1277 2811 1334 2848 di-

267 2867 371 2892 verso
391 2862 556 2898 narrandi
579 2865 700 2909 modo,
723 2874 922 2914 martyrum
944 2879 1073 2917 nen‘tpe
1085 2872 1335 2911 solemnitates

266 2921 386 2957 multis
413 2922 540 2961 diebus
562 2927 777 2971 celebratas,
811 2935 849 2966 ct
873 2931 1090 2969 rusticorum
1121 2934 1331 2980 adventum,

263 2982 392 3028 quibus
408 2985 466 3020 ille
483 2987 716 3025 concionatus
728 2995 796 3026 est.
817 2991 946 3030 Verum
959 2992 1019 3030 hic
1035 2995 1085 3031 ait
1101 2996 1162 3033 ille
1177 3007 1230 3039 se,
1247 2998 1332 3034 dum

265 3049 461 3092 martyrum
485 3046 572 3084 festa
593 3049 865 3089 celebrarentur
879 3080 890 3098 ,
913 3054 1121 3092 inﬁrmitate
1145 3057 1334 3096 detentum

266 3105 360 3142 dmui
381 3110 570 3155 mansisse,
593 3123 710 3160 neque
728 3121 925 3164 martyrum
943 3117 1196 3158 festivitatibus
1219 3121 1336 3159 inter-

265 3165 391 3233 fuisse:
421 3169 524 3209 Unde
550 3173 659 3212 infert
685 3176 938 3216 Tillemontius
957 3180 1048 3219 duas
1069 3182 1180 3221 fuisse
1199 3192 1337 3233 marty-

267 3238 347 3265 rum
377 3230 589 3271 festivitates
617 3248 625 3270 :
648 3243 685 3273 et
709 3244 898 3287 utramque
923 3243 1028 3290 longa
1049 3245 1144 3282 serie
1175 3246 1337 3294 duosque

269 3291 486 3330 rusticorum
503 3296 677 3335 adventus
691 3310 700 3342 ;
713 3306 822 3347 atque
841 3313 1009 3342 sermone
1027 3307 1144 3352 primo
1159 3308 1204 3345 de
1215 3309 1334 3354 Anna,

269 3352 314 3388 de
335 3353 377 3390 iis
397 3361 594 3405 martyrum
612 3359 880 3409 festivitatibus,
899 3367 1015 3414 deque
1035 3352 1336 3420 rustieoruniad;

269 3419 391 3460 ventu,
403 3426 482 3463 qua:
503 3419 537 3455 in
551 3420 830 3463 hebdomadibus
847 3435 929 3474 post
949 3429 1084 3467 Pascha
1099 3419 1307 3469 acciderunt
1325 3445 1334 3470 :

271 3474 306 3512 in
328 3475 471 3514 humilia
489 3487 610 3518 autem
631 3482 751 3522 habita
769 3487 804 3523 in
829 3489 1011 3528 Dominica
1038 3497 1337 3539 τῆςὲπισωζομίνης

271 3537 314 3574 de
333 3545 530 3588 martyrum
549 3542 648 3581 festis
660 3552 696 3583 et
714 3547 760 3584 de
775 3551 992 3590 rusticorum
1010 3555 1167 3592 adventu
1183 3557 1255 3603 agi,
1275 3558 1336 3604 qui

269 3598 306 3634 in
342 3600 622 3650 Quadragesima
659 3610 899 3657 contigerunt.
928 3615 1006 3651 Non
1044 3617 1337 3658 animadvertens

269 3659 565 3722 Chrysostomum
583 3668 706 3708 dicere
724 3672 758 3708 in
777 3674 902 3712 eadem
922 3676 1082 3722 homilia,
1100 3679 1226 3716 ducem
1259 3690 1338 3717 om-

269 3721 368 3759 nium
400 3727 536 3766 scilicet
565 3730 790 3780 Flavianum,
822 3737 856 3772 in
887 3737 985 3774 hisce
1011 3749 1074 3784 per
1094 3740 1219 3777 urbem
1249 3752 1339 3779 acus

270 3789 467 3831 martyrum
497 3791 788 3841 celebritatibus,
821 3798 990 3844 populum
1025 3799 1337 3838 circumduxisse:

274 3846 370 3908 ξηαυί
392 3853 572 3893 quomodo
598 3858 713 3901 potuit
731 3865 892 3904 tempore
911 3859 1204 3906 Quadragesimae
1221 3872 1338 3908 popu-

271 3901 350 3940 Ιωιι
384 3911 642 3953 Antiocbcnum
669 3921 789 3956 multis
809 3920 936 3956 diebus
961 3920 1231 3960 circumducere
1248 3951 1258 3968 ,
1277 3925 1336 3971 qui

981 249 1016 286 S.
1047 247 1236 286 JOANNIS
1264 246 1587 286 CllRYSOSTOMl
1615 247 1737 294 VITA,
2401 249 2465 286 194

1412 334 1476 371 per
1515 329 1628 361 totum
1666 323 1957 370 Quadragesima:
1994 328 2134 368 tempus
2171 320 2465 369 Constantinopoli

1409 391 1573 422 versatus
1603 384 1673 421 sit?
1707 384 1818 421 Miror
1849 383 1926 421 inec
1954 393 2024 420 nou
2052 382 2343 420 animadvertisse
2362 383 2464 421 Tille-

1409 447 1600 491 montium,
1630 457 1750 494 neque
1785 447 1854 483 alia
1887 447 1998 483 multa
2022 446 2155 483 absona
2177 455 2255 492 qua:
2274 456 2317 482 cx
2342 446 2465 494 duplici

1409 509 1468 545 illa
1497 509 1670 546 festorum
1689 510 1799 553 serie,
1821 509 1953 557 duplici
1975 509 2060 546 item
2081 509 2296 546 rusticorum
2321 509 2465 547 adventu

1409 572 1654 619 sequebantur
1686 573 1907 620 percepisse.
1940 571 2064 620 Neque
2083 571 2239 608 diffiteor
2265 571 2391 618 aliquid
2409 583 2465 608 su-

1408 642 1558 684 peresse
1579 633 1800 671 difficultatis
1815 645 1824 678 ;
1842 634 1904 671 sed
1922 634 2003 679 quia
2033 634 2075 670 iis
2092 633 2257 670 omnibus
2277 643 2353 680 qua:
2370 633 2467 680 objici

1409 701 1592 742 potrrant,
1626 696 1660 731 in
1702 695 1772 732 fine
1810 695 2034 732 Praefationis
2063 695 2108 732 ad
2142 701 2305 742 quartum
2325 695 2465 732 'l‘omum

1409 755 1552 794 abtatde
1582 757 1835 802 satisfecimus,
1854 768 1898 794 eo
1933 758 2106 795 lectorem
2136 757 2321 802 mittimus,
2342 763 2378 794 ut
2395 767 2466 795 sus-

1413 823 1553 865 ceratam
1569 818 1754 855 historiam
1777 829 2050 867 persequamur.

1461 879 1546 916 Post
1563 879 1701 916 Pascha
1719 879 1826 927 igitur
1845 881 1997 927 gentiles
2017 879 2112 925 illos,
2131 879 2190 927 qui
2207 879 2291 916 dum
2311 879 2465 916 Theodo-

1410 941 1486 978 sius
1506 941 1540 977 iu
1557 926 1818 986 Antiochenos,
1839 942 1900 989 qui
1919 947 2056 979 statuas
2073 951 2158 978 suas
2171 941 2383 989 dejecerant,
2398 952 2462 978 sa:-

1411 1003 1526 1048 viret,
1559 1005 1747 1051 majorque
1777 1004 1965 1042 calamitas
1993 1010 2280 1052 exspectaretur,
2301 1003 2343 1039 ad
2373 1003 2467 1040 Chri-

1412 1066 1564 1102 stianam
1585 1066 1694 1103 [idem
1710 1073 1953 1112 accesserant,
1973 1065 2250 1113 Chrysostomus
2270 1065 2304 1102 in
2317 1073 2466 1111 suscepta

1410 1137 1496 1164 vera
1507 1128 1682 1175 religione
1699 1130 1915 1166 conlirmare
1933 1128 2068 1165 studuit
2083 1139 2093 1167 :
2107 1128 2236 1165 deinde
2248 1138 2330 1165 vero
2347 1127 2464 1163 solem-

1411 1190 1542 1227 nitates
1563 1196 1762 1239 martyrum
1783 1201 1849 1238 per
1866 1190 1998 1227 multos
2017 1190 2094 1227 dies
2112 1191 2146 1226 in
2167 1190 2273 1226 variis
2291 1189 2383 1225 urbis
2395 1199 2466 1234 par-

1413 1252 1507 1289 tibus
1526 1252 1716 1295 celebrata:
1734 1259 1830 1297 sunt,
1849 1253 2022 1290 Flaviano
2041 1253 2211 1300 episcopo
2229 1251 2465 1299 pepulumcir.

1410 1314 1662 1360 cumducente,
1684 1314 1770 1352 dum
1803 1314 1946 1352 interim
1969 1313 2248 1364 Chrysostomus
2274 1313 2392 1350 morbo
2409 1311 2465 1349 dt-

1413 1382 1531 1413 tentus
1559 1376 1658 1414 domi
1688 1377 1917 1422 consisteret,
1947 1378 2010 1414 sed
2038 1383 2160 1414 mente
2189 1382 2226 1413 et
2253 1376 2368 1412 animo
2392 1384 2464 1410 cum

1412 1439 1516 1486 plebe
1535 1439 1580 1476 ad
1601 1439 1719 1477 ofﬁcia
1740 1439 1959 1487 martyribus
1977 1439 2158 1477 reddenda
2177 1444 2373 1476 aecnrrerct
2387 1449 2396 1481 ;
2410 1436 2464 1473 de-

1411 1511 1580 1548 mnmque
1613 1501 1894 1544 adventantibus
1920 1502 2064 1539 rusticis
2091 1512 2111 1539 e
2129 1502 2243 1538 vicina
2264 1502 2391 1538 circum
2412 1514 2464 1540 re-

1410 1565 1517 1612 gione
1546 1565 1730 1602 Dominica
1752 1572 1837 1602 autc
1858 1565 2134 1608 Ascensionem,
2153 1575 2233 1613 qua:
2253 1566 2465 1611 ἐπισωςεμένης

1414 1627 1635 1671 inscribitur,
1658 1628 1870 1665 concionem
1895 1628 2042 1672 habuit,
2065 1629 2122 1664 ubi
2141 1635 2324 1676 postquam
2353 1628 2395 1664 de
2411 1639 2462 1664 rn-

1411 1689 1512 1725 sticis
1527 1689 1588 1736 qui
1610 1695 1808 1736 prmsentes
1827 1697 1943 1732 erant,
1964 1699 2034 1726 non
2057 1700 2166 1736 pauca
2186 1689 2332 1734 dixerat,
2351 1695 2464 1726 contra

1407 1750 1610 1796 juramenta
1641 1762 1706 1798 pro
1724 1761 1826 1789 more
1847 1762 1913 1788 suo
1933 1753 2106 1800 loquutus
2127 1758 2196 1789 est.
2217 1752 2311 1789 Inter
2327 1753 2464 1788 rusticas

1409 1819 1530 1848 autem
1551 1813 1632 1849 illos
1653 1815 1853 1862 presbyteri
1875 1815 2021 1862 quidam
2037 1821 2154 1860 erant,
2176 1815 2235 1862 qui
2254 1820 2379 1852 terram
2393 1825 2463 1850 ara-

1409 1873 1494 1910 bant
1509 1880 1545 1910 et
1562 1880 1691 1912 caetera
1711 1877 1857 1913 rustica:
1876 1878 1959 1913 vita:
1978 1879 2098 1914 munia
2120 1877 2346 1925 praestabant,
2367 1884 2463 1923 atque

1409 1936 1655 1983 apostolorum
1677 1948 1777 1975 more
1797 1939 1930 1976 victum
1947 1940 2014 1976 sibi
2035 1939 2461 1987 parabantcxrjuotidiauo

1409 1998 1547 2036 labore.
2455 2051 2458 2054 λ

1460 2061 1624 2100 ΗυιηὶΙὶιε
1639 2063 1681 2100 de
1695 2064 1808 2100 Anna.
1820 2065 1997 2102 —-Paucis
2009 2065 2134 2102 diebus
2150 2070 2228 2113 post
2251 2065 2339 2101 hanc
2356 2062 2462 2100 homi-

1410 2124 1492 2160 liam
1511 2125 1658 2172 elapsis,
1677 2126 1724 2162 de
1741 2127 1845 2163 Anna
1860 2135 1976 2164 matre
1993 2127 2171 2165 Samuelis
2189 2126 2385 2164 contionari
2400 2135 2465 2161 cm-

1409 2186 1460 2232 pit
1480 2185 1537 2232 (T.
1551 2188 1586 2224 Al.
1615 2199 1646 2223 ι’.
1665 2185 1769 2234 651).
1792 2188 1950 2226 Primam
1971 2200 2057 2226 vero
2077 2189 2257 2226 homiliam
2276 2186 2465 2226 orditurdi-

1408 2256 1508 2290 cens,
1532 2249 1742 2285 memoriam
1765 2250 2059 2298 Quadragesium
2079 2261 2159 2288 cum
2179 2250 2306 2287 affectu
2317 2255 2350 2286 ct
2365 2248 2462 2286 futuri

1405 2309 1532 2356 jejunii
1547 2310 1730 2348 desiderio
1749 2323 1894 2359 semper
1905 2324 1986 2350 esse
2005 2313 2231 2350 servandam.
2249 2312 2335 2349 llinc
2346 2316 2464 2358 quanta

1410 2372 1503 2409 bona
1521 2383 1565 2410 ex
1582 2373 1721 2420 jejunio
1740 2375 1904 2412 oriantur
1917 2383 2075 2413 enarrat.
2096 2376 2146 2412 Ita
2168 2386 2274 2422 porro
2285 2375 2328 2412 de
2337 2372 2463 2420 jejunio

1409 2434 1699 2483 Quadragesimze
1721 2437 1893 2484 loquitur,
1918 2445 1955 2474 ut
1974 2438 2141 2475 crederes
2169 2438 2288 2474 statim
2313 2435 2392 2473 illud
2411 2434 2458 2470 vel

1410 2496 1580 2533 hesterno
1613 2497 1672 2535 vel
1691 2499 1864 2544 proximis
1890 2499 2017 2536 diebus
2045 2499 2208 2536 desiisse.
2233 2498 2301 2536 Sed
2337 2501 2463 2544 postea.

1408 2570 1490 2596 cum
1523 2561 1683 2607 loquitur
1700 2561 1744 2598 de
1773 2562 1815 2598 iis
1835 2573 1916 2608 qua:
1947 2568 2029 2608 post
2060 2561 2372 2609 Quadragcsimam
2392 2568 2465 2595 cve-

1409 2628 1552 2666 nerant,
1585 2622 1689 2660 facile
1717 2622 1920 2661 advertitur
1946 2634 2018 2660 nou
2038 2634 2164 2671 parum
2185 2623 2289 2671 spatii
2307 2623 2465 2658 interces-

1407 2684 1563 2728 sisse,et
1583 2684 1736 2730 plurima
1755 2691 1899 2732 peracta
1918 2684 2032 2723 fuisse
2051 2696 2214 2738 :Inempe
2233 2683 2464 2731 disputationes

1408 2755 1472 2781 seu
1493 2745 1672 2792 colloquia
1693 2755 1774 2782 cum
1791 2747 1997 2794 gentilibus,
2017 2758 2100 2795 qua:
2118 2747 2389 2795 Chrysostomus
2405 2744 2460 2778 ha-

1407 2808 1484 2844 buit
1500 2835 1510 2853 ,
1527 2815 1566 2844 ut
1585 2809 1666 2844 illus
1684 2809 1899 2846 calamitatis
1919 2817 2082 2858 tempore
2094 2810 2140 2847 ad
2159 2809 2390 2847 Christianam
2407 2815 2462 2841 re-

1409 2870 1576 2917 ligionem
1592 2880 1800 2915 conversos,
1823 2872 1859 2908 in
1881 2872 1954 2909 fide
1973 2872 2205 2909 conﬁrmaret
2221 2885 2230 2908 :
2244 2869 2368 2908 deinde
2384 2867 2464 2904 festa

1408 2938 1608 2980 martyrum
1624 2943 1703 2980 qua:
1725 2933 1846 2970 multis
1860 2933 1988 2971 diebus
2005 2935 2040 2970 in
2059 2933 2282 2970 Antiochcna
2303 2931 2387 2968 urbe
2406 2938 2461 2965 ce-

1408 2994 1544 3032 lebrata
1575 2995 1719 3032 fuerunt
1740 3007 1748 3031 :
1777 2996 1995 3044 demnmque
2015 2997 2232 3034 rusticorum
2251 2996 2416 3032 adventus
2433 2996 2466 3028 ct

1408 3058 1610 3096 cohortatio
1624 3059 1694 3096 illis
1714 3059 1805 3096 facta
1825 3060 1861 3096 in
1880 3060 2064 3097 Dominica
2083 3071 2138 3102 τῆς
2157 3063 2393 3104 ἕπισωςομὶνης·

1458 3121 1595 3158 Deinde
1625 3132 1742 3168 neque
1764 3127 1834 3158 tam
1856 3122 1956 3160 brevi
1975 3122 2189 3169 compendio
2208 3121 2316 3158 refert
2335 3115 2465 3156 concio-

1409 3196 1490 3222 nem
1505 3185 1615 3228 illam,
1629 3196 1736 3232 quant
1748 3196 1827 3222 cum
1841 3186 1976 3223 Grzncis
1985 3197 2048 3224 seu
2060 3187 2226 3234 gentibus
2238 3186 2305 3221 illis
2315 3183 2356 3219 ad
2371 3181 2464 3217 fidem

1408 3248 1594 3284 conversis
1613 3247 1798 3284 habuerat.
1820 3247 1859 3283 In
1887 3258 1928 3284 ea
1945 3248 2128 3284 concionis
2148 3247 2276 3284 habitae
2294 3245 2382 3281 serie.
2398 3241 2464 3277 hasc

1409 3307 1549 3351 el‘fatur,
1570 3318 1664 3354 quae,
1683 3308 1713 3344 si
1734 3318 1804 3344 non
1826 3317 1982 3354 semper,
2005 3309 2216 3356 plerumque
2240 3307 2361 3343 saltem
2390 3309 2465 3337 vera

1411 3380 1492 3408 esse
1512 3370 1754 3417 comperimus
1773 3397 1782 3415 ,
1804 3371 1901 3417 quod
1924 3382 2054 3418 nempe
2079 3372 2182 3409 liberi
2203 3369 2338 3418 arbitrii
2363 3364 2466 3410 major

1409 3433 1464 3469 vis
1480 3433 1540 3475 sit,
1560 3442 1669 3479 quam
1686 3439 1838 3468 naturae.
1859 3432 2012 3469 Domum
2031 3434 2080 3469 ait
2101 3416 2308 3470 mulieribus
2325 3427 2464 3466 maxime

1410 3500 1617 3540 competere
1624 3493 1873 3530 educationem
1882 3493 2092 3539 liberorum,
2104 3493 2210 3541 idque
2221 3491 2342 3541 probat
2350 3495 2464 3525 cxem«

1397 3555 1471 3602 'plo
1487 3556 1602 3592 Annae
1619 3555 1746 3592 matris
1759 3554 1951 3600 Samuelis,
1972 3555 2095 3602 sicque
2111 3555 2254 3592 demum
2273 3552 2316 3588 ad
2329 3554 2463 3595 scopum

1412 3619 1512 3655 venit
1527 3625 1565 3655 et
1583 3618 1628 3655 ad
1642 3619 1826 3655 concionis
1840 3623 2105 3666 argumentum.
2127 3617 2238 3654 Anna:
2258 3614 2416 3652 virtutem
2433 3611 2466 3642 cl

1413 3681 1538 3718 laudes
1551 3681 1736 3728 praedicat,
1751 3683 1882 3720 seriem
1901 3693 1943 3718 ex
1962 3691 2062 3717 sacra
2082 3679 2263 3727 Scriptura
2283 3679 2463 3712 uiutuatus-

1413 3741 1514 3778 lianc
1530 3753 1638 3789 porro
1658 3743 1868 3779 concionem
1892 3742 2016 3779 habuit
2040 3742 2093 3778 vel
2116 3747 2197 3778 ante
2224 3735 2465 3797 Ascensioucm

1414 3803 1520 3849 hujus
1541 3805 1622 3839 anni
1644 3811 1722 3851 post
1747 3804 1968 3841 Dominicam
1990 3804 2164 3852 quintam,
2186 3802 2237 3837 vel
2253 3799 2381 3844 aliquot
2395 3793 2466 3829 dlc-

1413 3865 1480 3902 bus
1497 3871 1582 3902 ante
1602 3866 1855 3906 Pentecosteu.
2442 3915 2449 3922 ν

1465 3928 1670 3966 Secundum
1699 3940 1904 3972 εει-ιιιοιιωιι
1929 3929 1964 3968 in
1997 3929 2137 3967 Annam
2163 3924 2287 3974 paucis
2305 3927 2382 3972 post
2400 3926 2467 3966 ΡΠ·
