2694 4342
272 259 338 296 ιέὕ

269 346 361 372 nium
381 335 502 373 diebus
522 337 781 384 pronuntiavit,
802 338 1004 387 etquidem,
1025 346 1062 376 ut
1085 341 1234 378 credere
1252 349 1319 387 est,

267 403 348 433 ante
365 396 612 435 Pentecosten.
628 399 750 436 Primo
766 406 885 437 autem
907 400 1033 447 probat
1049 402 1190 439 Annam
1211 410 1247 440 et
1261 415 1322 450 pa-

267 465 354 496 trem
375 459 479 496 sunul
509 466 545 497 et
573 467 722 499 matrem
743 463 918 501 Samuelis
940 463 1008 500 dici
1032 475 1150 512 posse,
1172 465 1321 513 ejusque

264 519 434 566 duplicem
453 520 621 558 virtutem
642 523 812 568 celebrat,
835 534 962 572 nempe
986 525 1023 561 in
1041 526 1208 572 precibus
1227 527 1320 563 assi-

261 580 442 629 duitatem,
463 590 500 620 et
515 585 625 622 animi
643 586 874 639 vigilantiam,
890 588 1018 635 quibus
1033 588 1162 626 deinde
1179 590 1316 627 tertiam

259 641 368 688 addit,
387 654 515 692 nempe
531 647 776 684 conviciorum
797 649 1023 686 tolerantiam
1047 656 1084 687 et
1109 657 1317 688 mansuetu-

257 705 374 741 dinem
388 707 638 755 ,'carptimque
661 709 748 747 dicit
774 711 992 758 precandum
1023 722 1104 750 esse
1123 719 1314 761 antequam

255 767 298 802 ad
317 777 474 804 mensam
495 770 696 809 accedatur.

302 827 456 866 Tertium
471 859 480 874 ,
500 842 605 878 quem
623 839 706 871 ante
733 833 967 873 Pentecosten
985 836 1094 882 dixit,
1119 838 1258 876 orditur
1293 850 1312 878 a

255 891 418 938 lacrymis
436 892 567 938 Aonie;
589 895 708 942 aitque
726 896 963 945 lacrymarum
991 901 1141 938 imbrem
1164 903 1312 950 irrigare

253 953 407 997 plantam
421 955 649 1000 precationis;
663 957 710 993 ita
730 965 766 994 ut
779 958 914 996 fructus
925 966 961 998 et
975 962 1126 999 celerior
1143 969 1178 1000 et
1197 965 1311 1010 major

254 1014 450 1058 proveniat.
470 1017 608 1053 Annam
625 1017 660 1054 in
685 1022 886 1067 exemplum
904 1024 1094 1070 proponit,
1115 1036 1184 1072 quo
1205 1034 1309 1073 pacto

250 1075 351 1112 liberi
373 1077 443 1114 sint
471 1078 660 1117 educandi.
683 1081 768 1118 Cum
794 1090 911 1122 autem
941 1087 998 1122 illa
1016 1087 1218 1126 Samuelem
1235 1101 1308 1128 ara:

247 1145 358 1173 saerte
377 1139 485 1176 cultui
515 1140 710 1187 addixerit,
731 1144 808 1192 ejus
837 1147 1051 1185 sacrificium
1081 1151 1306 1188 sacerdotum

247 1197 374 1236 oblatis
391 1200 516 1238 hostiis
533 1211 772 1250 comparatur.
796 1207 943 1246 Demmn
961 1209 1148 1258 disciplina
1169 1214 1306 1250 caelesti

248 1259 458 1298 imbuendus
471 1263 621 1310 juvenes
641 1277 720 1304 esse
739 1267 839 1305 dicit.

291 1322 466 1370 Quartus,
487 1337 593 1373 quem
614 1328 658 1365 de
676 1329 776 1366 Anna
795 1331 940 1377 habuit,
961 1344 1080 1372 sermo
1101 1337 1302 1384 intercidit,

243 1390 278 1419 ut
297 1385 472 1432 colligitur
491 1399 535 1424 ex
562 1389 605 1426 iis
632 1401 711 1437 qtue
738 1393 772 1429 in
794 1395 918 1440 quinto
938 1407 1128 1445 sermone,
1150 1401 1210 1447 qui
1227 1401 1302 1448 jam

241 1451 384 1489 quartus
412 1447 472 1484 illo
507 1452 639 1488 amisso
665 1453 893 1501 inscribitur,
922 1457 1090 1496 dicuntur
1118 1472 1216 1498 num.
1249 1464 1301 1500 ὃς

241 1517 367 1553 m-mpe
397 1509 431 1545 in
466 1513 678 1556 praecedenti
695 1525 862 1555 sermone
890 1520 1068 1567 explicata
1088 1522 1201 1561 fuisse
1223 1525 1301 1562 haec

240 1564 345 1600 verba
369 1567 494 1603 cantici
526 1571 636 1606 Amne
668 1583 676 1607 :
705 1572 948 1619 Conﬁrmatum
967 1586 1015 1614 est
1042 1591 1100 1615 cor
1127 1591 1238 1617 meum
1266 1583 1301 1619 in

245 1625 392 1663 Domino
407 1656 416 1671 ,
434 1635 504 1666 etc.
529 1643 538 1666 :
557 1643 707 1678 quorum
726 1635 973 1684 interpretatio
993 1651 1063 1677 non
1095 1641 1246 1681 habetur
1263 1645 1297 1681 in

238 1698 280 1723 cu
299 1689 358 1734 qui
381 1691 503 1728 tertius
520 1699 588 1729 est.

281 1749 455 1796 Quintus,
477 1754 538 1800 qui
558 1765 652 1792 nunc
673 1765 820 1804 quartus
839 1761 874 1796 in
896 1762 998 1799 titulo
1017 1763 1151 1809 fertur,
1173 1767 1218 1802 ab
1231 1777 1294 1804 au-

233 1811 386 1848 ditorum
424 1817 600 1861 paucitate
619 1819 766 1866 incipit,
798 1830 834 1859 et
861 1825 941 1871 quia
972 1827 1057 1864 circi
1091 1831 1292 1876 spectacula

235 1873 374 1910 solitam
393 1874 626 1924 frequentiam
641 1881 882 1931 abstulerant,
903 1894 1026 1925 contra
1055 1873 1158 1928 ludios
1184 1903 1292 1940 eque-

232 1940 336 1980 stres,
352 1947 483 1985 eosque
500 1941 560 1987 qui
573 1942 635 1980 illo
654 1948 868 1992 properandi
885 1959 993 1988 causa
1013 1954 1200 1992 ecclesiam
1228 1956 1292 1994 de-

229 2006 410 2044 sererent,
434 2003 542 2039 multa
572 2015 638 2051 pro
657 2018 758 2046 more
783 2020 850 2048 suo
871 2014 1065 2059 profundit.
1093 2017 1141 2054 De
1163 2029 1288 2065 prcca-

230 2059 321 2097 lione
332 2060 474 2100 detnmn
492 2066 578 2113 agit,
597 2068 716 2116 aitque
737 2072 936 2111 orationem
952 2086 1032 2112 cum
1055 2078 1184 2115 affectu
1203 2091 1288 2117 con-

225 2121 377 2167 iunctam
419 2136 499 2164 esse
531 2129 690 2176 debere,
724 2144 940 2184 omnemque
982 2139 1100 2176 locum
1133 2152 1213 2180 esse
1241 2145 1287 2181 ad

225 2187 392 2224 orandum
410 2198 666 2237 Opportunum.
685 2195 840 2242 Quartus
869 2205 906 2236 et
925 2201 1070 2246 quintus
1090 2210 1174 2240 ante
1195 2205 1286 2242 Pen-

225 2252 378 2286 tecosten
393 2250 480 2288 dicti
502 2251 616 2292 fuere.

268 2309 394 2349 Sextus
407 2341 417 2357 ,
439 2315 499 2362 qui
523 2327 616 2354 nunc
634 2319 780 2367 quintus
798 2321 1005 2362 inscribitur
1021 2354 1030 2369 ,
1056 2333 1135 2373 post
1155 2329 1283 2367 festum

225 2370 450 2412 l‘cnteeostes
489 2377 632 2416 habitus
666 2381 754 2426 fuit,
792 2390 830 2419 ut
862 2391 942 2431 post
971 2386 1110 2425 initium
1139 2391 1282 2428 dicitur.

223 2431 394 2482 Principio
411 2437 583 2476 adversus
603 2452 666 2478 eos
696 2443 872 2492 loquitur,
892 2448 950 2494 qui
973 2449 1006 2484 in
1032 2449 1162 2488 diebus
1182 2452 1284 2490 festis

219 2498 252 2529 et
269 2495 552 2538 solemnitatibus
587 2509 724 2542 tantum
754 2507 943 2547 ecclesiam
975 2510 1278 2559 frequentabant:

218 2554 344 2596 deinde
364 2562 516 2608 explicat
533 2567 618 2612 quid
637 2569 683 2605 sit
703 2569 781 2607 dies
799 2570 931 2618 festus,
953 2584 996 2612 ac
1022 2578 1066 2612 de
1093 2577 1197 2614 Anna
1217 2589 1282 2626 pro

218 2629 317 2656 more
333 2621 501 2670 loquitur.
523 2629 609 2666 Item
629 2633 701 2679 agit
726 2632 900 2674 adversus
921 2648 1004 2683 eos,
1027 2640 1088 2687 qui
1115 2641 1282 2680 incusant

216 2681 370 2722 divinam
386 2690 644 2734 providentiam
663 2724 671 2740 ,
693 2707 738 2734 eo
757 2700 852 2746 quod
882 2701 916 2738 in
938 2703 1004 2740 hac
1030 2704 1102 2741 vita
1133 2705 1278 2753 quidam

215 2745 446 2794 sintdivites,
469 2753 612 2799 quidam
629 2745 817 2806 pauperes.
840 2763 998 2812 Denique
1021 2768 1070 2804 ait
1088 2777 1277 2816 pauperta-

215 2813 282 2844 tem
304 2810 528 2851 utilissimam
545 2826 636 2863 esse,
651 2831 692 2857 ac
706 2823 786 2868 plus
805 2825 996 2872 voluptatis
1013 2835 1120 2877 atque
1139 2833 1271 2869 securi-

215 2870 292 2906 tatis
308 2871 459 2932 liahere,
471 2887 576 2922 quam
594 2879 725 2919 divitia:
743 2870 917 2932 habeant,
939 2870 1177 2929 demoristrat.

259 2931 420 2973 Ilontilire
432 2927 765 2983 alim—llmniliam
784 2927 960 2989 Debitoris
975 2927 1270 2995 decem—millium

215 2994 420 3036 talentorum
442 3000 511 3039 hoc
527 3013 622 3042 anno
641 3018 680 3044 se
698 3007 863 3050 habuisse
884 3024 1144 3057 commemorat
1159 3021 1273 3070 Chry-

213 3063 383 3098 sostomus
408 3063 466 3108 (T.
487 3065 523 3102 5.
541 3066 674 3119 c.17),
695 3081 774 3110 cum
801 3075 850 3112 ait
868 3088 966 3114 num.
989 3080 1005 3117 l
1031 3093 1041 3118 :
1063 3081 1138 3119 Nos
1158 3063 1272 3122 aulein

212 3127 310 3156 unam
334 3123 495 3163 chordam
513 3130 720 3176 pulsabimus
735 3147 795 3182 per
812 3144 916 3176 totam
941 3141 1268 3192 Quadragcsimam,

217 3178 242 3192 .l,
307 3183 315 3192 ί
471 3189 478 3192 ⁸
494 3191 498 3192 ⁷

735 3178 742 3182 .
943 3178 966 3184 ’ν
1085 3178 1265 3192 0⁷’”“”“””’

213 3178 286 3216 dum
301 3183 406 3231 legem
425 3189 516 3226 vobis
529 3193 571 3228 de
581 3195 776 3241 jnramento
794 3202 1030 3248 recitavimus;
1047 3213 1078 3242 et
1095 3207 1158 3244 Dei
1181 3221 1265 3256 gra-

213 3241 256 3256 n.'_
280 3244 322 3256 κα·
359 3253 366 3256 -

211 3241 256 3276 lia
272 3244 423 3289 effectum
454 3258 526 3296 est,
547 3262 584 3290 ut
603 3257 764 3307 pleraque
790 3273 811 3298 τι
831 3265 926 3302 nobis
943 3278 1003 3302 ora
1033 3268 1069 3303 in
1093 3269 1157 3306 hac
1187 3272 1269 3320 legis

212 3304 346 3320 ..._l-.L',
377 3309 397 3320 ³-
443 3313 450 3320 ι
510 3316 517 3320 -
639 3319 642 3320 '

707 3304 714 3307 .
1129 3304 1150 3306 "
1187 3304 1268 3320 "-7"

212 3304 350 3343 melodia
372 3309 420 3346 ita
437 3313 589 3352 instituta
615 3319 704 3363 sint,
735 3329 772 3358 nt
795 3324 939 3372 depulsa
959 3339 1065 3374 prava
1085 3341 1268 3369 consuetu-

213 3363 307 3412 dine,
325 3381 386 3416 pro
405 3383 442 3408 eo
459 3378 550 3422 quod
563 3385 641 3416 ante
653 3380 764 3419 Deum
785 3386 954 3432 jurabant
967 3417 976 3434 ,
995 3391 1072 3437 jam
1091 3393 1178 3430 nihil
1201 3395 1268 3432 nisi

215 3423 240 3437 ι,
259 3432 267 3437 ,
351 3430 381 3437 -.

210 3423 286 3472 Est,
300 3436 330 3464 et
345 3430 425 3469 Non
438 3443 506 3482 est,
525 3446 556 3474 et
573 3439 678 3479 Crede
697 3445 801 3490 mihi,
819 3447 855 3484 in
869 3449 988 3496 lingua
1008 3463 1070 3487 sua
1087 3454 1267 3503 circumfe-

794 3489 798 3490 r
919 3489 934 3496 ν
1142 3489 1146 3490 ν
1161 3489 1164 3490 ν
1183 3489 1246 3503 η-

209 3493 298 3532 tant,
317 3489 416 3538 idque
432 3495 466 3531 in
481 3501 571 3536 omni
593 3504 782 3552 colloquio,
811 3514 881 3545 etc.
904 3511 1028 3558 Itaque
1061 3521 1162 3552 certo
1182 3527 1265 3555 cer-

210 3549 272 3585 tius
289 3559 343 3589 est
359 3554 472 3601 ipsum
488 3559 578 3600 hanc
596 3568 806 3606 concionem
830 3569 1000 3610 habuisse
1019 3574 1146 3612 eodem
1170 3589 1264 3618 anno

207 3618 274 3654 quo
294 3612 462 3656 Homilias
481 3621 514 3658 in
542 3623 686 3664 Statuas
705 3627 898 3677 habuerat;
921 3643 1038 3681 neque
1065 3637 1184 3676 minus
1201 3652 1246 3678 ex

208 3671 374 3714 ploratum
389 3687 444 3718 est
462 3683 576 3730 ipsum
597 3687 688 3726 hanc
703 3692 852 3738 primam
869 3694 1039 3734 habuisse
1052 3701 1262 3742 concionem

208 3739 383 3782 P05tquam
403 3752 446 3778 ex
465 3747 592 3783 morbo
624 3752 880 3798 convaluerat,
903 3762 942 3792 ut
965 3767 1010 3794 ex
1029 3760 1156 3806 primis
1175 3775 1262 3801 con-

871 3791 879 3798 ,
909 3791 912 3792 ν
932 3791 939 3792 κ
969 3791 1010 3794 ---
1030 3791 1156 3806 Γ--ι-ιιν
1176 3791 1258 3801 “VII,

205 3791 310 3833 Cionis
325 3801 442 3841 verbis
457 3808 632 3854 arguitur.
671 3811 778 3855 Quasi
791 3825 834 3850 ea:
852 3816 1038 3866 longinqua
1059 3825 1258 3870 peregrina-

207 3853 290 3870 n.‘....-
330 3860 338 3868 ‘
415 3865 422 3870 -
527 3869 532 3870 ν

505 3853 512 3854 7
675 3853 697 3855 7_
909 3853 927 3864 υ
1059 3853 1257 3870 ραγηηρ

205 3853 310 3902 tione,
329 3860 458 3910 inquit,
487 3869 532 3903 ad
552 3879 609 3906 vos
627 3881 777 3911 reversus
797 3886 902 3914 essem
916 3901 931 3922 ,-
950 3880 998 3917 ita
1020 3893 1074 3920 me
1089 3885 1190 3923 hodie
1206 3891 1260 3936 af-

208 3913 318 3936 ῙΑ.-ι...-.
340 3935 345 3936 γ
396 3927 415 3936 ι·
636 3933 644 3936 -

895 3913 898 3914 ,
917 3913 925 3922 ,
1022 3913 1073 3920 η--
1089 3913 1189 3923 .........
1206 3913 1257 3936 ..,-

207 3913 319 3956 fectum
335 3927 436 3964 sentio
454 3938 469 3971 ;
486 3941 564 3967 cum
589 3933 677 3970 enim
697 3937 826 3976 nullum
849 3942 1034 3981 amicorum
1049 3951 1257 3989 consortium

1049 264 1170 302 NUNC
1198 266 1378 305 PRIMUM
1406 269 1670 314 ADORNATA.

2403 297 2472 335 126

1399 355 1472 381 esse
1501 355 1630 394 potest,
1663 354 1751 391 nihil
1788 363 1957 398 commodi
1997 364 2097 409 a/Tert
2135 379 2248 406 eorum
2276 375 2470 417 prwsentiu.

1401 406 1628 450 Quamobrem
1646 425 1709 451 nos
1723 419 1782 464 qui
1799 421 1893 458 domi
1911 427 2150 476 versabantur,
2171 444 2312 481 peregre
2334 446 2470 474 versan-

1395 470 1484 506 tibus
1499 473 1586 509 nihil
1605 475 1670 512 hac
1687 478 1723 514 in
1743 489 1840 527 parte
1862 485 2030 530 feliciores
2057 493 2186 540 fuimus
2207 499 2398 536 :nimirum
2414 513 2468 549 qui

2057 534 2064 540 υ
2263 534 2266 536 ⁷
2324 534 2329 536 ⁷
2343 534 2397 536 ’“⁷““
2415 534 2456 549 '1"

1392 534 1570 579 sttperiore
1586 543 1738 586 tempore
1755 544 1853 580 nulla
1875 547 2046 587 vobiscum
2070 555 2240 603 colloquia
2259 561 2382 598 habere
2405 575 2461 610 po-

2168 594 2175 603 1
2272 594 2317 596 ⁷-⁷-
2328 594 2352 598 "
2365 594 2380 598 '
2405 594 2444 610 r"

1392 594 1520 632 luimus
1537 607 1549 633 :
1566 600 1626 635 sed
1643 601 1761 640 danda
1779 613 1829 641 est
1852 609 1950 645 venia
1962 638 1974 654 ,
2007 623 2086 650 cum
2103 616 2192 654 illud
2221 631 2291 658 non
2310 623 2442 660 inrrtiw
2458 655 2467 668 ,

1390 657 1450 692 sed
1459 657 1670 705 inﬁrmitatis
1683 665 1856 705 silentium
1871 671 1986 728 fuerit.
2004 674 2149 714 Certum
2165 679 2284 728 itaque
2302 692 2357 721 est
2377 687 2466 723 lianc

1389 718 1542 762 primam
1562 723 1744 763 homiliam
1766 723 1934 770 habuisse
1951 732 2253 782 Chrysostomum
2274 751 2464 794 postquam

1389 778 1431 794 λι,
1475 791 1531 794 ﬂ,
1544 783 1566 794 .,
1610 785 1631 794 ..
1833 791 1840 794 .

2029 778 2038 782 _
2274 778 2464 794 _,---.,,-_...

1387 778 1434 814 ab
1467 783 1682 828 .rgritudine
1715 791 1964 830 convaluerat.
1997 796 2075 833 Jarn
2108 803 2280 846 quaeritur
2300 817 2464 852 qua-nam

1387 842 1562 888 :rgritudo
1582 858 1591 882 :
1614 859 1698 886 num
1736 851 1798 889 illa
1834 865 1902 902 qua
1933 842 2129 898 laborabat
2150 863 2236 900 dum
2264 842 2462 917 martyrum

1387 902 1508 917 ,._.-_.7
1529 906 1550 917 -.
1583 909 1618 917 .-
1782 914 1789 917 -

1385 902 1634 946 solemnitate's
1653 921 1718 957 per
1735 914 1859 952 urbem
1882 919 2169 969 celebrarentur,
2201 927 2246 964 de
2267 940 2337 976 qua
2356 942 2463 979 supe-

2160 965 2166 969 .
2356 965 2445 979 ν-νν

1386 965 1474 1002 rius.
1507 967 1546 1006 Si
1567 970 1612 1008 de
1638 973 1699 1011 illa
1730 976 1974 1028 intelligatur,
1996 983 2090 1022 hanc
2116 993 2216 1026 certe
2245 993 2459 1032 concionem

1382 1025 1549 1067 habuerit
1565 1040 1758 1082 antequam
1783 1025 1976 1082 llomiliam
1999 1047 2034 1083 in
2057 1047 2245 1088 Dominica
2265 1065 2322 1096 τῆς
2338 1060 2458 1094 inicu-

1379 1095 1510 1135 ζαμένης
1520 1101 1554 1130 et
1565 1094 1738 1136 llomilias
1750 1100 1794 1138 de
1804 1103 1829 1138 A
1837 1115 1904 1141 nua
1919 1107 2282 1153 praedicaret.Vertim
2293 1118 2383 1154 adeo
2393 1119 2458 1158 fre

1379 1157 1530 1196 quenter
1543 1155 1820 1205 Chrysostomus
1835 1165 2103 1208 infirmitatibus
2117 1177 2303 1221 corporeis
2318 1179 2457 1219 detine-

1379 1209 1496 1258 balur,
1516 1221 1634 1254 utnon
1655 1223 1836 1266 possimus
1851 1226 1884 1262 id
1903 1231 2002 1274 quasi
2018 1240 2154 1272 certum
2174 1243 2332 1278 statuere
2347 1254 2356 1278 :
2369 1253 2457 1290 qua-

2278 1275 2285 1276 ,
2317 1275 2329 1278 -
2347 1275 2438 1290 .1..-

1378 1283 1417 1310 re
1435 1275 1470 1311 in
1492 1277 1629 1316 incerto
1648 1292 1706 1320 res
1722 1293 1866 1324 maneat
1883 1298 2036 1336 oportet.
2056 1294 2094 1331 ln
2117 1295 2182 1334 hac
2201 1309 2287 1336 vero
2304 1303 2450 1342 homilia

1377 1333 1410 1370 id
1429 1339 1608 1386 prteeipue
1626 1345 1780 1389 probare
1800 1350 1938 1397 nititur,
1959 1356 2055 1391 oumi
2073 1366 2222 1404 peccato
2233 1361 2451 1405 deteriorem

1375 1407 1457 1436 esse
1474 1400 1686 1448 iniuriarum
1705 1411 2009 1452 recordationem.

1423 1461 1522 1500 Hanc
1550 1469 1790 1518 continenter,
1820 1481 1859 1512 ut
1885 1477 2040 1525 videtur,
2073 1492 2233 1532 sequutac
2260 1497 2345 1527 sunt
2377 1498 2452 1532 tres

1374 1524 1538 1564 llomiliae
1557 1529 1602 1567 de
1631 1532 1762 1572 Davide
1793 1543 1828 1574 et
1847 1538 1956 1578 Saule
1983 1524 2042 1590 (Tr.
2071 1546 2106 1582 4.
2125 1524 2170 1585 ἐ.

1373 1596 1533 1628 mentum
1551 1594 1646 1631 enim
1675 1598 1771 1644 quod
1801 1600 1836 1638 in
1868 1603 2020 1642 tlomilia
2049 1607 2094 1646 de
2123 1594 2291 1652 Debitore
2321 1594 2447 1656 αεσξη]

1373 1651 1520 1690 millium
1539 1655 1754 1696 talentorum
1772 1671 1944 1711 coeperat,
1962 1678 2091 1716 nempe
2105 1671 2149 1710 de
2163 1673 2376 1722 injuriarum
2391 1690 2448 1719 rei

1369 1713 1578 1754 conlatione
1607 1719 1836 1769 depellenda,
1860 1727 1894 1764 in
1917 1729 2015 1768 hisce
2047 1735 2160 1773 tribus
2189 1737 2346 1779 homiliis
2375 1755 2443 1782 una

1368 1775 1478 1820 serie,
1499 1781 1666 1827 exemplo
1683 1783 1830 1824 Davidis
1849 1799 1950 1836 usus,
1967 1798 2114 1832 strenue
2139 1803 2380 1850 persequitur,
2409 1814 2446 1844 et

1368 1837 1422 1850 ..με
1440 1837 1465 1850 Ικ
1563 1841 1571 1850 ¹
1703 1847 1710 1850 ⁸
1757 1849 1761 1850 ⁷

2140 1837 2147 1845 ι
2257 1837 2380 1850 Γη-’σι
2411 1837 2442 1844 ν·

1364 1837 1507 1882 quidem
1527 1841 1618 1880 adeo
1635 1847 1803 1892 pot/retice
1820 1858 1858 1888 ut
1886 1854 2092 1896 auditorum
2113 1861 2291 1911 laerymas
2309 1878 2442 1908 excus-

1363 1899 1476 1944 εθῖίίν
1504 1906 1612 1950 Mque
1643 1913 1682 1943 ut
1706 1909 1828 1949 Videre
1855 1921 1910 1951 est
1927 1945 1938 1962 ,
1966 1919 2212 1961 Antioclienos
2233 1927 2278 1964 ad
2305 1939 2442 1976 pl‘mce-

1363 1965 1458 1976 λη.--
1559 1965 1567 1976 .
1623 1967 1688 1976 η...
1718 1971 1724 1976 .
1779 1973 1786 1976 .
1816 1975 1821 1976 ,

1361 1965 1460 2005 ptum
1481 1963 1588 2010 illud,
1615 1967 1930 2016 Diligileinimicos
1957 1988 2103 2026 vestros,
2134 1963 2354 2034 implendurm
2375 1994 2442 2032 ad-

1359 2019 1526 2070 duxerit;
1549 2034 1586 2064 ut
1605 2029 1640 2064 in
1657 2030 1937 2082 Quadragesima
1959 2044 2140 2086 praeterita
2159 2019 2285 2086 eodem
2303 2061 2323 2087 a
2341 2052 2441 2099 jura-

1360 2088 1504 2134 mentis,
1524 2092 1654 2138 quibus
1673 2096 1865 2137 admodum
1888 2105 2020 2142 assueti
2039 2115 2154 2154 erant,
2177 2121 2364 2154 avocaret.

1387 2146 1390 2148 ’
1408 2147 1446 2186 1η
1467 2160 1623 2191 tuentem
1641 2157 1726 2194 mihi
1745 2161 1865 2198 subito
1883 2165 1979 2202 venit
1997 2169 2194 2209 verisimile
2214 2176 2312 2212 nullo
2331 2180 2440 2217 modo

1358 2220 1438 2248 esse
1457 2224 1564 2260 posse
1590 2217 1886 2268 Chrysostomum
1911 2228 2102 2270 llomiliam
2133 2235 2177 2273 de
2207 2237 2376 2279 Debitore
2401 2251 2456 2282 ct.

1356 2275 1430 2309 tres
1449 2285 1642 2322 sequentes
1669 2282 1835 2324 habuisse
1854 2297 1934 2336 post
1961 2294 2210 2340 {egritudinem
2242 2301 2339 2340 illam
2367 2316 2435 2352 qua

1359 2341 1436 2352 nano
1457 2337 1557 2352 n--AI
1579 2351 1585 2352 κ
1685 2345 1691 2352 1
1713 2347 1782 2352 -..-
1812 2348 1820 2352 -

1359 2341 1438 2378 ttost
1457 2337 1592 2376 Pascha
1609 2345 1692 2380 anni
1713 2347 1782 2382 587
1799 2348 1968 2389 detentus
1987 2355 2066 2400 fuit,
2084 2358 2168 2396 dum
2190 2362 2278 2399 festa
2299 2337 2408 2416 mari)
2422 2391 2435 2396 -

1359 2405 1434 2416 ιιι-,ιιι
1457 2399 1576 2416 ...ιη-112-
1614 2403 1679 2416 Δεγι
1901 2412 1908 2416 .

1357 2405 1434 2431 rum
1456 2399 1578 2436 multis
1610 2403 1737 2442 diebus
1766 2417 1830 2453 per
1855 2412 1980 2449 urbem
2011 2415 2240 2458 Antiochiam
2269 2399 2433 2464 celebra:-

1356 2465 1479 2495 rentur
1497 2472 1506 2496 :
1529 2462 1566 2498 1⁸
1585 2464 1668 2510 quia
1688 2474 1768 2512 post
1785 2469 1884 2508 illam
1905 2473 2068 2513 Paschali
2099 2485 2259 2527 tempore
2281 2485 2433 2525 infirmi-

1355 2524 1465 2557 tatem
1501 2524 1614 2568 prima
1651 2529 1778 2566 concio
1808 2530 1876 2568 fuit
1913 2534 1986 2580 illa,
2027 2547 2134 2584 quam
2173 2542 2207 2578 in
2246 2544 2430 2586 Dontinica

1352 2583 1585 2629 ἕπισωςομὲνης
1602 2587 1726 2627 videre
1757 2597 1826 2637 est,
1859 2601 1898 2631 ut
1929 2583 2062 2636 ibidem
2097 2602 2199 2640 initio
2233 2606 2376 2653 dicitur,
2395 2620 2432 2650 et

1351 2645 1478 2682 concio
1495 2647 1540 2684 de
1556 2649 1722 2690 Debitore
1741 2655 1856 2700 prima
1883 2669 2026 2707 quoque
2046 2669 2102 2700 cst
2117 2691 2127 2709 ,
2147 2666 2210 2703 sed
2230 2676 2308 2714 post
2326 2675 2432 2718 aegri.

1353 2706 1510 2745 tudinem
1542 2709 1635 2750 haud
1655 2713 1764 2754 dubie
1791 2718 1914 2757 aliain.
1943 2722 1982 2758 2"
2010 2725 2100 2770 Quia
2125 2728 2156 2764 si
2195 2729 2353 2771 humilia:
2382 2735 2428 2773 do

1350 2768 1518 2810 Debitore
1538 2780 1574 2810 ct
1603 2781 1674 2813 tres
1701 2788 1894 2826 sequentes
1925 2768 2088 2834 tempore
2113 2789 2277 2829 Paschali
2298 2795 2428 2836 habita:

1349 2833 1500 2872 fuissent
1517 2845 1600 2876 ante
1617 2840 1806 2881 llomiliam
1837 2857 1894 2889 τῆς
1920 2852 2152 2897 ἐπισωςομένης
2180 2862 2217 2892 et
2243 2857 2289 2895 de
2307 2860 2424 2907 Anna,

1347 2895 1382 2933 in
1401 2897 1455 2934 his
1477 2900 1569 2938 haud
1591 2902 1697 2941 dubie
1715 2915 1924 2946 memorata:
1948 2910 2114 2960 fuissent,
2139 2923 2178 2952 ut
2193 2918 2274 2956 alite
2293 2931 2312 2957 a
2333 2928 2424 2960 tem-

1345 2969 1432 3006 pore
1450 2960 1636 3002 Paschalis
1657 2966 1761 3004 dicta:
1777 2979 1987 3011 memoratae
2004 2982 2100 3014 sunt.
2119 2979 2284 3029 Alioquin
2305 2992 2423 3024 autem

1344 3026 1539 3064 verisimile
1565 3039 1636 3066 non
1669 3037 1724 3068 est
1745 3031 1910 3073 homilias
1937 3037 2015 3075 illas
2047 3048 2204 3087 quatuor
2229 3045 2285 3082 vel
2311 3051 2425 3086 conti-

1343 3096 1472 3124 nenter
1491 3096 1575 3128 ante
1594 3091 1830 3132 Pentecosten
1853 3099 1908 3136 vel
1923 3101 2075 3140 alternis
2093 3105 2232 3143 vicibus
2252 3117 2334 3146 cum
2354 3111 2422 3147 ho-

1342 3150 1450 3188 miliis
1469 3151 1514 3189 de
1531 3155 1636 3192 Anna
1656 3156 1798 3196 habitas
1816 3159 1939 3200 fuisse.
1959 3165 2188 3214 Quapropter
2208 3177 2293 3217 puto
2309 3173 2423 3222 Chry-

1341 3218 1556 3260 sostomum,
1583 3218 1644 3264 qui
1665 3218 1956 3267 frequentissime
1976 3228 2103 3266 morbo
2122 3231 2320 3278 laborabat,
2343 3245 2422 3283 post

1341 3273 1576 3316 Pentecosten
1601 3280 1724 3328 ignoto
1745 3284 1849 3322 nobis
1879 3298 2004 3327 mense
2036 3292 2252 3339 aegritudine
2273 3303 2418 3344 captum

1339 3335 1466 3382 fuisse,
1489 3346 1525 3376 et
1542 3341 1602 3378 ubi
1631 3345 1826 3391 convaluit,
1851 3345 2002 3395 primam
2022 3353 2208 3392 homiliam
2229 3357 2329 3394 illam
2354 3359 2418 3394 lia-

1338 3397 1460 3436 buisse
1486 3400 1532 3438 de
1557 3402 1720 3442 debitore
1745 3406 1871 3446 decem
1899 3412 2050 3450 millium
2082 3417 2322 3464 talentorum,
2358 3420 2416 3455 ubi

1338 3467 1461 3497 contra
1482 3461 1693 3510 injuriarum
1715 3470 2004 3511 recordationem
2022 3477 2257 3514 concionatus
2272 3485 2340 3516 est.

1387 3523 1424 3560 ln
1443 3525 1558 3570 prima
1591 3526 1637 3565 de
1672 3529 1808 3570 Davide
1839 3533 1989 3573 homilia
2019 3538 2065 3576 de
2099 3539 2290 3576 tolerantia
2325 3540 2411 3584 agit,

1335 3589 1372 3619 et
1396 3586 1490 3632 quod
1515 3595 1678 3634 oporteat
1710 3593 1865 3633 inimicis
1888 3607 2053 3645 parcere,
2083 3609 2151 3636 nec
2177 3599 2224 3636 de
2243 3599 2412 3644 quopiam

1335 3647 1428 3684 male
1448 3648 1558 3696 loqui.

1383 3709 1421 3745 in
1440 3713 1596 3751 secunda
1625 3717 1754 3762 probat
1779 3730 1852 3756 non
1881 3721 1991 3758 modo
2021 3721 2189 3758 virtutem
2222 3729 2410 3767 exercere,

1334 3771 1397 3808 sed
1418 3773 1526 3810 etiam
1551 3776 1682 3816 virtute
1700 3781 1870 3826 praeditos
1897 3781 2059 3823 laudare,
2081 3791 2152 3816 non
2171 3789 2297 3824 Parum
2313 3782 2409 3818 υίῖη·

1333 3833 1415 3871 tatis
1435 3835 1566 3875 afferre
1587 3850 1596 3877 :
1617 3841 1785 3889 quodque
1806 3841 1916 3879 David
1932 3840 2214 3886 magniﬁce"lius
2233 3847 2408 3888 ῑτοβίευπι

1331 3896 1486 3932 erexerit
1500 3901 1680 3944 parcendo
1700 3902 1816 3944 Sauli,
1832 3910 1938 3946 quam
1955 3905 2134 3944 ΡΓοδιΓθιο
2147 3900 2306 3949 conm”,
2326 3913 2406 3940 “‘3‘

1329 3955 1454 4002 gisque
1475 3959 1541 3995 sibi
1565 3960 1740 4006 profuerit
1757 3970 1862 4006 quam
1885 3958 2000 3996 Sauli.
