2694 4342
287 311 352 350 η’]
1005 283 1045 322 S.
1073 277 1265 320 JOANNIS
1289 273 1614 315 CHRYSOSTOMI
1645 271 1765 315 VITA,
2419 269 2479 308 ηε

332 389 370 424 ln
389 383 505 424 tertia,
526 377 584 414 ubi
611 371 698 411 vidit
723 367 857 406 multos
882 375 925 402 ex
948 363 992 400 iis
1007 361 1150 404 adesse,
1167 357 1228 406 qui
1244 364 1358 402 nuper

282 457 322 488 ιιι
343 418 528 484 theatraiia
555 432 760 484 spectacula
782 428 930 466 adirent
958 425 1124 460 concioni
1145 429 1218 456 non
1245 418 1358 454 inter-

451 475 541 539 dixit
557 475 602 535 ei:
626 491 831 542 hujusmodi
859 483 1124 537 spectator-ibas
1143 479 1276 519 multos
1293 475 1358 514 ad-

280 571 414 607 ulteros
425 537 522 606 iicri,
540 537 697 605 hincque
715 553 809 592 bella
829 557 866 588 et
884 547 1136 587 cententiones
1152 540 1267 580 nasci.
1287 537 1362 575 Ad-

275 633 332 670 dit
347 638 434 667 vero
453 605 624 663 Davidem
657 629 740 658 cum
771 615 880 654 Saftlc
909 621 1018 649 omne
1048 605 1230 656 patientiae
1246 611 1362 650 genus

278 698 472 739 superasse
488 699 497 723 :
519 683 726 729 clauditque
738 679 862 716 tliccrs
877 674 1041 721 rapinam
1060 669 1238 718 patienter
1253 666 1358 707 ferre,

280 730 353 792 no'n
392 751 569 789 minorem
605 745 777 782 virtutem
815 747 910 781 esse,
951 743 1058 780 quam
1093 730 1360 774 elecmosyuam

279 826 446 865 erogare.

329 856 452 918 hieme
467 881 586 913 autem
607 867 810 918 Septembri
831 863 916 901 anui
935 861 1004 900 587
1021 859 1096 908 jam
1120 856 1248 893 initam
1271 862 1361 890 con-

281 951 335 981 tra
350 941 494 980 Judaeos
509 933 813 977 concertationem
834 926 894 975 (T.
913 926 948 962 i.
964 937 996 962 c.
1014 920 1122 968 871),
1143 927 1251 966 quam
1267 925 1364 952 anno

281 1005 450 1052 proximo
469 999 540 1038 586
567 1006 692 1035 mense
709 993 852 1032 circiter
869 984 1076 1035 Septembri
1096 985 1280 1029 ceperat,
1301 987 1363 1015 ea-

283 1047 368 1104 dem
391 1065 606 1111 tempestate
623 1055 832 1103 resumpsit.
853 1052 890 1090 id
911 1051 970 1088 ille
989 1047 1091 1086 initio
1111 1050 1261 1093 quartm,
1286 1049 1366 1088 qua:

284 1131 412 1170 harum
442 1124 682 1175 posteriorum
701 1119 817 1168 prima
843 1122 921 1156 est.
953 1113 1005 1150 sic
1023 1108 1211 1148 enuntiat:
1234 1105 1367 1142 Rursus

283 1191 337 1228 illi
353 1189 506 1238 infelices
525 1183 786 1228 mortaliumque
805 1177 956 1214 omnium
974 1169 1156 1209 miserrimi
1180 1166 1296 1204 Judaei
1309 1165 1369 1213 je-

282 1251 440 1305 junaturi
456 1255 563 1287 sunt:
582 1256 701 1285 rursus
719 1241 846 1281 Clu-isti
867 1248 1002 1288 gregem
1023 1233 1218 1272 muniamus
1237 1238 1370 1266 necesse

285 1289 355 1360 2a,-
383 1313 536 1360 ideoquc
555 1319 595 1347 se
613 1307 738 1346 decem
769 1303 900 1342 diebus
919 1305 1112 1346 antequam
1141 1292 1256 1332 Judaei
1273 1289 1369 1338 jeju—

287 1356 416 1414 narent
433 1356 513 1413 haec
538 1371 676 1417 monita
695 1367 841 1405 dedisse
867 1364 940 1408 ait,
968 1362 1052 1408 quia
1078 1356 1180 1394 multi
1198 1365 1243 1392 ex
1262 1361 1372 1401 grege

286 1449 367 1481 suo,
390 1435 544 1486 quadam
566 1430 826 1480 superstitione
844 1425 932 1463 moti
946 1452 956 1468 ,
976 1431 1058 1460 cum
1078 1417 1213 1458 Judzeis
1227 1415 1371 1463 jejuna-

287 1474 553 1545 ban'tiAitque
580 1474 697 1543 primo
723 1491 932 1530 Iudaeorum
960 1482 1046 1522 illud
1074 1479 1248 1529 jejunium
1275 1474 1374 1524 quod

289 1571 417 1603 contra
434 1561 658 1599 voluntatem
689 1555 753 1593 Dei
783 1553 908 1596 ﬁeret,
931 1547 1080 1596 impium
1101 1549 1140 1582 et
1158 1541 1374 1580 sceleratum

389 1638 398 1661 :
418 1624 570 1671 ideoque
598 1620 680 1658 illos
707 1617 754 1654 ab
781 1616 850 1654 hoc
873 1612 1024 1651 ludaico
1042 1611 1212 1654 suscepto
1237 1601 1376 1671 jejunio

293 1689 446 1733 avertit,
473 1692 510 1724 et
540 1686 576 1722 in
605 1681 790 1720 concionis
811 1679 881 1715 fine
900 1675 992 1712 alios
1011 1673 1073 1720 qui
1099 1671 1143 1708 ab
1170 1663 1377 1714 hujusmodi

294 1730 445 1790 Judaico
460 1745 600 1795 jejunio
629 1742 852 1779 abstinerent
880 1739 969 1778 hort'
987 1740 1060 1777 tur,
1088 1738 1128 1768 ut
1147 1730 1276 1767 fratres
1293 1737 1378 1764 suos

296 1791 515 1852 avocent'ab
529 1803 735 1854 hujusmodi
747 1801 909 1850 jejuniis,
925 1808 1006 1846 qua:
1021 1793 1255 1833 theatralibus
1269 1791 1378 1828 etiam

297 1872 512 1923 spectaculis
530 1871 635 1916 longe
651 1867 775 1916 pejora
795 1867 932 1902 essent.
1230 1886 1234 1890 .

347 1936 516 1982 Quintam
529 1914 716 1968 hort—tiliam
731 1925 870 1965 orditur
884 1923 930 1960 ab
944 1920 1149 1958 auditorum
1165 1914 1379 1964 frequentia,

300 1981 406 2046 quam
427 1996 534 2044 solito
553 1992 727 2040 majorem
745 1998 827 2026 esse
845 1985 990 2035 gaudet,
1012 1989 1048 2020 et
1067 1981 1255 2028 pristinum
1275 1987 1382 2024 argu-

303 2042 466 2097 mentum
482 2055 670 2095 ardentius
697 2050 870 2098 suscipit,
899 2059 941 2084 ac
963 2045 1112 2084 .ludaica
1140 2042 1262 2080 omnia
1282 2051 1385 2088 pror-

303 2133 364 2160 sus
385 2121 555 2165 abrogata
577 2127 657 2155 esse
678 2113 900 2163 pronuntiat.
921 2109 1113 2155 Templum
1134 2115 1220 2142 vero
1237 2104 1387 2142 ieroso-

305 2184 520 2232 lymitanum
540 2187 737 2226 numquam
753 2185 836 2214 esse
854 2170 1130 2211 restaurandum
1150 2167 1295 2216 probat,
1313 2177 1385 2202 non

306 2229 350 2284 ex
369 2244 504 2283 Christi
524 2241 653 2284 modo,
683 2239 747 2276 sed
768 2249 814 2276 ex
845 2234 1100 2284 prophetarum
1131 2231 1238 2269 etiam
1259 2229 1388 2278 prmdi-

308 2307 502 2346 ctionibus.
523 2305 638 2352 Leges
655 2301 942 2340 Christianorum
961 2295 1189 2334 solummodo
1209 2294 1245 2330 in
1263 2303 1390 2340 perpe—

310 2380 411 2409 tuum
427 2367 624 2408 servandas
643 2376 743 2410 esse,
763 2370 915 2402 cmteras
935 2369 1062 2399 omnes
1081 2357 1317 2397 obsolevisse.
1340 2356 1390 2392 De

309 2435 514 2473 Judzeorum
535 2437 658 2480 postea
681 2427 838 2476 pernicie
856 2425 1018 2474 pluribus
1035 2422 1121 2472 agit,
1144 2421 1390 2466 ultionemque

311 2497 374 2534 Dei
400 2496 445 2534 de
466 2495 535 2532 illis
563 2498 743 2540 sumptam
771 2489 848 2527 fuse
864 2486 1104 2536 persequitur.
1125 2483 1286 2522 Danieiis
1305 2492 1391 2518 vero

313 2559 523 2607 prophetias
541 2554 742 2594 minutatim
759 2551 930 2600 explicat,
947 2548 1239 2598 peculiaremque
1259 2553 1393 2582 sermo-

315 2631 396 2658 nem
423 2620 469 2658 de
490 2616 776 2656 hebdomadibus
803 2613 962 2652 Danieiis
986 2609 1154 2649 instituit.
1185 2607 1393 2646 Judazorum

314 2689 355 2720 ut
376 2681 550 2730 templum
571 2678 806 2718 restituerent
831 2682 981 2713 conatus
1009 2675 1268 2710 commemorat
1285 2697 1294 2712 ,
1327 2668 1394 2705 sub

315 2744 496 2782 Hadriano
518 2743 738 2789 imperatore
754 2767 764 2784 ,
797 2737 864 2776 sub
894 2735 1133 2774 Constantino
1147 2761 1156 2774 .
1178 2733 1396 2777 demmuque

317 2807 384 2845 sub
403 2805 544 2844 Juliano
576 2806 768 2852 Apostata,
804 2802 865 2849 qui
896 2799 984 2848 ipsis
1015 2797 1179 2839 favebat;
1211 2800 1395 2832 ct-tamen

318 2869 440 2906 omnia
455 2867 525 2905 iliis
541 2866 672 2904 frustra
693 2875 853 2903 cessere.
873 2864 1027 2900 Domum
1049 2867 1238 2908 postquam
1258 2858 1398 2895 dixerat

318 2930 527 2967 Malacitiam
553 2927 766 2976 prophetam
786 2925 1031 2964 Christianum
1058 2923 1194 2960 cultutn
1212 2919 1400 2969 praesigni-

321 2993 497 3036 iiCarissc,
519 2992 654 3029 claudit
682 2989 920 3033 concionem,
941 2987 1082 3024 caneris
1109 2985 1267 3022 houtiiiis
1288 2983 1398 3030 duplo

321 3055 446 3091 saltem
468 3055 692 3102 longiorem;
725 3053 771 3090 ita
793 3058 831 3088 ut
857 3039 966 3088 etiam
985 3059 1031 3087 cx
1053 3047 1179 3085 orandi
1201 3047 1330 3083 ardore
1348 3052 1401 3081 at-

324 3129 393 3166 que
413 3119 617 3166 prolixitate
633 3119 846 3155 raucitatem
867 3115 1111 3153 contraheret.

374 3181 494 3228 Neque
514 3187 634 3218 tamen
661 3180 722 3216 ille
747 3181 800 3216 sic
826 3178 965 3216 destitit
993 3187 1013 3213 a
1038 3173 1310 3217 concionando,
1339 3173 1403 3210 sed

327 3240 500 3285 postridie
517 3252 645 3279 raucus
662 3241 817 3278 oratoris
841 3249 972 3276 munus
996 3237 1180 3284 suscepit,
1202 3242 1239 3272 et
1263 3241 1402 3271 sextam

329 3301 511 3337 homiliam
529 3301 620 3337 dixit
637 3308 815 3348 praesente
845 3300 1018 3337 Flaviano
1035 3299 1205 3345 episeopo
1221 3302 1257 3333 ct
1276 3305 1404 3342 magna

329 3363 450 3410 populi
471 3362 689 3410 frequentia.
713 3365 829 3409 Atque
849 3363 894 3400 de
921 3363 1044 3410 templi
1063 3360 1310 3398 destructione
1339 3357 1406 3394 sub

333 3423 554 3469 Vespasiano
571 3424 726 3470 primum
747 3424 918 3470 loquitur,
941 3430 977 3461 et
991 3423 1146 3462 oratoris
1164 3423 1278 3469 magis
1298 3431 1404 3467 quam

331 3485 508 3522 muralium
535 3486 710 3532 scriptoris
730 3495 860 3522 munus
879 3496 1052 3522 exercens
1066 3513 1076 3529 ,
1096 3485 1184 3521 dicit
1199 3483 1273 3529 jam
1304 3481 1408 3527 quin-

332 3549 572 3595 gentesimum
590 3559 723 3584 annum
749 3548 804 3596 agi
829 3559 873 3585 ex
892 3559 964 3596 quo
983 3549 1156 3595 templum
1173 3541 1409 3590 Jerosolymi-

335 3618 459 3646 tanum
478 3609 700 3648 destructum
726 3609 866 3654 fuerat;
896 3611 978 3647 licet
1006 3621 1078 3646 non
1109 3609 1190 3656 plus
1208 3616 1314 3654 quam
1335 3611 1408 3640 tre-

335 3673 429 3710 centi
450 3673 577 3710 decem
596 3680 632 3710 et
647 3680 730 3710 octo
742 3673 827 3709 anni
847 3673 892 3710 ab
910 3672 1050 3710 excidio
1068 3671 1130 3707 illo
1145 3669 1255 3716 elapsi
1273 3671 1408 3704 essent.

338 3735 469 3772 Verum
491 3735 584 3772 solet
604 3735 886 3784 Chrysostomus
916 3736 952 3772 in
983 3732 1220 3771 concionibus
1251 3730 1325 3766 suis
1347 3728 1412 3764 has

339 3799 538 3842 temporum
573 3797 730 3834 rationes
756 3805 792 3834 et
811 3795 1087 3844 supputationes
1113 3802 1238 3838 parum
1260 3799 1410 3830 curare,

341 3863 379 3919 '11
404 3858 487 3895 alibi
511 3859 759 3896 observamus.
793 3859 884 3895 ilinc
908 3866 996 3893 vero
1019 3863 1165 3900 scopum
1195 3859 1414 3898 persequens

344 3914 382 3949 S-
407 3916 543 3960 doctor,
571 3919 657 3955 dicit
683 3927 721 3956 et
753 3919 882 3966 probat
913 3925 1038 3953 necem
1071 3913 1204 3950 Christi
1237 3911 1413 3947 maiorum

347 3983 487 4012 Causam
508 3978 637 4016 indmis
657 3979 784 4025 fuisse,
813 3980 930 4026 aitque
956 3977 1067 4014 Deum
1093 3973 1271 4021 indignius
1291 3972 1414 4010 tulisse

1435 351 1569 389 Christi
1591 359 1733 393 necem,
1752 356 1860 396 quant
1879 345 1980 383 vituli
2001 343 2258 382 adorationem.
2277 345 2329 382 Ex
2349 346 2483 393 prophe

1435 413 1480 451 tis
1498 413 1620 450 denuo
1639 410 1768 460 probat
1793 401 1950 445 futuram
1973 405 2178 445 Judteorum
2200 405 2480 453 reprobationem.

1435 473 1572 512 Deinde
1597 479 1729 521 quanta
1749 471 1797 508 sit
1813 468 2006 508 sacerdotii
2029 467 2183 516 dignitas
2199 467 2432 512 demonstrat,
2451 475 2484 506 et

1433 547 1530 574 nunc
1549 537 1762 582 abrogatum
1779 543 1861 571 esse
1877 531 1972 580 apud
1987 530 2130 582 Judmos
2147 529 2378 567 sacerdotium
2397 530 2485 567 evin-

1433 600 1481 636 cit
1495 629 1505 645 ,
1523 599 1764 644 observatque
1780 595 1892 632 libros
1909 599 2056 632 sanctos
2076 602 2146 629 non
2177 597 2332 628 sanctam
2357 590 2484 628 efﬁcere

1433 671 1668 712 synagognm,
1687 658 1848 705 nihilque
1869 667 1938 694 non
1959 655 2033 703 agit
2051 660 2090 692 ut
2109 653 2289 691 auditores
2305 662 2384 690 suos
2401 662 2485 690 aver-

1436 732 1487 761 tat
1507 735 1526 761 a
1544 731 1737 772 synagoga:
1757 727 1794 758 et
1811 719 1910 756 aditu
1927 723 1963 755 et
1982 717 2195 754 imitatione.

1485 787 1644 834 idipsum
1661 788 1912 832 argumentum
1931 779 2159 828 persequitur
2176 778 2210 815 in
2238 777 2383 824 septima
2410 786 2484 813 con-

1435 853 1540 889 cione
1560 849 1760 898 probatque
1775 845 1946 883 Judaicos
1961 843 2053 880 ritus
2069 842 2259 889 abrogatos
2275 850 2364 885 esse,
2382 849 2485 878 sacer-

1435 914 1540 951 dotes
1559 909 1654 958 apud
1674 909 1816 947 Judaaos
1845 915 1925 943 esse
1955 915 2026 942 non
2053 913 2160 952 posse
2174 931 2184 946 ,
2211 903 2414 949 unicumque
2432 911 2484 938 sa-

1437 976 1614 1014 crificium
1633 983 1714 1011 esse
1734 982 1798 1020 per
1818 979 1950 1017 corpus
1969 967 2126 1010 Christi;
2143 976 2185 1003 ac
2201 965 2311 1012 legem
2331 965 2485 1001 sublatam

1438 1040 1570 1083 fuisse,
1591 1048 1664 1074 non
1682 1035 1728 1073 ob
1747 1039 1901 1084 peccata
1918 1031 2124 1070 Judzeorum
2139 1057 2148 1074 ,
2170 1027 2232 1066 sed
2254 1026 2346 1075 quod
2369 1026 2485 1073 imper-

1439 1102 1531 1140 fecta
1558 1104 1669 1138 esset.
1691 1098 1843 1135 Demum
1870 1093 1916 1132 ad
1949 1089 2245 1130 Melchisedecum
2266 1088 2381 1133 venit,
2399 1087 2486 1130 cujus

1440 1161 1634 1201 sacerdotii
1656 1159 1867 1208 dignitatem
1887 1155 2063 1199 celebrat,
2089 1159 2126 1190 et
2140 1162 2183 1190 ex
2198 1149 2364 1198 propheta
2379 1148 2488 1196 probat

1441 1223 1684 1262 sacerdotium
1701 1220 1789 1259 illud
1805 1224 2006 1257 extremum
2032 1225 2134 1258 esse,
2155 1222 2268 1260 exque
2290 1211 2382 1248 Pauli
2401 1209 2488 1247 dictis

1441 1288 1625 1325 Christum
1653 1294 1734 1322 esse
1761 1291 1888 1320 verum
1919 1279 2020 1317 illum
2055 1277 2278 1314 sacerdotem
2311 1283 2353 1311 ex
2381 1272 2489 1310 ordine

1443 1345 1710 1387 Mclchisedeci.
1735 1344 1810 1382 Hac
1829 1351 1920 1380 vero
1939 1341 1975 1378 in
1991 1351 2032 1378 re
2049 1338 2184 1376 diutius
2208 1337 2418 1378 immoratur,
2438 1333 2490 1370 de-

1443 1419 1616 1458 mumque
1635 1406 1791 1451 claudit,
1813 1404 1998 1442 auditores
2023 1400 2216 1439 cohortans
2234 1403 2270 1435 ut
2286 1397 2404 1434 fratres
2419 1405 2491 1432 suos

1445 1484 1466 1511 a
1485 1471 1646 1511 Judaicis
1662 1465 1982 1507 observationibus
1999 1467 2186 1505 avertant,
2206 1466 2242 1498 et
2257 1459 2300 1497 ad
2318 1467 2428 1496 veram
2444 1467 2492 1493 re—

1446 1537 1580 1573 ducant
1597 1533 1706 1570 viam.
1727 1529 1877 1578 Pr0pter
1894 1528 1958 1564 hoc
1973 1526 2076 1571 enim,
2097 1525 2223 1572 inquit,
2243 1533 2302 1560 nos
2318 1527 2436 1557 tantum
2448 1519 2493 1555 Ia.

1447 1598 1561 1635 borem
1581 1594 1799 1642 suscipimus,
1821 1601 1929 1639 neque
1945 1596 1981 1626 ut
2003 1589 2161 1635 plausum
2179 1585 2408 1631 strepitumque
2421 1582 2496 1629 refe-

1447 1671 1578 1704 ramus,
1599 1659 1659 1696 sed
1679 1664 1716 1694 ut
1734 1655 1868 1692 avulsas
1887 1653 1933 1690 ad
1960 1653 2047 1689 viam
2067 1649 2216 1688 veritatis
2235 1648 2435 1685 reducamus.

1497 1723 1669 1760 Octavam
1706 1719 1833 1756 habuit
1873 1722 2062 1765 postquam
2105 1712 2277 1761 jejunium
2315 1709 2496 1748 Judreorum

1452 1787 1659 1827 transierat,
1682 1781 1776 1830 quod
1795 1779 1974 1828 jejunium
1989 1777 2200 1815 ebrietatem
2216 1783 2294 1812 esse
2307 1772 2400 1810 dicit.
2417 1770 2494 1806 liora

1451 1856 1605 1894 sumque
1629 1845 1814 1882 auditores
1839 1842 2017 1885 hortatur,
2048 1845 2088 1876 ut
2109 1837 2255 1875 fratrum
2281 1830 2498 1872 emendationi

1453 1916 1489 1947 et
1505 1908 1612 1946 saluti
1627 1907 1818 1945 consulant
1841 1911 1877 1943 et
1893 1902 2090 1952 advigilent
2111 1913 2120 1938 :
2143 1909 2208 1936 nec
2228 1897 2331 1935 modo
2346 1900 2421 1932 ante
2436 1901 2501 1940 pec-

1454 1979 1588 2016 catum,
1610 1971 1673 2009 sed
1694 1971 1802 2008 etiam
1823 1977 1902 2019 post
1919 1976 2104 2017 peccatum
2120 1975 2244 2004 manus
2261 1963 2328 2000 illis
2345 1959 2503 2009 porrigen-

1455 2037 1520 2074 das
1547 2045 1628 2072 esse
1647 2034 1755 2078 dicit,
1785 2041 1824 2070 ut
1851 2034 1944 2070 Deus
1972 2031 2060 2068 fecit
2091 2029 2241 2066 Adamo.
2272 2026 2412 2062 Peccata
2430 2028 2504 2056 vero

1458 2100 1610 2137 fratrum
1641 2095 1882 2144 corrigenda,
1911 2106 1983 2132 non
2009 2090 2208 2140 evulganda
2230 2097 2322 2126 esse.
2347 2082 2505 2131 Quouiam

1457 2169 1577 2199 autem
1601 2159 1716 2198 Judmi
1737 2170 1776 2196 se
1793 2158 1956 2196 medicos
1978 2166 2059 2194 esse
2079 2152 2265 2195 dicebant,
2285 2155 2386 2199 atque
2402 2145 2505 2182 incan-

1459 2223 1653 2262 tationibus
1679 2233 1722 2260 ac
1757 2220 1986 2269 ligaminibus
2005 2217 2049 2254 ad
2082 2213 2258 2254 curandos
2285 2209 2420 2248 morbos
2441 2210 2507 2240 ute—

1460 2288 1604 2331 bantur,
1621 2291 1750 2324 contra
1768 2295 1831 2322 eos
1859 2283 1919 2330 qui
1941 2281 1984 2318 ad
2011 2280 2100 2317 tales
2124 2276 2282 2315 medicos
2298 2270 2510 2316 confugerent

1461 2351 1614 2398 insurgit
1630 2349 1934 2398 Chrysostomus,
1955 2346 2077 2392 aitque
2103 2340 2194 2379 mala
2215 2338 2329 2386 potius
2353 2333 2510 2382 patieuler

1464 2413 1625 2457 ferenda,
1641 2423 1749 2461 quam
1771 2412 1862 2448 tales
1879 2390 2102 2447 adhibendas
2122 2403 2324 2441 curationes
2337 2426 2345 2442 ,
2366 2401 2462 2442 atque
2474 2390 2511 2426 ad

1464 2478 1576 2514 Deum
1596 2482 1632 2513 et
1651 2475 1695 2512 ad
1717 2479 1862 2512 sanctos
1881 2478 2060 2519 martyres
2079 2477 2160 2506 esse
2177 2458 2460 2510 confugiendum,
2478 2462 2512 2489 ac

1463 2541 1566 2588 signo
1581 2537 1698 2575 crucis
1713 2535 1885 2573 utendum

1514 2602 1600 2638 Alite
1624 2599 1816 2636 conciones.
1832 2617 1881 2622 —
1898 2595 1972 2631 Hoc
1991 2600 2150 2640 tempore
2177 2589 2296 2627 habita
2318 2584 2378 2622 fuit
2404 2576 2513 2618 concio

1467 2664 1526 2700 illa
1555 2662 1588 2698 in
1620 2661 1801 2698 Psaimum
1830 2658 1870 2694 ii
1895 2655 1962 2703 (Τ.
1985 2655 2021 2693 5.
2047 2667 2079 2691 c.
2102 2651 2211 2696 i555),
2245 2641 2514 2695 Quemadmodqu

1467 2725 1635 2762 desiderat
1646 2733 1777 2767 cervus,
1787 2727 1872 2763 etc.,
1887 2726 1924 2755 ut
1936 2719 2011 2766 ipse
2023 2717 2297 2765 Chrysostomus
2307 2719 2370 2747 nec
2384 2706 2515 2744 obscure

1469 2787 1604 2824 indicat
1623 2784 1724 2821 initio
1742 2783 1799 2819 his
1813 2781 1934 2819 verbis
1951 2793 1959 2816 :
1989 2779 2057 2816 Vos
2071 2778 2220 2826 quidem,
2240 2772 2374 2820 inquit,
2395 2777 2449 2804 nos
2465 2773 2517 2799 utt-

1471 2861 1531 2898 per
1549 2845 1810 2884 admirabamini
1824 2873 1833 2887 ,
1854 2841 1991 2891 quando
2021 2840 2119 2878 verba
2139 2839 2278 2887 fecimus
2301 2834 2342 2869 de
2360 2826 2517 2867 Melchise-

1471 2912 1552 2948 deco
1566 2939 1576 2955 ,
1600 2915 1738 2956 propter
1757 2917 1874 2942 eorum
1893 2916 1968 2952 qum
1984 2903 2076 2939 dicta
2097 2908 2174 2938 sunt
2193 2895 2450 2946 longitudinem:
2467 2896 2518 2934 ego

1471 2981 1584 3010 autent
1615 2983 1671 3022 uos
1689 2968 1887 3006 admirabor
1913 2972 2051 3014 prapter
2069 2971 2214 3000 vestram
2242 2962 2276 2996 in
2304 2952 2461 2994 audiendo
2477 2953 2520 2984 at-

1474 3037 1655 3074 tentionem
1675 3039 1706 3070 et
1723 3031 1939 3078 sapientiam,
1962 3035 1992 3065 et
2009 3027 2098 3074 quod
2112 3036 2189 3062 cum
2207 3021 2370 3071 prolixior
2387 3027 2420 3052 se
2437 3012 2519 3050 obtu-

1475 3101 1566 3136 lisset
1593 3095 1723 3138 oratio,
1755 3103 1816 3128 nos
1843 3094 1888 3126 ad
1909 3090 2012 3136 (incm
2037 3097 2140 3135 usque
2167 3081 2359 3130 consequuti
2377 3076 2458 3115 estis.
2487 3071 2522 3107 Ει

1475 3159 1688 3210 quibusdam
1711 3154 1933 3201 interpositis
1951 3163 1960 3188 :
1989 3147 2279 3196 Quemadmodum
2297 3153 2373 3191 ergo
2393 3146 2464 3175 tunc
2479 3131 2523 3169 di-

2309 3206 2327 3210 --
2409 3200 2424 3210 ﬁ
2445 3196 2502 3210 .“l-

1476 3196 1606 3266 dabam,
1625 3220 1715 3266 quod
1732 3196 1816 3254 dum
1829 3215 1900 3262 lupi
1918 3224 2054 3260 gregem
2075 3210 2250 3250 invadunt,
2266 3206 2381 3242 relicta
2403 3196 2522 3247 ﬁstula,

1477 3287 1621 3336 fundum
1651 3284 1685 3319 in
1713 3290 1854 3316 manum
1873 3282 2010 3312 sumunt
2041 3280 2224 3322 pastores:
2250 3270 2296 3306 ita
2323 3275 2430 3305 nunc,
2457 3258 2525 3294 dum

2324 3330 2347 3336 -η
2421 3335 2425 3336 ν
2454 3317 2525 3336 ι....;.

1479 3317 1565 3397 iesta
1584 3346 1787 3382 Jutlttorum
1813 3339 2072 3387 pt‘wlerierunt,
2093 3336 2149 3384 qui
2175 3339 2252 3371 sunt
2277 3330 2428 3378 quibusve
2450 3317 2526 3364 Ιιιρί⁸

2191 3396 2195 3397 ν
2363 3390 2370 3397 .
2389 3387 2404 3397 ρ
2425 3391 2432 3397 .
2457 3383 2512 3397 ._...

1479 3383 1500 3397 ,ν
1516 3383 1537 3385 ρ
1813 3383 1818 3387 .

1479 3407 1712 3449 humaniores,
1730 3403 1850 3440 relicta
1865 3411 1982 3436 rursus
1997 3398 2119 3445 funda,
2136 3396 2312 3432 redeamus
2326 3390 2370 3426 ad
2381 3383 2525 3447 ﬁstularu-

1481 3472 1570 3508 iiinc
1588 3467 1688 3505 vides
1707 3466 1798 3502 hanc
1815 3463 1850 3500 in
1874 3462 1902 3499 P
1923 3461 2056 3496 almum
2073 3459 2116 3495 41
2137 3456 2320 3494 homiliain
2339 3458 2419 3488 tunc
2442 3440 2529 3508 habi-

1481 3540 1553 3570 tam
1577 3531 1701 3571 iuisse.
1723 3536 1804 3565 cum
1825 3533 1939 3570 nuper
1960 3521 2004 3558 de
2033 3517 2292 3556 Melchisedeco
2318 3510 2422 3549 multa
2440 3502 2530 3571 dixis-

1481 3601 1560 3637 sct,
1595 3599 1630 3630 et
1659 3589 1825 3628 homili‘as
1855 3591 1980 3623 contra
2014 3581 2158 3620 Jutlueos
2186 3575 2404 3615 absolvisset.
2436 3564 2530 3604 Mli“a

1483 3664 1602 3694 autem
1618 3655 1663 3692 de
1681 3649 1942 3690 Melchisedeco
1956 3645 2046 3684 dixit
2061 3645 2095 3680 in
2113 3641 2258 3679 humilia
2272 3642 2391 3675 contra
2405 3628 2534 3694 Judaei:

1485 3720 1638 3766 septima
1653 3745 1664 3762 ,
1685 3725 1766 3763 qua:
1792 3719 1846 3750 est
1880 3709 2075 3758 penuitima
2102 3705 2196 3741 illius
2215 3694 2419 3748 argumenti.
2443 3682 2532 3734 Q"°‘J

2226 3763 2234 3766 -
2336 3757 2350 3766 ι
2407 3753 2469 3766 ιν.-

1485 3753 1572 3819 vci'o
1603 3779 1648 3816 de
1678 3753 1822 3825 plastore
1852 3773 1960 3813 dicit,
1981 3766 2195 3805 adveniente
2226 3763 2308 3808 lupo
2335 3753 2470 3793 fundam
2489 3755 2535 3782 su-

1487 3850 1627 3885 mente,
1657 3842 1691 3876 in
1714 3842 1840 3886 quarta
1868 3834 2035 3875 habetur,
2055 3829 2112 3865 ubi
2141 3826 2241 3863 initio
2267 3817 2406 3858 secundi
2425 3817 2536 3850 contra

1487 3906 1630 3943 .lndaeos
1649 3903 1734 3941 belli
1759 3901 1812 3938 sic
1827 3898 2014 3935 classicum
2033 3901 2161 3930 canere
2180 3887 2319 3922 videtur
2341 3878 2537 3937 Chrysosto-

1493 3979 1600 4006 mus:
1625 3966 1756 4003 Rursus
1773 3961 1925 4010 infelices
1953 3956 2005 3993 illi
2033 3950 2289 3994 mortaliumque
2317 3941 2459 3979 omnium
2479 3943 2535 3968 mt-
