2694 4342
225 227 290 264 Ηῦ

226 302 352 338 serrtmi
373 300 488 338 λιιόωὶ
509 301 702 349 jeiunaturi
731 307 834 338 sunt:
854 311 972 338 rursus
996 300 1124 337 Christi
1150 311 1286 348 gregem

227 363 412 400 muniamus
441 373 573 400 necesse
615 369 676 400 est.
719 362 999 410 Quandoquidem
1039 369 1070 399 et
1109 368 1285 408 pastores,

228 425 382 474 quamdiu
406 425 508 462 noxia
529 424 634 462 bestia
649 425 790 462 molesta
810 437 878 462 non
901 430 949 462 est
963 453 972 470 ,
1003 425 1066 461 sub
1091 424 1203 461 ilicem
1227 431 1288 460 aut

229 484 386 533 populum
412 487 578 534 porrecti,
600 487 717 533 ﬁstula
739 492 888 531 canunt,
915 487 1061 524 sinentes
1080 497 1156 522 oves
1185 485 1288 523 libere

227 558 286 594 pro
306 558 366 584 suo
381 548 545 584 arbitratu
565 559 702 597 pascere
717 559 729 585 :
746 560 860 586 verum
878 549 982 586 simul
1006 554 1107 595 atque
1121 548 1286 584 senserint

225 608 378 644 alicunde
401 607 557 656 luporum
587 609 814 646 incursionem
840 610 1036 654 imminere,
1058 619 1138 646 mox
1155 607 1286 655 abiecta

226 671 336 717 fistula
351 672 494 720 [undam
512 673 695 721 arripiunt,
717 679 748 710 et
764 674 884 710 emisso
902 673 1035 710 calamo
1049 702 1058 717 ,
1081 673 1226 720 fustibus
1253 677 1284 709 et

225 732 313 768 saxis
330 733 505 770 obarmant
523 740 614 780 sese,
641 745 769 782 proque
793 735 874 771 erili
893 735 1131 779 consistentes,
1160 744 1282 781 magno

225 795 367 832 clamore
383 797 574 844 ingentique
592 797 726 835 ululatu
745 798 979 845 vociferantes,
1003 797 1193 844 frequenter
1209 796 1282 843 ipso

225 856 369 894 clamore
391 859 496 906 feram
510 885 520 903 ,
552 859 748 906 priusquam
765 859 956 906 irrumpat,
976 858 1128 906 abigunt.
1159 857 1283 904 Itaque

225 923 304 965 post
330 919 578 966 Septembrem
605 921 689 957 anni
706 920 791 966 587,
813 927 1000 968 postquam
1021 921 1184 957 homilias
1205 921 1282 957 illas

225 979 379 1027 quinque
393 987 516 1017 contra
533 981 674 1018 Judteos
688 981 839 1027 dixerat,
856 982 912 1019 vel
932 981 1080 1020 fortasse
1095 987 1280 1030 postquam

226 1043 384 1080 ultimam
403 1043 554 1091 dixerat,
573 1055 651 1092 qua!
665 1045 772 1084 etiam
789 1052 866 1092 post
881 1045 1055 1092 jejunium
1077 1045 1281 1082 Judaeot‘um

226 1103 342 1140 habita
369 1104 454 1150 fuit,
475 1105 567 1144 hanc
587 1106 768 1143 homiliam
787 1106 900 1152 dixit,
925 1117 1028 1154 quam
1051 1111 1168 1143 tamen
1190 1106 1281 1143 inter

225 1165 474 1213 Expositiones
499 1168 536 1204 in
565 1168 726 1206 Psahnos
743 1170 813 1206 alio
839 1175 1000 1216 tempore
1024 1168 1256 1206 concinnatus
1271 1196 1280 1214 ,

223 1239 344 1266 eorum
363 1231 423 1277 qui
442 1240 507 1266 nos
524 1237 782 1278 prmcesserant
795 1232 959 1279 exemplo
978 1232 1200 1279 reliquimus.

270 1291 388 1328 Primo
414 1297 532 1328 autem
549 1299 668 1329 narrat
685 1303 752 1340 qua
771 1293 816 1330 de
833 1303 940 1331 causa
961 1293 1054 1330 Deus
1073 1294 1228 1341 psalmos
1246 1294 1280 1330 in

223 1353 328 1389 vitam
357 1359 515 1390 nostram
534 1353 726 1400 induxerit,
759 1361 797 1391 ut
818 1365 946 1402 nempe
974 1356 1198 1392 socordiores
1218 1355 1282 1392 ho-

223 1414 334 1450 mines
353 1415 518 1462 erigeret,
535 1416 689 1452 animant
710 1423 905 1460 recrearet,
935 1417 1076 1464 aliaque
1101 1417 1193 1454 bona
1214 1416 1281 1454 bo-

223 1475 372 1512 minibus
396 1476 607 1522 impertiret.
628 1477 756 1514 Postea
776 1478 821 1514 de
849 1477 957 1514 modo
977 1478 1149 1525 psallendi
1170 1479 1281 1515 multa

221 1537 318 1581 dicit,
349 1543 385 1574 et
401 1537 538 1584 aliquas
563 1537 706 1575 adhibet
724 1547 844 1583 voces,
875 1539 918 1576 ad
939 1549 1016 1576 eam
1037 1549 1114 1575 rem
1131 1549 1282 1586 usurpa-

222 1603 289 1642 tas,
315 1607 404 1645 quas
440 1607 512 1636 non
543 1599 778 1646 intelligemus
792 1599 884 1637 bene
917 1601 1019 1638 multi
1051 1601 1280 1649 interpretes,

223 1670 406 1708 perperam
421 1667 614 1707 verterunt,
635 1667 671 1699 et
687 1672 838 1714 quarum
855 1673 958 1700 usum
975 1669 1013 1700 et
1031 1674 1175 1701 sensum
1191 1663 1282 1700 mul-

221 1721 266 1758 tis
285 1722 432 1759 aliorum
446 1721 592 1761 Patrum
612 1729 648 1762 et
663 1725 878 1772 scriptomm
896 1725 1069 1773 exemplis
1087 1725 1282 1774 explicavi-

219 1795 298 1823 mus
317 1786 350 1822 in
372 1785 519 1824 Mouito.

263 1847 455 1886 Cateclteses
483 1849 530 1886 ad
543 1843 814 1888 lilluminandos.
833 1871 881 1878 —
900 1851 1006 1889 Binas
1038 1851 1275 1898 Catecheses,

218 1919 302 1957 quas
319 1909 364 1947 ad
386 1910 637 1949 illuminandos
674 1923 737 1950 seu
761 1913 1038 1952 catechumenos
1057 1913 1275 1963 Cbrysosto-

218 1983 294 2010 mus
314 1972 436 2010 habuit
461 1979 542 2022 post
561 1973 733 2013 llomilias
749 1975 794 2014 de
810 1976 944 2015 Statuis
963 1977 1139 2014 edidimus
1157 1977 1215 2026 (τ.
1235 1977 1273 2014 ’2.

225 2047 251 2072 c.
269 2033 370 2082 225).
397 2036 479 2074 Illas
496 2047 594 2082 vero,
627 2039 854 2087 maximeque
882 2040 1032 2087 primam
1059 2040 1095 2077 in
1113 2039 1276 2086 Quadra-

217 2099 344 2145 gesima
364 2102 446 2138 anni
465 2101 533 2139 587
553 2101 685 2140 dictam
713 2103 822 2141 fuisse
842 2104 1074 2150 probabiliter
1091 2105 1276 2143 existima-

217 2172 315 2208 mus;
347 2163 596 2202 Tillcmontius
628 2176 715 2203 vero
747 2167 783 2202 in
816 2177 949 2203 annum
983 2167 1055 2204 388
1089 2174 1275 2217 utramque

217 2227 403 2265 amandare
420 2228 567 2265 mavult.
589 2228 664 2274 Qua
685 2228 732 2266 de
751 2239 790 2266 re
807 2229 968 2276 pluribus
985 2231 1219 2268 disseruimus
1239 2233 1273 2270 in

216 2285 342 2324 Monito
371 2288 416 2326 ad
435 2289 595 2334 easdem,
618 2289 678 2326 ubi
705 2290 785 2328 vide
813 2292 877 2328 sis.
909 2292 944 2328 lu
965 2293 1078 2339 prima
1109 2295 1275 2331 catechu-

216 2360 334 2388 menos
351 2351 516 2398 instituit,
537 2359 573 2389 et
598 2351 702 2390 docet
728 2363 771 2390 ea.
790 2364 870 2400 qua-
890 2354 982 2392 scire
1003 2366 1066 2402 par
1085 2363 1162 2393 erat
1183 2369 1190 2394 :
1208 2350 1275 2394 ne-

215 2422 280 2457 que
299 2413 392 2449 enim
409 2413 530 2450 omnia
545 2413 766 2452 docebantur
779 2415 1044 2461 catechumeni;
1065 2419 1274 2466 mysterium

216 2483 363 2520 nutuque
396 2475 517 2512 calicis
553 2475 786 2524 ignorabant,
825 2477 940 2515 donec
978 2479 1106 2515 initiati
1138 2487 1274 2518 essent.

215 2535 349 2572 Laudat
374 2537 452 2574 illos
477 2539 571 2586 quod
599 2539 750 2586 juvenes
779 2540 994 2587 baptismum
1021 2547 1142 2578 essent
1170 2552 1273 2579 acce-

215 2597 322 2641 pturi,
341 2597 549 2646 illorumque
579 2601 830 2648 negligentiam
860 2601 1052 2648 improbat,
1074 2603 1135 2650 qui
1155 2603 1274 2651 bapti-

215 2667 330 2693 snmm
359 2657 566 2698 differebant
594 2673 703 2710 usque
735 2663 779 2699 ad
812 2670 979 2701 mortem.
1001 2665 1173 2712 Baptismi
1207 2678 1274 2704 no-

214 2719 309 2756 mina
342 2721 454 2759 multa
479 2732 558 2760 esse
577 2723 692 2768 docet,
721 2737 848 2774 nempe
873 2729 1056 2766 lavacrum
1083 2740 1275 2778 regenera-

214 2783 332 2827 tionis,
353 2783 574 2828 illuminatio,
591 2786 779 2833 baptisma,
801 2791 997 2836 sepultura,
1017 2801 1105 2829 crux
1125 2800 1161 2830 et
1177 2793 1246 2830 alia
1263 2805 1272 2830 :

215 2847 434 2894 multumque
449 2847 640 2886 discrimen
659 2860 738 2887 esse
758 2851 842 2888 dicit
860 2853 952 2890 inter
972 2855 1188 2903 baptismum
1208 2856 1273 2893 Ju-

215 2908 369 2946 dzeorum
381 2915 416 2946 et
427 2909 724 2949 Christianorum.
735 2913 936 2953 Christiano
950 2917 1106 2965 linguam
1118 2920 1274 2957 maxime

216 2971 445 3010 cohibendam
474 2985 567 3019 esse,
599 2986 643 3012 ex
673 2987 740 3024 qua
775 2977 894 3025 lapsus
917 2981 1017 3018 multi
1046 2982 1272 3029 proveniant.

217 3035 352 3074 Claudit
381 3037 526 3076 demum
561 3038 684 3076 dicens
717 3051 737 3078 a
771 3041 984 3090 juramentis
1021 3046 1272 3084 abstinendum

217 3108 305 3145 esse,
325 3101 418 3149 quod
448 3103 578 3139 malum
601 3104 798 3142 Antiochia:
828 3108 982 3144 maxime
999 3114 1084 3146 tunc
1103 3111 1274 3157 temporis

218 3161 418 3210 invaluerat,
441 3171 548 3213 atque
569 3166 632 3203 illo
647 3167 762 3204 solum
789 3178 883 3206 anno
901 3169 970 3206 587
991 3181 1053 3218 per
1070 3171 1275 3220 Quadrage-

217 3224 338 3262 simam
365 3232 474 3264 totam
503 3234 630 3265 contra
651 3229 852 3276 jurameuta
879 3233 1086 3270 concionari
1119 3235 1272 3282 solebat,

218 3286 308 3331 quod
327 3290 535 3327 sententiam
556 3299 714 3328 nostram
733 3293 876 3332 ﬁrmare
890 3295 1045 3333 videtur.

264 3347 298 3383 In
319 3350 469 3387 secunda
489 3352 666 3391 catecbesi
684 3353 966 3394 illuminatorum
987 3367 1049 3394 seu
1075 3358 1273 3406 baptizato-

219 3418 294 3446 rum
314 3410 428 3449 ofﬁcia
455 3415 608 3462 explicat
627 3427 637 3454 :
656 3417 766 3455 verba
785 3418 897 3456 refert
925 3419 963 3456 in
981 3420 1160 3468 baptismo
1186 3433 1272 3470 pro-

219 3469 300 3516 lata,
321 3484 458 3522 nempe,
479 3476 682 3516 Abrenuntio
701 3481 773 3525 tibi,
793 3478 936 3527 Satana,
959 3489 989 3519 et
1009 3495 1144 3530 pompm
1160 3469 1226 3521 tua:
1242 3492 1275 3522 ct

219 3533 318 3570 cultui
335 3541 402 3573 tuo.
425 3537 524 3576 Unde
551 3542 778 3580 occasionem
810 3543 919 3580 sumit
949 3544 1120 3592 carpendi
1148 3547 1276 3584 mulie-

220 3605 298 3640 res,
325 3607 404 3646 qua:
435 3601 550 3640 nimio-
573 3606 714 3642 ornatui
747 3604 952 3642 studebant.
988 3606 1159 3654 Pompam
1190 3619 1275 3646 vero

221 3660 404 3697 satauicam
424 3672 501 3700 esse
517 3664 616 3710 dicit,
633 3666 784 3709 theatra,
798 3667 980 3704 circenses
1000 3667 1116 3714 ludos,
1135 3669 1274 3708 dierum

223 3717 492 3770 observationes,
520 3727 719 3776 praestigias
748 3734 785 3764 et
807 3728 940 3765 omina.
968 3728 1140 3776 Loquitur
1166 3731 1273 3768 etiam

225 3779 266 3816 de
283 3781 336 3828 iis,
354 3787 410 3832 qui
433 3790 650 3826 carminibus
679 3795 716 3826 ct
740 3791 901 3837 ligaturis
920 3792 1122 3838 utebantur,
1144 3795 1274 3844 quique

226 3843 425 3884 numismata
445 3849 638 3887 Alexandri
665 3850 869 3888 Macedonis
899 3862 1007 3890 aurea
1028 3854 1134 3902 capiti
1153 3861 1190 3892 et
1209 3867 1273 3903 pe-

225 3900 322 3942 dibus
339 3907 640 3960 circumligabant,
657 3917 765 3961 atque
795 3913 829 3950 in
857 3915 951 3963 regis
969 3900 1163 3956 idololatra:
1184 3900 1272 3956 ima-

1002 223 1124 262 NUNC
1153 222 1330 262 PRIMUM
1355 223 1622 264 ADORNATA.

2362 237 2432 276 130

1360 301 1444 348 gine
1457 310 1559 348 spem
1577 303 1779 344 habebant:
1795 314 1832 345 at
1849 309 1883 347 in
1901 320 2008 348 cruce
2021 312 2153 352 Christi
2175 321 2310 353 tantum
2327 327 2430 365 spem

1357 360 1561 399 habendam
1580 374 1660 402 esse
1676 367 1773 404 dicit.
1800 369 1839 406 ln
1860 370 2063 418 hujusmodi
2094 375 2238 415 insanas
2257 360 2430 425 supersti-

1359 423 1475 460 tiones
1494 425 1604 461 multa
1625 427 1784 473 profert,
1805 436 1842 466 et
1868 441 1931 469 cos
1959 435 2018 480 qui
2040 423 2310 476 incantamenta
2325 441 2429 478 adhi-

1357 483 1484 522 berent
1505 485 1820 527 vehementissime
1849 495 2023 540 coarguit,
2043 503 2151 544 atque
2171 501 2239 536 hoc
2262 502 2428 548 baptismi

1355 544 1452 583 dicto
1474 547 1678 585 eatechesin
1710 550 1857 594 claudit,
1890 553 2096 594 Abremmtio
2131 560 2203 604 tibi,
2225 544 2369 608 Sanum,
2399 571 2430 601 et

1356 619 1490 656 pompa:
1509 616 1576 646 tuae
1595 618 1626 648 et
1644 612 1752 649 cultui
1770 619 1842 659 tuo,
1863 621 1896 652 et
1915 618 2104 666 conjunyor
2117 623 2190 667 tibi,
2209 623 2355 662 Christe.

1404 669 1568 708 Homilite
1596 674 1639 709 de
1676 673 1938 722 Prop/:etiarum
1965 679 2178 718 obscuritate.
2199 704 2248 711 -—
2265 685 2429 726 llomilia:

1355 733 1434 770 duae
1453 733 1497 771 de
1517 735 1790 783 Prophetiarum
1805 738 2026 778 obscuritate
2043 742 2087 778 ad
2109 754 2241 782 annum
2257 747 2327 785 588
2343 760 2430 787 con-

1354 796 1540 844 signantur
1567 809 1586 835 a
1615 800 1662 837 cl.
1682 801 1758 838 viro
1779 801 2023 850 Tillemontio,
2055 805 2118 842 sed
2149 817 2192 844 es
2223 809 2430 856 conjectura

1357 865 1494 896 tantum
1516 859 1573 907 (Τ.
1603 861 1638 898 6.
1671 873 1700 898 ε.
1724 862 1835 912 165);
1859 871 1966 913 atque
1991 877 2036 904 ex
2057 868 2099 905 iis
2120 879 2200 916 qua:
2228 871 2262 907 in
2293 872 2428 912 MOnito

1353 919 1508 957 diximus
1529 921 1702 959 incertum
1729 934 1880 970 prorsus
1905 927 2059 972 videtur,
2083 939 2154 976 quo
2173 941 2268 968 anno
2286 934 2428 973 emissa:

1354 980 1501 1020 fuerint.
1531 983 1569 1020 In
1590 985 1703 1032 prima
1729 986 1837 1024 docet
1855 989 2038 1036 quomodo
2057 993 2242 1030 tractanda
2261 995 2307 1032 sit
2327 995 2429 1034 Scri-
2449 1004 2452 1007 '

1354 1051 1455 1092 plura
1477 1057 1592 1090 sacra,
1611 1047 1657 1086 de
1677 1049 1938 1088 Melchisedcco
1959 1054 2122 1100 quaedam
2142 1055 2262 1102 habet,
2281 1069 2322 1096 ac
2341 1069 2428 1106 pau~

1353 1106 1609 1146 cisAnomoeos
1621 1111 1748 1157 carpit.
1763 1118 1798 1149 et
1808 1120 1932 1150 contra
1947 1115 2136 1154 luereticos
2148 1119 2274 1165 probat
2283 1131 2430 1168 genera—

1355 1169 1488 1206 tionem
1502 1169 1635 1208 Christi
1653 1179 1824 1212 :cternam
1845 1186 1937 1222 esse,
1957 1179 2225 1224 generationem
2247 1192 2334 1220 vero
2350 1183 2430 1232 ejus

1354 1233 1593 1279 corporalem,
1621 1235 1691 1272 etsi
1723 1243 1873 1282 certam,
1907 1240 2056 1288 intelligi
2089 1250 2126 1279 et
2151 1245 2322 1290 explicari
2355 1258 2428 1285 non

1353 1304 1460 1342 posse
1481 1307 1490 1331 :
1511 1295 1621 1334 Vetus
1650 1297 1922 1338 Testamentum
1947 1302 2138 1340 obscurum
2167 1317 2247 1344 esse
2275 1308 2363 1346 dicit
2391 1316 2429 1348 et

1354 1358 1518 1396 consulto
1535 1370 1579 1396 ex
1603 1360 1723 1398 divina
1749 1363 1972 1409 providentia
1997 1365 2142 1412 factum,
2165 1375 2204 1404 ut
2232 1369 2426 1409 obscurum

1353 1427 1389 1458 et
1421 1421 1598 1469 explicatu
1631 1422 1776 1462 difficile
1813 1427 2127 1476 essetzadditque
2162 1430 2444 1478 prtescicntiam'

1357 1483 1417 1521 Dei
1450 1495 1521 1521 non
1548 1496 1629 1524 esse
1648 1493 1880 1534 peccatorum
1911 1499 2072 1528 causam.
2095 1491 2178 1530 Ideo
2199 1500 2319 1532 autem
2338 1506 2424 1544 pro-

1354 1545 1482 1592 phetas
1517 1547 1670 1586 obscure
1703 1548 1819 1587 futura
1857 1553 2090 1592 annuntiassc
2116 1561 2230 1602 putat,
2261 1567 2308 1594 ne
2341 1567 2426 1596 ante

1355 1612 1496 1654 tempus
1512 1608 1626 1646 Judmi
1651 1611 1712 1648 illa
1734 1611 1989 1660 intelligerent.
2019 1614 2146 1663 Neque
2165 1622 2284 1656 tamen
2304 1621 2424 1658 omnia

1353 1669 1504 1706 obscura
1523 1669 1658 1717 fuisse;
1681 1683 1764 1710 nam
1783 1674 1908 1713 inutile
1934 1675 2062 1715 fuisset
2086 1678 2138 1716 sic
2167 1677 2285 1718 futura
2305 1683 2425 1720 omnia

1353 1731 1605 1778 pra-nuntiare.

1397 1792 1438 1828 in
1453 1794 1610 1832 secunda
1631 1806 1786 1844 quoque,
1803 1809 1884 1846 quae
1904 1799 1998 1838 inter
2017 1801 2245 1850 longissimas
2261 1805 2423 1854 Chryso-

1349 1853 1454 1890 stomi
1470 1856 1664 1894 conciones
1683 1861 1924 1907 computanda
1953 1868 2022 1906 est.
2043 1873 2173 1902 causas
2193 1853 2424 1905 obscuritatis

1347 1916 1464 1955 affert.
1485 1918 1604 1958 Prima
1633 1931 1741 1959 causa
1762 1929 1833 1968 est,
1855 1925 1937 1972 quia
1967 1925 2062 1964 sicut
2079 1929 2254 1966 vclamem
2281 1930 2425 1980 Moyses

1348 1980 1382 2017 in
1405 1987 1529 2020 monte
1553 1982 1691 2029 habuit,
1713 1984 1776 2032 qui
1802 1985 1942 2033 Moyses
1959 1988 2144 2036 legislator
2168 1996 2224 2028 est
2241 2005 2250 2028 :
2267 1992 2314 2029 ita
2332 2004 2424 2040 quo-

1346 2055 1416 2092 que
1438 2045 1553 2094 legem
1573 2047 1735 2084 velamen
1767 2047 1951 2094 habuisse,
1981 2060 2112 2098 nempe
2140 2052 2420 2100 obscuritatem;

1345 2107 1410 2144 sed
1445 2118 1562 2156 neque
1593 2108 1790 2157 legislatori
1823 2111 1910 2148 vitio
1939 2113 2149 2150 vertendum
2161 2142 2178 2160 ,,
2205 2126 2322 2164 neque
2353 2117 2422 2166 legi

1345 2169 1485 2207 crimini
1504 2171 1660 2223 dandum
1679 2172 1790 2210 fuisse
1809 2175 1988 2221 velamen,
2010 2175 2075 2213 sed
2093 2177 2299 2216 auditorum
2322 2179 2422 2216 intir—

1346 2233 1462 2268 mitati
1486 2233 1728 2272 tribuendum.
1757 2235 1921 2285 Secunda
1940 2247 2049 2274 causa
2067 2238 2300 2276 obscuritatis
2318 2248 2419 2278 vete-

1346 2294 1396 2330 ris
1419 2293 1640 2332 Testamcnti
1675 2304 1744 2342 cst,
1775 2299 1857 2345 quia
1887 2309 1959 2336 non
1994 2301 2168 2347 scriptum
2198 2301 2264 2339 fuit
2299 2303 2421 2351 lingua

1347 2355 1485 2400 Grieca,
1521 2356 1583 2392 sed
1605 2357 1806 2402 llebraica;
1841 2369 1923 2396 eum
1953 2367 2072 2398 autem
2104 2373 2148 2398 ex
2180 2363 2354 2402 llebraica
2386 2366 2421 2403 in

1348 2416 1510 2454 Grmcam
1538 2418 1694 2466 linguam
1720 2420 1932 2457 translatum
1961 2421 2082 2468 fuerit,
2103 2425 2296 2461 maximam
2315 2426 2423 2464 habet

1347 2479 1606 2518 difﬁcultatem.
1637 2481 1864 2518 Translatum
1893 2490 2012 2520 autem
2039 2484 2106 2521 fuit
2125 2485 2264 2530 Graece,
2292 2488 2420 2535 inquit,

1347 2543 1414 2580 sub
1442 2543 1636 2580 Ptolemaio
1661 2554 1760 2591 rege,
1780 2546 1951 2583 trecentis
1979 2547 2084 2584 annis
2113 2554 2196 2585 ante
2224 2549 2419 2588 adventum

1346 2604 1502 2649 Christi;
1535 2605 1709 2642 adventus
1748 2611 1868 2644 autem
1903 2606 2037 2645 Christi
2073 2620 2154 2656 qua:
2183 2611 2422 2648 amiseramus

1346 2670 1508 2706 auctiora
1529 2669 1632 2707 nobis
1649 2670 1818 2707 restituit.
1840 2670 1932 2707 Dicit
1953 2678 2076 2718 postea
2105 2673 2307 2711 orationem
2329 2677 2419 2714 mul-

1347 2731 1508 2768 titudinis
1527 2742 1691 2778 magnam
1711 2733 1781 2769 vim
1797 2731 1944 2770 habere.
1969 2733 2032 2770 llis
2049 2734 2148 2772 addit
2165 2735 2306 2774 diaconi
2327 2738 2420 2776 dicta
2484 2770 2491 2776 .

1346 2794 1382 2830 in
1395 2793 1567 2842 Liturgia,
1589 2795 1690 2842 queis
1707 2795 1849 2841 plebem
1868 2795 1912 2832 ad
1931 2797 2150 2842 precandum
2166 2797 2342 2836 hortatur.
2363 2802 2422 2839 Ait

1345 2855 1476 2894 deinde
1502 2867 1644 2894 morum
1668 2857 1930 2895 correctionem
1959 2857 2154 2906 Scriptura:
2180 2871 2293 2898 sacrae
2312 2863 2418 2900 tinrm

1345 2928 1426 2955 esse
1449 2931 1458 2954 :
1479 2923 1515 2954 et
1538 2925 1725 2965 postquam
1747 2925 1872 2956 contra
1894 2919 2110 2957 Manichatos
2135 2921 2298 2968 quaedam
2317 2923 2420 2962 dixe-

1345 2988 1413 3024 rat,
1443 2979 1578 3017 claudit
1604 2980 1728 3018 dicens
1754 2987 1988 3030 peccatorum
2021 2982 2310 3022 recordationem
2340 2996 2420 3023 esse

1345 3044 1508 3092 pcceanti
1529 3043 1743 3081 remedium.
1835 3042 1839 3046 ’
2173 3042 2178 3046 ”

1393 3106 1480 3143 Alite
1500 3108 1693 3143 conciones.
1714 3127 1762 3132 —
1775 3106 1977 3144 Secundam
1997 3106 2043 3144 de
2061 3107 2335 3155 Prophetiarum
2354 3112 2419 3148 ob-

1346 3171 1514 3208 scuritate
1543 3170 1725 3207 homiliam
1750 3170 1785 3206 in
1811 3170 1993 3207 Dominica
2013 3171 2164 3208 dixerat.
2185 3172 2314 3210 Paucis
2333 3185 2421 3212 vero

1347 3240 1472 3282 postea
1492 3234 1622 3272 diebus
1651 3234 1746 3270 illam
1767 3233 1950 3270 homiliam
1973 3234 2096 3271 habuit
2117 3235 2176 3284 (Τ.
2193 3235 2232 3272 2.
2267 3246 2295 3273 ε.
2315 3237 2419 3284 24⁸5),

1345 3309 1426 3346 qua:
1457 3298 1676 3342 inscribitur,
1704 3297 1874 3334 Adversus
1903 3308 1960 3334 eos
1989 3297 2046 3345 qui
2076 3298 2224 3334 dicerent
2247 3306 2420 3336 damonas

1345 3359 1534 3408 gubernare
1561 3371 1614 3396 res
1635 3359 1818 3395 humanas.
1846 3358 1884 3396 In
1913 3359 2019 3406 hujus
2035 3361 2132 3398 enim
2161 3361 2338 3409 principio
2360 3362 2420 3398 illa

1347 3421 1467 3458 omnia
1486 3420 1632 3467 repetit,
1655 3431 1734 3467 quae
1758 3419 1794 3456 in
1822 3421 1892 3458 line
1910 3421 2004 3458 illius
2022 3423 2208 3460 concionis
2228 3433 2267 3460 se
2287 3422 2421 3459 dixisse

1347 3483 1582 3527 testiﬁcatur;
1603 3481 1773 3518 nimirum
1803 3482 1850 3519 de
1880 3483 2014 3520 sanctis
2035 3483 2216 3530 justisque
2235 3484 2336 3525 viris,
2359 3482 2419 3528 qui

1347 3555 1411 3582 sua
1431 3550 1592 3592 peccata,
1614 3554 1686 3580 non
1707 3552 1827 3582 autem
1852 3545 1986 3590 aliena,
2005 3556 2088 3582 cum
2106 3545 2231 3581 dolore
2251 3552 2418 3579 exsecra-

1348 3607 1527 3654 tionisque
1565 3606 1826 3654 significatione
1863 3605 2200 3644 commemorabam
2225 3614 2234 3638 :
2255 3602 2419 3648 exempla

1346 3669 1442 3706 enim
1463 3667 1588 3705 eadem
1607 3669 1727 3706 omnia
1743 3669 1944 3717 eodemque
1965 3668 2092 3704 ordine
2111 3669 2290 3702 recenset.
2313 3663 2420 3699 Ordi-

1347 3736 1406 3768 tur
1430 3735 1551 3767 autem
1571 3731 1616 3768 ab
1636 3730 1944 3768 Autiochenorum
1976 3727 2199 3766 assiduitate,
2228 3724 2349 3770 aitque
2379 3725 2421 3760 ti-

1347 3793 1484 3830 muisse
1509 3803 1550 3831 se
1570 3804 1617 3830 ne
1633 3793 1900 3840 multiplicitate
1921 3791 2096 3826 dictorum
2117 3785 2302 3823 fastidium
2321 3795 2420 3822 crea-

1346 3861 1428 3901 ret;
1463 3855 1527 3893 sed
1544 3856 1700 3904 gaudere
1720 3865 1760 3892 se
1777 3853 1874 3901 quod
1903 3849 2018 3896 magis
2033 3847 2255 3914 desiderium
2287 3853 2324 3882 et
2354 3858 2420 3914 an.

1348 3919 1468 3958 dicudi
1482 3919 1700 3966 voluptatem
1712 3913 1852 3953 auxerit
1867 3924 1878 3958 ;
1895 3918 1970 3948 tum
1985 3909 2149 3956 Superius
2166 3908 2260 3946 dicta
2274 3908 2421 3956 repetit,
