2694 4342
287 254 350 293 ,3,
961 231 1000 268 s.
1027 225 1217 269 Joauuts
1242 222 1569 263 cu-nvsos'rout
1598 221 1722 267 Vl'f‘A,
2429 225 2486 263 μη

289 336 327 366 ιιι
347 326 518 367 diximus,
533 327 570 358 et
587 322 707 366 postea
728 319 933 349 sermonem
945 307 1086 345 orditur
1103 315 1255 344 narrans
1271 303 1366 342 unde

287 391 460 438 originem
483 382 626 422 duxerit
641 377 771 416 divisio
789 375 1006 422 linguarum.
1027 371 1120 410 Hine
1134 375 1258 408 narrat
1272 368 1368 406 Ada-
1392 388 1395 391 -

287 429 384 489 mnia
402 448 436 484 in
456 450 561 494 portu
582 439 806 487 naufragium
826 435 981 480 fecisse;
1003 443 1136 480 nempe
1160 441 1244 470 cum
1262 429 1368 468 bonis

287 493 462 550 omnibus
490 504 707 548 abundaret,
744 499 922 538 suadente
955 497 1114 540 diabolo,
1147 505 1168 532 e
1199 493 1368 542 paradiso

286 575 424 624 ejectus
450 571 543 615 fuit;
573 568 638 608 sed
668 567 782 604 Deum
809 563 974 602 effecisse
997 565 1040 598 ut
1069 561 1212 598 lucrum
1233 557 1369 594 damno

285 619 401 683 majus
419 638 532 676 esset,
552 637 590 668 et
612 634 778 667 naturam
797 631 960 663 nostram
981 623 1027 660 ad
1043 621 1213 659 thronum
1228 619 1368 667 regium

281 681 474 736 extulisse.
494 693 584 730 Nam
607 692 702 728 Deus
724 699 796 726 non
823 697 906 724 eum
931 685 992 723 dat
1017 683 1141 728 modo,
1171 681 1235 719 sed
1259 681 1368 719 etiam

285 770 367 798 cum
389 757 509 796 aufert
535 757 654 794 bonus
673 758 744 791 est.
768 751 853 789 Eva:
885 748 996 786 etiam
1017 745 1202 795 profuisse
1222 743 1318 792 quod
1349 752 1368 779 τι

285 820 432 859 diabolo
449 819 600 865 decepta
618 815 764 859 fuisset;
790 821 873 850 cum
902 810 999 848 enim
1018 808 1132 844 filium
1151 805 1368 854 peperisset,

285 884 391 927 dixit,
412 881 555 918 Possedi
577 879 748 916 hominem
768 886 828 925 per
846 873 972 918 Deum,
991 869 1213 918 experientia
1238 877 1371 915 nempe

289 957 354 984 sua
382 945 511 983 cdocta
543 953 562 979 a
594 942 670 978 Deo
701 939 795 976 bona
824 936 946 974 omnia
977 941 1208 981 promanare.
1239 930 1370 967 Postea

289 1008 362 1056 agit
380 1007 426 1044 de
445 1005 556 1042 variis
582 1002 729 1040 malitia:
747 999 958 1049 generibus,
978 996 1200 1042 domumque
1219 992 1264 1030 de
1284 1001 1370 1040 pro-

288 1069 446 1108 videntia
471 1068 548 1105 Dei.

335 1131 539 1170 Secundam
560 1127 745 1176 posuimus
763 1124 957 1162 Homiliam
972 1121 1018 1158 de
1034 1119 1179 1157 diabolo
1195 1121 1372 1155 tentatore

290 1193 349 1242 (T.
371 1193 408 1230 2.
429 1205 460 1229 c.
483 1191 585 1240 257),
603 1200 710 1238 quam
729 1199 776 1224 an
793 1192 878 1223 ante
899 1195 946 1222 an
966 1188 1047 1231 post
1065 1181 1216 1229 primam
1237 1179 1372 1215 habue-

289 1258 337 1295 rit
367 1257 561 1294 ineertum.
595 1253 830 1298 Exploratum
855 1254 954 1286 certe
983 1246 1132 1283 omnino
1157 1244 1298 1282 videtur
1329 1242 1373 1278 il-

289 1321 375 1364 lam,
395 1328 504 1366 quam
522 1322 604 1364 post
624 1315 764 1352 initium
785 1312 891 1360 hujus
915 1321 954 1348 se
975 1309 1085 1347 biduo
1101 1313 1186 1344 ante
1202 1305 1373 1343 habuisse

288 1381 388 1424 dicit,
420 1390 493 1416 non
522 1388 604 1416 esse
631 1387 710 1414 eam
729 1385 837 1423 quam
857 1373 1011 1421 primam
1042 1369 1241 1418 posuimus,
1273 1373 1313 1404 ut
1337 1371 1374 1403 tn

289 1443 428 1480 Monito
448 1441 563 1478 fusius
579 1439 768 1488 probatur.
795 1436 908 1484 Hujus
930 1444 1040 1482 porro
1061 1431 1232 1470 secunda:
1252 1429 1374 1467 titulus

289 1512 370 1543 est:
391 1505 563 1542 Adversus
583 1514 639 1540 eos
669 1501 728 1548 qui
751 1500 932 1548 objiciunt,
960 1509 1020 1534 cur
1041 1507 1058 1533 e
1081 1495 1192 1532 medio
1222 1493 1375 1530 sublatus

291 1580 360 1604 non
377 1568 420 1604 sit
439 1566 620 1609 diabolus;
638 1563 775 1613 etquod
795 1563 898 1610 hujus
918 1560 1050 1597 malitia
1070 1557 1158 1595 nihil
1177 1567 1238 1593 nos
1256 1555 1373 1599 lwdnt,

250 1675 251 1679 η
291 1632 320 1668 εἰ
338 1629 580 1671 attendamus;
600 1633 631 1664 ct
649 1627 692 1664 de
718 1625 930 1675 poenitentia.
954 1623 1038 1659 Πειιο
1057 1618 1240 1668 probanda
1258 1616 1375 1654 susci-

294 1693 345 1740 pit
379 1691 674 1739 Chrysostomus,
713 1695 750 1726 et
779 1687 896 1735 primo
929 1684 1140 1722 Flavianum
1167 1681 1376 1727 episcopum

294 1760 507 1801 prmsenlem
529 1751 652 1788 laudat
671 1761 690 1786 a
712 1751 876 1793 caritate,
902 1757 922 1784 a
940 1755 1080 1782 summa
1101 1742 1290 1780 modestia.
1314 1740 1376 1776 Di-

293 1816 414 1862 iitque
445 1819 570 1861 postea
600 1821 673 1848 non
703 1810 886 1847 diabolum
917 1807 1052 1844 laedere
1081 1805 1279 1847 hominem,
1313 1801 1378 1838 sed

293 1887 473 1914 summam
493 1873 650 1912 hominis
670 1872 863 1920 ignaviam,
883 1880 965 1918 qua:
983 1875 1019 1906 et
1038 1871 1176 1904 rectum
1195 1863 1379 1902 membro-

295 1951 374 1976 rum
393 1949 498 1976 usum
519 1936 735 1982 corrumpit,
757 1942 794 1972 et
821 1935 892 1971 alia
913 1933 1081 1979 importat
1109 1929 1216 1966 mala.
1237 1925 1380 1964 Claudit

295 2013 382 2040 vero
402 2011 607 2039 sermonem
628 1999 753 2036 dicens
769 1998 928 2045 quinque
939 2005 1022 2032 esse
1041 1991 1262 2040 poenitentia:
1277 1990 1376 2032 vias;

299 2067 448 2111 primam
481 2072 624 2109 nempe,
655 2060 925 2098 damnationem
956 2061 1210 2103 peccatorum;
1247 2061 1379 2088 secun-

297 2128 396 2172 dam,
415 2127 444 2163 si
465 2132 694 2172 acceptarum
711 2134 731 2159 a
752 2122 919 2169 proximo
939 2120 1149 2168 injuriarum
1169 2127 1241 2154 non
1260 2125 1380 2154 recor-

298 2191 448 2232 demur;
469 2188 626 2231 tertiam,
645 2186 846 2223 orationem
868 2184 1064 2220 ferventem
1092 2188 1129 2218 et
1147 2187 1378 2222 accuratam;

301 2256 481 2297 quartam,
501 2249 771 2295 eleemosynam
789 2257 799 2291 ;
822 2246 996 2294 quintam,
1017 2243 1230 2284 modestiam
1257 2248 1294 2280 et
1311 2242 1380 2279 hu-

302 2313 505 2351 utilitatem.

351 2375 570 2413 Concionem
597 2379 808 2421 sequentem
840 2372 885 2410 de
915 2371 1054 2420 Ignavia
1077 2371 1187 2408 biduo
1217 2375 1298 2418 post
1325 2379 1383 2407 se-

303 2437 454 2478 cundam
474 2447 513 2474 se
529 2436 698 2473 habuisse
718 2436 820 2472 initio
839 2435 1064 2477 testificatur,
1083 2434 1168 2470 dum
1186 2444 1228 2470 ex
1249 2432 1384 2481 populo

305 2499 407 2537 multi
427 2499 472 2536 ad
496 2499 688 2536 theatrales
707 2497 812 2535 ludos
841 2508 881 2535 se
900 2497 1140 2542 contulerant,
1165 2507 1256 2544 quos
1277 2496 1385 2534 vehe-

304 2570 446 2601 menter
470 2563 681 2600 insectatur.
703 2562 895 2610 Postquam
924 2567 1044 2598 autem
1065 2560 1205 2598 dixerat
1223 2560 1386 2596 volunta-

306 2632 378 2662 tem
409 2635 490 2663 esse
518 2625 717 2668 dominam,
751 2631 788 2662 et
817 2635 863 2661 ex
894 2623 1076 2660 voluntate
1111 2623 1322 2670 contingere
1349 2627 1387 2658 ut

306 2688 389 2724 mali
409 2698 490 2726 cum
509 2687 613 2724 bonis
635 2687 801 2734 permixti
821 2687 905 2730 sint,
931 2686 1060 2734 qmerit
1077 2685 1205 2722 iterum
1225 2695 1290 2722 cur
1308 2684 1387 2721 dia-

281 2797 283 2799 _
307 2750 412 2786 holus
441 2750 476 2786 in
509 2750 630 2786 medio
657 2749 896 2796 relinquatur,
929 2755 966 2786 et
997 2747 1206 2795 respoudet,
1235 2748 1317 2794 quia
1345 2747 1388 2783 iis

307 2813 367 2858 qui
389 2811 535 2860 vigilant
553 2818 591 2850 et
611 2812 679 2849 sibi
704 2811 908 2857 attendunt,
929 2821 1000 2848 non
1030 2811 1138 2848 modo
1158 2810 1248 2847 nihil
1267 2815 1388 2855 nocet,

309 2875 372 2912 sed
393 2877 500 2912 etiam
519 2876 616 2913 utilis
635 2881 702 2920 est,
723 2886 794 2912 non
818 2886 862 2912 ex
887 2875 1074 2912 voluntate
1093 2884 1170 2918 sua,
1191 2884 1271 2922 qua:
1298 2873 1389 2909 mala

311 2944 378 2984 est,
399 2939 463 2976 sed
488 2950 533 2976 ex
551 2939 711 2986 ipsorum
741 2938 966 2983 fortitudine,
989 2939 1048 2984 qui
1080 2938 1158 2984 ejus
1181 2937 1328 2978 malitia,
1351 2941 1392 2973 ut

313 3011 378 3047 par
397 3007 466 3046 est,
487 3007 652 3044 utuntur,
681 3007 720 3036 ut
735 2999 829 3037 Jobo
846 2999 1010 3047 contigit.
1033 2999 1278 3045 llominesque
1295 2998 1392 3034 solos

312 3063 399 3100 dicit
425 3071 591 3100 auctores
609 3073 690 3099 esse
720 3061 857 3110 peccati
877 3073 886 3098 :
909 3071 992 3097 nam
1020 3071 1064 3098 ex
1085 3060 1280 3096 voluntatis
1306 3070 1392 3110 pro-

315 3125 432 3170 posito
445 3125 531 3161 boui
550 3125 608 3162 vel
625 3123 710 3160 mali
723 3105 868 3160 sumus.
889 3123 939 3159 De
957 3123 1048 3160 Jobo
1074 3128 1195 3169 pOstea
1217 3105 1394 3167 Inulta’di-

315 3187 386 3230 cit;
414 3187 563 3234 ejusque
590 3188 800 3234 patientiam
835 3187 871 3223 in
905 3186 1112 3232 exemplum
1146 3185 1326 3231 proponit,
1357 3190 1396 3220 ut

316 3257 396 3290 quae
428 3249 596 3284 omnibus
628 3248 868 3284 consolationi
897 3259 979 3285 esse
1014 3247 1126 3295 possit
1148 3258 1156 3282 :
1176 3246 1396 3292 demumque

317 3308 451 3343 claudit
469 3308 608 3353 dicens,
624 3319 707 3344 cum
723 3309 880 3355 Spiritus
895 3311 1008 3356 gratia
1026 3309 1184 3346 faciliora
1199 3308 1396 3344 certamina

319 3371 440 3407 munia
459 3379 556 3414 esse,
577 3369 804 3417 maximeque
833 3380 913 3418 post
930 3373 1124 3410 adventum
1144 3370 1293 3415 Christi,
1315 3380 1397 3407 eum

317 3431 432 3479 gratia
447 3431 506 3467 illa
527 3431 768 3468 abundantior
781 3439 851 3470 est.

370 3493 552 3529 Hactenus
571 3501 704 3528 annum
730 3499 766 3530 et
791 3493 1004 3542 plerumque
1023 3495 1132 3538 diem,
1153 3503 1224 3541 quo
1251 3493 1399 3530 concio-

323 3566 389 3594 nes
407 3555 513 3592 dictae
531 3553 686 3599 fuerant,
711 3555 854 3602 sequuti
873 3566 1012 3601 sumus,
1036 3558 1214 3594 interdum
1234 3567 1304 3593 non
1332 3555 1400 3592 du-

324 3619 394 3655 biis
417 3617 574 3662 indiciis,
603 3616 797 3664 aliqua-udo
820 3627 864 3654 ex
883 3619 1090 3666 conjectura
1109 3627 1246 3656 tantum
1266 3631 1275 3655 :
1295 3626 1402 3666 atque

324 3682 370 3718 ad
399 3692 534 3718 annum
563 3681 635 3718 588
665 3681 716 3716 sic
742 3680 985 3728 pervenimus.
1018 3681 1142 3728 Neque
1161 3683 1310 3720 dubium
1339 3691 1403 3718 an-

327 3743 382 3779 nis
405 3744 491 3788 589,
513 3743 600 3788 590,
621 3742 705 3785 59f,
728 3741 948 3778 indefessum
968 3748 1148 3780 oratorem
1168 3743 1213 3780 ad
1231 3743 1405 3790 populum
1459 3781 1462 3784 ,

331 3806 594 3842 Antiochenum
621 3805 752 3842 multas
782 3815 824 3840 ex
857 3803 899 3840 iis
917 3813 998 3851 qua:
1025 3811 1220 3850 supersunt
1237 3804 1406 3841 habuisse

329 3868 535 3912 conciones,
563 3879 643 3916 quae
669 3867 801 3904 nullam
829 3865 886 3904 vel
919 3864 1002 3902 anni
1021 3865 1077 3902 vel
1095 3865 1166 3902 dici
1191 3872 1313 3903 nolam
1333 3876 1407 3913 pra:

330 3938 366 3964 st:
385 3932 516 3968 terunt.

1489 302 1576 338 Alite
1590 301 1784 338 conciones.
1801 318 1849 326 --
1865 297 1904 334 in
1918 308 2049 334 annum
2065 307 2150 334 vero
2161 295 2231 334 593
2243 297 2419 336 referimus
2435 311 2487 339 no-

1440 364 1576 402 miliam
1598 363 1806 409 inscriptam
1833 361 1878 397 de.
1897 359 2116 398 Cmmctcrio
2143 359 2239 396 etde
2256 357 2378 403 Cruce,
2395 371 2487 408 quam

1439 427 1528 464 dicit
1555 424 1683 473 viginti
1713 430 1774 460 aut
1809 422 1916 470 paulo
1947 422 2064 459 minus
2091 420 2216 459 diebus
2246 427 2426 468 antequam
2449 423 2488 460 de

1440 489 1575 528 sanctis
1590 487 1802 525 mulieribus
1822 486 1986 530 Bernice,
2000 484 2178 522 Presdoce
2189 491 2224 522 et
2235 484 2398 522 Domnina
2412 495 2486 523 eou-

1439 553 1647 589 cionaretur
1669 549 1728 599 (T.
1751 549 1787 586 2.
1817 559 1849 584 c.
1872 547 1974 594 595),
2003 553 2042 584 ut
2068 555 2139 584 non
2166 545 2279 583 dubiis
2299 547 2386 582 notis
2403 547 2490 584 colli-

1440 615 1536 662 gitur
1547 624 1591 651 ex
1609 613 1711 650 initio
1721 617 1914 659 postremae
1929 610 2080 657 hujusce
2093 609 2287 654 concionis,
2303 609 2358 646 ubi
2371 621 2408 647 se
2420 618 2490 648 ante

1441 676 1567 724 viginti
1597 675 1673 712 fere
1703 675 1780 712 dies
1806 673 2072 717 concionatum,
2102 671 2211 708 multa
2241 671 2368 709 dixisse
2395 673 2439 708 ait
2461 674 2488 709 in

1442 739 1521 776 hzuc
1547 738 1683 776 verba:
1702 737 1868 774 Contrivit
1899 742 2014 784 portas
2043 745 2164 779 cereas,
2198 740 2230 770 et
2257 739 2356 770 vectes
2382 735 2489 780 ferreos

1441 803 1632 850 confregit;
1651 811 1731 849 qum
1747 801 1884 848 optime
1901 799 2122 838 conveniunt
2141 799 2176 835 in
2201 798 2291 835 hanc
2303 798 2346 835 de
2364 798 2488 837 Cosme-

1445 866 1536 903 terio
1559 871 1597 902 et
1613 865 1729 903 Cruce
1746 863 1944 902 homiliam.
1966 863 2057 900 lline
2072 861 2187 900 Grmci
2209 868 2365 909 putantes
2381 862 2489 899 festum

1443 928 1490 966 de
1507 928 1638 973 Cruce,
1660 927 1756 976 quod
1777 937 1902 964 mense
1921 925 2123 973 Septembri
2151 925 2209 963 die
2237 925 2280 962 14
2305 926 2455 970 occurrit,
2472 936 2489 962 a

1443 991 1706 1040 Chrysostomo
1722 990 1932 1033 memorari,
1951 989 2080 1026 festum
2101 994 2301 1026 sanctarum
2330 988 2490 1024 Domnime

1445 1060 1482 1091 et
1515 1053 1669 1090 filiarum
1705 1053 1830 1100 viginti
1862 1057 1987 1099 postea
2021 1049 2160 1094 diebus,
2195 1055 2317 1096 quarta
2349 1048 2490 1086 videlicet

1445 1116 1624 1159 Octobris,
1640 1114 1844 1154 celebrant:
1867 1113 1930 1151 sed
1952 1122 2156 1160 perperam.
2171 1111 2247 1149 Non
2265 1111 2355 1148 enim
2369 1111 2400 1147 in
2415 1109 2490 1147 festo

1445 1183 1580 1214 sancta:
1604 1175 1744 1220 Crucis,
1767 1186 1847 1223 qua:
1873 1177 1908 1212 in
1930 1174 2180 1221 Septembrem
2209 1172 2340 1215 incidit,
2363 1181 2491 1218 qua-que

1447 1239 1607 1277 nondum
1639 1239 1701 1276 illo
1720 1248 1799 1276 :evo
1817 1236 2081 1280 celebrabatur,
2103 1235 2195 1272 hanc
2224 1235 2312 1272 dixit
2332 1234 2490 1270 homiliam

1447 1303 1726 1352 Chrysostomus
1743 1313 1752 1347 ;
1773 1301 1836 1339 sed
1855 1301 1890 1338 in
1913 1301 1972 1338 die
1989 1300 2222 1342 Parasccves,
2240 1297 2359 1336 eadem
2385 1307 2492 1342 nempe

1446 1377 1517 1414 qua
1534 1365 1728 1403 crucifixus
1750 1371 1806 1402 est
1827 1363 2016 1408 Dominus,
2047 1369 2086 1398 ut
2105 1362 2180 1409 ipse
2200 1360 2354 1408 plurimis
2373 1359 2403 1395 in
2419 1359 2493 1396 locis

1447 1429 1619 1466 declarat.
1641 1427 1777 1466 Verum
1809 1437 1850 1464 ea
1879 1425 1924 1463 de
1953 1436 1994 1462 re
2027 1423 2226 1462 audiendus
2255 1429 2304 1459 est
2325 1421 2494 1458 Tillemon-

1449 1495 1518 1530 tius
1539 1503 1572 1539 p.
1594 1492 1660 1530 57f
1685 1503 1694 1527 :
1717 1491 1902 1538 Reliquum
1927 1489 2033 1536 igitur
2058 1494 2106 1524 est
2133 1493 2169 1524 ut
2198 1485 2367 1522 credamus
2392 1486 2495 1531 festum

1449 1556 1491 1594 S.
1511 1555 1696 1592 Domninw
1720 1560 1752 1590 et
1768 1553 1939 1591 sociarum
1958 1551 2161 1594 Antiochia),
2181 1560 2248 1586 non
2265 1553 2378 1596 quarta
2405 1545 2494 1582 Octo-

1449 1619 1531 1664 bris,
1562 1619 1622 1656 sed
1654 1618 1787 1654 decima
1815 1622 1938 1664 quarta
1967 1615 2113 1664 Aprilis,
2142 1625 2208 1661 qua
2239 1613 2292 1648 die
2321 1616 2442 1646 notatur
2466 1608 2496 1643 in

1449 1681 1700 1729 Martyrologio
1721 1679 1924 1728 Hieronymi
1945 1684 1976 1715 et
2001 1678 2162 1722 aliorum,
2185 1675 2379 1712 celebratum
2397 1671 2494 1720 fuisse.

1452 1743 1553 1788 Quod
1572 1748 1702 1791 spectat
1732 1749 1844 1779 autem
1872 1741 1918 1778 ad
1949 1751 2080 1800 mium
2111 1749 2177 1787 quo
2197 1738 2249 1775 law
2270 1737 2344 1774 dua
2371 1733 2498 1771 homilia

1451 1806 1576 1842 habilia
1605 1811 1709 1848 sunt;
1725 1805 1880 1852 queritur
1899 1803 2162 1851 Chrysostomus
2189 1807 2266 1837 tunc
2289 1807 2436 1845 magnum
2449 1805 2498 1834 el-

1451 1867 1550 1904 citari
1569 1867 1768 1911 tumultum,
1801 1877 1878 1902 cum
1903 1866 2121 1902 accederetur
2140 1863 2185 1899 ad
2210 1872 2340 1899 sacram
2367 1867 2498 1895 commu-

1452 1933 1587 1968 nionem
1602 1931 1808 1978 :cadcmque
1831 1931 1939 1966 utitur
1954 1927 2166 1976 querimonia
2185 1927 2220 1962 in
2237 1923 2389 1961 concione
2403 1919 2440 1956 de
2455 1918 2502 1954 die

1453 1995 1578 2034 Natali
1595 2007 1687 2033 anno
1713 1995 1799 2039 586,
1827 2002 1858 2031 et
1885 1995 1920 2030 in
1949 1994 2109 2030 concione
2127 1991 2170 2028 de
2198 1986 2388 2036 Epiphania
2403 1982 2502 2032 paucis

1455 2065 1531 2107 post
1554 2059 1672 2095 diebus
1689 2058 1806 2094 habita
1828 2067 1920 2093 mana
1941 2055 2041 2093 587:
2067 2054 2158 2090 unde
2184 2050 2334 2100 fortassis
2363 2048 2394 2083 in
2417 2045 2504 2080 alter-

1454 2122 1564 2158 utrius
1583 2121 1666 2158 anni
1687 2119 1902 2156 Parasceuen
1923 2119 1996 2155 hcet:
2015 2116 2158 2153 homilia
2181 2109 2387 2160 conjicienda
2407 2107 2504 2143 videa-

1456 2191 1524 2220 tur.
1555 2183 1677 2220 Verum
1697 2193 1788 2219 anno
1809 2182 1880 2219 586
1897 2184 2020 2228 festum
2040 2179 2081 2216 S.
2103 2177 2293 2218 Domninw,
2313 2174 2378 2208 sire
2395 2169 2504 2205 ιιεεὶιηα

1454 2251 1578 2292 quarta
1617 2245 1688 2281 dies
1721 2244 1874 2292 Aprilis,
1914 2242 2096 2278 undecimo
2131 2245 2206 2287 post
2241 2236 2456 2273 Parusrcvc".
2481 2234 2506 2264 ει

1455 2318 1548 2343 αηιιο
1577 2306 1647 2343 587
1677 2306 1856 2342 undecimo
1888 2311 1968 2342 ante
1999 2303 2212 2340 Parascwcn
2243 2299 2296 2335 die
2322 2292 2504 2333 occurrebat

1458 2369 1678 2406 Probabilius
1701 2379 1781 2416 ergo
1807 2369 1976 2416 referatur
1993 2367 2029 2402 in
2057 2375 2183 2400 annum
2208 2361 2290 2404 592,
2311 2369 2373 2406 quo
2393 2353 2509 2392 Ραπλα

1457 2433 1691 2471 celebrabatur
1709 2433 1871 2480 vigesima
1897 2437 2016 2467 octava
2037 2428 2168 2472 Martii,
2197 2432 2227 2463 et
2257 2423 2381 2460 decima
2404 2420 2510 2466 ᾳιιηνια

1458 2495 1602 2543 Aprilis,
1642 2494 1829 2532 octodecim
1861 2493 1981 2528 diebus
2019 2497 2094 2538 post
2127 2495 2282 2526 sanctum
2307 2484 2508 2520 Paraetacen-

1461 2557 1536 2594 lmo
1556 2557 1680 2606 viginti
1702 2557 1842 2597 diebus,
1863 2555 1894 2592 si
1913 2554 2124 2600 vigesimam
2144 2557 2282 2589 sextam
2299 2544 2419 2587 Martii,
2443 2549 2510 2587 quae

1461 2621 1694 2663 Parasceves,
1725 2624 1761 2656 et
1777 2617 1954 2655 decimam
1980 2622 2119 2653 sextam
2141 2613 2285 2662 Aprilis,
2307 2618 2372 2657 qua
2397 2607 2510 2642 sancta!

1461 2683 1650 2720 Dom-nime
1665 2681 1796 2718 festum
1816 2679 2081 2721 celebrabatur,
2103 2681 2352 2714 connumeres.

1512 2746 1577 2782 llis
1595 2745 1798 2790 adjicimus,
1822 2753 1888 2779 nos
1905 2752 1948 2779 ex
1969 2740 2214 2778 admonitione
2232 2735 2325 2774 circa
2339 2727 2512 2768 tumultum

1465 2808 1500 2845 in
1521 2805 1728 2844 accedendo
1749 2805 1792 2841 ad
1813 2813 1954 2841 Sacram
1974 2801 2283 2841 communionem,
2299 2805 2366 2833 non
2385 2790 2513 2828 multum

1465 2869 1619 2914 moveri,
1641 2874 1680 2905 ut
1697 2877 1779 2905 eam
1803 2867 1860 2904 vel
1880 2865 1916 2902 in
1933 2875 2067 2902 annum
2087 2863 2171 2907 586,
2194 2861 2248 2898 vel
2269 2861 2302 2896 in
2322 2863 2443 2895 annum
2457 2847 2514 2914 587

1465 2931 1717 2978 conjiciamus.
1741 2929 1864 2976 Neque
1883 2929 1980 2964 enim
2002 2927 2036 2963 in
2057 2925 2216 2962 homiliis
2238 2927 2371 2959 tantum
2399 2915 2439 2952 de
2457 2911 2514 2978 Νξι-

1468 2973 1586 3029 tali'el.
1603 2991 1648 3028 de
1679 2973 1882 3040 Epiphania
1904 2989 2104 3038 admonitio
2135 2983 2335 3034 hujusmodi
2369 2973 2513 3040 occurrit.

1467 3055 1530 3092 sed
1559 3055 1668 3091 etiam
1695 3039 1732 3090 in
1761 3052 1908 3090 homilia
1929 3050 2146 3100 prrecedenti
2165 3049 2210 3085 dc
2227 3046 2315 3084 .luda
2335 3039 2515 3100 proditore.

1467 3119 1568 3167 cujus
1583 3127 1718 3154 annum
1739 3117 1924 3164 assignare
1942 3125 2014 3151 non
2037 3114 2230 3161 potuimus.
2258 3106 2347 3155 Quid
2365 3102 2451 3142 enim

1469 3181 1650 3221 commodi
1671 3179 1824 3224 accidat,
1843 3179 1872 3215 si
1893 3187 2070 3225 ponamus
2091 3176 2383 3223 Chrysostomum
2414 3160 2520 3202 [nullis

1469 3245 1652 3291 variisque
1674 3242 1792 3285 annis,
1813 3241 1896 3288 quia
1918 3250 1982 3287 par
2001 3238 2175 3276 tumultus
2193 3247 2213 3273 a
2233 3233 2360 3283 populo
2379 3225 2519 3290 concita:

1470 3308 1589 3351 batur,
1607 3305 1734 3343 eadem
1753 3303 1807 3340 uti
1827 3302 2077 3340 admonitione
2093 3311 2184 3347 opus
2205 3297 2383 3336 habuisse.
2404 3283 2521 3328 Meliori

1472 3371 1580 3418 igitur
1597 3367 1738 3404 calculo
1757 3367 1793 3403 in
1810 3375 1944 3402 annum
1963 3363 2036 3401 59'2
2053 3363 2258 3403 referimus,
2280 3358 2345 3396 etsi
2375 3357 2522 3417 non-om-

1474 3411 1531 3469 liis
1550 3439 1700 3478 prorsus
1719 3428 1855 3465 tollitur
1873 3425 2060 3464 dubitandi
2081 3434 2204 3462 causa.
2227 3421 2315 3459 Nam
2335 3424 2372 3454 ut
2388 3411 2524 3451 diximus

1475 3495 1510 3531 in
1527 3493 1662 3530 Monito
1674 3490 1720 3528 ad
1739 3489 1906 3527 homilias
1924 3495 1961 3525 et
1977 3488 2076 3532 alibi,
2098 3486 2229 3523 tabula:
2249 3478 2444 3521 Pascliales,
2461 3478 2526 3518 qua“

1475 3563 1558 3592 sunt
1580 3553 1840 3602 posterioribus
1855 3551 1996 3588 saeculis
2017 3549 2256 3592 concinnatae,
2272 3554 2351 3582 cum
2366 3532 2528 3602 veteriltlls

1475 3619 1624 3656 calculis
1646 3628 1717 3655 non
1739 3626 1883 3663 semper
1899 3613 2134 3657 concordant,
2163 3612 2277 3658 iisque
2296 3615 2365 3644 non
2393 3595 2527 3640 om"illo

1477 3680 1567 3718 fides
1580 3687 1636 3717 est
1654 3678 1832 3717 habenda.

1526 3743 1694 3780 Nondum
1709 3739 1842 3788 elapsis
1858 3738 1981 3787 viginti
1997 3737 2122 3774 diebus
2139 3746 2158 3772 a
2175 3724 2369 3772 Parasceve
2383 3717 2529 3788 Pasch?

1479 3806 1514 3843 in
1534 3817 1601 3855 qua
1620 3806 1832 3843 concionem
1851 3801 2134 3840 dc-Coameterio
2145 3797 2305 3836 etCrucc
2324 3788 2409 3828 dixit
2426 3783 2479 3855 (1⁷·
2497 3778 2530 3855 ξ’

1485 3845 1636 3916 μόνῃ),
1670 3867 1862 3904 llomiliam
1895 3864 2018 3901 habuit
2047 3862 2091 3899 de
2121 3861 2186 3897 ss.
2218 3855 2365 3894 Bernice
2384 3855 2417 3886 et
2439 3845 2530 3916 Pref:

1483 3931 1573 3969 doce
1597 3929 1796 3979 virginibus
1825 3935 1860 3967 ct
1879 3927 1923 3966 de
1945 3927 1982 3964 S.
2014 3924 2186 3963 Domnina
2215 3925 2335 3956 carum
2355 3917 2475 3952 matre:
2498 3904 2528 3937 ιη
