2694 4342
151 245 158 252 .
205 215 274 252 1ῧό

201 287 273 332 ipse
292 286 566 336 Chrysostomus
586 291 773 337 perspicue
789 291 880 330 dixit
893 293 1008 330 initio.
1031 294 1180 333 Orditur
1198 307 1263 334 au-

201 354 268 384 tem
285 349 474 387 ostendens
485 356 568 388 ante
579 339 710 390 Christi
725 359 892 400 mortem,
910 365 992 392 eum
1009 356 1168 392 nondum
1185 357 1262 404 ipse

200 414 317 456 portas
335 420 444 448 terens
455 418 491 448 et
501 419 623 451 vectes
642 413 782 452 ferreos
796 416 990 454 crucifixus
1005 418 1258 466 confregisset,

199 472 356 510 homines
371 473 562 512 admodum
585 483 738 515 mortem
757 478 949 524 metuisse;
967 480 1004 516 in
1032 482 1259 529 exemplum-

194 543 262 581 que
281 533 382 572 affert
398 535 494 574 viros
513 537 548 574 in
566 540 678 577 veteri
708 539 787 588 lege
805 541 1066 589 sanctissimos,
1094 543 1258 581 Abraha-

194 607 286 632 mum
304 607 444 648 nempe,
465 599 638 639 Iacobum
656 609 692 640 et
713 603 866 650 Heliam,
885 605 944 653 qui
959 605 1139 654 ingentem
1153 617 1255 644 mor-

192 658 233 694 tis
253 659 414 698 timorem
432 672 505 709 pm
524 673 564 702 se
579 665 749 702 tulerunt.
771 666 858 704 Post
876 674 1028 706 mortem
1047 679 1134 706 vero
1151 669 1255 707 Chri-

191 719 246 764 sti,
263 720 285 757 ii
311 722 369 769 qui
389 723 424 760 in
447 723 562 771 ipsum
597 726 746 765 credunt
773 728 939 776 illiusque
967 740 1092 768 amore
1126 738 1254 769 tenen-

189 787 254 826 tur,
275 791 424 822 mortem
436 788 582 824 omnino
596 795 842 836 contemnunt,
859 792 932 829 imo
950 793 1046 830 illam
1064 799 1249 842 appetunt;

188 853 250 880 nec
260 845 322 881 vlri
343 847 465 894 modo,
480 849 544 887 sed
560 851 664 888 etiam
678 853 860 899 mulieres,
880 855 1008 902 puellm
1025 862 1061 892 et
1078 857 1249 904 virgines.

189 905 275 944 llinc
295 907 477 948 historiam
491 913 580 950 texit
595 913 778 960 Bernices,
797 916 995 955 Pr‘osdoees
1013 926 1050 956 et
1064 919 1250 958 Domnina:

183 977 307 1006 earum
326 973 463 1018 matris,
485 985 564 1021 quae
587 976 632 1012 ad
652 984 804 1015 mortem
826 989 890 1026 pro
909 981 1052 1019 Christo
1069 984 1243 1031 quaesitae,

181 1029 301 1068 divino
317 1032 460 1071 amante
479 1035 625 1083 Spiritu,
646 1039 679 1074 in
697 1039 828 1078 flumen
849 1051 888 1079 se
901 1043 1101 1090 conjeeere.

227 1093 484 1136 Huichomilia:
499 1100 604 1137 aliam
617 1102 864 1150 subiungimus
878 1105 934 1153 (Τ.
947 1106 984 1142 2.
1005 1119 1034 1144 ο.
1055 1107 1246 1156 6H),qn:e

180 1154 260 1192 licet
279 1166 350 1193 non
369 1159 511 1205 eodem,
543 1162 606 1200 sed
629 1165 748 1210 ignoto
774 1167 876 1203 nobis
897 1178 990 1204 anno
1007 1168 1102 1207 dicta
1124 1154 1243 1215 fuerit,

179 1215 234 1254 hic
253 1223 370 1256 tamen
392 1226 704 1262 commemoranda
724 1234 792 1272 est,
827 1229 910 1276 quia
940 1231 1107 1278 qnzedam
1137 1232 1246 1272 habet

177 1277 218 1314 ad
236 1279 480 1326 explicandam
502 1287 658 1331 priorem
691 1297 904 1336 opportuna.
932 1293 1095 1333 Antehac
1123 1295 1243 1344 ignota

176 1340 323 1386 primum
343 1353 362 1379 a
384 1345 487 1382 nobis
513 1347 606 1384 edita
635 1349 714 1386 fuit.
743 1351 869 1390 Habita
895 1363 1005 1401 porro
1035 1363 1090 1394 est
1121 1340 1242 1406 paucis

175 1408 251 1446 post
265 1402 576 1445 ltesnrrectionem
599 1409 740 1448 Domini
757 1413 899 1460 diebus,
918 1422 954 1453 et
971 1402 1130 1464 quidem,
1152 1426 1191 1457 ut
1205 1421 1240 1458 in

176 1462 242 1501 fine
261 1467 445 1505 concionis
463 1469 634 1516 innuitur,
655 1473 690 1510 in
721 1474 812 1513 festo
830 1485 1034 1517 sanctarum
1053 1481 1238 1526 Bernices.

172 1523 368 1565 Prosdoces
384 1535 421 1566 ct
441 1530 624 1571 Domitium
642 1537 780 1574 matris.
803 1538 867 1576 llic
885 1547 1006 1578 autem
1027 1543 1104 1580 illas
1125 1546 1242 1582 nomi-

171 1587 278 1624 natim
301 1599 372 1626 non
391 1599 552 1630 recenset
569 1595 861 1645 Chrysostomns,
879 1603 943 1639 sed
967 1604 1058 1642 adeo
1072 1606 1170 1644 clare
1186 1608 1241 1645 in-

169 1646 277 1693 dicat,
298 1655 333 1686 ut
357 1651 502 1697 perinde
517 1661 653 1692 certum
671 1658 718 1695 sit
737 1659 782 1697 de
801 1661 869 1698 illis
889 1663 960 1710 agi,
980 1671 1086 1712 atque
1105 1668 1133 1704 si
1156 1678 1240 1715 pro—

168 1709 244 1754 prio
261 1713 407 1750 nomine
425 1716 704 1762 appellarentur.
720 1721 847 1768 Agitur
865 1709 1034 1764 nimirum
1057 1728 1104 1767 de
1120 1737 1237 1770 matre

166 1776 200 1806 et
216 1771 260 1808 de
275 1773 427 1821 filiabus,
446 1787 526 1824 quze
542 1783 728 1818 servandae
748 1784 830 1822 fidei
850 1788 1098 1834 pudicitiaeque
1110 1803 1232 1838 causa,

169 1840 244 1879 post
271 1837 432 1875 relictam
455 1842 604 1886 patriam
625 1853 706 1882 sese
727 1847 763 1883 in
793 1847 926 1886 [lumen
949 1854 1230 1901 prmcipitarunt.

167 1895 350 1943 Singulare
367 1900 547 1948 quidpiam
568 1903 624 1942 hic
649 1908 800 1954 carptim
818 1909 920 1958 dicit,
941 1895 1035 1960 quod
1054 1895 1088 1952 in
1109 1917 1230 1963 priore

165 1956 208 1993 de
223 1958 285 1994 SS.
307 1959 457 1999 Bcrnicc
481 1970 518 2002 et
546 1965 726 2006 Prosdoce
755 1971 900 2010 homilia
911 1956 989 2011 non
1017 1956 1227 2024 comparet;

167 2029 287 2066 nempe
307 2028 494 2070 tyrannum
513 2029 702 2074 quemdam
719 2034 881 2071 caelibem
903 2037 1144 2091 virginitatem
1167 2053 1230 2080 ea—

169 2091 254 2126 rnm,
274 2094 400 2132 nempe
427 2086 613 2128 Domninte
633 2092 802 2141 filiarum,
820 2103 958 2137 tentare
975 2101 1144 2148 voluisse,
1165 2105 1227 2143 sed

165 2144 358 2184 inaccessas
377 2147 486 2187 fuisse
502 2152 683 2200 virgines:
705 2158 800 2204 quod
821 2161 944 2208 utique
965 2163 1048 2200 licet
1077 2166 1228 2206 sileatur

163 2204 193 2240 in
213 2207 339 2254 priore,
361 2213 526 2260 congruit
546 2219 666 2253 tamen
695 2229 777 2256 cum
810 2221 867 2266 iis,
903 2235 984 2270 qua:
1015 2237 1113 2266 num.
1134 2230 1154 2266 7
1173 2231 1229 2268 di-

160 2274 292 2316 cuntur,
311 2282 441 2321 nempe
459 2275 672 2314 Domniuam
689 2289 768 2318 sese
786 2293 867 2319 cum
886 2285 1028 2324 filiabus
1043 2289 1076 2326 in
1093 2290 1224 2330 flumen

160 2332 404 2380 prfecipitasse,
426 2347 498 2375 non
519 2341 614 2387 quod
635 2349 811 2382 tormenta
836 2354 1026 2397 metueret,
1049 2355 1112 2391 sed
1129 2358 1224 2404 quod

1018 2391 1025 2397 .
1139 2391 1175 2404 ι-
1187 2391 1224 2395 ν-

159 2391 292 2432 ιὶῖηοιτρι
305 2407 350 2434 ne
365 2399 444 2445 quis
462 2401 615 2440 filiarum
637 2414 782 2444 suarum
801 2409 1045 2456 virginitatem
1061 2425 1226 2454 corrum-

159 2461 272 2499 peret:
292 2469 362 2506 quo
383 2461 543 2501 innuitur
559 2466 718 2512 judicem
739 2480 802 2508 seu
822 2478 1012 2521 tyrannum
1037 2477 1222 2519 Domninrc

157 2516 291 2556 filiabus
307 2524 511 2570 copiditatis
529 2529 651 2567 oculos
670 2533 861 2580 adjecisse.
892 2537 982 2577 llnic
1015 2541 1060 2578 de
1089 2546 1222 2582 sanctis

155 2579 354 2622 mulieribus
369 2590 524 2626 sermoni
543 2594 727 2638 prmmittit
739 2595 1022 2646 Chrysostomus
1037 2606 1221 2645 eoneionis

154 2643 333 2684 [emeritae
350 2648 532 2696 reliquias,
565 2654 624 2691 ubi
659 2643 846 2706 postquam
868 2665 1065 2715 quaesitum
1086 2667 1216 2714 fuerat,

151 2711 209 2739 cur
225 2704 380 2745 Joannes
398 2711 495 2749 solus
512 2719 814 2764 evangelistarum
847 2724 892 2761 de
923 2727 1060 2765 Lazaro
1080 2733 1219 2778 quatri-

283 2768 292 2778 .

1084 2764 1197 2778 τη--.

153 2764 262 2803 duano
282 2768 452 2816 loquutus
473 2783 590 2822 esset;
610 2789 690 2816 cum
705 2793 850 2822 causam
871 2789 1068 2836 attulisset,
1088 2793 1134 2831 de
1149 2794 1218 2832 La-

153 2835 228 2865 zaro
246 2839 314 2867 non
336 2843 446 2879 pauca
467 2837 574 2875 solito
590 2843 684 2889 stylo
702 2845 882 2886 edisserit.
901 2851 952 2888 Ex
973 2859 1135 2903 tempore
1150 2869 1217 2896 au-

154 2892 216 2924 tem
237 2896 463 2937 pronuntiata
485 2898 596 2938 fuisse
617 2903 761 2942 videtur
781 2909 858 2946 haec
886 2915 1027 2960 concio,
1047 2892 1102 2954 ἰιι
1131 2919 1214 2957 alia:

153 2960 213 2989 non
228 2964 358 3010 panem,
379 2969 459 3008 qua:
477 2965 574 3010 paris
591 2973 676 3004 sunt
695 2969 896 3012 brevitatis.

193 3015 226 3054 In
247 3017 339 3058 hunc
354 3033 486 3062 annum
509 3027 760 3072 Tillemontius
785 3037 924 3077 confert
952 3041 1143 3082 Ilomiliam
1165 3046 1211 3084 de

155 3074 356 3150 ascensione
371 3085 428 3134 (T.
448 3088 484 3124 2.
506 3100 538 3126 c.
555 3091 656 3139 4H),
676 3097 757 3143 quia

151 3137 188 3176 de
205 3140 414 3186 Cmmeterio
441 3157 476 3187 et
507 3153 637 3200 Cruee,
659 3168 740 3205 (pta:
769 3137 889 3201 habiia
920 3137 1034 3206 fuisse
1062 3177 1210 3217 putatur

150 3207 233 3274 anno
250 3205 332 3251 392,
353 3209 446 3248 dicta
467 3212 556 3251 fuit:
577 3227 661 3256 nam
697 3221 734 3258 in
767 3225 944 3274 principio
970 3205 1206 3273 uanius};

769 3261 777 3270 _
854 3261 939 3274 Ἴ.-
971 3261 1134 3270 --ν.........
1159 3261 1206 3273 νυ

149 3261 352 3334 ξλεορηεῑοηθ
384 3273 492 3313 dicit:
514 3278 628 3317 Etiam
655 3294 733 3320 cum
753 3289 863 3325 cruris
894 3293 1092 3331 memoriam
1110 3308 1206 3334 reco-

725 3319 728 3320 ,
754 3319 778 3322 ἡ.
791 3319 862 3325 -.-ν-ν
895 3319 1012 3329 ,τινι-,νε
1021 3319 1092 3331 11111.
1111 3319 1204 3334 ἀυ-

148 3319 273 3372 luimus,
292 3339 386 3370 cura
415 3337 530 3375 urbem
557 3342 631 3388 ejus
659 3345 908 3388 solemnitatem
937 3355 1204 3404 celebravimus;

148 3382 263 3404 εηιιληη
271 3401 282 3404 Α
308 3403 312 3404 γ
391 3397 398 3404 ο
490 3401 499 3404 -

568 3382 581 3388 ν
937 3382 1178 3397 "mmmam.
1190 3389 1200 3404 ,

147 3382 286 3436 indeque
302 3397 416 3443 arguit
433 3401 560 3440 eodem
580 3415 676 3444 anno
690 3416 881 3461 utramque
899 3415 1057 3456 habitam
1075 3420 1200 3468 fuisse,

822 3455 832 3461 _
1003 3455 1008 3456 γ
1075 3455 1200 3468 κν--νυι

147 3455 208 3525 tum
225 3455 509 3502 animadvertens
529 3467 826 3518 Chrysnstomum
843 3477 946 3517 initio
958 3484 1146 3522 concionis
1156 3487 1202 3525 de

603 3510 615 3518 _
772 3510 826 3512 ψ...
843 3510 945 3517 -----ν
959 3510 1146 3522 νν-νηιιιιυ
1156 3510 1201 3525 uc

145 3510 343 3558 Cmmeterio
363 3529 398 3560 et
427 3525 541 3566 Cruce
557 3531 693 3577 dicere,
715 3546 761 3573 ex
780 3537 859 3586 lege
877 3541 946 3578 luta
965 3553 984 3579 a
1006 3546 1201 3593 majoribus

146 3578 295 3593 alvu-.1...“
321 3582 336 3593 Ι·
359 3585 366 3592 ³

815 3578 836 3586 υ
980 3578 984 3579 ⁷
1006 3578 1112 3593 “““⁷“δ“’“
1124 3578 1195 3586 ¹⁹“”“

146 3578 299 3639 ξιῖιιιιιιιη]
321 3582 442 3633 fuisse,
473 3597 512 3628 ut
541 3596 754 3635 solemnitas
773 3599 874 3638 istaec
893 3611 994 3641 extra
1013 3607 1195 3649 civitatem

146 3643 174 3704 Ill
193 3643 338 3686 quodam
352 3651 536 3700 assignato
553 3655 633 3695 loco
646 3660 908 3701 celebraretur.
929 3667 1024 3716 Ergo
1044 3679 1200 3718 quotan-

144 3706 192 3735 Ills
215 3711 308 3744 extra
330 3711 454 3750 urbem
485 3716 520 3752 in
543 3719 602 3755 die
634 3720 852 3762 Parasceves
869 3737 1068 3769 conventus
1089 3733 1198 3774 babe—

144 3760 213 3774 ι--.

773 3760 782 3761 ,
817 3760 850 3762 ἡ-
873 3760 1068 3769 -_.-.-.....-
1089 3760 1196 3774 um—

143 3760 282 3837 lmlntur:
301 3781 364 3808 nec
383 3783 500 3820 potest
521 3783 714 3828 quidquam
733 3795 776 3822 ex
807 3797 916 3834 supra
935 3792 1053 3831 allatis
1074 3798 1196 3837 verbis

531 3820 542 3826 _
609 3820 628 3828 _
1079 3820 1196 3837 τετιηδ

142 3820 179 3897 :ld
197 3833 320 3866 annum
342 3839 570 3878 statuendum
599 3844 732 3891 colligi.
763 3846 848 3884 Ideo
875 3858 994 3890 autem
1016 3863 1114 3894 extra
1137 3871 1197 3897 ur-

685 3879 732 3891 ῇ..
764 3879 845 3884 -».-‹‹
875 3879 994 3890 ιηιιιυιιι
1016 3879 1114 3894 ιλιια
1137 3879 1194 3897 ul"

142 3879 211 3922 bent
230 3891 396 3934 celebrati
420 3899 486 3939 hoc
507 3904 634 3943 lcstum
651 3907 747 3953 dicit,
766 3912 846 3957 quia
867 3914 935 3951 isto
951 3916 984 3954 in
1006 3918 1084 3958 loco
1100 3934 1194 3963 mar-

986 218 1110 258 Νι]Νο
1137 220 1315 261 PRIMUM
1339 224 1606 268 ADORNATA.

2346 245 2415 286 134

1339 305 1435 348 tyres
1449 303 1582 349 sepulti
1601 311 1720 344 erant.
1736 307 1914 354 Quoniam
1925 323 2012 352 vero
2025 313 2152 355 eodem
2167 317 2294 358 inloco
2305 322 2413 360 etiam

1337 362 1496 400 incretici
1517 366 1663 412 quidam
1693 372 1824 417 sepulti
1859 375 2014 424 fuerant,
2039 390 2106 418 nec
2133 381 2212 420 sine
2243 385 2414 432 scrupulo

1333 424 1490 470 populus
1508 425 1555 462 ad
1583 429 1752 474 sepulcra
1785 441 1984 483 martyrum
2016 450 2141 486 preces
2162 424 2345 490 fundebat,
2365 447 2414 485 ob

1332 485 1430 522 illam
1443 487 1635 534 viciniam;
1657 490 1739 528 ideo
1757 491 1951 534 Flavianus
1965 485 2156 549 episcopus
2171 515 2256 542 vera
2278 514 2413 556 marty-

1329 557 1409 584 rum
1429 559 1511 587 ossa
1527 550 1634 589 istinc
1654 553 1788 591 auferri
1804 565 2006 604 curaverat,
2025 569 2062 598 et
2080 564 2116 600 in
2135 567 2325 606 ecclesiam
2338 570 2412 607 Ro-

1328 612 1528 647 manesiam
1547 611 1679 650 dictam
1699 619 1952 664 transportari,
1979 621 2039 657 ubi
2059 627 2209 670 populus
2237 631 2410 674 precaba—

1327 677 1399 717 tur,
1419 679 1456 710 et
1468 674 1662 713 conciones
1678 676 1916 718 habebantur.
1939 682 2084 722 Exhinc
2102 697 2188 724 vero
2211 690 2258 728 de
2271 695 2408 740 angelis

1327 734 1459 781 ubique
1479 741 1515 772 et
1535 736 1571 772 in
1599 738 1764 776 ccclesiis
1783 742 1940 780 maxime
1961 749 2199 792 praesentibus
2225 752 2405 800 loquitur:

1323 796 1446 844 aitque
1465 799 1655 838 diaconum
1672 803 1707 838 in
1728 803 1887 853 Liturgia
1904 807 2038 855 dicere,
2057 811 2224 859 Angetam
2243 818 2337 863 pacis
2349 830 2408 855 ro-

1321 867 1414 908 gate.
1451 861 1580 900 Postea
1611 864 1656 902 de
1689 867 1911 908 Aseensione
1945 871 2089 911 Domini
2109 877 2196 924 agit,
2229 861 2406 928 docetque

1320 924 1504 970 quomodo
1524 925 1688 966 Christus
1705 929 1750 966 ad
1767 931 1957 970 dexteram
1979 935 2093 974 Patris
2107 939 2252 986 sedens,
2269 944 2406 981 mediaw

1321 990 1378 1022 tor
1396 985 1457 1023 Dei
1476 993 1513 1025 et
1533 989 1719 1028 hominum
1737 993 1796 1031 sit.
1815 994 1988 1041 Quaenam
2017 999 2220 1040 differentia
2239 1005 2286 1041 sit
2307 1005 2402 1044 inter

1319 1047 1580 1088 Ascensionem
1612 1053 1745 1092 Christi
1774 1063 1812 1095 et
1831 1061 2081 1112 ascensionem
2113 1063 2202 1102 Eli.e
2229 1067 2399 1115 explicat,

1318 1119 1362 1146 ac
1394 1121 1475 1148 cum
1509 1123 1650 1153 summa
1683 1118 1859 1158 modestia
1887 1128 1926 1160 et
1955 1123 2158 1164 humilitate
2186 1131 2400 1170 concionem

1318 1171 1463 1211 claudit.

1367 1233 1442 1272 Hoc
1463 1236 1546 1274 item
1567 1248 1662 1276 anno
1679 1240 1764 1286 592,
1785 1243 1844 1280 vel
1862 1245 2021 1291 circiter,
2036 1256 2135 1295 putat
2147 1251 2398 1293 Tillcmontius

1315 1295 1613 1345 Chrysostomum
1633 1305 1833 1342 orationem
1853 1306 2021 1346 habuisse
2039 1311 2076 1348 in
2091 1311 2233 1350 laudem
2253 1317 2397 1356 Diodori

1315 1359 1502 1399 Tarsensis
1521 1363 1581 1411 (T.
1611 1365 1648 1402 5.
1680 1378 1710 1402 c.
1730 1366 1822 1416 761)
1838 1382 1846 1405 :
1863 1380 1970 1418 quam
1991 1375 2161 1420 temporis
2183 1381 2303 1414 notam
2331 1389 2398 1417 nec

1314 1421 1540 1470 impugnare,
1569 1436 1636 1464 nec
1663 1434 1702 1464 ut
1727 1431 1878 1468 omnino
1905 1439 2042 1471 certam
2073 1435 2266 1476 defendere
2297 1441 2395 1479 licet.

1313 1484 1520 1524 Orationem
1550 1489 1626 1536 jam
1658 1490 1834 1530 habuerat
1854 1495 2031 1534 Diodorus
2064 1498 2098 1536 in
2119 1511 2189 1548 qua
2218 1502 2394 1542 Joannem

1312 1546 1608 1596 Chrysostomum
1621 1553 1786 1593 laudibus
1798 1559 1988 1598 extulerat.
2001 1546 2282 1610 Chrysostomns
2290 1577 2392 1616 vero,

1312 1607 1457 1647 laudum
1477 1612 1624 1652 minime
1643 1617 1808 1664 cupidus,
1829 1629 1915 1657 suas
1936 1621 2002 1669 ipsi
2025 1607 2148 1662 laudes
2165 1627 2334 1672 reddidit,
2357 1637 2394 1668 et

1310 1672 1509 1711 orationem
1529 1678 1641 1714 texuit
1661 1678 1926 1728 brevissimam,
1949 1685 2030 1732 quia
2053 1694 2133 1733 post
2147 1689 2248 1726 iilum
2264 1692 2391 1730 eadem

1307 1734 1366 1772 die
1382 1737 1658 1778 concionaturus
1675 1742 1794 1780 denuo
1815 1753 1894 1783 erat
1926 1747 2120 1798 Diodorus,
2143 1759 2180 1789 ut
2197 1754 2294 1792 clare
2313 1756 2392 1804 ipse

1306 1795 1422 1834 innuit
1438 1797 1471 1835 in
1491 1800 1563 1838 fine
1579 1806 1866 1854 prmoniirldore
1882 1810 2013 1858 quippe
2034 1821 2216 1862 receptum
2237 1817 2390 1856 vidimus

1304 1858 1581 1908 Antiochi-.e,ut
1609 1866 1736 1904 eadem
1757 1868 1816 1907 die
1845 1871 1879 1907 in
1900 1873 2101 1923 eademque
2131 1879 2282 1916 eetlesia
2315 1881 2390 1920 duo

1303 1922 1618 1963 eoneionarentur.
1643 1929 1820 1969 Diodorus
1850 1944 1938 1971 vero
1968 1938 2158 1986 episcopus
2179 1941 2384 1990 Tarsensis,

1302 1985 1361 2032 qui
1379 1987 1466 2024 olim
1484 1987 1602 2027 fuerat
1619 1991 1771 2030 Joannis
1790 1995 2040 2046 Chrysostomi
2057 2003 2242 2050 magister,
2267 2006 2386 2044 liben-

1301 2052 1355 2083 ter
1373 2048 1416 2085 ad
1433 2049 1467 2086 id
1488 2051 1597 2089 officii
1614 2053 1894 2102 admittebatur;
1915 2061 1998 2108 quia
2011 2063 2096 2100 eli-in
2111 2048 2386 2116 prcsbytcrAn-

1301 2108 1488 2150 tiochenus
1518 2113 1553 2150 id
1585 2118 1745 2155 muneris
1777 2119 1837 2156 diu
1863 2131 2089 2169 excreuerat,
2121 2139 2194 2175 quo
2222 2136 2384 2179 tempore

1299 2171 1437 2216 Ariani,
1458 2183 1540 2212 cum
1560 2179 1774 2218 auctoritate
1796 2181 1988 2228 plurimum
2019 2188 2195 2235 valerent,
2223 2191 2384 2232 Catholi—

1299 2243 1362 2271 cos
1382 2235 1610 2276 infestabant.
1641 2240 1687 2278 Iis
1715 2254 1796 2280 eum
1818 2245 1958 2284 fortiter
1973 2249 2167 2290 obsisteret
2188 2255 2379 2302 Diodorus.

1297 2295 1343 2332 ab
1363 2298 1506 2336 Arionis
1522 2311 1618 2349 saepe
1640 2306 1762 2351 pulsus
1781 2314 1850 2352 est,
1865 2320 1963 2358 szepe
1979 2313 2012 2350 in
2037 2316 2236 2361 periculum
2253 2322 2380 2368 capitis

1297 2359 1414 2404 venit;
1441 2372 1482 2398 ac
1500 2363 1528 2399 si
1550 2375 1621 2402 non
1643 2377 1696 2412 re,
1725 2370 1854 2406 saltem
1876 2376 2060 2420 proposito
2081 2387 2218 2427 martyr
2240 2382 2318 2426 fuit,
2341 2392 2380 2422 ut

1296 2420 1384 2457 dicit
1401 2424 1478 2469 ipse
1495 2423 1790 2474 Chrysostomus,
1815 2437 1889 2468 tum
1913 2433 1946 2469 in
1967 2435 2033 2472 ista
2055 2420 2232 2486 oratione,
2253 2449 2324 2480 tum
2341 2445 2377 2483 in

1295 2483 1496 2531 fragmento
1507 2488 1662 2534 quodam
1679 2500 1722 2527 ex
1741 2491 2175 2537 Facundollermianensi
2189 2511 2374 2553 excerpta,

1295 2546 1389 2592 quod
1409 2547 1458 2584 illi
1479 2548 1513 2584 in
1533 2548 1599 2586 hac
1621 2551 1780 2590 editione
1797 2555 2042 2605 subjungitur.

1342 2608 1552 2648 Innumeras
1564 2618 1664 2650 certe
1683 2613 1850 2653 homilias
1862 2620 2062 2659 Antiochim
2078 2622 2200 2661 habuit
2219 2627 2365 2677 Chryse

1292 2676 1446 2714 sturnus,
1467 2682 1618 2718 quarum
1639 2685 1764 2723 magna
1785 2688 1868 2724 pars
1897 2681 1939 2716 ad
1969 2693 2034 2718 nos
2063 2695 2176 2732 usque
2199 2692 2372 2734 pervenit.

1291 2731 1336 2766 At
1355 2742 1477 2768 earum
1497 2735 1656 2772 omnium
1674 2737 1733 2774 vix
1752 2749 1795 2776 ac
1814 2750 1859 2777 ne
1878 2741 1936 2778 vix
1957 2744 2101 2790 quidem
2121 2754 2240 2793 potest
2257 2761 2373 2790 annus

1289 2795 1478 2842 assignari.
1513 2797 1563 2834 Ex
1589 2809 1716 2836 earum
1738 2811 1892 2840 numero
1913 2812 1996 2841 sunt
2015 2807 2179 2846 liomiliae
2199 2811 2234 2848 in
2255 2813 2373 2852 Gene-

1289 2857 1356 2893 sim
1370 2858 1429 2906 (T.
1441 2860 1475 2898 4.
1489 2871 1521 2896 c.
1536 2859 1612 2902 ‘21).
1636 2873 1788 2901 numero
1805 2865 1866 2911 67,
1879 2877 1968 2914 tutas
1979 2868 2290 2922 Constantinopoli
2302 2876 2370 2914 ha-

1288 2917 1381 2956 bitas
1396 2920 1505 2959 fuisse
1520 2923 1606 2960 dicit
1621 2924 1785 2972 Phetius,
1803 2929 2040 2970 subdubitans
2061 2940 2193 2980 tamen,
2213 2917 2280 2976 nec
2291 2951 2367 2980 rem

1285 2984 1387 3030 quasi
1406 2991 1542 3022 certam
1562 2987 1738 3026 referens.
1770 2990 1904 3029 Verum
1934 2995 2137 3034 Antiochia:
2165 3002 2369 3042 certissime

1284 3043 1399 3082 dictas
1417 3046 1528 3085 fuisse
1547 3049 1669 3087 multis
1699 3056 1924 3100 argumentis
1943 3057 2070 3103 probat
2101 3059 2364 3110 Tillemontius,

1284 3117 1422 3154 nosque
1441 3111 1716 3158 quamplurimis
1735 3115 1867 3154 additis
1891 3118 2184 3160 confirmavimus
2208 3125 2244 3162 in
2265 3127 2364 3164 Prm~

1282 3169 1416 3206 liitione
1434 3171 1479 3208 ad
1509 3172 1684 3212 llomilias
1713 3177 1749 3214 in
1768 3177 1940 3216 Genesim
1961 3189 2092 3229 quarto
2111 3185 2241 3230 Temo,
2263 3195 2300 3226 et
2329 3191 2361 3230 in

1281 3229 1496 3272 Prmfationc
1511 3235 1554 3272 ad
1573 3238 1766 3277 conciones
1787 3241 1820 3277 in
1846 3241 2065 3291 Principium
2090 3247 2262 3287 Actorum
2286 3258 2363 3289 ter-

1281 3294 1330 3331 tio
1351 3295 1478 3342 Temo,
1501 3305 1538 3336 et
1557 3301 1656 3338 alibi.

1327 3357 1501 3398 Homilies
1514 3372 1601 3399 vero
1615 3363 1648 3400 in
1664 3363 1787 3402 Oziam
1802 3366 1937 3406 dixisse
1954 3371 2069 3417 potuit
2087 3380 2170 3411 ante
2186 3375 2358 3415 Homilies

1278 3420 1314 3457 in
1338 3421 1508 3460 Genesim
1537 3425 1598 3471 (T.
1621 3427 1657 3464 6.
1685 3441 1716 3464 ι’.
1741 3429 1832 3480 97);
1853 3433 1885 3469 id
1907 3441 2046 3472 certum
2067 3437 2208 3476 videtur
2227 3449 2362 3477 secun-

1275 3483 1358 3521 dam
1389 3486 1516 3523 saltem
1551 3487 1709 3528 habitam
1736 3491 1847 3532 fuisse
1863 3496 2048 3545 aliquanto
2075 3505 2239 3548 tempore
2255 3507 2356 3538 ante-

1275 3557 1382 3594 quam
1403 3549 1449 3587 de
1465 3549 1693 3598 Nominibus,
1711 3554 1788 3594 sive
1805 3557 1851 3596 de
1868 3559 2064 3599 Mutationc
2084 3563 2270 3600 nominum
2285 3562 2357 3599 ho-

1274 3612 1393 3650 milias
1407 3614 1594 3662 inciperet.
1613 3616 1755 3656 Etenim
1774 3620 1810 3658 in
1822 3620 1972 3660 humi-lia
1987 3625 2145 3660 secunda
2163 3624 2198 3659 in
2213 3623 2353 3665 Oxiam.

1273 3684 1354 3712 cum
1375 3675 1420 3714 de
1449 3679 1598 3718 nomine
1625 3681 1761 3719 Abram
1780 3683 1816 3720 in
1838 3686 2022 3722 Abraham
2041 3690 2180 3720 mutato
2213 3690 2352 3730 ageret,

1272 3738 1362 3775 dixit
1379 3739 1441 3778 ille
1457 3751 1609 3780 numero
1629 3745 1665 3788 5,
1696 3745 1820 3782 Verum
1841 3747 1883 3783 de
1897 3746 2090 3783 nominibus
2110 3745 2180 3780 alio
2199 3751 2352 3791 tempore

1272 3801 1452 3847 disseram,
1475 3803 1508 3840 id
1530 3812 1585 3842 est
1614 3807 1660 3843 dc
1690 3809 1890 3844 mutatione
1920 3807 2131 3842 liminum!
2152 3805 2232 3842 mils
2251 3807 2348 3844 εηίιη

1271 3861 1316 3900 dc
1338 3863 1533 3904 Mutatione
1552 3868 1739 3905 nominum
1762 3869 1928 3904 homilias
1951 3866 2128 3902 interdum
2148 3865 2194 3903 de
2220 3865 2346 3906 Nomi-

1271 3927 1374 3965 nibus
1394 3930 1564 3978 appellat.
1590 3931 1625 3966 In
1650 3932 1720 3967 illis
1751 3939 1839 3966 vero
1859 3929 1902 3966 de
1933 3928 2130 3967 Mutatione
2157 3933 2343 3970 nominum
