2694 4342
295 234 364 272 155

294 308 453 352 ὶιοιηίιίίε
469 307 516 347 de
535 305 682 344 nomine
701 301 836 340 Abram
857 299 896 338 in
914 297 1100 336 Abraham
1131 301 1274 335 mutato
1306 303 1380 332 non

293 375 407 414 scmel
425 373 510 420 agit.
536 370 693 407 Primam
713 376 797 404 cum
813 363 1050 402 Tillemontio
1067 362 1128 400 diu
1151 367 1230 409 post
1247 369 1381 398 secun-

293 440 375 476 dam
395 433 558 481 ablegari
577 437 614 469 et
633 431 668 468 in
687 429 784 467 aliud
803 434 946 476 tempus
961 425 1098 471 distuli,
1114 429 1280 474 quartam
1292 432 1384 471 quo-

293 511 362 548 que
378 510 398 536 a
413 496 637 544 reliquarum
652 493 748 532 serie
759 490 1000 530 amovendum
1019 489 1144 528 censui
1158 499 1168 525 :
1181 485 1382 526 secundam

292 571 396 607 vero,
419 560 577 604 tertiam,
599 557 764 606 quintam
779 560 816 594 et
833 559 972 592 sextam
991 552 1226 592 continenter
1242 560 1383 598 ponen-

293 625 358 663 das
380 633 463 662 esse
479 631 626 660 censeo.
646 619 756 658 Sexta
776 617 903 666 paucis
920 616 1048 654 diebus
1065 620 1151 652 ante
1170 613 1383 661 Quadrage-

293 689 424 725 simam
443 685 565 722 habita
588 683 666 725 luit,
684 688 723 718 ut
744 681 880 718 ibidem
897 685 1082 717 narratur.
1098 676 1192 715 Vide
1208 675 1384 714 Monitum

293 749 340 788 ad
353 747 522 786 homilias
540 745 651 782 hasce
672 744 788 782 Tomo
803 747 910 780 sexto
927 750 958 776 ο.
978 739 1040 779 93.

345 817 382 853 1η
405 816 536 864 prima,
556 822 664 859 quam
695 811 776 848 loco
796 806 1008 846 mutandam
1039 810 1226 855 putamus,
1253 802 1388 852 gaudet

295 882 340 919 de
357 863 482 929 populi
502 863 703 924 frequentia
723 879 760 910 et
777 881 972 916 concursu,
1003 869 1106 908 dolet
1134 873 1256 906 autem
1287 865 1387 915 quod

296 943 498 987 auditores,
517 940 604 977 dum
624 937 754 976 concio
772 935 982 980 haberetur,
999 931 1262 980 incompositus
1277 938 1388 967 voces

297 1007 522 1047 emitterent.
544 1002 853 1040 tumultuarentur
878 1008 922 1036 ac
941 996 1141 1047 lymphatis
1157 993 1296 1033 similes
1312 992 1388 1030 cir-

297 1073 594 1118 cumagerentur,
614 1065 658 1104 de
677 1062 891 1111 Scrapliinis
909 1071 1022 1109 pauca
1042 1059 1144 1097 dicit.
1168 1057 1253 1095 Illos
1267 1061 1389 1094 autem

299 1136 477 1182 increpat,
499 1132 560 1179 qui
579 1129 624 1168 ad
643 1126 849 1178 spectacula
868 1124 1072 1174 prodirent,
1089 1122 1224 1170 quique
1243 1119 1297 1158 sic
1311 1129 1392 1168 my—

298 1197 408 1235 steria
427 1195 547 1232 divina
569 1203 651 1231 cum
673 1189 908 1228 daemoniacis
926 1188 1135 1224 miscerent.

348 1259 386 1296 In
405 1255 580 1300 secunda,
609 1263 718 1302 quam
740 1252 894 1301 primam
914 1255 1098 1298 putamus,
1124 1248 1159 1285 in
1180 1246 1283 1291 illud,
1313 1244 1392 1282 Vidi

300 1320 489 1358 Dominum
505 1317 690 1362 sedentem,
711 1322 800 1359 etc.,
816 1304 1103 1360 multa-profert.
1126 1309 1292 1346 Divinam
1323 1317 1392 1345 na-

299 1392 415 1423 turam
427 1383 538 1422 etiam
551 1379 690 1429 angelis
702 1373 1114 1424 incomprehensibilem
1133 1383 1214 1410 esse
1229 1380 1394 1419 pronun-

301 1449 388 1492 tiat;
408 1447 562 1494 ideoque
580 1443 698 1491 carpit
717 1444 932 1485 Anommos,
953 1439 1016 1487 qui
1031 1437 1078 1475 de
1097 1442 1226 1474 natura
1245 1435 1306 1472 illa
1325 1434 1395 1471 im-

302 1511 380 1558 pios
394 1507 601 1557 proferrent
619 1514 825 1544 sermones.

351 1569 519 1612 lIontiline
537 1569 654 1605 tertia:
672 1570 928 1615 argumentum
949 1568 1035 1600 sunt
1055 1561 1134 1599 hinc
1153 1560 1286 1606 verba,
1309 1558 1396 1596 Eta-

303 1645 375 1674 tum
393 1642 440 1674 est
459 1646 519 1672 cor
541 1631 650 1671 Oziaz.
681 1629 776 1670 Dicit
794 1633 916 1667 autem
938 1625 1000 1666 ille
1027 1623 1252 1676 superbiam,
1283 1623 1392 1658 etiam

303 1711 349 1738 ex
367 1698 471 1735 bonae
488 1694 723 1734 conscientize
741 1692 954 1730 testimonio
971 1691 1060 1728 oriri
1079 1699 1201 1737 posse,
1227 1695 1264 1726 ct
1290 1688 1396 1726 bonis

303 1760 478 1809 operibus
497 1758 716 1795 instructum
738 1755 854 1802 magis
873 1753 1076 1801 oppugnari
1090 1762 1111 1788 a
1128 1751 1274 1788 diabolo
1289 1763 1298 1788 :
1313 1756 1397 1787 tan-

305 1831 456 1871 tumque
485 1819 623 1858 malum
643 1818 779 1856 inferre
799 1815 932 1853 anima:
963 1813 1188 1862 superbiam,
1219 1818 1396 1860 quantum

305 1885 452 1932 corpori
474 1889 652 1920 tumores.

353 1948 490 1995 Quarta
509 1944 653 1988 concio,
673 1953 781 1992 quam
811 1941 894 1980 loco
923 1939 1146 1978 movendum
1165 1948 1248 1976 esse
1268 1947 1398 1976 cense-

306 2021 402 2056 mus,
425 2010 460 2047 in
485 2012 740 2056 argumentum
762 2004 872 2042 habet
892 2003 972 2040 haec
1001 2001 1113 2040 verba
1139 2013 1149 2038 :
1173 2000 1322 2037 Factum
1347 2006 1398 2037 est

307 2075 343 2112 in
361 2083 452 2110 anno
473 2071 508 2108 in
526 2081 592 2118 quo
611 2074 767 2106 mortuus
786 2074 836 2104 est
852 2077 916 2104 rea;
937 2065 1058 2108 Ozias,
1087 2069 1160 2101 etc.
1181 2063 1278 2100 Dicit
1310 2061 1400 2099 faci-

311 2137 379 2174 lius
393 2145 475 2173 essc
489 2134 604 2171 solem
621 2131 818 2178 exstingui,
837 2139 946 2176 quam
965 2127 1030 2164 Dei
1047 2125 1249 2164 Ecclesiam
1268 2124 1396 2162 deleri.

307 2198 509 2236 Occasione
523 2201 646 2232 autem
665 2193 764 2230 Oziae
781 2192 878 2240 regis
899 2190 1058 2228 afﬁrmat
1077 2195 1114 2227 ct
1135 2189 1264 2237 probat
1279 2198 1402 2226 sacer-

309 2261 434 2298 dotum
452 2257 663 2305 dignitatem
682 2254 857 2302 majorem
877 2263 972 2298 esse,
991 2262 1100 2300 quam
1121 2261 1260 2299 regum.

357 2321 490 2369 Quinta
511 2325 549 2358 et
565 2326 682 2364 sexta,
703 2319 788 2356 licet
815 2317 889 2354 alio
919 2317 1026 2364 longe
1046 2322 1210 2363 tempore
1238 2325 1402 2362 pronun-

311 2387 423 2431 tiatus,
443 2385 539 2422 idem
557 2388 812 2432 argumentum
833 2385 1072 2430 pertractant,
1096 2387 1133 2416 et
1153 2379 1200 2416 de
1219 2379 1318 2416 Ozize
1337 2390 1400 2416 su-

312 2449 436 2497 perbia
467 2453 592 2496 agunt.
616 2446 707 2482 Ilinc
727 2445 774 2482 dc
795 2443 1027 2482 sacerdotum
1058 2447 1237 2490 potestate
1267 2441 1400 2490 agitur,

313 2515 491 2560 docetque
508 2512 809 2560 Cbrysostomus,
830 2519 902 2556 quo
931 2513 1036 2556 pacto
1069 2505 1200 2543 debeat
1230 2505 1402 2543 sacerdos

314 2581 524 2624 peccantem
545 2573 748 2622 principem
769 2571 969 2617 corripere.
989 2568 1027 2606 In
1049 2574 1152 2606 sexta
1176 2577 1266 2606 vero
1281 2568 1327 2605 de
1337 2568 1404 2605 Se-

314 2639 548 2686 raphinorum
569 2636 744 2684 dignitate
762 2633 936 2681 loquitur.
953 2631 991 2668 In
1013 2631 1083 2669 line
1097 2631 1204 2668 docet
1217 2629 1403 2678 quomodo

315 2704 359 2740 ad
381 2712 522 2740 sacram
543 2709 708 2738 mensam
727 2699 774 2735 sit
793 2695 1054 2734 accedendum.

364 2766 418 2804 De
439 2764 602 2802 lloniiliis
621 2764 657 2800 in
679 2761 850 2800 Genesim.
866 2759 1008 2806 -—,.I:tm
1029 2768 1119 2796 vero
1139 2757 1316 2806 qumritur
1329 2767 1402 2805 quo

317 2842 412 2868 anno
434 2829 632 2868 conciones
663 2827 700 2864 in
737 2824 908 2864 Geucsim
948 2823 1080 2860 habitu:
1110 2822 1244 2859 fuerint
1267 2820 1325 2870 (T.
1347 2820 1402 2868 4),

319 2905 399 2941 quae
418 2902 506 2930 sane
524 2891 631 2938 longe
650 2887 834 2926 difficilior
855 2887 1009 2934 qna‘stio
1029 2892 1098 2922 est.
1120 2884 1222 2922 Circa
1245 2889 1402 2931 tempus,

320 2966 392 3004 quo
410 2955 555 3002 scriptte
569 2953 683 2993 fuere.
701 2959 858 2997 operose
875 2947 1043 2985 edisserit
1059 2947 1116 2983 vir
1133 2945 1403 2994 sagacissimus,

321 3019 556 3065 omniumque
575 3016 682 3062 longe
700 3011 998 3050 accuratissimus
1019 3009 1285 3052 Tillemontius,
1305 3009 1407 3056 cujus

322 3081 430 3118 verba
444 3080 571 3117 Latine
590 3077 763 3115 translata
778 3074 917 3112 referre
932 3077 977 3110 ne
995 3073 1113 3120 pigeat
1131 3085 1140 3109 :
1159 3072 1261 3117 Quod
1277 3078 1407 3119 spectat

323 3154 467 3187 almum,
489 3153 556 3190 quo
576 3141 629 3177 Ita:
647 3138 798 3176 Itomilia:
815 3143 892 3172 sunt
905 3135 1043 3179 habitur,
1061 3134 1194 3170 nonnisi
1211 3134 1409 3181 conjectura

327 3206 438 3240 dicere
457 3213 652 3251 possumus.
675 3201 764 3237 Illas
785 3199 1049 3247 Chrysostomus
1071 3196 1195 3232 habere
1213 3196 1311 3244 coepit
1335 3196 1408 3232 Uo‘

327 3267 452 3302 minica
475 3265 647 3312 jejunium
668 3261 890 3309 prmcedente,
919 3271 986 3308 quo
1019 3271 1078 3306 per
1101 3258 1410 3306 Quadragcsimam

327 3327 413 3364 illud
433 3332 684 3374 argumentum,
707 3331 742 3360 ut
765 3322 947 3360 verisimile
964 3329 1029 3368 est,
1049 3327 1224 3358 tractaret.
1247 3319 1411 3358 Secunda

330 3390 417 3428 enim
435 3388 490 3424 die
508 3389 672 3434 sequenti,
688 3387 775 3434 feria
791 3386 920 3424 scilicet
935 3385 1088 3422 secunda
1105 3391 1134 3420 et
1153 3385 1265 3431 prima
1282 3383 1350 3418 dici
1361 3383 1412 3426 ie—

331 3454 431 3500 iunii,
453 3452 544 3488 dicta
561 3452 647 3500 fuit;
665 3451 762 3488 tertia
783 3450 870 3498 {cria
887 3450 1000 3493 tertia,
1020 3453 1143 3496 quarta
1161 3447 1218 3483 dic
1233 3447 1412 3493 insequen-

330 3517 367 3554 ti.
389 3516 515 3563 Sicque
531 3515 679 3560 reliquas
693 3524 809 3550 omnes
831 3513 978 3562 singulis
1008 3511 1126 3548 diebus
1156 3509 1290 3546 habitas
1306 3507 1413 3554 fuisse

330 3578 466 3616 credere
493 3583 556 3622 est,
577 3577 652 3614 licet
680 3576 716 3613 id
743 3587 813 3612 non
843 3575 1012 3622 signiﬁcet
1045 3573 1322 3620 Chrysostomus,
1345 3567 1412 3604 nisi

333 3643 420 3679 t‘orte
436 3651 478 3676 ex
497 3639 673 3676 occasione
702 3638 854 3686 quadam
873 3635 970 3672 aliud
999 3640 1238 3681 argumentum
1263 3636 1414 3668 tractan-

332 3708 413 3738 dum
429 3707 630 3738 occurreret.
651 3699 790 3737 Certum
805 3699 932 3746 quippe
951 3702 1001 3732 est
1023 3696 1190 3744 populum
1209 3694 1360 3743 quotidie
1377 3692 1412 3728 in

334 3764 507 3800 ecclesiam
537 3763 744 3804 conuenisse,
766 3760 1112 3806 Chrysostomumque
1131 3755 1278 3802 singulis
1295 3754 1414 3790 diebus

334 3826 569 3862 concionatum
586 3836 671 3862 esse.
693 3822 825 3860 Eodem
851 3821 954 3856 etiam
981 3819 1014 3853 in
1035 3816 1191 3854 Genesim
1213 3823 1413 3864 argumento

338 3887 493 3932 Wgebat
512 3887 650 3924 sabbato
673 3892 704 3922 et
725 3883 920 3926 Dominica,
943 3881 1018 3916 licet
1036 3880 1077 3916 iis
1098 3878 1216 3914 diebus
1236 3889 1304 3914 non
1317 3879 1416 3926 jeju-

336 3954 496 3986 narctur:
517 3959 596 3985 nam
624 3947 803 3984 undecima
821 3943 962 3981 homilia
980 3942 1013 3978 in
1033 3941 1154 3978 horum
1175 3941 1338 3978 alterutro
1359 3939 1414 3977 die

1026 219 1066 258 S.
1093 215 1284 258 JOANNIS
1309 212 1637 254 CIIRYSOSTOMI
1665 216 1789 262 VITA,
2444 227 2503 267 135

1457 293 1549 332 dicta
1562 296 1642 343 fuit.
1663 295 1820 333 Homilia
1833 295 1968 341 quinta.
1983 299 2099 347 sexta,
2109 299 2260 346 septima,
2277 308 2400 349 octaua,
2413 317 2492 346 nona

1457 335 1683 402 continenter,
1703 359 1776 396 suis
1795 335 1939 408 quisque
1955 335 2099 405 diebus:
2107 335 2504 417 ha'bitteriueruwriti'liiveii;

1457 418 1570 456 dicere
1593 420 1702 468 possis
1721 431 1780 456 eas
1797 419 1844 456 ad
1863 420 2012 468 quinque
2037 421 2110 458 dies
2129 423 2256 470 jejunii
2277 427 2425 465 secundae
2441 429 2501 466 hab.

1457 481 1616 520 domadis
1637 483 1805 530 pertinere
1816 494 1830 520 :
1849 495 1930 520 nam
1948 484 2080 522 decima
2096 486 2132 522 in
2149 487 2204 524 die
2211 488 2335 536 jejunii
2347 490 2430 528 dicta
2442 493 2503 540 fuit.

1457 555 1489 585 et
1505 548 1541 585 in
1556 547 1772 585 hebdomada
1789 548 1938 597 quinque
1956 555 2088 586 tantum
2099 550 2222 598 jejunii
2242 552 2310 589 dies
2324 561 2412 590 erant
2428 567 2439 592 :
2457 568 2508 593 un-

1458 610 1590 648 decima
1609 622 1690 648 vero
1707 610 1848 649 sabbato
1865 612 1959 649 illius
1973 614 2133 650 secunda:
2149 615 2362 654 hebdomadis
2378 629 2506 665 pronun-

1459 673 1546 710 tiata
1563 679 1626 710 est.
1650 672 1692 711 Si
1719 685 1800 722 ergo
1828 673 1994 711 Homilies
2021 675 2058 712 in
2087 673 2244 712 Genesim
2260 678 2396 726 singulis
2412 680 2510 719 diebus

1459 748 1530 773 una
1548 736 1636 774 serie
1651 736 1778 774 habin
1797 737 1938 784 fuerint,
1955 737 1992 774 id
2008 737 2100 787 quod
2120 738 2210 776 circa
2229 750 2288 776 sea:
2303 741 2414 778 saltem
2431 744 2510 790 prio-

1460 812 1514 838 res
1531 801 1672 838 omnino
1687 801 1870 838 uerisimile
1881 807 1952 846 est;
1971 808 2069 839 sexta
2083 803 2201 850 utique
2214 803 2299 851 feria
2311 809 2400 841 sexta
2411 807 2511 852 prima

1461 864 1684 902 hebdomadis
1699 864 1982 913 Quadragesimw
1998 866 2220 914 pronuntiata
2235 867 2345 915 fuerit.

1509 927 1554 965 In
1569 935 1665 966 sexta
1679 928 1821 965 homitia
1842 927 2104 976 Chrysostomus
2120 929 2273 976 queritur
2289 930 2490 968 Antiochcnos
2500 961 2508 976 ,

1461 991 1558 1028 nulla
1572 991 1852 1040 quotidianarum
1869 991 2172 1035 adhortationum,
2194 991 2289 1028 nulla
2314 991 2511 1042 Quadragcsi-

1462 1055 1563 1092 malis
1583 1053 1790 1102 paenitentia:
1808 1053 1941 1090 ratione
1969 1053 2083 1090 habita
2095 1081 2105 1098 ,
2124 1053 2206 1090 circi
2223 1053 2310 1090 ludis
2327 1053 2508 1099 interfuisse.

1465 1118 1514 1155 lli
1537 1118 1632 1154 haud
1648 1117 1751 1154 dubie
1767 1117 1934 1154 circenses
1965 1117 2038 1154 ludi
2063 1117 2182 1154 eadem
2207 1117 2282 1165 ipsa
2308 1117 2359 1154 die
2381 1117 2512 1154 celebrati

1463 1181 1626 1229 fuerant;
1648 1191 1729 1216 nam
1745 1180 1781 1216 in
1803 1179 2079 1229 Quadragesima
2097 1180 2285 1227 vespertino
2304 1186 2438 1227 tempore
2448 1191 2513 1216 cou-

1464 1246 1578 1282 ciones
1597 1243 1810 1281 habebantur
1822 1255 1836 1280 :
1850 1243 1942 1280 unde
1967 1243 2128 1290 consequi
2154 1242 2284 1279 videtur
2302 1243 2387 1278 hunc
2409 1252 2514 1277 annum

1465 1317 1538 1344 esse
1556 1312 1616 1342 aut
1635 1305 1706 1344 595
1724 1311 1785 1342 aut
1802 1304 1887 1343 596.
1905 1303 2159 1342 Kalendarium
2174 1305 2262 1341 enim
2278 1303 2453 1341 Romanum
2469 1303 2514 1339 lu-

1465 1367 1660 1406 dosnullos
1679 1368 1834 1416 assignat
1864 1367 1962 1404 initio
1989 1367 2114 1404 mensis
2143 1366 2273 1404 Martii.
2303 1365 2386 1402 Ludi
2411 1366 2516 1414 quippe

1467 1431 1629 1476 Gott/tici,
1649 1431 1709 1474 qui
1735 1442 1756 1468 η
1779 1438 1903 1480 quarta
1922 1430 2105 1468 Februarii
2123 1431 2166 1466 ad
2184 1442 2306 1467 nouant
2323 1430 2516 1473 habebantur,

1467 1506 1536 1532 non
1549 1494 1621 1531 "hic
1649 1505 1671 1530 a
1699 1493 1947 1545 Chrysostomo
1977 1500 2296 1531 commemorantur.
2321 1493 2432 1530 Verum
2458 1493 2518 1528 ludi

1465 1558 1581 1594 adlmc
1607 1557 1830 1606 assignantur
1855 1557 2039 1594 undecima
2066 1557 2258 1602 Februarii,
2279 1567 2350 1607 qua:
2365 1567 2445 1592 anno
2461 1555 2519 1594 595

1466 1621 1640 1660 concurrit
1658 1632 1738 1659 cum
1756 1622 1844 1670 feria
1857 1627 1954 1658 sexta
1972 1622 2094 1670 prima
2111 1621 2328 1659 hebdomadis
2348 1619 2520 1667 Quadrage~

1467 1691 1576 1734 simtu,
1591 1689 1672 1737 quia
1695 1683 1835 1726 Pascha
1847 1685 1954 1727 istius
1962 1685 2046 1724 anni
2058 1685 2177 1722 incidit
2191 1685 2225 1722 in
2240 1685 2420 1732 vigesimum
2435 1683 2520 1730 septi-

1467 1765 1559 1791 mam
1575 1753 1710 1792 Martii.
1730 1754 1953 1791 Annotantur
1968 1755 2071 1791 etiam
2089 1753 2162 1790 ludi
2177 1748 2222 1790 ad
2235 1749 2380 1788 ultimam
2391 1745 2520 1783 Februa-

1468 1817 1514 1852 rii
1526 1844 1537 1861 ,
1566 1816 1604 1852 id
1628 1815 1721 1865 quod
1741 1815 1787 1854 ad
1806 1827 1936 1853 annum
1957 1816 2029 1854 59G
2047 1818 2214 1865 pertinere
2229 1818 2344 1864 potest,
2370 1821 2441 1862 quo,
2459 1823 2521 1850 cum

1469 1876 1610 1915 Pascha
1630 1878 1796 1916 incideret
1814 1879 1850 1916 in
1868 1879 2036 1916 decimam
2054 1880 2190 1916 tertiam
2210 1878 2335 1927 Aprilis
2351 1906 2360 1923 ,
2387 1876 2523 1924 vigesima

1470 1953 1566 1980 nona
1585 1941 1765 1980 Februarii
1785 1944 2009 1981 concurrebat
2029 1955 2106 1981 cum
2131 1943 2218 1993 [cria
2238 1933 2458 1989 sextaprima:
2473 1941 2523 1975 he-

1469 2004 1651 2042 bdomadis
1677 2004 1976 2054 Qttadragesimat.
2007 2005 2066 2043 Ea:
2091 2006 2164 2043 istis
2189 2016 2264 2042 vero
2295 2004 2418 2040 duobus
2443 2001 2524 2038 annis

1469 2065 1733 2115 anteferendum
1754 2067 1914 2104 ducimus
1931 2079 2062 2104 annum
2076 2068 2160 2112 595,
2174 2069 2253 2113 quia
2267 2072 2416 2115 putamus
2434 2063 2526 2112 Chry-

1470 2136 1660 2166 sostomum
1687 2141 1778 2166 anno
1805 2131 1876 2168 596
1895 2130 2070 2168 llomilias
2089 2131 2132 2167 de
2159 2129 2357 2167 Paenitentia
2379 2127 2524 2164 habuisse.

1473 2191 1606 2235 Quibus
1633 2192 1680 2228 ita
1708 2193 1902 2230 constitutis
1920 2193 1995 2230 ludi
2011 2194 2176 2230 circenses
2193 2193 2256 2235 illi.
2278 2193 2318 2228 de
2333 2191 2444 2239 quibus
2461 2199 2527 2235 que-

1471 2255 1562 2291 ritur
1585 2255 1850 2304 Cltrysostomus
1869 2256 2012 2293 humilia
2029 2256 2070 2293 41
2089 2285 2099 2300 ,
2118 2267 2194 2304 qute
2213 2255 2318 2292 tribus
2333 2260 2404 2302 post
2422 2252 2527 2304 [fonte-

1473 2323 1588 2353 costen
1623 2302 1894 2354 hebdomadibus
1924 2317 2040 2354 habita
2063 2302 2132 2360 est;
2155 2318 2192 2354 id
2219 2323 2280 2361 est,
2301 2318 2384 2366 forte
2410 2302 2528 2351 sabbato

1473 2378 1618 2424 bJunii,
1636 2380 1666 2416 si
1689 2391 1766 2416 vere
1788 2380 1880 2416 dicta
1899 2381 1944 2418 sit
1969 2392 2060 2418 anno
2085 2381 2180 2425 595;
2211 2381 2296 2424 ludi,
2317 2380 2454 2425 inquam,
2474 2377 2529 2412 cir—

1473 2454 1589 2480 censes
1603 2472 1612 2488 ,
1639 2443 1692 2480 illi
1713 2446 1860 2492 fortasse
1877 2450 1988 2488 erant,
2003 2445 2063 2492 qui
2081 2443 2128 2480 ad
2157 2444 2301 2491 primam
2321 2443 2411 2479 istius
2425 2438 2528 2475 mensis

1475 2505 1566 2542 diem
1583 2511 1762 2543 notantur.
1788 2505 1916 2543 Verum
1940 2506 2013 2542 lucc
2040 2517 2108 2542 non
2136 2513 2172 2542 ut
2198 2517 2268 2542 rem
2297 2503 2528 2551 exitloratamct

1474 2574 1604 2605 certam
1623 2569 1746 2606 dannts
1767 2579 1780 2606 :
1801 2580 1879 2605 cum
1897 2570 2046 2605 maxime
2060 2570 2253 2617 ignoremus
2270 2574 2380 2604 utrum
2394 2565 2450 2602 hoc
2467 2562 2528 2598 lia-

1475 2631 1669 2668 lendarium
1685 2638 1764 2668 tunc
1777 2631 1939 2678 temporis
1952 2631 2146 2669 Antiochia:
2156 2632 2191 2668 in
2206 2642 2269 2668 usu
2280 2635 2374 2673 esset,
2395 2637 2449 2664 nec
2461 2625 2530 2662 scia-

1479 2705 1554 2730 mus
1569 2701 1684 2729 utrum
1701 2693 1775 2729 ludi
1791 2704 1908 2730 omnes
1923 2694 2127 2731 circensium
2141 2705 2258 2731 cursus
2273 2692 2465 2730 exhiberem.
2479 2686 2530 2722 Pd-

1477 2761 1588 2791 terant
1603 2755 1682 2790 item
1701 2754 1774 2790 ludi
1786 2755 1949 2791 celebrari
1968 2767 2036 2792 non
2045 2752 2203 2792 consueta
2217 2755 2346 2792 ordine.
2366 2751 2435 2788 lino
2448 2749 2530 2786 etiam

1477 2817 1550 2854 ludi
1569 2822 1778 2853 annotantur
1790 2817 1836 2853 ad
1849 2817 2088 2854 duodecimam
2103 2817 2192 2854 dicat
2210 2815 2396 2859 Februarii,
2415 2809 2531 2859 perutile

1477 2886 1577 2926 atque
1595 2879 1641 2914 ad
1665 2879 1907 2923 undecimam;
1935 2881 1984 2916 ita
2005 2887 2066 2925 ut,
2089 2891 2167 2916 cum
2193 2879 2442 2927 Cltrysostomus
2467 2872 2530 2908 abs-

1477 2947 1578 2978 terret
1596 2953 1651 2978 eos
1666 2941 1726 2988 qui
1745 2942 1836 2978 circo
1851 2943 2048 2990 adfuerant,
2065 2943 2221 2979 videatur
2239 2951 2370 2978 arcuere
2383 2936 2524 2975 debuisses

1477 3004 1629 3053 sequenti
1650 3004 1705 3042 die
1727 3003 1944 3052 exploratum
1962 3007 2037 3052 fore
2053 3016 2136 3040 num
2156 3004 2294 3040 monitis
2307 3002 2374 3039 suis
2386 3000 2534 3040 obtempe-

1479 3072 1624 3103 rassent.
1649 3065 1774 3102 Verum
1791 3066 1828 3110 ii,
1847 3067 1905 3113 qui
1922 3067 2124 3103 duodecimo
2139 3067 2194 3102 die
2207 3063 2460 3102 celebrabantur,
2478 3065 2535 3092 ηοη

1481 3135 1577 3166 erant
1596 3131 1684 3176 forte
1700 3128 1866 3164 circenses
1887 3139 1898 3164 :
1925 3140 2004 3164 nam
2028 3128 2074 3164 ibi
2104 3127 2344 3166 Calendarium
2358 3135 2420 3161 non
2437 3124 2534 3156 natm"

1481 3191 1581 3228 habet
1607 3193 1712 3228 Com.
1739 3190 1886 3236 XXIIII,
1906 3191 1942 3226 id
1971 3199 2044 3236 est,
2065 3191 2301 3228 Commisnrce
2321 3184 2425 3225 XXIV
2446 3194 2454 3217 ε
2473 3186 2536 3228 (βπ

1480 3253 1614 3290 videtur
1627 3252 1710 3288 mihi
1729 3263 1802 3289 esse
1818 3259 1900 3288 nota
1914 3252 2074 3290 ludorum
2094 3253 2308 3289 circensium.
2335 3249 2402 3286 Illa
2426 3250 2536 3294 (μιοιιιιυ

1483 3324 1563 3354 nota
1578 3318 1657 3354 Cm.
1673 3315 1820 3360 XXIIII,
1831 3323 1863 3352 et
1881 3316 1961 3352 Cm.
1977 3316 2056 3360 XII,
2069 3317 2215 3353 occurrit
2233 3316 2278 3352 ad
2292 3323 2422 3353 nonam,
2435 3303 2535 3355 vigesi-

1482 3391 1573 3416 mam
1587 3380 1742 3428 quintam
1757 3386 1787 3416 et
1802 3379 2000 3427 vigesimum
2019 3381 2198 3428 septimam
2217 3377 2393 3416 Februarii
2411 3385 2422 3410 :
2439 3377 2534 3409 verum

1483 3443 1519 3478 lii
1538 3442 1610 3478 dies
1630 3453 1673 3478 ne
1692 3453 1753 3490 per
1769 3448 1879 3478 totum
1891 3442 2029 3490 quidem
2045 3449 2199 3489 tempus,
2219 3454 2286 3491 quo
2307 3439 2468 3489 presbytc’f
2483 3430 2536 3480 lu“

1483 3503 1774 3552 Chrysostontus,
1805 3504 1843 3540 in
1872 3503 1996 3552 feriam
2025 3511 2158 3540 scalam
2192 3506 2312 3552 prima
2341 3495 2537 3539 hebdomadis

1486 3567 1768 3615 Quadragesinue
1780 3565 1950 3602 incidunt.
1972 3564 2042 3602 Illa
2063 3572 2144 3602 nota
2163 3566 2243 3604 Cm.
2262 3565 2308 3602 ad
2323 3563 2466 3601 ultimam
2482 3555 2539 3593 Fe—

1485 3629 1616 3666 bruarii
1636 3642 1704 3666 non
1721 3631 1860 3679 ponitur
1873 3657 1883 3675 ,
1903 3640 1970 3677 quo
1985 3630 2086 3666 etiant
2104 3630 2297 3667 excluditur
2306 3638 2409 3666 annus
2422 3621 2497 3662 596-

1533 3693 1612 3729 Alio
1643 3693 1722 3729 item
1746 3700 1947 3740 argumento
1973 3692 2176 3730 abducimur
2192 3704 2234 3730 ne
2249 3691 2329 3728 anni
2345 3688 2432 3732 596,
2457 3691 2541 3732 quem

1485 3756 1701 3804 assiguamus
1719 3784 1728 3801 ,
1757 3763 1855 3793 notas
1875 3767 1948 3793 esse
1963 3763 2074 3793 certas
2092 3762 2248 3804 putemus
2267 3765 2280 3791 .°
2294 3752 2381 3801 quod
2405 3745 2541 3785 υἱᾱειὲιτει

1487 3829 1555 3854 non
1579 3818 1717 3854 omnino
1735 3819 1951 3866 exploratum
1966 3819 2009 3856 sit
2027 3825 2158 3856 sextam
2175 3817 2346 3854 homiliam
2363 3811 2443 3860 feria
2458 3810 2542 3844 seria

1488 3880 1638 3916 habitam
1667 3881 1784 3926 fuisse.
1813 3880 1899 3916 Cum
1925 3881 2015 3916 enim
2041 3880 2220 3916 undecima
2246 3877 2381 3914 sabbato
2402 3868 2543 3908 secundm

1491 3941 1714 3979 hebdomadis
1731 3942 1825 3980 haud
1847 3942 1949 3980 dubie
1965 3943 2056 3978 dicta
2075 3941 2188 3990 [net-it,
2204 3951 2245 3976 ea:
2259 3937 2412 3975 tredecim
2429 3936 2542 3979 νιπτο-
