2694 4342
165 246 229 285 137

164 322 314 360 dentibus
329 319 454 364 diebus,
477 315 668 365 incipiendo
689 327 710 352 a
730 313 910 353 Dominica
923 319 1002 348 ante
1018 310 1220 358 Quadrage-

164 386 293 429 simam,
309 383 345 420 in
359 393 423 432 qua
437 381 547 430 prima
570 378 710 416 itontilia
727 377 844 414 habita
860 375 940 424 fuit,
959 379 1025 410 tres
1041 372 1225 410 certissime

164 446 246 491 dies,
259 452 315 483 aut
333 445 490 482 concione
501 443 599 480 vacui
614 445 723 492 fuere,
739 447 798 478 aut
819 439 996 476 conciones
1017 435 1163 474 habuere
1179 436 1225 472 ad

165 507 257 544 aliud
273 512 500 555 argumentum
519 505 737 552 pertinentes,
757 503 808 539 vel
821 502 852 539 si
871 499 1020 548 ejusdem
1035 497 1226 547 argumenti

165 570 296 618 fuerint,
311 575 398 606 certe
409 569 486 616 jam
507 567 712 614 deperditus.
729 565 834 613 Atqui
853 571 919 602 tres
935 563 988 600 illi
1001 562 1074 599 dies
1088 559 1226 598 nonnisi

166 637 237 668 ante
257 631 424 680 quintam.
447 630 498 666 vel
515 629 694 674 decimam,
714 627 768 664 vel
789 625 1002 664 undecimam
1020 623 1125 661 statui
1142 633 1224 670 pos-

167 698 250 736 sunt,
275 692 353 738 quia
379 690 457 727 alite
482 701 596 726 omnes
620 689 828 726 continenter
846 693 878 724 et
905 697 974 724 una
988 686 1120 722 dierum
1137 683 1225 720 serie

170 753 257 790 dictte
272 760 361 789 sunt.
378 751 436 790 Ea:
453 752 542 788 hisce
556 762 657 799 porro
675 749 782 788 tribus
797 759 887 786 unus
898 749 1018 786 saltent
1031 747 1121 784 inter
1134 745 1227 783 deci-

172 827 248 852 mam
265 822 297 852 et
313 815 524 852 undecimam
545 813 822 852 constituendus:
843 812 899 861 qui
913 811 1002 848 enim
1026 810 1142 858 pransi
1163 809 1226 846 de-

167 879 255 915 eimre
269 879 464 928 adfuerant,
482 889 550 914 non
574 878 695 927 feriam
711 884 857 923 sextam,
873 882 910 912 ut
927 874 1063 912 credere
1078 880 1141 920 est,
1164 873 1225 910 de-

165 940 321 988 legerunt,
341 946 378 976 ut
385 939 557 988 jejunium
572 939 750 976 solverent.

211 1003 388 1040 llactenus
405 1002 656 1039 Tillemontins
673 1013 682 1038 :
698 999 759 1038 ubi
775 999 946 1040 observes
958 1006 1091 1048 quanto
1101 998 1226 1038 labore

163 1075 202 1103 ac
219 1065 336 1103 studio
353 1065 404 1102 uti
421 1065 525 1111 solet,
545 1065 622 1102 illas
639 1063 808 1112 temporis
826 1069 928 1100 natas
953 1063 1000 1100 sit
1029 1071 1226 1110 persequu-

165 1132 217 1164 tus
247 1132 451 1174 quantaque
476 1125 664 1174 prudentia
689 1135 709 1162 a
734 1124 868 1172 judicio
897 1123 1058 1161 absolute
1077 1123 1226 1161 ferendo

164 1187 347 1226 abstineat.
385 1187 516 1224 Contra
550 1187 648 1224 illam
666 1196 752 1224 vero
777 1185 1006 1230 sententiam,
1039 1195 1146 1234 quam
1168 1185 1228 1222 ille

167 1249 300 1286 lucrens
317 1253 352 1286 et
366 1248 848 1299 subdubitansamplectitur,
864 1247 926 1286 alii
939 1254 975 1286 et
989 1247 1138 1286 fortasse
1153 1257 1229 1285 ma-

162 1310 256 1358 jores
272 1316 418 1358 possunt
435 1309 592 1358 scrupuli
610 1309 774 1358 proferri.
793 1309 1049 1346 Kalendarium
1070 1310 1165 1346 enim
1185 1309 1228 1346 il-

166 1372 222 1410 lud
242 1373 438 1410 Romanum
452 1371 675 1412 Constantini
690 1371 806 1420 Magni
825 1381 922 1410 anno
941 1371 1013 1409 525
1028 1399 1038 1418 ,
1059 1377 1098 1408 ut
1115 1372 1228 1409 fertur

166 1434 198 1471 in
215 1435 326 1480 titulo,
347 1434 480 1472 editum
502 1428 538 1472 οἱ
555 1444 576 1472 a
597 1433 742 1472 Petavio
759 1433 976 1481 publicatum
997 1433 1032 1470 in
1051 1432 1229 1472 Uranolo-

163 1497 219 1544 gio
238 1507 274 1546 p.
295 1496 385 1541 “‘2,
405 1496 578 1534 incertum
597 1502 652 1534 est
668 1507 714 1533 an
733 1496 834 1534 idem,
845 1495 1018 1533 manserit
1045 1495 1090 1534 ad
1114 1506 1229 1544 usque

164 1559 270 1596 linem
288 1559 408 1596 saeculi
431 1559 545 1606 quarti
571 1570 580 1596 :
603 1559 676 1596 imo
703 1565 839 1596 certum
865 1559 1008 1596 videtur
1039 1559 1076 1596 in
1107 1559 1229 1596 multis

162 1622 287 1660 saltem
306 1627 482 1660 mutatum
499 1621 632 1660 fuisse:
651 1631 735 1660 nam
753 1621 951 1660 secundum
973 1622 1131 1671 profante
1150 1623 1230 1671 plu-

162 1685 252 1722 rium
270 1685 417 1724 deorum
435 1685 617 1734 religionis
630 1687 736 1723 ritum
756 1687 1008 1725 concinnatum
1023 1692 1078 1724 est
1091 1692 1228 1725 totum:

163 1750 218 1798 qui
237 1749 334 1797 impii
353 1749 442 1786 ritus
461 1749 606 1786 demttm
626 1749 694 1786 sub
713 1749 918 1787 Theodosio
944 1749 1072 1798 Magno
1095 1749 1227 1787 sublati

163 1816 254 1848 sunt.
272 1810 326 1848 Ad
343 1810 420 1848 haec
437 1816 576 1848 certum
593 1811 736 1848 videtur
753 1811 860 1848 urbes
880 1811 960 1849 illas
979 1811 1078 1850 orbis
1096 1812 1226 1859 ρι’ωοὶ-

164 1883 259 1922 ρυις,
277 1874 391 1922 qualis
414 1880 493 1912 erat
519 1874 721 1920 Antiochia,
747 1884 830 1912 suos
856 1880 918 1912 aut
936 1874 1078 1923 aliquos
1097 1875 1225 1921 saltem

164 1936 225 1974 sibi
241 1936 400 1984 proprios
421 1936 589 1974 habuisse
605 1937 709 1980 ritus,
724 1943 898 1985 quantum
919 1937 965 1974 ad
986 1937 1088 1975 ludos
1103 1943 1139 1976 et
1155 1938 1225 1976 alia

122 1985 126 1990 ’
166 1999 197 2034 in
213 1997 430 2037 Kalendariis
449 1999 602 2037 adscribi
621 1999 724 2037 solita
743 2011 753 2036 :
772 2010 844 2047 quo
863 2001 980 2048 posito
1000 2000 1084 2049 quid
1104 2011 1226 2049 possu-

165 2072 237 2098 mus
255 2072 298 2100 ex
317 2062 531 2100 Kalcndario
554 2063 716 2100 Romano
741 2063 838 2101 circa
862 2063 1107 2100 Antiochenos
1134 2064 1226 2101 ritus

166 2125 335 2163 statuere?
363 2125 465 2172 Quod
493 2135 580 2163 vero
611 2125 743 2163 dicitur
770 2125 1030 2172 querimoniam
1061 2125 1225 2174 Chryso-

165 2187 262 2224 stomi
280 2187 378 2224 initio
397 2187 553 2224 homiliac
571 2191 683 2224 sexta:
703 2195 774 2223 non
789 2191 954 2233 spectare
967 2186 1071 2225 ludos
1085 2187 1228 2225 Gottbi-

165 2259 234 2293 cos,
253 2250 284 2287 id
303 2258 400 2288 certe
416 2249 609 2289 divinando
623 2249 693 2287 dici
709 2249 865 2286 videtur.
887 2249 974 2294 Quis
987 2249 1082 2286 enim
1101 2251 1169 2288 scit
1182 2261 1227 2288 an

167 2310 198 2347 in
226 2311 314 2349 ludis
341 2313 531 2358 Gottbicis,
550 2312 679 2350 saltem
698 2311 734 2348 in
754 2321 880 2349 eorum
900 2311 1128 2359 quibusdam,
1147 2322 1230 2349 ettr-

164 2383 220 2410 sus
232 2384 398 2422 equorum
413 2375 666 2413 adhiberetur?
686 2381 723 2412 at
738 2381 863 2412 contra
882 2375 1086 2421 hujusmodi
1101 2385 1229 2412 cursus

165 2440 253 2472 totus
274 2443 328 2474 est
345 2437 623 2485 ChrySostomus
641 2437 676 2474 in
697 2437 844 2475 homilia
863 2442 979 2474 sexta.
1002 2437 1149 2474 Demum
1173 2444 1228 2475 ta-

165 2496 260 2535 bulas
274 2499 474 2544 Paschales,
487 2500 586 2548 queis
601 2500 658 2536 lite
672 2509 798 2538 omnes
815 2500 1032 2547 conjectura:
1051 2500 1226 2546 nituntur,

163 2559 346 2606 aliquando
375 2560 517 2599 fallaces
543 2571 623 2599 esse
647 2571 754 2609 supra
783 2561 1027 2610 probavimus.
1054 2561 1128 2600 Nec
1157 2567 1228 2598 tam

163 2620 346 2667 perspicue
361 2623 492 2660 scimus
510 2630 629 2660 utrum
649 2625 746 2662 circa
765 2623 1046 2661 celebrationem
1065 2623 1226 2668 Paschac,

164 2682 268 2718 ritum
287 2681 561 2721 Alexandrinum
579 2691 765 2724 servarent
785 2685 1014 2724 Antiocheni.
1043 2686 1088 2723 lis
1107 2687 1227 2723 omni-

165 2742 227 2780 bus
245 2743 363 2791 itaque
383 2745 580 2792 perpensis,
601 2745 772 2784 fateamur
791 2758 941 2786 necesse
959 2755 1028 2794 cst,
1049 2749 1226 2786 incertum

167 2814 306 2850 prorsus
324 2817 402 2844 esse
419 2817 489 2854 quo
506 2817 600 2844 anno
621 2807 684 2844 bos
703 2809 737 2844 in
757 2808 926 2846 Genesim
947 2821 1135 2848 sermones
1156 2812 1227 2847 An-

169 2866 300 2904 tiochiae
321 2867 482 2906 habuerit
501 2869 788 2918 Chrysostomus.
820 2871 857 2908 ld
883 2883 992 2910 unum
1019 2874 1098 2912 sine
1117 2873 1226 2912 dubio

167 2929 315 2975 scimus,
351 2942 514 2979 magnam
548 2943 673 2970 eorum
706 2941 845 2981 partem
878 2936 913 2972 in
944 2936 1226 2986 Quadragcsima

168 2988 289 3027 dictam
323 2991 455 3038 fuisse,
489 2993 656 3042 illamque
686 2995 1001 3044 Quadragesitnam
1037 3009 1110 3036 non
1145 3008 1226 3038 esse

169 3051 243 3087 anni
266 3052 346 3097 586,
367 3053 402 3090 in
418 3065 485 3102 qua
503 3063 584 3093 octo
612 3055 658 3093 ab
685 3056 739 3095 his
764 3058 924 3097 diversos
943 3060 1066 3098 habuit
1082 3071 1224 3099 sermo-

172 3121 249 3162 nes;
276 3125 392 3164 nequc
416 3117 499 3154 anni
529 3118 612 3165 587,
634 3129 740 3166 quam
773 3132 863 3168 pene
891 3129 999 3160 totam
1030 3123 1066 3160 in
1095 3124 1225 3173 deplo-

171 3174 272 3212 randa
299 3178 597 3218 AntiocltenOrutn
615 3182 662 3219 ob
681 3192 825 3221 eversas
851 3191 989 3222 statuas
1020 3185 1225 3224 calamitate

170 3235 366 3287 absumpsit.

211 3300 312 3339 Certo
328 3311 465 3343 constat
483 3307 590 3345 etiam
612 3309 743 3348 multas
761 3311 850 3349 alias
869 3312 1003 3350 diversi
1021 3315 1224 3363 argumenti

171 3357 326 3402 habuisse
355 3365 516 3406 homilias
540 3369 834 3420 Chrysostomum
858 3373 1064 3412 intermisso
1080 3376 1226 3414 concio-

171 3432 247 3462 num
267 3426 301 3464 in
314 3427 478 3468 Genesim
495 3443 614 3479 cursu,
632 3441 670 3472 ut
693 3435 728 3472 in
746 3447 874 3484 magna
890 3444 927 3475 et
945 3445 1068 3476 sancta
1087 3439 1225 3478 hebdo«

171 3485 264 3523 mada
283 3488 326 3526 de
341 3489 428 3528 Juda
445 3495 637 3542 proditore,
653 3497 687 3534 in
703 3497 876 3536 Paschatc
890 3506 1014 3537 contra
1037 3501 1223 3548 Ebriosus,

173 3555 244 3592 post
274 3550 407 3591 Pascha
435 3555 596 3595 homilias
625 3560 784 3608 quinque
812 3562 847 3597 in
875 3561 1096 3609 Principium
1115 3564 1225 3602 Acto-

172 3620 256 3656 rum.
273 3622 308 3652 et
326 3615 486 3657 homilias
499 3627 650 3668 quatuor
663 3623 708 3661 de
721 3623 916 3662 Mtttationc
931 3626 1129 3663 nominum.
1145 3627 1222 3666 Una

173 3681 250 3708 vero
271 3678 360 3716 serie
389 3679 552 3720 homilias
582 3685 725 3733 triginta
748 3685 838 3722 duas
861 3685 897 3723 in
914 3687 1190 3737 Quadragesima
1211 3703 1221 3730 :

173 3735 198 3769 si
217 3737 356 3779 alterius
378 3748 572 3792 argumenti
591 3747 748 3784 humilior:
768 3749 944 3796 quaepiam
966 3749 1059 3788 hunc
1079 3764 1223 3792 cursum

175 3796 479 3853 interpellaverint,
501 3819 552 3846 ea:
568 3810 641 3856 jam
661 3821 732 3846 non
750 3816 903 3847 exstant.
925 3812 1052 3859 Opera:
1072 3818 1224 3862 pretium

175 3867 281 3899 mitem
304 3864 406 3906 fuerit
425 3870 563 3910 illarum
584 3883 649 3919 per
661 3871 977 3922 Qttatlragcsimatn
999 3877 1224 3919 homiliarum

175 3922 334 3974 ordinem,
354 3936 388 3967 et
412 3935 542 3979 quanto
564 3934 686 3982 elapso
706 3937 877 3984 temporis
901 3940 1015 3987 spatio
1035 3941 1100 3979 alia
1115 3944 1219 3986 aliam

941 231 1064 272 NUNC.
1090 231 1266 270 PRIMUM
1292 234 1560 276 ADORNATA.

2316 241 2380 278 138

1297 320 1446 360 sequuta
1461 315 1522 360 sit,
1541 315 1598 352 hic
1614 318 1736 363 paucis
1749 320 1988 366 perscribere.

1345 375 1466 413 Prima
1486 378 1615 416 concio
1636 379 1730 416 dicta
1753 380 1820 418 fuit
1849 383 2037 422 Dominica
2063 384 2142 429 die,
2163 396 2242 432 quae
2261 385 2378 436 Quin-

1296 439 1515 486 quagcsimzc
1534 451 1646 488 penes
1664 453 1730 480 nos
1749 451 1911 490 vocatur,
1931 454 2122 494 antequam
2143 448 2377 499 quadragesi-

1297 499 1392 536 male
1417 499 1596 548 jejunium
1627 502 1800 548 iniretur;
1832 506 2003 550 secunda,
2029 507 2088 546 die
2117 510 2282 557 sequenti
2307 521 2378 559 qua

1293 561 1472 610 jejunium
1492 563 1756 612 incipiebatur;
1777 565 1881 602 tertia
1902 572 1938 603 et
1955 575 2082 614 quarta
2103 571 2137 607 in
2158 571 2259 610 feriis
2273 573 2378 610 tertia

1296 630 1332 661 et
1351 631 1476 672 quarta
1494 637 1504 662 ε
1524 625 1580 664 hm
1596 627 1828 664 continenter
1843 628 1993 676 singulis
2012 629 2139 668 diebus
2157 632 2261 670 dicta:
2279 640 2376 672 sunt.

1297 685 1476 726 incertum
1495 699 1580 726 vero
1600 695 1669 734 est,
1689 695 1809 726 utrum
1842 689 1938 728 inter
1965 697 2128 738 quartam
2157 700 2192 730 et
2216 696 2378 742 quintam

1297 747 1481 787 homiliam
1510 749 1630 799 aliqua
1656 750 1736 788 dies
1767 751 2028 797 intercesserit,
2047 755 2299 793 autconcione
2316 768 2380 794 va-

1296 822 1377 856 cua,
1398 819 1460 850 aut
1481 813 1527 851 ad
1551 813 1650 852 aliud
1670 815 1910 854 concionandi
1927 823 2178 864 argumentum
2193 817 2378 866 deputata.

1296 873 1344 912 Ut
1363 880 1402 912 ut
1419 881 1489 919 est,
1511 876 1648 923 quinta,
1669 883 1788 922 sexta,
1811 877 1981 925 septima,
2002 885 2128 916 octava
2146 885 2183 917 et
2199 891 2293 918 nona
2313 881 2380 918 lto-

1296 939 1405 976 milite
1421 941 1650 978 continenter
1667 939 1819 988 singulis
1847 941 1916 978 sibi
1947 942 2226 982 succedentibus
2252 943 2380 984 diebus

1297 1001 1404 1039 dicta:
1424 1007 1522 1048 sunt,
1545 1003 1675 1050 partim
1695 1002 1731 1040 in
1753 1003 1880 1051 prima,
1903 1005 2034 1050 partitn
2051 1004 2085 1042 in
2105 1006 2261 1044 secunda
2282 1005 2381 1053 Qua-

1297 1064 1510 1113 dragcsimzn
1546 1065 1774 1104 hebdomade
1803 1079 1812 1103 :
1841 1066 1982 1104 decima
2013 1067 2122 1106 etiam
2155 1068 2190 1108 in
2221 1069 2381 1108 secunda

1298 1129 1524 1168 hebdomade
1543 1135 1604 1166 aut
1625 1130 1710 1168 feria
1729 1131 1853 1178 quinta
1871 1159 1880 1174 ,
1901 1135 1964 1168 aut
1989 1137 2091 1168 sexta
2107 1144 2116 1168 :
2135 1131 2324 1170 undecima
2345 1133 2382 1170 in

1297 1191 1448 1230 sabbato
1473 1191 1643 1229 secunda:
1667 1191 1904 1230 hebdomadis
1925 1205 1934 1230 :
1955 1192 2169 1231 duodecima
2190 1195 2308 1232 habita
2327 1201 2383 1232 est

1297 1260 1381 1302 post
1394 1253 1502 1292 aliam
1522 1253 1578 1292 vel
1592 1254 1696 1300 alias,
1715 1265 1795 1302 qua:
1815 1255 1862 1292 ad
1882 1255 2067 1293 diversum
2086 1267 2106 1294 a
2123 1257 2256 1296 Genesi
2275 1269 2384 1306 argu-

1299 1321 1461 1354 mentum
1493 1315 1720 1364 spectabant.
1755 1315 1853 1354 Inter
1891 1317 2144 1356 duodecimam
2175 1329 2320 1367 quoque
2346 1327 2384 1358 et

1300 1377 1479 1416 decimam
1501 1378 1646 1416 tertiam
1662 1379 1720 1416 vel
1740 1389 1832 1417 unus
1847 1379 1908 1418 vel
1929 1379 2052 1427 plures
2068 1380 2146 1418 dies
2164 1381 2384 1420 intercesse-

1302 1445 1400 1478 runt.
1421 1440 1568 1479 Decima
1587 1447 1718 1488 quarta
1741 1440 1836 1479 dicta
1861 1447 1917 1480 est
1942 1441 2002 1479 die
2031 1441 2208 1480 decimam
2241 1444 2384 1482 tertiam

1301 1503 1516 1551 insequente
1542 1515 1551 1540 :
1573 1503 1714 1542 decima
1741 1504 1867 1552 quinta
1893 1504 2060 1542 similiter
2087 1511 2263 1554 sequente
2292 1507 2351 1546 die
2372 1519 2382 1545 :

1299 1562 1441 1601 decima
1455 1570 1570 1610 sexta,
1585 1564 1645 1603 die
1666 1565 1751 1602 item
1769 1572 1968 1614 sequente:
1985 1567 2124 1606 decima
2142 1569 2294 1616 septima
2310 1579 2384 1608 uno

1300 1625 1359 1664 vel
1377 1626 1541 1674 pluribus
1562 1634 1644 1675 post
1659 1627 1836 1666 decimam
1863 1636 2003 1668 sextam
2025 1629 2154 1669 diebus
2175 1644 2184 1669 :
2204 1631 2384 1670 decimam

1299 1691 1490 1738 septimam
1521 1690 1662 1728 decima
1691 1698 1841 1738 octava,
1863 1693 1962 1732 nulla
1987 1693 2046 1732 die
2073 1695 2300 1744 interposita,
2323 1704 2384 1736 se-

1298 1757 1407 1799 quuta
1440 1758 1518 1797 est;
1551 1752 1690 1790 decima
1719 1764 1814 1791 nona
1840 1764 1885 1792 an
1915 1756 2146 1795 continenter
2180 1758 2302 1796 habita
2337 1759 2386 1798 sit

1297 1813 1506 1862 ignoratur;
1535 1814 1774 1864 similiterque
1801 1817 1998 1866 vigesima,
2031 1830 2139 1868 quam
2165 1820 2294 1859 diebus
2320 1831 2382 1860 sc-

1296 1875 1504 1922 qucutibus,
1535 1875 1637 1915 nulla
1665 1884 1816 1917 vacante
1844 1879 1930 1925 die,
1959 1888 2182 1928 exceperunt
2210 1883 2384 1931 vigesima

1297 1938 1427 1986 prima,
1445 1939 1619 1988 vigesima
1639 1941 1800 1978 secunda
1817 1969 1828 1987 ,
1852 1941 2026 1990 vigesima
2055 1945 2160 1982 tertia
2173 1974 2184 1991 ,
2206 1946 2382 1994 vigesima

1297 2008 1438 2049 quarta.
1466 2003 1645 2052 Brevique
1665 2004 1882 2052 interposito
1901 2007 2034 2054 spatio,
2054 2008 2237 2047 continuis
2256 2010 2386 2049 diebus

1297 2065 1470 2113 vigesima
1503 2067 1625 2115 quinta
1643 2096 1654 2114 ,
1681 2069 1855 2116 vigesima
1883 2076 2000 2116 sexta,
2020 2071 2193 2119 vigesima
2213 2073 2382 2120 septima,

1298 2129 1471 2178 vigesima
1491 2137 1631 2170 octava.
1663 2131 1846 2181 Vigesima
1873 2143 1967 2171 nona
1997 2145 2042 2172 an
2068 2135 2127 2173 die
2155 2143 2236 2184 post
2251 2137 2384 2186 vigesi-

1298 2201 1394 2228 mam
1413 2199 1576 2231 octavam
1597 2201 1772 2242 sequente
1790 2196 1910 2234 habita
1928 2197 1998 2243 sit,
2033 2198 2231 2246 ignoratur.
2258 2200 2386 2248 Trige-

1299 2253 1390 2290 sima
1420 2263 1501 2291 cum
1533 2267 1700 2304 magnam
1731 2257 1994 2296 bebdomadem
2027 2261 2218 2309 attigisset,
2241 2269 2281 2300 ut
2307 2260 2384 2311 ipse

1299 2313 1581 2363 Chrysostomus
1598 2318 1676 2354 ait:
1695 2320 1878 2366 trigesima
1908 2321 2023 2368 prima
2053 2328 2091 2360 et
2120 2324 2303 2371 trigesima
2323 2336 2382 2362 sc-

1301 2376 1417 2413 cnnda
1433 2377 1469 2413 in
1488 2377 1724 2416 hebdomadis
1743 2387 1879 2418 sancta:
1895 2382 2038 2429 diebus,
2055 2385 2116 2432 qui
2133 2385 2260 2423 feriant
2277 2388 2383 2435 quin-

1301 2443 1374 2474 tam
1395 2438 1431 2475 in
1445 2449 1548 2476 coena
1572 2439 1712 2476 Domini
1736 2442 1958 2488 praecedunt.

1349 2501 1418 2538 llic
1451 2502 1558 2550 longo
1592 2504 1765 2550 temporis
1793 2506 1910 2552 spatio
1942 2505 2116 2544 llomilias
2145 2508 2180 2545 in
2212 2509 2381 2548 Genesim

1301 2563 1582 2612 Chrysostomus
1601 2565 1805 2614 intercepit,
1827 2577 1869 2605 ac
1889 2567 1977 2605 feria
1997 2569 2121 2617 quinta
2141 2571 2177 2607 in
2195 2581 2297 2608 caena
2319 2573 2383 2609 Do-

1301 2627 1389 2664 mini
1417 2626 1463 2664 de
1492 2627 1584 2664 .luda
1614 2628 1798 2676 proditore
1826 2630 1996 2678 loquuttts
2016 2638 2086 2676 est,
2108 2638 2143 2670 et
2165 2633 2252 2671 feria
2281 2642 2381 2672 sexta

1301 2689 1486 2728 homiliam
1511 2690 1558 2728 de
1583 2691 1712 2738 Cruce,
1731 2699 1839 2740 atque
1857 2694 1892 2730 in
1909 2695 1968 2732 die
1985 2702 2110 2732 sancto
2130 2697 2278 2734 Pascha:
2297 2709 2385 2735 ροη-

1300 2754 1442 2791 cionem
1469 2760 1594 2792 contra
1625 2754 1799 2792 Ebriosos
1828 2761 1865 2793 et
1891 2755 1936 2793 de
1969 2757 2270 2804 Resurrectiouc;
2301 2767 2384 2808 post

1301 2817 1439 2856 Pascha
1468 2824 1588 2856 autem
1617 2818 1791 2856 llomilias
1811 2819 1845 2856 in
1863 2819 2085 2868 Principium
2110 2823 2280 2860 Actorum
2302 2837 2310 2861 :
2334 2825 2381 2862 ita

1301 2887 1341 2918 ut
1361 2881 1586 2918 intermissas
1608 2880 1643 2917 in
1661 2880 1831 2919 Genesim
1851 2881 2018 2920 homilias
2038 2890 2118 2931 post
2139 2885 2379 2926 Pentecosteu

1302 2950 1438 2982 tantum
1452 2945 1753 2992 resumpseritJu
1774 2947 1953 2994 principio
1971 2948 2067 2985 enim
2089 2949 2247 2988 homilitc
2269 2952 2380 3000 trige-

1299 3007 1400 3044 sin'nc
1419 3007 1534 3045 tertiae
1554 3017 1594 3045 se
1620 3018 1640 3045 a
1664 3008 1778 3046 multo
1804 3009 1880 3057 jam
1912 3016 2075 3058 tempore
2101 3022 2248 3050 cursum
2279 3013 2380 3052 illum

1299 3069 1538 3109 intermisisse
1557 3072 1657 3110 dicit.
1692 3073 1778 3110 Post
1799 3074 2021 3129 trigesimatn
2038 3075 2180 3112 tertiam
2201 3077 2382 3126 trigesima

1299 3139 1425 3182 quarta
1442 3133 1646 3182 insequenti
1663 3133 1723 3172 die
1736 3135 1832 3172 dicta
1851 3135 1928 3181 fuit,
1947 3141 1984 3174 et
2004 3137 2177 3184 postridie
2197 3139 2379 3187 trigesima

1297 3197 1424 3244 quinta
1452 3207 1462 3233 :
1495 3196 1590 3235 hanc
1614 3197 1843 3234 continenter
1871 3197 2092 3246 subsequuta
2118 3207 2174 3238 est
2198 3201 2380 3250 trigesima

1298 3266 1414 3306 sexta,
1430 3270 1537 3308 quam
1551 3261 1694 3308 excepit
1713 3260 1894 3309 trigesima
1913 3263 2080 3310 septima.
2103 3263 2141 3301 In
2161 3266 2278 3304 triduo
2295 3276 2383 3304 cen-

1299 3322 1457 3360 tinentur
1473 3323 1536 3368 58,
1555 3323 1614 3367 59,
1631 3329 1668 3360 et
1685 3323 1732 3361 40
1753 3323 1883 3362 habitae
1899 3331 1994 3363 sunt.
2017 3327 2103 3365 Post
2121 3328 2257 3376 aliquot
2270 3329 2382 3368 inter-

1299 3387 1436 3433 positos
1453 3385 1534 3424 dies
1547 3385 1856 3434 quadragesimam
1875 3388 2026 3436 primam
2042 3390 2212 3429 habuisse
2225 3392 2379 3430 videtur.

1299 3448 1414 3486 Biduo
1441 3455 1562 3486 autem
1591 3449 1758 3496 sequenti
1785 3450 2098 3500 quadragesimum
2126 3454 2324 3492 secundam
2345 3458 2380 3489 et

1299 3510 1613 3558 quadragesimum
1643 3511 1798 3549 tertiam.
1833 3513 1962 3552 Postea
1991 3525 2078 3553 vero
2105 3515 2318 3554 concionem
2335 3513 2380 3549 de

1299 3571 1526 3609 Samaritana
1548 3571 1686 3617 habuit,
1707 3583 1750 3611 ac
1769 3575 1924 3614 subinde
1941 3577 2252 3624 quadragesimum
2271 3583 2379 3618 quar-

1301 3641 1371 3671 tam
1400 3635 1434 3671 in
1463 3634 1634 3674 Genesim
1658 3639 1910 3683 pronuntiat-it,
1925 3644 1962 3676 et
1975 3637 2086 3686 paulo
2099 3634 2381 3682 postcontinen-

1301 3703 1356 3736 ter
1373 3698 1420 3736 45
1437 3727 1447 3744 ,
1467 3698 1538 3744 46,
1565 3699 1613 3737 47
1629 3706 1670 3752 ,ει
1694 3701 1755 3747 43,
1777 3701 1942 3738 similiter
1965 3701 2012 3738 49
2032 3707 2069 3736 ct
2094 3698 2160 3739 50;
2183 3701 2218 3732 et
2244 3695 2384 3742 aliquot

1302 3768 1423 3807 postea
1463 3761 1590 3800 diebus
1621 3763 1953 3811 quinquagesimum
1985 3761 2134 3806 primam
2157 3770 2164 3791 ί
2189 3767 2381 3794 numerum

1299 3835 1434 3861 auxere
1451 3823 1560 3862 biduo
1580 3826 1743 3874 sequenti
1764 3824 1811 3861 5'2
1831 3831 1866 3860 et
1887 3823 1946 3859 55.

1348 3885 1689 3936 Quinquagesimam
1705 3891 1868 3933 quartam
1885 3881 2003 3919 emisit
2018 3885 2206 3927 postquam
2227 3879 2272 3918 dc
2285 3881 2382 3920 Con-

1295 3936 1470 3990 uersione
1501 3951 1614 3988 sancti
1643 3948 1798 3986 ltlattbaei
1819 3943 2030 3982 concionem
2050 3941 2224 3981 habuerat
2246 3956 2256 3982 :
2275 3955 2380 3990 quam
