2694 4342
349 225 414 262 17.9
1065 215 1102 254 S.
1129 211 1319 252 JOANNlS
1345 209 1435 248 ΕΗΒ

1509 207 1670 247 asrosu
1696 207 1818 252 VITA.
2259 193 2262 196 ’
2482 207 2538 246 ιιι

342 308 552 349 concionem
579 306 742 348 scquntae
769 301 854 334 sunt
873 295 934 338 55,
961 294 1032 338 56,
1061 293 1106 330 57
1131 298 1168 329 et
1192 291 1252 329 58.
1285 288 1428 328 Seriem

344 368 534 414 intercepit
558 363 685 402 concio
705 361 751 398 de
769 355 1096 397 Observationibus
1116 353 1294 402 legalibus
1309 380 1319 397 ,
1347 354 1431 398 post

344 443 450 483 quam
467 413 526 467 die
541 425 702 474 sequenti
719 419 1052 470 quinquagesimam
1069 426 1202 454 nonam
1217 415 1321 452 dixit.
1344 413 1432 448 Pau-

343 479 374 533 lo
388 499 474 542 post
488 497 607 528 autem
624 487 686 532 60,
710 486 770 528 6|,
793 483 854 528 62,
878 479 1146 529 pronuntiavit,
1167 487 1274 525 quam
1291 480 1432 524 postre-

343 538 438 594 mam
461 554 521 592 die
547 549 713 600 sequenti
731 547 957 596 sexagesima
983 544 1099 586 tertia,
1125 546 1274 590 sequuta
1293 538 1374 583 fuit,
1395 543 1432 574 et

345 617 450 667 paulo
461 611 784 664 postseaxgcsima
795 613 938 656 quarta,
959 611 996 642 et
1013 603 1188 652 postridie
1205 600 1430 648 sexagesima

345 679 484 727 quinta,
505 678 616 726 paulo
635 682 718 725 post
734 671 958 720 sexagesima
992 673 1108 712 sexta,
1140 667 1234 704 inter
1257 675 1365 712 quam
1395 669 1433 700 ct

345 740 608 789 sexagesimam
647 736 838 784 septimam
869 731 1004 780 aliquid
1039 731 1145 778 spatii
1181 727 1432 766 intercessisse

343 805 500 841 videtur.
534 802 666 849 Sicque
693 807 822 836 omnes
848 796 884 833 in
917 793 1088 832 Genesiin
1118 791 1312 830 conciones
1333 799 1432 826 com-

343 867 449 915 pleta:
471 864 627 902 fuerunt.

394 927 519 978 Stylus
535 922 786 974 Chrysostomi
805 921 840 958 in
855 919 920 956 his
940 918 1098 956 homiliis
1115 915 1238 954 nescio
1259 913 1344 962 quid
1363 923 1432 951 no-

345 993 380 1029 vi
404 1002 478 1040 prae
495 1000 535 1027 se
555 989 634 1026 fert.
656 987 708 1024 De
729 986 785 1022 his
804 983 962 1021 homiliis
982 982 1134 1029 loquens
1153 977 1434 1016 Photiusaithic

347 1054 529 1093 observari
545 1057 756 1090 consuetam
779 1045 1029 1097 Chrysostomi
1053 1045 1268 1083 claritatem.
1293 1040 1433 1090 purita-

346 1126 434 1164 tem,
447 1115 676 1164 splendorem
695 1119 731 1151 et
749 1112 889 1160 copiam
905 1108 1062 1151 dicendi,
1082 1106 1342 1144 sententiarum
1359 1103 1433 1140 frc-

345 1181 526 1229 quentiam
539 1184 574 1215 et
589 1177 856 1224 aptissimarum
866 1171 1141 1210 similitudinum
1159 1167 1431 1210 abundantiam;

349 1243 414 1280 sed
430 1252 491 1278 cas
503 1240 712 1278 remiSsiore
721 1243 758 1274 ct
768 1236 960 1272 humiliore
969 1233 1109 1271 dicendi
1121 1240 1255 1280 genere
1264 1230 1432 1277 scriptas,

349 1313 560 1352 tantumque
577 1302 744 1340 ilomiliis
763 1311 825 1338 seu
840 1297 1122 1336 Commentariis
1144 1296 1178 1332 in
1215 1295 1304 1332 Acta
1337 1293 1434 1340 stylo

349 1369 540 1406 inferiores
561 1377 656 1409 esse,
677 1372 850 1413 quantmn
886 1363 946 1398 illa
980 1362 1016 1398 in
1037 1361 1127 1397 Acta
1165 1356 1432 1395 Commentario

347 1433 518 1470 inferiora
534 1436 618 1468 sunt
633 1427 914 1467 Commentariis
933 1426 968 1462 in
983 1423 1164 1470 Epistolas
1190 1421 1288 1458 Pauli
1323 1425 1360 1456 et
1397 1419 1433 1455 in

347 1495 580 1534 Psalterium.
601 1494 652 1529 Ac
673 1501 799 1528 revera
823 1489 878 1525 lia:
899 1487 1092 1524 conciones
1107 1513 1116 1530 ,
1151 1485 1236 1521 licet
1265 1491 1434 1529 magnam

347 1559 550 1594 ubertatem
566 1561 674 1602 atque
691 1554 836 1592 solitam
851 1551 1100 1599 Chrysostouii
1121 1545 1339 1584 inventionis
1355 1544 1436 1582 fcli-

347 1621 496 1656 eitatem
515 1629 590 1665 pra:
605 1628 644 1653 se
661 1616 791 1659 ferant,
814 1626 886 1651 non
906 1621 1026 1650 tamen
1050 1611 1125 1660 pari
1144 1610 1264 1648 studio
1281 1609 1335 1646 vel
1371 1618 1434 1646 ac-

349 1682 537 1719 curatioue
555 1679 782 1716 concinnatae
803 1677 984 1713 videntur.
1007 1676 1072 1712 llic
1087 1685 1184 1720 saepe
1205 1672 1434 1709 animadver-

350 1754 403 1782 tas
423 1743 652 1790 longissimas
673 1741 745 1776 texi
763 1739 946 1786 periodos.
969 1748 1048 1784 quae
1081 1737 1320 1783 parenthcscs
1347 1735 1437 1770 alias

350 1805 560 1853 superalias
576 1808 647 1839 tam
669 1801 877 1846 frequenter
891 1798 1100 1840 exhibeant,
1123 1803 1162 1832 ut
1182 1796 1350 1842 principii
1367 1795 1434 1830 ob-

351 1870 434 1905 litus
469 1870 605 1907 orator,
647 1861 862 1900 sententiam
896 1857 1143 1905 imperfectam
1173 1857 1364 1904 relinquat,
1401 1861 1438 1893 et

351 1929 544 1978 aliqua-udo
577 1926 726 1964 verbum
755 1923 800 1960 ad
817 1923 972 1959 ordinem
1001 1919 1250 1958 necessarium
1287 1924 1437 1966 prmtcr-

352 1994 482 2030 mittat.
505 1990 628 2038 Neque
647 1997 734 2025 vero
747 1986 782 2024 id
802 1986 932 2022 mirum
950 1985 1014 2020 tibi
1034 1983 1212 2026 videatur,
1229 1982 1259 2018 si
1282 1991 1437 2028 perpen-

353 2059 430 2101 das,
448 2054 616 2103 periodos
631 2052 713 2089 illas
728 2048 922 2098 aliquando
954 2049 1002 2084 ita
1036 2047 1198 2091 extendi,
1233 2047 1291 2080 vix
1324 2050 1362 2082 ut
1400 2043 1436 2080 in

353 2120 480 2167 pagina
501 2127 571 2152 una
591 2114 838 2151 absolvantur.
865 2111 956 2148 llinc
991 2109 1126 2146 inferas
1156 2115 1338 2145 oratorem
1367 2117 1436 2144 n0-

353 2189 468 2218 struin
503 2179 581 2214 lucc
611 2176 908 2216 concinnantent,
929 2183 1002 2208 non
1022 2171 1070 2208 ita
1098 2181 1243 2218 semper
1273 2175 1436 2216 paratum

356 2243 639 2287 meditatumque
657 2238 702 2274 ad
719 2237 930 2274 concionem
967 2235 1122 2278 venisse,
1159 2232 1223 2270 sed
1257 2232 1367 2268 multa
1392 2241 1437 2268 ex

355 2315 517 2352 tempore
531 2310 572 2340 ut
583 2301 694 2338 menti
715 2310 796 2338 sese
808 2298 1008 2336 offerebant
1019 2298 1168 2335 dixisse.

402 2368 439 2405 Si
461 2375 605 2404 causam
625 2374 734 2412 porro
755 2373 910 2410 qumras,
942 2361 1146 2409 perpendas
1176 2360 1284 2398 velim
1318 2360 1436 2408 ipsum

357 2432 392 2468 in
417 2429 485 2466 hac
503 2427 788 2474 Quadragcsima
813 2425 858 2462 ad
885 2435 1001 2472 usque
1033 2423 1272 2461 hebdomadis
1303 2429 1438 2460 sanctze

357 2493 561 2534 dimidium,
584 2500 654 2526 non
669 2487 866 2525 niodoilias
888 2487 1034 2534 triginta
1053 2486 1143 2524 duas
1159 2489 1298 2534 priores
1319 2486 1438 2522 homi-

356 2557 423 2592 lias
438 2555 622 2599 habuisse,
643 2551 705 2590 sed
725 2552 834 2589 etiam
859 2551 949 2588 alias
967 2550 1164 2588 identidem
1200 2556 1435 2594 memoratas,

357 2630 436 2665 quae
452 2618 625 2655 suadente
639 2617 806 2664 quapiam
829 2614 1002 2661 temporis
1037 2613 1230 2650 occasione
1261 2613 1436 2650 ilomilia-

357 2683 486 2720 rumio
508 2680 677 2719 Geucsim
697 2689 842 2716 cursum
878 2677 1172 2724 interpellabant,
1208 2682 1243 2714 et
1282 2677 1438 2714 fortasse

355 2747 444 2782 alias
458 2755 600 2792 quoque
618 2743 754 2780 dixisse
769 2742 814 2778 ab
831 2753 870 2779 se
885 2753 958 2778 non
979 2749 1299 2786 commemoratas,
1323 2741 1370 2778 ita
1399 2747 1438 2778 ut

356 2808 514 2855 quotidie
530 2806 657 2850 ferme,
673 2812 710 2843 et
727 2805 872 2852 quidem
893 2804 1104 2851 longissime
1120 2805 1358 2841 concinnatus
1376 2804 1436 2840 sit.

359 2870 394 2907 ld
415 2875 534 2906 autem
557 2880 574 2904 a
593 2869 670 2905 viro
683 2868 885 2916 pnesertim
903 2868 962 2915 qui
976 2877 1040 2915 per
1059 2873 1171 2904 totum
1194 2878 1327 2904 annum
1346 2877 1436 2904 eon-

357 2933 522 2970 cionandi
543 2932 701 2969 officium
721 2929 1000 2978 exsequebatur,
1028 2940 1100 2967 non
1132 2940 1240 2977 posse
1270 2930 1350 2966 sine
1371 2941 1438 2967 ex-

357 2995 547 3042 temporali
587 2994 849 3031 declamatione
883 2992 1079 3029 identidem
1123 2993 1252 3029 saltem
1286 2993 1438 3040 repetita

358 3057 534 3104 praestari,
553 3056 730 3094 fateamur
747 3065 898 3092 necesse
915 3060 983 3094 est.
1001 3054 1038 3091 ln
1055 3055 1294 3102 extemporali
1316 3061 1437 3092 autem

357 3119 635 3163 declamatione,
658 3117 718 3154 ubi
737 3118 920 3166 ingenium
933 3124 1034 3154 tanta
1056 3117 1195 3164 pollens
1214 3106 1436 3163 inventione,

361 3191 450 3216 nova
466 3190 612 3228 semper
627 3182 760 3217 oratori
777 3180 996 3228 suppeditat,
1015 3181 1103 3228 quid
1125 3181 1256 3216 mirum
1277 3182 1307 3217 si
1343 3191 1438 3217 non-

361 3252 555 3289 numquam
569 3249 694 3280 contra
709 3245 970 3292 prteceptioncs
982 3245 1235 3292 grammaticas
1252 3249 1436 3292 peccetur,

358 3305 424 3340 etsi
446 3305 564 3342 minor
582 3307 729 3354 ἀκρίϐεια
742 3307 778 3342 in
794 3308 936 3354 syntaxi
951 3313 1131 3344 occurrat.

413 3371 580 3410 Diximus
604 3373 912 3422 Chrysostomum
953 3375 1198 3412 Homiliarum
1242 3375 1278 3411 in
1316 3375 1436 3411 Gene-

359 3436 430 3468 sim
469 3442 620 3470 cursum
655 3433 900 3482 intercepisse
927 3436 987 3483 (T.
1020 3437 1056 3474 2.
1081 3449 1113 3474 ιν.
1142 3436 1241 3484 571),
1281 3441 1321 3471 ιιι
1344 3435 1436 3472 feria

361 3496 492 3543 quinta
532 3496 570 3532 in
611 3494 727 3532 Coena
761 3496 906 3535 Domini
929 3499 977 3536 de
997 3499 1092 3537 Juda
1126 3499 1316 3546 proditore
1356 3506 1439 3544 age-

361 3563 434 3596 ret.
455 3557 655 3596 Homiliam
686 3569 775 3597 vero
795 3560 841 3598 de
855 3561 951 3598 Juda
972 3562 1165 3610 proditore
1187 3560 1328 3606 aliquot
1351 3563 1437 3594 ante

363 3631 494 3665 annos,
525 3625 566 3657 ut
603 3620 758 3659 credere
781 3627 854 3667 est,
886 3623 963 3670 jam
998 3624 1194 3664 habuerat,
1231 3621 1294 3658 sed
1337 3620 1446 3657 illam.

362 3685 829 3735 retraetavit,initiumquc
848 3687 1022 3726 mutavit.
1039 3693 1075 3723 et
1091 3685 1260 3732 quzcdam
1283 3683 1437 3724 addidit,

363 3751 402 3781 ut
420 3757 502 3783 eam
525 3747 616 3784 feria
637 3749 765 3796 quinta
793 3749 829 3786 in
857 3748 970 3786 Coena
993 3747 1139 3782 Domini
1159 3746 1314 3788 diceret,
1338 3743 1437 3791 quod

363 3808 473 3845 etiam
497 3809 534 3846 in
551 3810 636 3848 aliis
657 3811 821 3849 homiliis
839 3811 974 3848 fecisse
990 3807 1294 3855 deprehenditur.
1319 3805 1438 3843 Occa-

367 3871 473 3908 sione
487 3873 709 3919 proditionis
725 3873 831 3912 Judac
851 3874 956 3914 dicit,
981 3882 1055 3908 non
1073 3870 1296 3908 necessitate
1315 3867 1436 3904 homi-

368 3941 450 3968 nem
473 3934 515 3969 ad
537 3933 676 3972 bonum
702 3935 882 3983 pertrahi,
908 3933 1104 3981 ipsumque
1123 3941 1167 3968 ex
1196 3930 1312 3968 libero
1339 3930 1437 3967 arbi-

1507 289 1580 325 trio
1609 288 1667 325 vel
1703 287 1844 324 bonum
1874 285 1932 324 vel
1956 285 2093 322 malum
2117 283 2273 332 deligere
2293 287 2328 321 et
2344 291 2540 332 perpetrare.

1550 349 1654 396 Quod
1667 349 1703 386 in
1713 349 1864 386 homilia
1877 348 2024 387 deJuda
2037 339 2223 396 proditore
2232 346 2540 393 animadvertimus,

1506 410 1662 458 idipsum
1678 409 1986 458 deprehendimus
2001 420 2036 446 tu
2055 408 2228 446 concione
2244 409 2288 446 de
2305 407 2413 448 Cruce
2426 420 2466 449 ac
2489 411 2542 451 La-

1505 479 1723 522 trone,quze
1755 473 1793 510 in
1825 473 1885 511 die
1919 473 2138 510 Parascevcs
2171 471 2291 510 habita
2321 472 2404 519 fuit;
2437 486 2542 525 nempe

1504 535 1824 584 Chrysostomum,
1843 545 1952 583 quam
1988 534 2126 582 aliquot
2148 540 2231 572 ante
2267 545 2376 572 annos
2405 537 2544 577 habuisse

1503 599 1662 644 videtur,
1683 599 1849 637 eamdem
1867 599 2038 637 secundis
2052 599 2148 636 curis
2175 599 2404 646 recOgnitam,
2436 602 2547 650 etqui-

1505 661 1658 700 busdam
1679 661 1715 698 in
1734 661 1835 703 locis,
1856 661 1892 698 in
1914 659 2091 709 principio
2112 660 2268 698 maxime
2293 666 2468 706 mutatam,
2497 673 2548 700 eo-

1505 723 1589 761 dem
1607 729 1818 761 recurrente
1838 722 1898 761 die
1916 723 2140 760 Parasceves
2162 722 2290 759 iterum
2311 725 2546 770 pronuntiasse.

1505 787 1584 826 Non
1605 789 1720 826 series
1740 787 1850 825 modo
1869 787 1995 824 eadem
2015 793 2084 832 est,
2107 786 2169 824 sed
2181 787 2286 823 etiam
2305 787 2406 824 verba
2419 787 2540 834 plerum

1506 863 1603 900 que;
1629 859 1738 900 atque
1754 851 1954 900 Scriptura:
1982 851 2061 888 loca
2095 850 2222 888 eodem
2251 850 2328 898 ipso
2357 850 2390 887 in
2423 857 2545 900 utraque

1506 915 1635 952 ordine
1659 915 1836 951 locantur.
1857 913 1946 960 Qua:
1965 913 2076 961 prior,
2099 923 2178 960 qua:
2197 912 2369 960 posterior
2385 913 2468 950 dicta
2486 913 2543 951 fue-

1507 978 1568 1022 rit,
1586 987 1659 1014 non
1683 977 1731 1013 ita
1750 976 1855 1014 facile
1873 983 1929 1014 est
1959 963 2247 1023 deprehendere.
2268 974 2393 1012 Verum
2427 987 2465 1013 ex
2490 976 2542 1020 iis,

1506 1050 1587 1087 quzc
1601 1049 1701 1076 num.
1718 1039 1741 1076 5
1761 1039 1794 1076 in
1814 1046 1968 1086 utraque
1986 1037 2169 1082 dicuntur,
2189 1036 2320 1084 aliquid
2338 1037 2420 1074 lucis
2431 1037 2468 1074 ad
2486 1047 2544 1076 rem

1505 1101 1758 1138 excutiendam
1775 1101 1925 1138 affertur
1941 1114 1950 1138 :
1964 1108 2048 1137 nam
2061 1101 2095 1136 in
2110 1100 2241 1148 priore,
2253 1100 2350 1147 cujus
2363 1101 2483 1137 initium
2492 1107 2543 1146 est,

1509 1166 1610 1202 hodie
1621 1165 1792 1210 Christus,
1809 1165 1862 1202 sic
1877 1165 2008 1224 lpgitur
2026 1163 2236 1202 :lmitemnr
2251 1163 2358 1210 itaque
2375 1169 2403 1198 et
2421 1174 2473 1200 nos
2487 1161 2546 1200 Do-

1507 1229 1654 1274 minum,
1672 1235 1703 1264 et
1715 1239 1778 1275 pro
1797 1227 1946 1264 inimicis
1965 1236 2166 1274 precemur:
2184 1225 2334 1261 eamdem
2348 1226 2429 1261 enim
2446 1226 2546 1261 cohor-

1507 1293 1670 1329 tationem
1689 1303 1839 1328 resumo.
1864 1290 1948 1327 Jam
1965 1291 2084 1338 quinto
2102 1290 2156 1326 die
2173 1288 2264 1325 vobis
2281 1288 2320 1324 de
2341 1289 2445 1324 eodem
2462 1299 2545 1336 argu-

1507 1363 1618 1392 mento
1647 1355 1793 1391 dissero.
1823 1354 1912 1400 Qua:
1941 1363 2028 1391 vero
2044 1351 2224 1401 posterior
2241 1351 2372 1388 locatur
2385 1351 2430 1386 sic
2444 1350 2545 1386 habet:

1507 1418 1690 1455 Imitemur
1709 1424 1740 1454 et
1757 1428 1818 1455 nos
1838 1416 2040 1461 Dominum,
2075 1422 2106 1451 et
2141 1425 2204 1462 pro
2223 1414 2362 1450 inimicis
2391 1423 2546 1461 precentur.

1510 1481 1596 1526 Qua:
1615 1481 1688 1517 heri
1709 1479 1842 1521 monui,
1863 1478 2059 1515 earumdem
2071 1484 2101 1514 et
2118 1488 2206 1513 nunc
2221 1476 2478 1523 commonefacit),
2493 1475 2547 1510 sri-

1509 1554 1567 1579 ens
1587 1542 1748 1590 prwclari
1769 1543 1852 1591 [acti
1876 1539 2164 1588 magnitudinem.
2183 1539 2267 1576 inde
2284 1549 2367 1575 vero
2399 1537 2546 1584 liquidum

1508 1616 1590 1642 esse
1605 1604 1764 1651 videtur,
1779 1605 2020 1652 posteriorem
2034 1613 2113 1640 eam
2129 1613 2222 1644 esse.
2251 1613 2329 1650 qum
2349 1607 2419 1648 post
2451 1600 2548 1637 llnmi-

1509 1669 1577 1705 lius
1595 1669 1630 1704 in
1647 1668 1820 1706 Genesim
1836 1668 1871 1704 in
1883 1667 2165 1715 Quadragesima
2188 1666 2323 1714 habitas
2344 1665 2396 1700 die
2411 1663 2548 1699 l’araSre-

1511 1743 1574 1769 ves
1587 1731 1684 1768 dicta
1698 1731 1763 1768 fuit
1782 1742 1885 1768 :nam
1901 1732 1934 1768 in
1948 1729 2117 1768 Ilomiliis
2130 1729 2164 1766 in
2177 1728 2340 1767 Gcnesim
2356 1727 2410 1772 50,
2432 1727 2483 1768 3i,
2501 1725 2548 1768 δὲ,

1511 1805 1556 1832 ne
1581 1795 1720 1831 minime
1747 1794 1894 1842 quidem
1912 1794 1957 1832 de
1974 1795 2142 1842 precibus
2172 1804 2236 1840 pro
2265 1791 2412 1828 inimicis
2441 1789 2549 1825 dictum

1510 1857 1592 1902 fuit,
1617 1856 1770 1904 ideoque
1789 1857 1824 1894 in
1848 1863 2031 1904 postrema
2052 1857 2168 1894 locum
2205 1854 2350 1892 mutavit
2366 1852 2549 1900 Chrysosto-

1509 1928 1604 1963 mus,
1621 1923 1658 1955 et
1675 1917 1722 1955 de
1741 1918 1911 1965 precibus
1931 1929 1997 1966 pro
2016 1917 2174 1956 inimicis
2201 1917 2235 1954 in
2269 1915 2408 1952 homilia
2437 1921 2546 1962 parce-

1509 1979 1608 2016 denti
1629 1979 1674 2016 de
1688 1979 1780 2016 Juda
1795 1981 1982 2028 proditore
2004 1987 2141 2018 tantum
2157 1978 2327 2027 loquitur.
2343 1975 2427 2014 Vide
2447 1975 2476 2011 in
2496 1972 2553 2009 ilo-

1510 2044 1586 2080 nito
1604 2043 1648 2080 ad
1671 2043 1764 2081 hanc
1785 2045 1973 2081 homiliam
1994 2044 2035 2081 T.
2055 2044 2094 2089 2,
2110 2055 2142 2080 c.
2161 2042 2243 2080 597.

1559 2106 1597 2143 ln
1613 2107 1671 2144 die
1689 2107 1982 2146 Rcsurrectionis
1997 2107 2144 2145 Domini
2157 2106 2282 2144 eodem
2301 2114 2391 2141 anno
2405 2102 2486 2139 dicta
2504 2100 2553 2136 fuit

1511 2169 1664 2205 llotuilia
1677 2175 1802 2206 contra
1816 2170 1988 2207 Ebriosos
1999 2169 2092 2208 etde
2104 2167 2373 2206 Resurrectione
2407 2163 2459 2212 (T.
2477 2162 2508 2198 9..
2529 2173 2551 2198 ί.

1511 2231 1616 2278 417).
1635 2231 1736 2268 lianc
1759 2243 1846 2269 vero
1870 2233 2084 2269 eoncionem
2101 2232 2155 2268 sic
2182 2236 2354 2268 memorat
2372 2227 2553 2275 Chrysosto—

1509 2305 1590 2332 mus
1607 2295 1755 2333 homilia
1779 2297 1896 2344 prima
1925 2295 1964 2346 (6
2003 2294 2182 2344 Januarii)
2208 2295 2242 2331 in
2272 2291 2477 2338 Principium
2506 2288 2556 2323 Ac-

1511 2363 1648 2402 torum,
1669 2368 1750 2406 qua:
1765 2359 1892 2396 eodem
1909 2359 1988 2406 ipso
2007 2369 2102 2395 anno
2121 2358 2228 2405 paulo
2246 2361 2326 2404 post
2355 2353 2478 2391 Pascha
2507 2349 2554 2385 ha-

1510 2421 1582 2457 bita
1600 2420 1682 2466 fuit,
1705 2433 1806 2459 num.
1828 2422 1853 2459 2
1873 2435 1882 2460 :
1907 2421 1990 2458 Non
2011 2429 2090 2458 sunt
2110 2423 2215 2470 igitur
2233 2420 2356 2456 malum
2374 2416 2496 2456 divitia,
2511 2413 2555 2448 sal

1511 2483 1711 2531 illegitinms
1730 2496 1848 2520 earum
1867 2496 1948 2522 usus
1966 2491 2015 2521 est
2045 2485 2174 2521 malum
2197 2495 2209 2520 :
2231 2488 2260 2520 et
2291 2483 2374 2518 sicut
2401 2487 2496 2525 nuper
2523 2473 2554 2509 de

1511 2547 1672 2584 ebrietate
1691 2549 1793 2585 verba
1813 2550 1956 2596 faciens,
1973 2559 2040 2584 non
2056 2548 2173 2584 vinum
2204 2545 2423 2586 accusabam;
2456 2540 2556 2587 φάριιε

1510 2620 1588 2644 cuni
1621 2611 1732 2646 omnis
1765 2617 1921 2646 rreatura
1952 2611 2018 2646 Dei
2040 2611 2128 2647 bona
2154 2611 2216 2654 sit,
2252 2618 2328 2656 qua:
2357 2616 2428 2642 cum
2451 2601 2554 2652 gratia-

1510 2682 1588 2706 rum
1612 2672 1746 2708 actione
1771 2672 1985 2719 percipitur;
2013 2671 2074 2708 sed
2097 2671 2227 2708 malum
2257 2681 2366 2712 usutn,
2395 2673 2458 2704 etc.
2487 2663 2556 2708 Qum

1511 2735 1621 2770 verba
1643 2743 1724 2769 cum
1748 2733 1816 2769 hac
1853 2733 2030 2770 concione
2063 2734 2156 2771 mire
2189 2737 2398 2774 consonant,
2427 2725 2557 2764 maxime

1511 2805 1598 2831 vero
1618 2805 1699 2831 cum
1722 2794 1791 2832 hoc
1815 2795 1978 2841 ejusdem
2010 2796 2089 2832 loco
2125 2808 2134 2833 :
2162 2795 2394 2832 Abstineanms
2418 2789 2454 2825 ab
2471 2785 2555 2823 ebrie-

1512 2864 1580 2894 tate
1599 2868 1611 2894 :
1629 2869 1697 2894 non
1713 2857 1790 2894 dico
1811 2858 1889 2902 hoc,
1903 2858 2134 2895 abstineamus
2152 2870 2173 2894 a
2189 2859 2280 2902 vino,
2297 2856 2354 2892 sed
2371 2854 2410 2890 ab
2426 2850 2558 2888 ebrietate

1511 2921 1753 2958 abstineamus.
1778 2921 1860 2958 Non
1883 2922 1999 2958 uinum
2031 2923 2129 2970 efﬁcit
2165 2921 2380 2961 ebrietatem;
2411 2921 2455 2952 est
2485 2910 2556 2948 alim

1510 2983 1578 3020 Dei
1598 2991 1754 3020 creatura
1771 2995 1784 3020 .'
1804 2984 1868 3021 Dei
1884 2997 1986 3029 porro
2006 2992 2163 3022 creatura
2179 2985 2266 3021 nihil
2283 2982 2376 3031 eﬂicit
2400 2976 2473 3016 mali
2485 2987 2496 3019 ;
2510 2970 2558 3008 sed

1511 3047 1672 3083 voluntas
1693 3047 1786 3083 mala
1805 3047 1905 3094 e/ﬁcit
1925 3047 2121 3084 ebrietatem
2135 3076 2144 3093 ,
2162 3053 2232 3084 etc.
2254 3047 2442 3092 Postquam
2459 3042 2556 3074 autent

1511 3110 1557 3148 de
1574 3120 1660 3147 vero
1678 3110 1805 3157 jejunii
1826 3121 1892 3147 usu
1907 3117 1943 3147 et
1957 3117 2084 3148 contra
2101 3110 2311 3148 ebrietatem
2333 3108 2486 3154 loquutus
2503 3101 2556 3143 est,

1513 3172 1601 3209 dicit
1619 3173 1753 3209 nuliam
1775 3183 1858 3210 esse
1880 3183 2114 3220 personarum
2145 3172 2409 3210 distinctionem
2437 3167 2467 3202 in
2487 3170 2554 3210 ρπ-

1513 3236 1721 3283 ticipatione
1743 3237 2024 3284 mysteriorum:
2045 3237 2228 3274 autetiam
2244 3247 2283 3272 se
2297 3238 2428 3281 septem
2443 3228 2556 3265 dierum

1512 3300 1629 3346 spatio
1641 3298 1802 3346 quotidie
1816 3299 2113 3338 concionaturum
2135 3311 2228 3338 esse.
2251 3299 2285 3336 In
2302 3298 2368 3335 hac
2382 3302 2478 3344 porro
2489 3297 2557 3325 con-

1511 3363 1616 3399 cione
1627 3362 1955 3410 Manuscriptorum
1977 3373 2046 3410 0pc
2060 3364 2196 3400 hiatum
2214 3371 2378 3410 magnum
2396 3355 2556 3394 sarsimus.

1561 3437 1726 3475 Homiliw
1743 3439 1778 3475 in
1801 3439 2020 3486 Principium
2053 3441 2228 3477 Actorum.
2249 3459 2297 3466 —
2315 3437 2410 3474 Hanc
2438 3427 2558 3468 contio-

1513 3511 1594 3538 nem
1613 3508 1775 3549 sequuta:
1793 3508 1877 3539 sunt
1897 3502 1990 3546 alia},
2010 3513 2160 3550 quarum
2181 3501 2332 3539 fortasse
2349 3495 2500 3546 quaedam
2517 3490 2558 3526 iu-

1512 3564 1749 3609 tercidcrunt,
1781 3565 1811 3602 si
1832 3564 1977 3612 quidem
2011 3565 2164 3612 singulis
2197 3565 2324 3602 diebus
2351 3558 2560 3599 concinnatus

1511 3627 1557 3661 sit
1573 3625 1630 3671 (T.
1643 3627 1678 3664 5.
1693 3637 1724 3664 ε.
1739 3626 1814 3675 65).
1837 3627 1933 3664 Inter
1949 3637 2011 3664 eas
2033 3637 2133 3672 vero,
2147 3637 2236 3674 quas
2246 3625 2349 3673 paulo
2361 3613 2560 3671 postPaschﬁ

1511 3689 1616 3733 dixit,
1649 3697 1887 3726 numerantur
1905 3689 2072 3726 Humilia:
2093 3689 2127 3725 in
2150 3687 2366 3734 Principium
2394 3684 2561 3720 Actorum.

1511 3760 1591 3797 qua:
1613 3751 1768 3799 irrprius
1789 3752 1897 3789 editis
1915 3751 2021 3799 loogo
2048 3751 2236 3788 intervallo
2265 3751 2434 3796 separata:
2459 3743 2560 3778 eranls

1511 3823 1672 3860 quasque
1699 3825 1779 3860 nos,
1799 3815 1878 3862 ipso
1897 3813 2272 3863 Chrysostomoduce,
2289 3809 2504 3848 continenter
2515 3809 2563 3848 p0-

1511 3875 1665 3921 suinuts,
1677 3883 1715 3913 ut
1726 3878 1800 3924 ipsa
1814 3878 1990 3924 temporis
2003 3884 2038 3914 et
2049 3875 2248 3924 argumenti
2264 3873 2352 3910 ratio
2364 3864 2562 3918 postulabat;

1514 3937 1612 3974 itaut
1630 3940 1815 3987 assignare
1827 3939 1861 3977 in
1876 3946 2042 3988 promptu
2055 3939 2158 3976 fuerit
2173 3965 2182 3981 ,
2195 3947 2272 3984 qua:
2291 3935 2336 3971 sit
2358 3932 2477 3980 prima»
2493 3932 2561 3973 αυεε
