2694 4342
390 257 455 295 lus

382 344 446 371 cur
457 333 577 374 Petro,
591 339 654 367 cur
665 327 749 366 aliis
765 326 800 363 in
816 325 938 364 Veteri
948 324 1184 364 Testamento
1203 333 1381 363 tnntatum
1405 335 1472 362 no-

387 405 466 432 men
482 391 651 430 fueritJd
670 390 768 427 enim
791 390 868 437 ipse
889 395 1134 445 narratpum.
1155 389 1180 426 9.
1198 401 1206 428 :
1229 388 1348 437 Neque
1368 390 1470 434 enim,

386 457 442 497 ait,
466 455 508 491 de
525 452 624 489 rebus
645 451 836 490 trivialibus
851 453 1074 499 quwstionent
1089 452 1252 489 habemus
1271 451 1372 489 hodie
1386 480 1395 496 ,
1415 451 1476 488 sed

386 518 422 553 ile
439 527 476 552 re
492 525 568 562 qua:
586 515 688 563 carpit
705 514 843 562 quidem
862 515 1023 552 hesterno
1037 514 1094 551 die
1106 515 1268 564 proponi,
1284 526 1352 551 non
1364 515 1475 562 potuit

383 585 493 614 autent
511 577 637 614 solutio
659 577 859 625 quwstionis
888 575 1010 622 a/I'erri
1025 605 1036 622 ,
1058 585 1199 624 propter
1217 589 1336 614 eorum
1354 577 1474 614 multi-

383 640 534 677 tudinem
561 650 639 688 qua:
660 641 798 689 fuerant
826 640 863 676 in
891 639 1044 676 medium
1079 640 1228 687 prolata.
1258 639 1351 684 Quid
1387 639 1477 677 illud

382 714 485 752 pnrro
505 702 587 739 est?
607 701 661 738 De
681 702 860 738 nominum
879 701 1100 753 impositione
1123 702 1267 750 qutestio
1287 708 1384 748 erat,
1399 713 1478 751 quce

385 764 476 801 Deus
508 765 636 801 sanctis
672 765 848 812 imposuit.
885 764 932 802 Et
960 764 1178 812 quibusdam
1219 765 1474 814 interpositis:

383 826 490 863 Pauli
523 827 681 875 facinora
710 838 855 864 narrare
883 827 1126 876 cupiebamus,
1141 829 1286 876 jamque
1325 828 1478 866 historia:

382 890 606 938 attigeramus
632 890 813 927 exordium
831 919 841 936 ,
879 897 910 927 ct
937 890 991 927 his
1009 890 1118 928 verbis
1136 881 1338 938 conceptum
1354 902 1478 928 narra—

383 954 485 990 tionis
503 955 639 990 initium
658 955 850 991 invenimus
868 965 881 991 :
902 954 1034 992 Saulus
1051 962 1174 993 autem
1193 955 1312 993 adhuc
1332 956 1476 1004 spirans

384 1017 501 1054 tniuas
518 1023 555 1055 et
574 1018 712 1055 codem
731 1018 766 1055 in
786 1018 985 1067 discipulos
1002 1019 1160 1064 Domini,
1177 1020 1341 1056 continuo
1357 1020 1477 1056 turba-

384 1080 430 1116 rit
452 1092 514 1118 nos
532 1081 676 1117 mutatio
697 1082 845 1120 nominis
863 1092 876 1118 :
896 1088 933 1120 et
949 1087 1082 1120 castora
1108 1082 1154 1120 de
1175 1083 1364 1120 nominum
1393 1093 1477 1120 mu-

385 1143 521 1180 tatione
537 1171 547 1189 ,
570 1155 651 1192 qua:
689 1144 851 1191 pluribus
882 1145 943 1184 ille
975 1147 1236 1194 prosequitur:
1255 1146 1305 1184 ita
1333 1152 1375 1184 ut
1398 1144 1478 1184 ba:c

386 1206 516 1243 concio
538 1206 584 1243 sit
603 1217 668 1244 ceu
686 1207 996 1255 complementum
1015 1208 1269 1256 prmcedentis.
1468 1211 1469 1214 “

436 1267 537 1304 lianc
563 1267 748 1305 bomiliam
769 1276 944 1317 sequutus
970 1277 1026 1308 est
1052 1281 1174 1308 sermo
1195 1270 1254 1318 (T.
1269 1271 1475 1319 4.c.619).

387 1331 449 1378 qui
466 1338 545 1378 post
568 1331 744 1370 llomilias
770 1334 806 1369 in
827 1332 998 1370 Genesim
1020 1343 1137 1370 nonus
1152 1340 1384 1378 numeratur,
1415 1333 1478 1370 ubi

387 1394 468 1431 dum
499 1395 571 1432 illae
590 1395 635 1432 dc
662 1396 793 1442 quibus
821 1397 932 1434 modo
965 1397 1105 1445 egimus
1143 1397 1304 1434 homilia:
1336 1408 1478 1434 memo-

385 1463 513 1494 rantur
529 1485 538 1502 ,
559 1464 594 1494 et
612 1458 657 1494 de
673 1458 869 1496 Mntatione
888 1460 1047 1496 nominis
1064 1459 1235 1504 Abralim,
1251 1460 1371 1508 deque
1389 1460 1478 1497 alio-

387 1531 466 1557 rum
483 1521 669 1558 nominum
692 1525 945 1571 propriorum,
962 1534 1042 1571 qua:
1061 1524 1097 1560 in
1110 1523 1232 1561 Veteri
1244 1523 1480 1560 Testamento

387 1589 496 1626 sunt,
521 1583 786 1632 signiﬁcatione
808 1592 994 1624 tractatur.
1018 1586 1058 1623 In
1086 1585 1156 1623 hoc
1186 1595 1378 1629 sermone,
1395 1595 1479 1634 per-

389 1644 474 1682 inde
493 1652 602 1693 atque
622 1647 657 1682 in
675 1649 966 1694 pra:ecdentibus
983 1649 1154 1695 homiliis,
1177 1649 1286 1698 longo
1299 1649 1480 1697 prowmio

389 1718 477 1744 usus
495 1714 550 1744 est
568 1707 863 1757 Cbrysoslomus.
885 1712 977 1749 lline
999 1713 1239 1760 querimonia:
1259 1713 1380 1760 populi
1400 1713 1478 1750 An-

390 1769 549 1807 tiochcni
567 1798 577 1816 ,
599 1771 646 1807 ob
673 1772 821 1808 nimiam
844 1773 1107 1820 procemiorum
1127 1775 1387 1822 prolixitatem.
1407 1775 1480 1812 CII-

386 1831 446 1879 jus
479 1833 716 1880 querimonia:
756 1835 972 1880 occasione,
1007 1836 1134 1883 paucis
1169 1835 1304 1883 elapsis
1351 1837 1479 1874 diebus

391 1894 488 1930 illam
508 1894 554 1931 de
578 1894 736 1933 ferendis
751 1896 1112 1944 Reprehensionibus
1131 1898 1318 1935 homiliam
1339 1899 1478 1943 habuit,

389 1967 497 2004 quam
518 1967 584 1995 nos
600 1957 636 1995 in
654 1960 749 1996 serie
768 1950 997 1998 homiliarum
1011 1960 1057 1998 de
1067 1959 1263 1998 Nominum
1281 1962 1480 2000 mutatioue

391 2021 534 2057 tertiam
556 2021 724 2068 ponimus
741 2051 751 2067 ,
773 2023 856 2070 quia
879 2023 956 2070 ipsa
977 2023 1063 2060 licet
1089 2023 1124 2060 in
1146 2024 1248 2071 prius
1267 2013 1374 2062 editis
1405 2025 1480 2075 dis-

392 2090 507 2121 tracta
544 2092 580 2122 et
617 2087 741 2132 procul
776 2087 823 2123 ab
851 2087 932 2124 aliis
966 2087 1110 2135 posita,
1142 2098 1224 2126 sese
1261 2088 1380 2136 prodit
1411 2090 1480 2127 hoc

392 2146 520 2183 ordine
536 2148 742 2194 ponendam
763 2158 845 2186 eSse
867 2159 968 2186 num.
991 2149 1014 2188 3
1033 2149 1091 2187 bis
1110 2151 1234 2189 verbis
1256 2163 1265 2188 :
1283 2150 1338 2188 De
1363 2151 1480 2190 Paulo

391 2215 504 2244 autem
533 2221 644 2246 sermo
664 2212 759 2248 nobis
791 2223 900 2260 nuper
921 2220 1021 2260 erat,
1042 2213 1181 2260 quando
1211 2215 1254 2250 de
1286 2215 1479 2252 nominibus

392 2271 640 2310 disserebamus
654 2302 663 2318 ,
685 2274 988 2322 quwrcbamusque
1013 2287 1074 2313 cur
1101 2277 1289 2325 aliquando
1317 2277 1448 2316 Saulus
1466 2307 1477 2324 ,

391 2339 508 2380 postea
527 2345 604 2371 vero
630 2333 767 2373 Paulus
797 2343 935 2374 uocatus
965 2338 1083 2386 fuerit.
1117 2338 1208 2376 Inde
1232 2350 1310 2376 vero
1333 2341 1479 2389 digressi

389 2407 507 2434 sumus
530 2397 576 2434 ad
598 2407 740 2437 vetarent
769 2401 975 2445 historiam,
995 2413 1112 2439 omnes
1143 2403 1202 2452 qui
1229 2403 1300 2440 alia
1337 2406 1479 2442 nomina

391 2458 580 2497 habuerant
595 2463 877 2501 examinauimus.
891 2463 1014 2513 Pergit
1025 2465 1134 2502 etiam
1151 2465 1185 2502 in
1202 2465 1272 2504 hac
1285 2467 1476 2514 concione,

390 2531 433 2559 ac
449 2521 618 2571 disquirit
647 2536 713 2563 cur
740 2526 854 2565 Paulo
885 2537 1019 2565 nomen
1049 2535 1227 2567 mutatum
1253 2530 1325 2577 sit,
1347 2537 1384 2568 et
1412 2541 1479 2569 cur

391 2595 464 2622 non
491 2587 613 2624 statim
641 2587 688 2624 ab
717 2589 798 2637 ejus
828 2593 1068 2629 conversione
1093 2605 1102 2629 :
1129 2592 1193 2630 sed
1223 2603 1294 2630 non
1329 2593 1478 2631 modico

391 2654 474 2695 post
493 2649 592 2687 illam
619 2657 784 2699 tempore
803 2654 948 2701 excepit
967 2653 1118 2692 homilia
1142 2655 1178 2692 in
1201 2655 1290 2693 illud
1307 2685 1317 2702 ,
1341 2655 1478 2694 Paulus

390 2718 553 2758 vocatus,
574 2713 609 2750 in
647 2714 752 2762 cujus
790 2716 912 2754 medio
949 2717 1043 2755 idem
1077 2719 1196 2766 ipsum
1227 2720 1343 2768 tangit
1371 2731 1479 2769 argu-

390 2779 552 2811 mentum
567 2802 577 2819 ,
596 2781 634 2812 et
663 2781 736 2814 tres
757 2777 899 2824 priores
927 2778 1097 2818 homilias
1122 2788 1389 2820 commemorat
1420 2782 1477 2821 his

391 2835 513 2873 verbis
532 2847 540 2872 :
565 2835 659 2873 Nunt
677 2839 706 2874 si
721 2839 952 2877 recordamini
967 2870 977 2886 ,
998 2849 1065 2879 tres
1085 2843 1236 2892 integros
1255 2844 1328 2882 dies
1343 2844 1387 2883 de
1403 2846 1478 2883 solo

391 2895 454 2932 hoc
473 2898 610 2934 nomine
627 2899 829 2937 disseruisse
843 2912 896 2938 me
915 2902 1011 2939 scitis
1023 2931 1034 2948 ,
1056 2915 1132 2940 cum
1152 2916 1274 2942 causas
1293 2906 1474 2954 aﬁ'errem,

390 2957 432 2994 ob
449 2969 534 3006 quas
550 2987 560 3004 ,
579 2971 658 2996 cum
685 2959 819 2998 Saulus
846 2969 948 2998 antea
976 2972 1168 3010 uocaretur,
1189 2965 1325 3004 Paulus
1355 2969 1479 3007 deinde

389 3027 528 3057 vocatus
546 3027 597 3056 est
613 3049 624 3066 ,
643 3029 674 3058 ct
696 3033 800 3069 quant
827 3025 869 3059 ob
886 3035 957 3060 rem
980 3036 1049 3062 non
1068 3027 1183 3064 statim
1201 3028 1248 3064 ad
1270 3029 1374 3075 fidem
1395 3043 1478 3068 con-

391 3091 506 3118 uersus
538 3082 628 3118 hanc
660 3084 931 3131 appellationem
965 3089 1123 3137 accepit,
1159 3090 1220 3126 sed
1257 3091 1304 3127 ad
1331 3093 1477 3130 multum

391 3149 524 3190 tempus
542 3154 666 3180 nomen
683 3145 821 3182 retinuit
837 3175 848 3192 ,
869 3149 960 3195 quod
977 3149 1030 3187 illi
1051 3158 1207 3199 parentes
1226 3153 1474 3202 imposuerant.

391 3203 530 3248 Quibus
558 3211 632 3242 tres
658 3205 767 3245 hasce
795 3210 936 3257 priores
971 3213 1018 3251 de
1051 3213 1244 3252 Noniinum
1275 3218 1476 3258 mutatione

391 3263 560 3304 bomilias
584 3267 630 3305 ita
651 3269 787 3310 diserte
813 3283 1099 3323 commemorat,
1120 3285 1158 3316 ut
1190 3280 1287 3317 nulla
1317 3283 1477 3330 supersit

393 3328 585 3369 adversum
605 3336 810 3382 suspicandi
827 3348 950 3377 causa.
969 3341 1030 3379 liae
1049 3353 1158 3390 porro
1177 3351 1332 3392 quatuor
1357 3328 1475 3384 homi-

391 3391 450 3456 lize
470 3393 506 3456 in
525 3394 624 3442 prius
655 3399 760 3437 editis
791 3401 838 3439 ita
867 3403 1051 3443 distracta:
1067 3435 1077 3452 ,
1095 3413 1154 3453 et,
1178 3391 1217 3446 ut
1251 3410 1300 3446 ita
1329 3410 1472 3456 dicam,

389 3453 573 3503 dissipata:
591 3468 691 3498 erant
707 3490 717 3507 ,
737 3469 777 3500 nt
793 3466 937 3504 nonnisi
954 3479 1036 3506 cum
1057 3470 1191 3518 ingenti
1213 3471 1338 3510 labore
1351 3453 1476 3521 posset

390 3527 514 3582 earum
533 3522 649 3560 series
670 3524 894 3575 internosci,
925 3532 1232 3578 quemadmodum
1265 3539 1302 3571 et
1335 3545 1472 3582 prarce-

390 3579 517 3619 dentes
535 3583 615 3621 alia:
637 3585 672 3622 in
690 3588 864 3628 Actorum
881 3592 1169 3641 inscriptionem.
1185 3595 1329 3640 Quanto
1349 3603 1472 3634 autem

388 3645 424 3682 id
453 3646 629 3686 lectorum
650 3649 842 3700 dispendio
861 3656 1064 3703 acciderit,
1088 3664 1222 3695 norunt
1251 3659 1302 3705 ii,
1324 3661 1386 3707 qui
1415 3661 1473 3698 vel

388 3709 608 3755 primoribus
628 3711 742 3751 labris
762 3719 838 3754 rem
864 3717 1148 3756 ecclesiasticam
1167 3720 1364 3759 literariam
1385 3723 1471 3759 atti-

387 3781 530 3819 gerunt.

439 3833 605 3875 Humilia:
625 3840 667 3876 de
694 3839 914 3879 Pcuitentia.
935 3862 978 3869 —
997 3842 1172 3880 ilomilias
1191 3844 1237 3882 de
1255 3845 1472 3885 Pcenitenlia

392 3902 472 3938 post
489 3907 621 3936 annum
643 3901 714 3939 395
732 3913 814 3940 eum
833 3902 1068 3941 Tillemontio
1091 3914 1136 3942 ex
1167 3905 1236 3942 levi
1264 3907 1472 3953 conjectura

393 3957 572 4000 ponimus.
594 3961 708 4001 Tanta
736 3971 856 4003 autem
879 3973 934 4004 est
954 3967 989 4004 in
1009 3976 1133 4004 eorum
1163 3968 1291 4007 ordine
1323 3977 1468 4019 pertur-

1135 247 1174 284 S.
1202 244 1395 284 JOANNIS
1421 243 1747 285 CIIRYSOSTOMI
1768 246 1902 294 VlTA,
2537 254 2590 295 ut

1555 324 1652 364 batio
1673 324 1734 367 (τ’.
1747 325 1785 363 2.
1807 338 1841 362 c.
1853 325 1958 376 277),
1976 332 2017 364 ιιι
2035 325 2182 366 difﬁcile
2195 327 2242 366 sit
2254 327 2370 368 dicere
2387 341 2462 379 quae
2477 334 2589 383 prima,

1550 398 1632 434 qua:
1649 388 1828 433 secunda,
1845 399 1927 436 quae
1955 389 2061 426 tertia
2084 389 2204 428 habita
2225 389 2342 429 fuerit.
2362 392 2430 430 Sed
2445 394 2485 431 ad
2497 395 2590 435 Moni-

1552 456 1629 486 tnm
1668 451 1704 488 in
1741 450 1890 489 easdem
1923 451 2124 498 mittimus,
2156 452 2217 490 ubi
2253 453 2329 492 hare
2365 464 2427 502 pro
2453 455 2591 498 facultate

1549 513 1803 551 discussimus.
1826 514 1981 552 ilomilia
2017 521 2136 552 tamen
2168 521 2309 563 quarta,
2329 517 2427 565 cujus
2455 520 2590 567 initium,

1551 575 1717 612 Pastores
1737 587 1814 613 oves
1827 603 1838 622 ,
1855 576 1938 624 jure
1952 582 2090 624 quartae
2111 577 2255 615 nomine
2274 578 2454 626 insignitur
2473 593 2481 617 :
2501 593 2594 630 quan-

1550 637 1746 685 doquidem
1780 637 2064 687 Chrysostomus
2098 638 2200 676 initio
2230 639 2316 678 dicit
2337 651 2376 679 se
2401 642 2468 689 jam
2490 651 2592 692 quarta

1551 702 1630 739 vice
1659 708 1696 739 et
1715 702 1776 740 die
1793 702 1840 740 de
1855 702 2068 750 poenitentia
2089 712 2209 750 agere.
2229 701 2299 741 Sed
2318 713 2401 742 eave
2423 712 2516 752 putes
2529 718 2594 755 per-

1551 764 1636 802 inde
1651 771 1793 803 certum
1811 775 1893 804 esse
1913 776 1993 804 eam
2012 794 2021 811 ,
2040 771 2115 804 tres
2134 765 2215 804 illas
2243 777 2332 814 quas
2349 768 2477 815 priores
2495 772 2594 817 posui-

1551 838 1646 872 mus,
1668 833 1731 865 aut
1749 828 1909 876 aliquam
1929 839 1976 866 ex
1994 829 2074 866 aliis
2091 835 2280 878 sequutam
2297 839 2387 868 esse.
2406 830 2534 869 Planum
2549 840 2591 871 est

1552 895 1654 934 tres,
1685 896 1770 927 ante
1802 889 1898 928 hanc
1926 896 2119 937 quartam,
2149 890 2196 929 de
2229 891 2428 938 paenitentia
2457 893 2586 932 homilias

1549 949 1667 989 dictas
1684 949 1798 988 fuisse
1814 979 1824 996 ,
1850 951 1914 990 Sed
1941 953 2054 990 hasne
2080 959 2154 990 tres
2168 980 2179 998 ,
2198 963 2286 1002 quas
2309 955 2584 1002 praamisimusnn

1549 1013 1662 1061 alias,
1686 1014 1847 1062 ignotum
1863 1025 2012 1063 prorsus
2033 1020 2104 1052 est.
2116 1016 2315 1054 Antiocbia:
2329 1024 2440 1054 autem
2457 1028 2584 1065 pronun-

1551 1076 1677 1113 tiatam
1697 1076 1811 1114 luisse
1831 1077 1988 1114 suadent
2005 1078 2084 1115 hzcc
2100 1077 2208 1116 verba
2229 1089 2327 1116 num.
2344 1078 2386 1116 2:
2406 1079 2588 1129 Quandoqui-

1553 1138 1632 1175 dem
1651 1150 1713 1176 nos
1731 1150 1810 1175 cum
1837 1139 2113 1188 exagitabantur,
2130 1141 2240 1177 vexati
2257 1143 2363 1190 fame,
2383 1148 2466 1189 peste
2479 1171 2487 1187 ,
2504 1153 2586 1190 gran-

1554 1200 1658 1246 dine,
1689 1201 1842 1238 siccitate
1857 1230 1867 1247 ,
1891 1202 2082 1248 incendiis,
2105 1203 2252 1240 hostium
2277 1204 2478 1250 incursione,
2502 1216 2588 1242 nonus

1550 1263 1702 1312 quotidie
1737 1264 1882 1302 ecclesia
1917 1265 2137 1302 multitudine
2164 1266 2422 1304 convenientium
2459 1273 2588 1314 angusta-

1555 1327 1656 1364 batur
1668 1325 1763 1363 ?.....
1783 1326 1976 1376 Postquam
1990 1334 2106 1365 autent
2127 1327 2219 1366 Deus
2235 1330 2320 1365 iram
2333 1329 2473 1376 deposuit
2486 1356 2496 1374 ,
2511 1336 2590 1376 atque

1551 1396 1627 1436 post
1647 1396 1760 1426 tantos
1778 1390 1907 1437 ﬂuctus
1927 1391 2115 1438 procellam
2132 1390 2256 1440 abegit,
2275 1391 2320 1428 ad
2333 1391 2477 1439 pristinos
2492 1391 2589 1427 iterant

1551 1462 1662 1488 mores
1683 1453 1808 1489 reversi
1826 1463 1960 1490 sumus.
1976 1452 2080 1502 Atqui
2104 1453 2141 1490 in
2159 1454 2234 1502 ipso
2251 1454 2458 1490 tentationum
2471 1459 2590 1499 tempore

1555 1515 1628 1551 lucc
1655 1515 1843 1563 prwdicere
1867 1523 1897 1553 et
1918 1516 2096 1564 testiﬁcari
2123 1528 2192 1554 non
2223 1517 2424 1554 desistebam.
2455 1517 2509 1554 llic
2531 1516 2590 1553 lon-

1551 1587 1634 1625 gam
1658 1578 1906 1616 calamitatum
1933 1580 2067 1616 seriem
2088 1585 2265 1617 memorat
2281 1607 2292 1625 ,
2319 1580 2439 1628 quibus
2463 1587 2589 1626 praesens

1552 1639 1631 1686 ipse
1651 1645 1753 1685 erat,
1776 1645 1815 1677 et
1841 1640 2128 1679 concionabatur
2151 1653 2160 1678 :
2180 1652 2259 1690 qua:
2286 1641 2401 1678 omnia
2419 1641 2538 1678 nonnisi
2553 1639 2586 1675 ad

1553 1708 1726 1750 tempus,
1753 1715 1826 1752 quo
1862 1703 2069 1742 Antiochia:
2106 1705 2295 1754 presbyter
2325 1711 2420 1750 erat,
2450 1702 2588 1752 quadrare

1551 1772 1719 1814 possunt.
1749 1766 1914 1805 Hostium
1942 1778 2031 1806 vero
2065 1768 2231 1807 incursus
2264 1774 2359 1816 putat
2378 1765 2584 1804 Tillemonlius

1553 1838 1637 1865 esse
1656 1829 1886 1867 invasionem
1909 1831 2008 1869 illam
2028 1831 2254 1876 Hunnorum,
2267 1841 2344 1879 qua:
2360 1839 2447 1866 anno
2458 1828 2518 1866 395
2528 1837 2587 1864 eon-

1553 1890 1633 1938 ligit
1653 1903 1662 1928 :
1683 1892 1780 1939 quod
1816 1898 1874 1930 sat
1915 1894 2063 1942 quidem
2102 1894 2298 1932 verisimile
2327 1893 2468 1930 videtur.
2495 1890 2532 1928 Ut
2559 1895 2586 1925 ut

1552 1962 1641 1989 vero
1661 1960 1718 1990 est
1731 1981 1741 1997 ,
1765 1954 1862 1992 hanc
1881 1955 1916 1992 in
1937 1957 2100 2002 ultimos,
2119 1957 2248 2005 quibus
2271 1955 2458 1995 Antiochia:
2474 1952 2585 1992 concio-

1553 2022 1662 2053 natus
1680 2024 1751 2064 cst,
1773 2029 1892 2057 annos
1925 2027 2130 2068 opportune
2147 2021 2342 2069 rejicimus.

1600 2079 1732 2126 Quinta
1751 2109 1762 2128 ,
1783 2083 1886 2131 cujus
1919 2083 2076 2130 initium,
2095 2084 2192 2122 Laeta
2221 2084 2316 2122 nobis
2333 2084 2428 2120 hodie
2447 2093 2482 2118 ac
2498 2079 2586 2129 [estita

1551 2142 1754 2190 celebritas,
1773 2151 1830 2182 est
1845 2146 2104 2194 pulcherrima,
2127 2158 2236 2196 quam
2259 2147 2300 2184 de
2319 2146 2446 2196 jejunio
2461 2173 2470 2189 ,
2489 2141 2585 2180 inscri-

1551 2205 1626 2252 psit
1647 2205 1820 2245 Savilius.
1842 2208 1890 2246 Et
1903 2216 1961 2248 est
1975 2211 2120 2258 quidem
2136 2211 2181 2248 de
2191 2211 2328 2259 jejunio
2344 2238 2354 2255 ,
2371 2208 2430 2246 sed
2446 2205 2585 2257 pra-cipue

1551 2266 1598 2304 de
1626 2270 1840 2316 paenitentia
1857 2300 1867 2316 ,
1887 2283 1968 2320 qua:
1994 2284 2067 2321 quo
2101 2281 2206 2322 pacto
2238 2284 2317 2311 cum
2347 2273 2423 2310 aliis
2444 2269 2586 2309 mlta-rest

1551 2329 1778 2378 deprehendi
1800 2334 1901 2372 nullo
1930 2335 2041 2373 modo
2059 2343 2190 2384 potest.
2210 2335 2405 2374 Antiochia)
2421 2342 2497 2371 vero
2511 2329 2585 2368 habi-

1553 2399 1625 2430 tam
1645 2394 1758 2434 l‘uisse
1783 2397 1920 2436 iudicat
1939 2398 2244 2449 Chrysostomus,
2264 2409 2342 2437 cum
2370 2394 2584 2436 monachonmx

1552 2457 1588 2495 in
1606 2460 1794 2500 montibus
1815 2461 1982 2509 proxime
2008 2462 2217 2510 degentium
2235 2461 2428 2510 exemplum
2453 2455 2584 2496 conside-

1551 2521 1707 2560 randum
1725 2522 1869 2569 oll'erat,
1886 2531 1924 2562 ut
1942 2525 2036 2563 solet
2051 2525 2088 2562 in
2103 2525 2334 2564 concionibus
2348 2520 2524 2562 Antiochia:
2537 2516 2584 2553 In-

1553 2583 1652 2622 bilis.

1599 2649 1725 2696 Sexta,
1747 2652 1852 2698 cujus
1872 2651 2030 2699 initium,
2055 2652 2168 2699 Quam
2187 2652 2335 2702 jucundi
2351 2640 2582 2698 spirituala.de

1548 2712 1690 2761 jejunio
1710 2715 1872 2752 maxime
1896 2716 1996 2764 agit:
2019 2727 2066 2753 an
2094 2726 2182 2754 vero
2209 2714 2424 2758 Antiochia,
2448 2721 2486 2747 an
2511 2705 2582 2743 θον

1551 2775 1788 2823 stantinopoli
1824 2775 1946 2814 habita
1978 2778 2112 2825 fuerit,
2138 2778 2260 2824 nullo,
2282 2784 2320 2815 ut
2348 2764 2580 2816 videlur,tI10|l°

1552 2836 1780 2884 deprehendi
1802 2846 1937 2886 potest.
1955 2839 2133 2878 llomilias
2165 2841 2245 2878 illas
2270 2839 2354 2878 duas
2382 2838 2416 2874 in
2440 2833 2580 2872 l‘salnntm

1548 2901 1908 2949 quinquagesimum,
1927 2914 2010 2952 qua:
2029 2904 2066 2941 in
2080 2905 2206 2953 quinto
2217 2903 2330 2941 Temo
2348 2903 2454 2939 iocum
2467 2894 2579 2934 habent.

1550 2969 1678 3011 putant
1693 2965 1841 3013 quidam
1856 2967 2093 3005 concionibus
2104 2967 2149 3005 de
2162 2966 2372 3005 Ptenitentia
2383 2955 2579 3010 :idjungeml‘s

1549 3037 1632 3064 esse
1658 3039 1668 3064 :
1697 3034 1764 3073 at,
1783 3035 1822 3066 ut
1851 3039 1920 3067 suo
1955 3030 2038 3068 loco
2071 3030 2218 3077 dicitur,
2239 3039 2320 3067 cum
2349 3027 2414 3065 illis
2437 3021 2578 3062 conterere

1549 3101 1659 3139 posse
1677 3102 1750 3130 non
1769 3092 1955 3130 videntur.

1597 3156 1689 3198 Tres
1706 3167 1904 3206 sequentes
1921 3160 2097 3207 homilite,
2120 3170 2250 3208 nempe
2264 3159 2422 3207 septima,
2437 3157 2540 3190 octava
2555 3148 2578 3180 et

1548 3229 1644 3256 nona
1659 3248 1669 3264 ,
1685 3231 1759 3259 non
1788 3232 1894 3269 pares
1929 3221 2177 3260 Germanitatis
2211 3229 2313 3260 notas
2330 3230 2400 3269 pne
2425 3226 2460 3253 se
2477 3213 2576 3275 lerunt-

1547 3282 1672 3330 Stylus
1699 3282 1986 3331 aChrysostomi
2015 3286 2195 3334 elegantia
2226 3295 2296 3322 non
2324 3289 2439 3331 parum
2463 3271 2578 3314 recedit-

1547 3346 1792 3391 Quamobrem
1812 3358 1885 3386 non
1915 3350 1995 3386 sine
2021 3350 2144 3398 aliquo
2163 3349 2330 3396 scrupulo
2349 3355 2406 3383 eas
2421 3343 2500 3380 inter
2521 3341 2577 3398 εοῗ

1547 3390 1654 3445 mana
1668 3409 1922 3458 Chrysostomi
1941 3421 2052 3458 opera
2078 3390 2335 3460 relinquimus;
2356 3416 2418 3445 nec
2436 3390 2581 3460 tamen?

1546 3471 1618 3510 illis
1635 3453 1878 3519 sejungendas
1896 3482 1978 3510 esse
1996 3473 2179 3519 duximus,
2199 3472 2365 3521 quoniam
2391 3473 2427 3504 υι
2443 3464 2505 3510 iam
2517 3453 2580 3521 “ubi

1545 3537 1767 3580 monuimus,
1787 3536 1822 3572 in
1837 3535 1980 3573 dicendi
1999 3546 2133 3584 genere
2153 3547 2224 3573 non
2241 3542 2380 3580 semper
2395 3526 2456 3566 sibi
2471 3519 2582 3591 causis-1

1546 3597 1582 3636 S.
1599 3598 1738 3636 doctor.
1755 3599 1855 3635 Alias
1885 3597 2034 3645 insuper
2061 3596 2310 3647 Chrysostomi
2337 3593 2380 3631 de
2405 3584 2581 3647 Ptenitent'tl

1545 3660 1715 3698 homilias
1733 3660 1908 3698 habemus
1922 3690 1932 3707 ,
1961 3639 2052 3709 quas
2076 3639 2200 3710 utpote
2230 3658 2365 3708 spurias
2382 3655 2414 3692 in
2433 3639 2582 3695 Appendi'

1544 3735 1623 3762 cem
1644 3725 1904 3772 ablegavimus.

1595 3787 1808 3826 Innumeras
1847 3787 2047 3825 Antiochia:
2081 3787 2206 3826 habuit
2239 3783 2424 3824 conciones
2455 3773 2546 3834 (Πιτὶῖ

1545 3856 1686 3886 stemus
1701 3878 1710 3894 ,
1730 3861 1882 3898 quarum
1907 3860 2036 3898 magna
2055 3859 2138 3897 pars
2153 3847 2249 3886 edita
2273 3845 2336 3882 fuit
2350 3872 2360 3886 ,
2378 3847 2411 3878 et
2429 3843 2518 3875 nova:
2539 3838 2580 3898 ll"

1545 3911 1690 3948 terdum
1705 3922 1725 3947 a
1743 3897 1904 3949 tenebris
1923 3897 2111 3949 eruuntur.
2129 3910 2180 3946 Ex
2201 3907 2307 3945 editis
2331 3911 2412 3941 vero
2437 3897 2580 3944 Q""“""'

1544 3976 1626 4013 dam
1657 3983 1790 4012 annum
1817 3984 1888 4022 quo
1906 3974 2012 4012 dictae
2042 3973 2182 4010 luerunt
2214 3967 2438 4007 indicavimus
2468 3955 2515 3992 vel
2544 3955 2577 3985 ⁸³

2504 3776 2572 3816 ryso
