2694 4342
172 229 236 266 M5
971 224 1094 263 NUNC
1119 223 1298 264 PRIMUM
1324 227 1593 270 ADORNATA.

169 306 274 343 certis
289 306 402 350 notis,
420 305 478 343 vel
504 315 550 344 ex
572 305 777 354 conjectura
805 310 943 342 tantum
985 309 1227 341 :carterarum

171 375 391 415 sutem,qu:e
419 367 523 416 longe
553 367 682 415 majori
713 376 864 404 numero
888 372 996 410 sunt,
1017 375 1150 402 annum
1181 375 1229 402 ne

171 430 366 477 conjectura
389 429 530 478 quidem
555 429 698 478 assequi
731 437 934 478 possumus.
953 427 1003 465 De
1029 427 1086 464 his
1115 437 1228 475 porro

171 493 238 544 jam
254 491 422 541 agendum
443 491 547 531 nobis
564 498 634 530 est.

213 551 374 590 Encomia
403 552 508 592 Pauli
537 553 708 603 Apouoli.
723 555 830 592 ~—Et
860 554 977 604 primo
1003 551 1147 601 quidem
1179 551 1226 590 de

171 611 264 652 Pauli
276 613 449 650 encomiis
463 611 520 662 (T.
536 613 574 650 2.
587 624 617 650 c.
637 612 723 659 469)
744 623 809 650 seu
826 612 1054 650 sermonibus
1065 620 1222 659 septem,

169 683 254 723 quos
269 675 416 712 omnino
435 685 636 712 memorare
654 674 796 712 videtur
810 675 845 712 in
862 675 1014 712 llomilia
1037 675 1072 711 in
1090 673 1227 712 Kalen-

169 737 240 781 das,
251 737 310 774 ubi
320 737 374 774 sic
385 737 492 775 habet
501 737 607 785 paulo
617 743 698 784 post
711 737 865 775 initium.
880 737 1004 785 Nuper
1017 739 1135 786 igitur,
1149 749 1226 774 cum

169 799 294 836 betam
323 799 472 838 Paulum
490 801 650 838 encomiis
666 801 914 839 celebraremus
945 801 1003 851 (T.
1027 802 1062 838 1.
1081 813 1113 838 c.
1136 801 1220 840 955.

150 863 188 914 ιι.
205 862 280 911 20),
296 864 345 901 sic
357 865 596 912 cxsultauistis,
621 875 662 901 ac
681 865 710 901 si
726 865 840 912 ipsum
863 871 1062 910 praesentem
1079 866 1222 901 vidisse-

163 922 278 959 δίδη...
303 923 463 961 Volebam
484 932 597 962 autent
614 927 650 962 in
666 927 757 964 idem
783 933 1020 975 argumentum
1046 927 1148 964 hodie
1165 928 1225 965 de-

159 985 342 1030 scendere;
362 986 420 1022 sed
437 987 482 1022 ad
495 987 566 1023 alia
581 988 738 1034 qua‘dam
752 1017 762 1032 ,
777 999 854 1037 qua:
870 990 978 1038 magis
995 997 1128 1038 urgent,
1147 1001 1225 1026 ora—

160 1045 206 1080 tio
238 1052 354 1083 nostra
381 1048 598 1095 provehitur;
615 1051 651 1086 in
675 1050 794 1098 quibus
824 1062 846 1086 a
873 1057 943 1088 tota
963 1051 1063 1089 hodie
1091 1053 1224 1089 civitate

159 1113 329 1154 peccatur.
347 1109 416 1146 Eos
430 1110 518 1146 enim
533 1139 542 1156 ,
563 1111 621 1158 qui
635 1113 787 1149 encomia
805 1113 908 1150 Pauli
927 1114 1048 1151 audire
1065 1116 1221 1163 cupiunt,

159 1170 251 1217 prius
268 1171 402 1208 uirtutis
418 1171 526 1210 Pauli
542 1173 683 1211 ramulos
705 1185 776 1212 esse
793 1183 924 1224 oportet
939 1205 948 1221 ,
969 1183 1001 1213 et
1027 1177 1224 1223 huiusmodi

159 1235 314 1269 concione
333 1233 466 1281 dignos.
486 1235 551 1272 llic
576 1235 677 1272 vides
693 1237 888 1274 conciones
914 1237 950 1274 in
968 1237 1118 1275 Paulum
1148 1244 1223 1276 tum

157 1293 224 1340 jam
245 1293 384 1332 habitas
401 1323 411 1338 ,
431 1301 504 1333 tum
523 1304 606 1344 post
624 1297 808 1336 habendas
828 1299 1022 1336 memorari
1039 1328 1050 1345 ,
1071 1311 1222 1348 quarum

158 1363 402 1402 argumentum
424 1365 526 1396 erant
545 1361 709 1398 encomia
727 1361 843 1398 Pauli.
857 1361 902 1398 Et
918 1368 1038 1400 tamen
1048 1363 1223 1400 Herman-

157 1417 224 1456 tius
249 1420 413 1467 opinatus
437 1428 515 1468 est,
540 1423 628 1460 illud
647 1423 748 1461 Pauli
780 1425 982 1463 cncomium
1006 1427 1040 1464 in
1067 1427 1223 1465 Humilia

157 1481 199 1518 de
214 1480 382 1520 Kalendis
400 1491 638 1523 memoratum
653 1514 663 1531 ,
687 1487 811 1525 haberi
831 1489 868 1526 in
885 1489 1040 1528 Humilia
1059 1491 1105 1529 de
1123 1491 1222 1528 Peti-

156 1543 252 1582 tione
270 1544 426 1582 ﬁliorum
453 1545 620 1584 Zebedzni
639 1559 738 1585 ntun.
758 1550 795 1595 5,
818 1551 878 1588 ubi
897 1552 1013 1590 obiter
1028 1553 1127 1590 Pauli
1146 1555 1222 1590 lau-

155 1604 217 1642 des
237 1606 381 1653 attingit
397 1606 954 1656 Chrysostomus.Tillemontius
973 1625 1072 1660 vero,
1089 1617 1222 1662 rcjecta

153 1667 354 1706 llermantii
372 1669 566 1717 opinione,
584 1678 686 1719 putat
703 1673 888 1711 homiliam
915 1675 950 1712 in
978 1677 1153 1715 concione
1178 1677 1223 1716 de

156 1728 323 1766 Kalendis
341 1738 575 1769 memoratam
594 1743 674 1770 eam
695 1745 776 1773 esse
789 1764 799 1781 ,
821 1737 923 1784 cujus
941 1738 1078 1784 titulus,
1096 1740 1222 1784 Quales

153 1790 314 1828 ducenda:
333 1793 401 1830 sint
418 1805 542 1831 uxores
557 1824 568 1841 ,
586 1796 646 1833 ubi
666 1797 796 1834 Paulus
817 1799 1012 1837 identidem
1038 1801 1218 1840 laudatur.

155 1851 298 1897 Verum,
329 1861 366 1891 ut
393 1865 438 1892 ex
469 1857 633 1904 superius
657 1858 776 1896 allatis
803 1860 921 1898 verbis
951 1861 1125 1912 liquidum
1149 1870 1218 1910 est,

157 1925 223 1953 non
242 1917 359 1965 agitur
385 1919 433 1957 ibi
451 1919 496 1958 de
522 1921 687 1960 laudibus
713 1923 843 1969 Pauli,
865 1935 955 1973 quas
983 1927 1219 1965 concionibus

154 1981 222 2018 suis
239 2010 249 2027 ,
269 1982 458 2030 cujuslibet
478 1985 619 2023 tandem
636 1989 838 2035 argumenti
861 1989 957 2036 sint,
977 1991 1111 2038 passim
1139 1991 1220 2029 obi-

155 2049 273 2092 terque
303 2045 486 2084 interserit
535 2047 840 2097 Cltrysostomus,
876 2051 974 2099 quod
1020 2053 1220 2100 saepissime

155 2113 236 2143 Sane
251 2107 423 2156 contingit
439 2120 449 2154 ;
468 2108 532 2146 sed
555 2110 600 2147 de
614 2112 850 2150 concionibus
867 2115 1048 2161 plurimis,
1067 2127 1219 2163 quarum

153 2177 392 2216 argumentum
409 2179 513 2210 erant
529 2174 694 2211 encomia
707 2175 824 2212 Pauli:
838 2175 891 2212 Ad
909 2177 1076 2223 eamdem,
1087 2178 1218 2226 inquit,

155 2239 265 2268 rursus
281 2231 494 2282 hypotlresim
519 2234 722 2273 descendere
737 2237 889 2274 uolebam
905 2248 921 2280 ;
942 2239 978 2275 id
995 2245 1051 2276 est
1064 2267 1074 2284 ,
1096 2250 1221 2278 rursus

153 2290 195 2328 de
234 2293 332 2332 Pauli
370 2296 538 2334 laudibus
567 2299 778 2336 concionari
814 2299 980 2338 volebam
1005 2313 1106 2350 :quo
1135 2304 1221 2352 quid

153 2354 264 2402 aliud,
284 2369 429 2406 quaeso,
450 2360 603 2398 indicari
643 2363 782 2410 possit,
814 2374 924 2412 quam
955 2375 1144 2406 sermones
1175 2367 1222 2406 de

153 2414 258 2456 l‘aulo
273 2423 436 2470 apostolo
449 2452 460 2471 ,
479 2423 527 2462 de
545 2425 677 2474 quibus
695 2437 794 2465 nunc
811 2428 979 2476 agimus?

196 2480 242 2519 Ut
255 2492 390 2524 certum
404 2493 460 2525 est
480 2488 544 2527 has
557 2489 752 2530 conciones
761 2492 965 2531 Antiochia:
977 2493 1095 2533 dictas
1110 2495 1222 2534 fuisse

151 2541 248 2589 (nam
265 2545 301 2584 id
320 2555 444 2595 aperte
463 2551 596 2590 indicat
614 2553 898 2602 Chrysostomus
923 2555 1073 2595 homilia
1093 2566 1220 2607 quarta

150 2603 194 2641 de
219 2606 317 2644 Pauli
341 2609 518 2658 laudibus,
535 2614 597 2652 ubi
613 2615 660 2654 de
680 2617 815 2665 templo
835 2619 1014 2666 Apollinis
1034 2621 1071 2658 in
1087 2603 1221 2660 subur-

150 2666 208 2705 bio
223 2667 387 2730 Daphnes
397 2682 416 2708 a
431 2672 578 2714 fulmine
593 2684 686 2716 tacto
698 2681 809 2718 verba
827 2681 928 2730 facit)
949 2695 958 2721 :
979 2683 1027 2721 ita
1041 2683 1088 2722 de
1107 2695 1218 2730 anno,

151 2739 218 2776 quo
235 2729 310 2768 haec
329 2735 564 2776 concionatus
583 2747 650 2785 est,
673 2743 762 2780 nihil
779 2745 836 2782 vel
853 2729 992 2784 certum
1018 2748 1076 2786 vel
1093 2748 1220 2787 admo-

151 2790 231 2830 dum
251 2795 438 2842 probabile
454 2801 559 2837 statui
577 2808 707 2849 potest.
731 2805 868 2846 Eodem
882 2817 1018 2856 autem,
1046 2822 1120 2860 quo
1143 2813 1218 2850 llo-

153 2855 252 2894 milize
279 2857 314 2895 in
333 2857 528 2908 Kalendas,
561 2874 657 2903 anno
679 2866 735 2905 Ine
755 2872 948 2911 conciones
964 2873 1098 2913 habitae
1117 2882 1216 2923 sunt,

153 2923 252 2964 atque
272 2925 308 2956 ut
325 2921 602 2971 Chrysostomus
621 2928 685 2972 ait,
705 2929 870 2971 llomiliae
893 2935 928 2972 in
953 2935 1133 2976 Kalendas
1157 2921 1218 2977 Ja;

155 2983 275 3027 uuarii,
301 2985 469 3024 Encomia
489 2998 553 3027 seu
577 3000 765 3032 sermones
782 2995 817 3033 in
841 2996 988 3036 Paulum
1011 3001 1218 3050 intercepe-

156 3051 230 3082 ruut
247 3060 256 3083 :
273 3047 320 3085 ita
344 3056 383 3088 ut
405 3061 453 3089 ex
481 3056 710 3095 sermonibus
728 3058 763 3095 in
782 3058 945 3106 Paulum,
977 3063 1124 3110 quidam
1153 3047 1218 3103 ia-

141 3109 308 3172 .uuarium
337 3124 496 3154 mensem
531 3121 803 3168 prtecesserint,
837 3125 983 3172 quidam
1019 3127 1056 3164 in
1090 3139 1218 3168 mense

155 3166 312 3210 Januario
330 3174 439 3215 habiti
455 3177 600 3218 fuerint.
619 3183 692 3220 llos
710 3166 830 3223 autem
849 3166 889 3224 in
909 3188 1061 3227 Paulum
1079 3201 1218 3229 sermo-

153 3240 214 3300 pes
232 3235 388 3277 Anianus
406 3240 618 3291 Pelagiauus
635 3245 760 3286 Latine
773 3251 964 3299 convertit,
983 3259 1116 3300 putans
1135 3255 1218 3292 illos

155 3291 275 3364 ἕωςεεί
309 3310 384 3340 sua:
411 3303 530 3344 favere
552 3334 561 3343 .
593 3319 661 3356 qua
691 3310 736 3348 de
763 3322 802 3349 re
828 3291 996 3360 pluribus
1013 3291 1216 3364 egimus

153 3355 279 3426 llonito
299 3372 330 3400 e.
349 3365 431 3403 47!.
448 3367 486 3405 In
505 3369 562 3408 bis
581 3355 689 3420 porro
708 3373 866 3413 homiliis
882 3383 1020 3426 septem
1038 3381 1115 3418 sive
1134 3391 1216 3419 ora-

157 3419 302 3462 tionibus
320 3426 478 3476 Paulum,
503 3443 608 3480 quem
635 3436 672 3473 in
701 3444 775 3475 toto
795 3449 946 3486 operum
972 3452 1120 3480 suorum
1153 3445 1216 3482 de-

155 3492 255 3547 cursu
268 3491 392 3537 quavis
407 3492 487 3531 data
504 3499 693 3538 occasione
709 3501 880 3547 celebrat,
897 3504 1086 3542 confertim
1102 3507 1218 3544 laudi-

157 3546 216 3608 bus
245 3553 386 3591 extollit
415 3567 425 3592 :
457 3557 555 3597 illum
587 3572 668 3599 cum
707 3565 844 3602 sanctis
879 3565 1020 3604 Veteris
1055 3573 1094 3606 et
1124 3569 1216 3608 Novi

157 3607 362 3654 Testamenti
380 3623 527 3668 confert,
547 3625 684 3662 nullum
700 3626 788 3664 dicit
804 3627 915 3666 fuisse
932 3636 984 3667 tot
1001 3641 1214 3672 arcanorum

156 3681 362 3718 consortem.
398 3681 476 3720 Uno
507 3687 632 3730 verbo,
665 3688 742 3726 haec
771 3689 872 3727 Pauli
900 3693 1066 3730 encomia
1089 3705 1215 3734 eorum

155 3736 304 3775 omnium
333 3746 582 3792 compendium
611 3759 693 3786 esse
713 3750 795 3797 jure
829 3752 976 3798 dixeris,
1007 3766 1088 3803 quae
1106 3756 1215 3796 Corn-

157 3802 330 3840 meutariis
347 3805 382 3842 in
396 3808 482 3846 Acta
497 3817 534 3848 et
544 3812 578 3848 in
593 3812 776 3859 Epistolas
791 3814 892 3852 Pauli
904 3816 950 3855 de
960 3802 1050 3856 tanti
1063 3824 1214 3868 apostoli

115 3892 120 3899 .
158 3864 350 3922 Prtestautia
367 3875 403 3906 et
421 3872 550 3911 virtute
570 3875 757 3922 praedicat.

200 3918 386 3976 intercepta
402 3931 507 3980 igitur
523 3918 759 3977 llomiliarum
773 3938 809 3978 in
828 3940 978 3980 Paulum
997 3945 1091 3984 serie
1109 3945 1167 3997 (T.
1178 3949 1213 3987 l.

2260 277 2261 280 η
2313 241 2381 280 156

1297 315 1329 339 ι’.
1349 303 1454 352 951),
1479 307 1762 356 Chrysostomus
1781 313 1972 354 Homiliam
1987 317 2024 355 in
2044 317 2158 357 Kalen
2169 319 2225 358 las
2241 319 2378 360 habuit.

1301 366 1367 404 llic
1386 377 1472 404 vero
1490 368 1662 410 Kalends:
1677 373 1838 413 Januarii
1858 388 2120 428 memorantur,
2139 393 2209 432 qua
2226 382 2286 422 die
2313 395 2378 422 an-

1300 439 1368 466 nus
1393 429 1630 478 incipiehatur
1647 436 1742 482 apud
1762 437 1960 486 Romanos,
1979 449 2016 481 et
2033 451 2134 491 εινια,
2151 429 2228 485 vseu
2249 436 2379 486 munu-

1298 491 1412 536 scula,
1431 493 1557 530 amicis
1571 497 1804 545 cognatisque
1821 501 2078 543 oll'erehantur.
2101 509 2178 548 Mos
2199 517 2284 549 tunc
2301 519 2379 550 erat

1297 554 1464 592 convivia
1497 555 1698 604 celebrare,
1732 560 1876 608 aliaque
1915 565 2068 610 publicae
2105 570 2240 610 lzetitia:
2276 575 2377 621 signa

1297 613 1400 662 dare,
1429 616 1488 653 ubi
1518 618 1732 668 plerumque
1755 622 1942 662 dissolutae
1961 627 2076 673 plebis
2098 637 2214 677 gesta,
2248 613 2376 682 super-

1296 678 1457 717 stitiosas
1479 680 1764 728 observationes,
1793 686 1936 734 aliaque
1957 688 1990 724 id
2011 699 2126 737 genus
2142 693 2264 732 videre
2284 678 2392 734 crat.

1295 740 1372 787 Qua
1392 741 1438 780 de
1454 753 1494 780 re
1511 744 1695 784 auditores
1709 757 1794 784 suos
1813 749 1932 796 carpit
1949 751 2244 800 Chrysostomus.
2272 757 2378 796 Liba-

1295 803 1378 840 nius
1392 815 1502 852 porro
1519 809 1732 854 opusculum
1751 810 1865 848 edidit
1890 812 1928 849 in
1946 812 2127 853 Kalendas
2145 816 2375 866 inscriptum,

1296 864 1356 902 ubi
1390 876 1462 913 quo
1493 867 1564 904 ritu
1594 868 1765 908 Kalendae
1791 873 1922 910 tierent
1951 875 2155 914 minutatim
2187 864 2375 926 describit,

1295 927 1416 976 aitque
1433 939 1540 966 unam
1556 931 1794 981 eamdemque
1814 935 2060 975 celebritatem
2082 949 2146 986 per
2163 946 2274 978 totum
2302 943 2376 979 Ro.

1295 999 1441 1027 manum
1459 991 1650 1040 imperium
1669 994 1730 1032 illa
1750 995 1810 1033 die
1827 997 1898 1045 agi.
1922 997 2045 1047 Itaque
2063 1001 2108 1038 de
2125 1001 2184 1039 dic
2201 1009 2235 1040 et
2253 1015 2378 1042 mense

1295 1051 1393 1089 nulla
1418 1052 1558 1090 videtur
1575 1056 1728 1102 qurestio
1752 1059 1894 1096 moveri
1915 1071 2046 1107 posse;
2069 1073 2174 1100 secus
2193 1072 2312 1103 autem
2333 1067 2378 1104 de

1295 1123 1405 1160 anno,
1426 1126 1535 1162 quem
1566 1128 1612 1154 ne
1641 1119 1862 1167 conjecturis
1881 1121 2026 1170 quidem
2054 1126 2288 1172 probabiliter
2321 1139 2379 1165 as-

1294 1175 1430 1223 signari
1447 1187 1552 1224 posse
1566 1185 1748 1226 putamus.

1343 1239 1517 1278 Homilias
1541 1241 1587 1280 de
1605 1243 1746 1282 Lazaro
1767 1245 1824 1296 (T.
1845 1247 1880 1284 1.
1903 1260 1934 1286 c.
1955 1249 2044 1299 965)
2075 1260 2144 1297 qua
2170 1253 2253 1290 anni
2285 1259 2376 1291 lem-

1294 1308 1436 1348 pestate
1458 1302 1626 1342 habuerit
1659 1305 1940 1356 Chrysostomus
1969 1311 2048 1358 ipse
2079 1311 2266 1358 declarat;
2305 1318 2378 1354 imo

1294 1362 1401 1402 etiam
1419 1377 1488 1413 qua
1507 1366 1566 1405 die
1587 1369 1739 1416 primani
1760 1370 1894 1410 dixerit
1919 1375 2083 1412 enuntiat
2101 1376 2137 1412 in
2153 1376 2232 1424 ipso
2253 1379 2380 1425 prima:

1294 1429 1480 1468 concionis
1497 1431 1600 1469 titulo
1618 1445 1627 1470 :
1646 1432 1803 1471 Ilomilia
1819 1437 1984 1482 postridie
2004 1437 2184 1477 Kalendas
2198 1443 2380 1480 Antiochiae

1295 1491 1425 1536 habita,
1449 1493 1492 1530 de
1508 1494 1551 1530 iis
1570 1495 1630 1544 qui
1659 1495 1882 1542 inebriantur,
1913 1499 2022 1547 deque
2049 1501 2092 1537 iis
2113 1503 2170 1548 qui
2189 1511 2379 1541 commeant

1293 1554 1340 1589 ad
1356 1565 1545 1603 cauponas,
1565 1559 1690 1608 quique
1703 1561 1846 1598 choreas
1865 1561 1991 1599 ducunt
2011 1575 2072 1611 per
2088 1565 2270 1612 civitatem,
2287 1569 2380 1615 quod

1294 1627 1362 1653 non
1397 1625 1551 1666 oporteat
1584 1629 1828 1670 prwceptorem
1875 1625 2054 1672 desperare
2102 1627 2145 1663 de
2183 1629 2376 1677 discipulis,

1293 1680 1427 1718 etiamsi
1438 1682 1474 1719 in
1489 1694 1638 1731 prtesens
1653 1697 1720 1722 non
1735 1685 1965 1733 obtemperent
1981 1699 1994 1724 :
2007 1696 2178 1736 postremo
2190 1692 2232 1728 de
2242 1692 2378 1730 Lazaro

1293 1745 1448 1782 mendico
1465 1757 1506 1782 ac
1526 1747 1569 1784 de
1583 1748 1706 1792 divite;
1727 1755 1802 1786 tum
1821 1749 1928 1787 etiam
1945 1751 1979 1788 in
1999 1753 2186 1791 concionis
2200 1756 2378 1804 principio

1291 1807 1405 1854 ipsum
1427 1807 1522 1846 diem
1549 1811 1711 1858 assignat
1730 1823 1740 1848 :
1767 1811 1936 1850 Hesterna
1955 1814 2023 1859 die,
2046 1827 2125 1854 cum
2142 1825 2227 1855 esset
2254 1820 2378 1866 festum

1289 1871 1447 1918 Satame,
1467 1872 1594 1920 fecistis
1616 1877 1740 1923 festum
1760 1876 1927 1924 Spiritus.
1951 1878 2056 1917 Unde
2075 1880 2208 1919 inferas
2223 1884 2376 1930 primam

1290 1932 1389 1970 illam
1424 1935 1470 1972 de
1505 1935 1644 1975 Lazaro
1675 1938 2051 1980 cencionem'dictam
2078 1943 2190 1983 fuisse
2217 1948 2378 1985 secundo

1290 1995 1450 2034 Januarii
1467 1997 1540 2042 die,
1564 2007 1645 2046 post
1667 2002 1798 2039 festum
1821 2002 2082 2052 Saturnalium,
2101 2008 2196 2055 quod
2213 2020 2298 2048 vere
2328 2011 2378 2048 fc-

1290 2064 1385 2095 stum
1401 2059 1542 2099 Satante
1561 2069 1652 2108 erat,
1679 2064 1740 2102 ubi
1760 2065 1986 2112 temulentia,
2010 2069 2190 2116 tripudiis,
2213 2072 2377 2109 saltatio.

1291 2120 1412 2165 nibus,
1434 2127 1776 2172 comessationibus,
1805 2129 1958 2178 aliisque
1983 2140 2028 2168 ex
2045 2131 2226 2171 Bacchico
2255 2134 2378 2174 furore

1291 2188 1594 2234 consequentibus
1611 2201 1759 2238 operam
1783 2192 1892 2231 dabat
1910 2205 1994 2242 pars
2012 2197 2174 2234 maxima
2195 2199 2349 2240 civitatis
2366 2213 2375 2244 ;

1290 2245 1505 2296 videturque
1517 2251 1644 2290 eodem
1661 2264 1756 2291 anno
1777 2255 1898 2294 habita
1915 2267 1987 2305 quo
2001 2257 2148 2298 humilia
2162 2261 2328 2309 superior
2339 2263 2375 2299 in

1289 2306 1485 2356 Kalendas,
1505 2313 1648 2358 quando
1674 2322 1713 2352 ut
1741 2315 1936 2359 dissolutos
1965 2329 2088 2358 mores
2110 2306 2375 2370 compesceret,

1291 2377 1440 2408 strenue
1456 2379 1579 2409 contra
1599 2376 1791 2412 satanicam
1813 2377 1906 2416 hanc
1921 2382 2219 2420 consuetudinem
2233 2387 2378 2422 concio-

1291 2439 1400 2470 natus
1418 2440 1486 2472 est.
1518 2435 1571 2473 De
1599 2447 1696 2474 anno
1718 2443 1853 2484 autem,
1887 2451 1958 2487 quo
1978 2441 2034 2479 ha:
2060 2443 2220 2482 homiliae
2245 2445 2382 2484 habitas

1291 2496 1406 2543 fuere,
1429 2509 1476 2536 ne
1490 2499 1667 2546 probabili
1685 2501 1831 2549 quidem
1845 2503 1986 2541 ratione
2001 2505 2198 2554 quidquam
2215 2513 2375 2547 statuere

1291 2570 1499 2608 possumus.

1341 2624 1414 2662 Has
1432 2635 1518 2664 vero
1529 2627 1724 2666 conciones
1734 2629 1963 2670 continenter
1976 2631 2115 2680 habuit,
2128 2635 2251 2682 paucis
2262 2635 2378 2674 inter-

1291 2687 1418 2735 positis
1438 2687 1534 2726 inter
1556 2689 1717 2737 singulas
1735 2690 1877 2736 diebus,
1915 2694 2048 2741 quibus
2069 2695 2223 2734 fortasse
2249 2697 2377 2736 diebus

1290 2760 1353 2787 cas
1369 2761 1450 2798 quae
1465 2750 1512 2788 de
1529 2750 1568 2789 S.
1589 2751 1702 2790 Paulo
1721 2762 1936 2800 supererant
1952 2756 2120 2795 absolvit.
2142 2759 2180 2796 in
2199 2759 2374 2806 secunda,

1290 2823 1398 2860 quam
1418 2813 1542 2861 paucis
1555 2820 1638 2862 post
1655 2815 1807 2862 primam
1827 2815 1954 2855 diebus
1973 2817 2111 2865 habuit,
2131 2821 2253 2858 statim
2273 2821 2373 2868 dicit,

1289 2875 1446 2922 primum
1466 2875 1610 2914 virtutis
1627 2876 1777 2924 gradum
1803 2887 1885 2916 esse
1902 2878 2052 2918 alterius
2078 2881 2202 2919 virtuti
2227 2884 2377 2931 applau—

1289 2937 1390 2976 dere.
1420 2938 1512 2978 Hinc
1531 2940 1663 2977 malam
1682 2941 1922 2988 quorumdam
1947 2943 2155 2991 opinionem
2183 2945 2230 2984 de
2255 2946 2376 2984 medio

1289 3003 1419 3042 tollere
1441 3004 1572 3051 satagit
1593 3015 1603 3041 :
1635 3011 1740 3043 erant
1755 3006 1851 3044 enim
1870 3007 2016 3054 quidam
2031 3009 2094 3056 qui
2110 3017 2277 3057 putarent
2293 3011 2374 3048 ani«

1288 3077 1366 3104 mas
1383 3067 1542 3106 violenta
1569 3075 1688 3107 morte
1713 3069 1964 3108 decedentium
1983 3071 2062 3110 fieri
2081 3073 2282 3114 daimonas.
2306 3076 2376 3116 Po-

1288 3135 1364 3167 stea
1394 3130 1440 3168 de
1460 3131 1598 3168 Lazaro
1621 3137 1658 3169 et
1675 3131 1721 3170 de
1739 3131 1852 3170 divite
1867 3133 1977 3171 verba
1995 3133 2096 3180 facit,
2115 3137 2237 3186 aitque
2253 3145 2374 3188 rapto-

1287 3203 1366 3230 rem
1384 3194 1665 3243 computaudum
1681 3205 1764 3234 esse
1783 3195 1944 3242 divitem,
1964 3197 2025 3246 qtti
2038 3205 2178 3248 partem
2197 3201 2374 3242 bonorum

1287 3266 1360 3294 non
1381 3257 1556 3305 impertit.

1337 3319 1376 3357 ln
1403 3321 1507 3359 tertia
1534 3321 1702 3359 hortatur
1725 3321 1770 3360 ad
1799 3322 1992 3362 lectionem
2018 3323 2214 3374 Seripturae
2243 3338 2371 3374 sacrm,

1287 3383 1410 3432 aitque
1427 3395 1472 3423 ex
1490 3383 1673 3432 frequenti
1688 3385 1866 3433 ejusmodi
1885 3387 2039 3427 lectione
2061 3395 2220 3428 mentem
2239 3391 2372 3440 aperiri

1285 3445 1331 3482 ad
1353 3447 1526 3494 majorem
1547 3447 1626 3494 ejus
1637 3446 1921 3496 intelligentiam.
1939 3449 2136 3498 Scriptura:
2155 3463 2242 3490 vero
2259 3462 2374 3489 sacrae

1287 3507 1524 3555 ignorantiam
1541 3508 1699 3547 haereses
1717 3511 1912 3558 peperisse,
1929 3523 1972 3550 ac
1981 3518 2171 3561 postquam
2189 3513 2234 3550 de
2244 3513 2375 3550 adver-

1287 3572 1338 3609 sis
1355 3573 1534 3620 patienter
1553 3573 1711 3612 ferendis
1731 3575 1842 3613 multa
1867 3576 1974 3622 dixit,
1995 3577 2195 3614 orationem
2221 3573 2370 3610 claudit.

1338 3634 1494 3672 Humilia
1511 3635 1554 3672 de
1568 3635 1609 3674 S.
1625 3635 1774 3686 Babylo.
1792 3658 1843 3666 —
1862 3639 1950 3676 Post
1969 3639 2049 3676 haec
2071 3638 2257 3684 aliquanto
2275 3640 2369 3670 tetu-

1286 3707 1376 3745 pore
1411 3708 1601 3737 sermones
1633 3700 1680 3738 de
1709 3701 1848 3738 Lazaro
1877 3699 2098 3743 intermisit,
2140 3696 2297 3742 primum
2332 3703 2369 3732 υι

1286 3761 1325 3800 S.
1356 3762 1502 3812 Babylo:
1521 3764 1682 3812 episcopi
1710 3762 1926 3802 Antiocheni
1950 3767 1988 3799 et
2019 3758 2213 3806 martyris;
2240 3757 2371 3794 deinde

1287 3833 1377 3862 vero
1405 3833 1443 3863 ut
1461 3833 1668 3864 sanctorum
1697 3824 1878 3864 Juventini
1905 3828 1942 3859 et
1969 3818 2152 3858 Maximini
2170 3825 2370 3865 martyrum

1287 3889 1450 3926 encomia
1471 3890 1683 3928 celebraret.
1705 3888 1783 3932 Qua
1803 3887 1838 3923 in
1854 3894 1894 3921 re
1908 3883 1988 3928 ipso
1999 3881 2258 3928 Chrysostomu
2279 3880 2372 3918 duco

1289 3949 1470 3999 loquimur
1499 3964 1510 3990 :
1537 3951 1587 3988 ait
1605 3951 1699 3988 enim
1722 3949 1781 3986 ille
1797 3945 1865 3984 sub
1884 3943 2024 3982 initium
2053 3942 2210 3980 homiliac
2234 3950 2372 3989 quarta:
