2694 4342
306 259 372 298 147

303 338 350 376 de
365 335 500 373 Lazaro
517 343 524 366 :
549 329 676 366 Verum
689 335 758 362 non
769 321 1038 361 existimavimus
1053 331 1124 358 esse
1142 325 1251 356 tutum
1266 317 1307 354 S.
1323 313 1393 352 Ba-

303 399 392 446 bylw
408 403 439 432 et
457 394 543 441 biga:
567 389 642 427 SS.
663 393 880 435 martyrum,
905 385 965 433 qui
987 389 1068 431 post
1089 383 1189 420 illam
1203 377 1391 418 homiliam

301 444 550 498 occurrerunt,
576 450 746 499 praeclara
765 455 860 498 gesta
880 447 1072 494 prwterire.
1103 444 1243 491 Quibus
1259 451 1393 480 conso-

301 527 363 558 nat
394 516 580 556 concionis
613 515 650 552 in
685 514 725 552 S.
750 512 921 560 Babylam
953 509 1148 548 exordium
1180 520 1190 545 :
1233 506 1394 544 Volebam

302 583 459 631 equidem
493 579 661 616 hodierno
689 577 746 614 die
774 576 924 613 debitum
953 574 1096 611 reddere
1114 601 1124 619 ,
1157 570 1250 619 quod
1282 579 1395 617 nuper

302 647 395 683 vobis
416 673 426 689 ,
451 653 529 680 cum
561 643 615 679 hic
649 653 757 679 essem
777 669 787 687 ,
813 639 956 688 promisi
991 648 1005 674 :
1033 637 1094 674 sed
1119 635 1202 684 quid
1233 631 1395 682 faciam!

301 708 346 746 Β.
378 706 530 756 Babylo:
558 705 787 743 interveniens
811 703 974 752 apparuit
989 730 999 747 ,
1019 707 1051 738 et
1077 701 1124 737 ad
1150 699 1303 747 seipsum
1331 707 1396 734 nos

301 773 445 810 vocavit.
484 772 580 819 Biga:
614 777 736 808 autem
765 773 982 816 martyrum,
1022 765 1084 813 qui
1117 770 1198 812 post
1228 767 1395 800 sanctum

303 835 478 884 Babylam
517 834 693 871 llomilias
733 831 780 870 de
816 830 955 868 Lazaro
1005 829 1236 875 intercepere
1258 854 1268 868 ,
1311 829 1397 862 sunt

303 904 450 934 sanctus
476 896 691 934 Juventinus
725 901 762 932 et
782 893 822 932 S.
844 891 1074 937 Maximinus,
1103 891 1165 938 qui
1195 886 1398 926 Antioehlte

305 960 401 1008 passi
421 959 576 1003 fuerant,
607 965 644 996 et
665 969 818 1006 quorum
837 955 987 994 homilia
1007 955 1061 992 sic
1087 954 1212 1001 incipit
1231 964 1241 990 :
1275 952 1400 999 Nuper

305 1022 349 1060 Β.
367 1022 517 1071 Bubytas
532 1033 610 1059 cum
633 1022 741 1058 tribus
763 1021 878 1069 pueris
893 1031 955 1056 nos
974 1019 1030 1055 hic
1043 1016 1272 1066 congregabat
1295 1027 1307 1052 :
1333 1016 1398 1052 ho-

306 1085 362 1122 die
382 1097 446 1133 par
463 1085 539 1122 SS.
557 1085 704 1121 militum
723 1085 758 1120 in
779 1084 852 1120 acie
864 1081 1048 1119 exercitum
1065 1079 1192 1117 Christi
1211 1078 1398 1116 constituit.

308 1151 434 1199 Nuper
450 1151 620 1199 quadriga
640 1155 847 1198 martyrum,
865 1147 966 1184 hodie
987 1146 1080 1195 biga.
1099 1143 1320 1182 Conciouem
1335 1143 1402 1180 ita-

307 1225 392 1262 que,
429 1220 510 1262 post
540 1213 682 1250 tertiam
709 1212 754 1250 de
785 1212 924 1249 Lazaro
956 1209 1145 1247 homiliam
1173 1207 1318 1249 habuit,
1355 1206 1401 1244 de

307 1277 334 1315 S
377 1277 526 1326 Babyla,
563 1277 624 1324 qui
661 1275 854 1323 episcopus
885 1271 1137 1310 Antiochenus
1173 1281 1257 1309 cum
1287 1276 1398 1314 esset,

308 1341 522 1390 martyrium
537 1351 600 1388 pro
611 1339 756 1378 Christo
769 1348 898 1386 passus
906 1343 974 1374 est.
989 1336 1078 1384 Ejus
1090 1334 1280 1372 historiam
1293 1333 1404 1371 refert

308 1404 619 1453 Chrysostoinus;
656 1401 814 1439 maxime
833 1411 920 1438 vero
944 1399 979 1436 in
1001 1398 1094 1436 libro
1127 1397 1204 1442 illo,
1232 1407 1339 1444 quem
1359 1396 1404 1433 de

309 1467 466 1516 Mai-lyre
487 1467 619 1516 Babyla
641 1471 767 1503 contra
798 1463 979 1502 Iulianum
1000 1461 1212 1508 Apostatam
1243 1459 1402 1505 Scripsit,

311 1530 371 1567 ubi
391 1530 540 1566 multum
561 1527 684 1566 differt
702 1527 748 1565 ab
775 1525 932 1564 Eusebio
961 1522 1191 1566 Caesariensi,
1229 1528 1268 1558 ut
1296 1530 1404 1568 supra

311 1593 468 1630 diximus
487 1603 495 1628 :
517 1604 560 1630 ex
581 1601 728 1630 rmnore
747 1600 903 1638 namque
918 1588 1014 1636 vulgi
1037 1588 1190 1635 loqutns
1211 1586 1405 1624 concinna-

315 1663 384 1701 tor,
407 1655 573 1704 quaedam
609 1656 719 1692 refert
750 1665 770 1690 a
803 1653 854 1690 rei
876 1652 1028 1689 veritate
1045 1650 1162 1688 aliena
1181 1661 1190 1686 :
1217 1648 1280 1686 sed
1301 1649 1408 1694 longe

314 1719 536 1762 accuratius,
582 1727 664 1754 cum
700 1715 746 1752 de
775 1714 1024 1762 Reliquiarum
1056 1712 1136 1759 ejus
1171 1710 1408 1748 translatione

317 1792 522 1819 sermonem
545 1779 668 1816 habet.

366 1843 502 1890 Nuper,
526 1841 655 1888 inquit,
691 1849 763 1876 non
788 1843 929 1882 autem,
955 1837 1041 1880 heri,
1074 1841 1113 1872 ut
1146 1835 1192 1871 ab
1213 1835 1410 1882 interprete

317 1906 490 1953 deceptus
507 1903 762 1940 Tillemontius
781 1901 915 1948 posuit.
935 1898 1008 1937 Sed
1029 1897 1210 1945 negotium
1233 1896 1411 1933 facessere

319 1967 462 2004 videtur
489 1966 538 2011 id,
571 1965 667 2012 quod
703 1964 737 2000 in
758 1970 944 2011 postremo
965 1961 1120 1998 exordio
1139 1960 1227 1996 dicit
1248 1969 1257 1996 :
1289 1958 1412 2005 Nuper

323 2031 366 2068 Β.
381 2030 532 2078 Babylas
546 2041 622 2066 eum
635 2029 742 2064 tribus
757 2028 871 2075 pueris
885 2037 946 2063 nos
957 2026 1012 2062 hic
1023 2024 1251 2072 congregabat
1267 2035 1278 2060 :
1295 2025 1328 2060 in
1344 2023 1412 2060 hac

321 2093 419 2129 enim
433 2093 607 2129 concione
619 2102 663 2128 ue
678 2091 816 2126 minime
829 2089 974 2136 quidem
991 2088 1036 2124 de
1051 2087 1166 2124 tribus
1184 2086 1305 2132 pueris
1323 2086 1413 2132 legi-

324 2154 548 2194 tur.\’erum,
561 2159 599 2189 ut
609 2153 710 2188 initio
722 2151 880 2188 bomiliac
891 2150 1036 2194 dicitur,
1050 2159 1122 2186 non
1133 2148 1414 2197 Chrysostomus

325 2215 438 2260 solus,
464 2215 527 2251 sed
543 2226 624 2251 cum
643 2215 703 2251 alii
720 2214 897 2258 seniores,
926 2219 1003 2250 tum
1031 2213 1222 2260 episcopus
1239 2211 1318 2259 ipse
1334 2211 1413 2248 Fla-

324 2277 454 2314 vianus
473 2276 601 2315 eodem
621 2276 680 2313 die
697 2275 901 2313 concionati
916 2281 1014 2312 sunt.
1037 2274 1122 2312 Haec
1136 2282 1167 2311 et
1181 2274 1266 2320 alia,
1284 2273 1414 2322 inquit,

326 2339 515 2376 senioribus
535 2337 836 2375 commemoranda
853 2337 1062 2382 doctoribus,
1083 2343 1116 2374 et
1133 2337 1306 2373 communi
1325 2335 1416 2384 patri

327 2407 444 2439 nostra
457 2400 687 2450 relinquemus
701 2411 715 2438 :
729 2413 782 2438 res
800 2401 891 2438 enim
909 2401 1116 2449 antiquiores
1135 2401 1304 2449 prrectare
1323 2399 1417 2437 vobis

310 2469 349 2501 αι
377 2465 511 2502 senibus
533 2470 676 2512 possunt
689 2465 828 2501 παντανί
847 2475 860 2501 :
879 2474 956 2512 qua:
971 2475 1052 2501 vero
1069 2475 1138 2501 non
1161 2464 1210 2500 ita
1229 2463 1362 2512 pridem
1378 2475 1418 2500 ac

329 2534 446 2564 nostra
467 2535 568 2564 artata
581 2533 661 2565 sunt
679 2534 790 2576 gesta,
810 2527 902 2564 vobis
917 2527 1058 2574 juvenis
1073 2537 1136 2575 ego
1152 2526 1316 2571 narrabo,
1340 2537 1418 2573 qua:

331 2591 491 2628 nimirum
508 2599 585 2640 post
606 2591 749 2635 obitum,
777 2598 852 2639 post
873 2591 1049 2639 exsequias
1067 2591 1245 2639 martyris,
1275 2591 1419 2628 acetum

329 2655 367 2691 in
385 2655 543 2691 saburbio
569 2660 777 2698 moraretur,
808 2653 1021 2690 acciderunt.
1047 2653 1133 2690 Rrec
1158 2653 1204 2690 de
1225 2653 1263 2690 Si
1286 2653 1419 2702 Babyla

331 2717 400 2754 sibi
417 2715 620 2754 enarranda
643 2715 1141 2764 proposuitChrysostomus,
1170 2723 1304 2754 caetera
1321 2726 1422 2754 com-

332 2779 431 2816 muni
449 2779 540 2826 patri
553 2785 589 2816 et
599 2779 802 2816 senioribus
815 2778 1137 2816 cornmemoranda
1151 2778 1312 2826 reliquit.
1331 2779 1421 2815 Nam

333 2849 374 2880 ut
391 2843 533 2880 caeteris
553 2842 672 2880 locum
689 2848 726 2880 et
741 2847 885 2889 tempus
903 2842 1020 2888 daret,
1039 2843 1253 2880 canclouem
1273 2841 1320 2880 de
1340 2852 1424 2880 san-

333 2911 393 2944 eto
412 2904 545 2954 Babyla
566 2905 769 2942 breviorem
799 2904 938 2950 habuit,
965 2916 1073 2952 quam
1091 2905 1232 2942 solebat
1253 2917 1261 2942 :
1291 2905 1421 2942 verisi-

337 2968 494 3016 mileque
514 2976 570 3006 cst
588 2968 746 3016 aliquem
762 2978 805 3005 ex
826 2968 882 3011 iis,
915 2969 976 3015 qui
995 2973 1078 3015 post
1096 2969 1197 3004 illum
1215 2968 1421 3005 concionati

335 3037 434 3076 sunt,
451 3031 496 3068 de
519 3031 634 3068 tribus
647 3030 771 3078 pueris
785 3031 894 3068 verba
915 3030 1056 3068 fecisse.
1079 3029 1214 3068 Eodem
1229 3030 1340 3078 igitur
1356 3040 1423 3067 an-

336 3103 384 3130 no
403 3093 526 3131 habita
544 3100 599 3132 est
614 3095 692 3132 lucc
711 3094 854 3140 concio,
882 3103 955 3142 quo
977 3093 1144 3131 llomiliac
1162 3093 1198 3130 in
1221 3093 1420 3138 Lazarum;

336 3161 373 3192 et
393 3156 540 3203 quidem
564 3167 689 3194 mense
705 3157 892 3203 Januario,
923 3156 1063 3194 scilicet
1095 3156 1270 3204 vigesima
1298 3163 1425 3204 quarta

337 3218 500 3264 ejusdem
533 3221 684 3264 mensis,
723 3226 762 3258 ut
796 3220 951 3264 videtur,
983 3230 1053 3268 qua
1085 3219 1146 3257 die
1173 3218 1425 3268 Martyrologia

339 3281 462 3316 omnia
480 3281 606 3317 festum
629 3281 667 3319 S.
683 3282 828 3330 Babyla}
847 3283 1019 3320 indicant.
1040 3282 1108 3328 Qui
1125 3292 1210 3320 vero
1231 3281 1339 3319 fuerit
1360 3291 1427 3318 au-

341 3351 410 3377 nus
427 3342 500 3386 ille,
518 3353 588 3379 non
609 3343 656 3379 ita
673 3343 776 3380 facile
789 3351 846 3382 cst
865 3345 1154 3392 deprehendere.
1172 3343 1428 3382 Tillemoutius

341 3414 475 3440 armum
495 3405 652 3452 assignat
671 3406 755 3443 587.
789 3407 878 3454 Ejus
896 3408 1077 3446 calculum
1107 3407 1346 3451 excussimus,
1373 3407 1427 3443 le-

342 3467 574 3515 vissimisque
609 3468 827 3516 conjecturis
855 3470 981 3508 fultum
1013 3481 1095 3510 esse
1123 3471 1360 3518 probavimus
1393 3470 1429 3506 in

344 3530 483 3568 Manilo
501 3529 546 3567 ad
563 3530 755 3568 Homiliam
775 3533 810 3569 iu
827 3533 1021 3578 Kalendas,
1044 3545 1125 3582 qua:
1140 3533 1334 3570 llomiliam
1355 3533 1429 3579 pri-

344 3603 441 3630 mam
472 3593 518 3631 de
554 3594 690 3631 Lazaro
723 3606 798 3632 uno
831 3596 892 3634 die
925 3597 1125 3644 praecessit.
1163 3595 1215 3632 lbi
1251 3595 1333 3632 vide
1365 3593 1429 3638 sis,

347 3667 489 3695 necnon
510 3658 544 3694 in
564 3657 698 3696 Monito
713 3659 759 3696 ad
774 3659 949 3696 Homilies
965 3660 1012 3697 de
1025 3659 1178 3696 Lazaro.

397 3720 554 3758 Itontilia
591 3722 628 3758 in
667 3722 740 3760 SS.
782 3721 1008 3760 Juventinum
1041 3729 1074 3759 et
1111 3721 1356 3759 Maximinum.
1383 3741 1432 3748 —

352 3781 452 3820 llanc
481 3785 605 3830 paucis
637 3786 861 3833 interpositis
893 3785 1024 3822 diebus
1043 3811 1054 3829 ,
1091 3790 1132 3820 ut
1160 3794 1268 3831 supra
1298 3783 1432 3831 proba-

354 3849 429 3880 tmn
463 3853 543 3891 est,
581 3853 732 3894 sequuta
773 3853 830 3884 est
860 3847 1013 3883 liomilia
1053 3847 1089 3883 in
1117 3853 1263 3884 sanctos
1296 3846 1434 3884 Juven-

351 3903 462 3940 tinum
499 3913 535 3943 ot
569 3909 803 3945 Maximinum
849 3915 1028 3955 martyres
1061 3908 1308 3946 Antiochenos
1329 3937 1338 3954 ,
1373 3909 1434 3956 qui

349 3973 431 4001 cum
449 3969 516 4004 sub
528 3969 669 4007 .luliano
686 3973 858 4019 Apostata
873 3971 1126 4018 comprehensi
1143 3977 1178 4007 et
1196 3971 1231 4008 in
1249 3981 1433 4009 carcerem

1056 239 1094 278 S.
1123 235 1316 277 JOANNIS
1339 229 1671 274 CHRYSOSTOMI
1691 227 1816 268 VITA.
2460 219 2516 256 Hs

1469 312 1572 357 trusi,
1601 310 1673 348 diis
1693 307 1868 346 sacriﬁcia
1891 303 2020 342 afferre
2035 302 2183 344 nollent,
2214 301 2400 348 cjusjusou
2419 299 2516 344 capite

1465 374 1622 414 truncati
1641 379 1739 412 sunt.
1769 370 1823 408 Ex
1843 368 1951 416 hujus
1979 376 2088 414 porro
2115 365 2296 402 conciouis
2319 363 2446 410 verbis,
2467 364 2514 403 ubi

1466 439 1597 476 dicitur
1617 445 1740 484 nuper,
1765 433 1977 470 concionem
1992 429 2039 467 de
2056 428 2095 466 S.
2115 427 2246 476 Babyla
2267 426 2394 464 dictam
2411 425 2516 472 fuisse,

1467 501 1550 548 quia
1571 505 1674 536 vetus
1694 497 1875 543 interpres
1894 493 2044 531 Latinus
2071 489 2159 528 illud
2189 490 2296 527 verbo
2329 489 2410 536 heri,
2443 491 2519 528 male

1467 567 1642 606 verterat,
1672 560 1696 597 ii
1717 559 1780 607 qui
1798 554 2062 606 Martyrologiis
2077 563 2222 600 operam
2241 551 2408 589 dederunt
2430 551 2462 588 in
2475 553 2520 587 vi-

1467 626 1644 676 gesimum
1673 623 1834 672 quintam
1861 617 2049 658 Februarii
2072 617 2205 669 borum
2229 621 2416 664 martyrum
2441 613 2520 650 diem

1468 687 1602 727 festum
1618 685 1826 730 conferunt,
1859 683 1944 721 licet
1968 682 2024 720 bis
2051 681 2087 718 in
2106 680 2174 717 hac
2196 678 2339 716 humilia
2364 688 2520 725 son-tum,

1469 763 1542 790 non
1563 756 1685 788 autem
1705 749 1877 786 hesterna
1891 746 1952 783 die
1968 744 2014 782 de
2027 743 2066 783 S.
2088 742 2221 791 Babyla
2237 751 2275 778 se
2293 740 2395 778 verba
2411 738 2520 776 iecisse

1469 815 1565 853 dicat
1582 826 1591 851 :
1614 813 1718 861 cujus
1736 811 1868 850 festum
1886 808 2012 846 incidit
2037 807 2072 844 in
2092 805 2142 842 24
2159 803 2329 861 Januarii.
2357 801 2436 840 lude
2455 812 2520 839 mos

1470 878 1638 923 obtinuit,
1660 859 1700 913 ut
1718 875 1778 912 die
1798 875 1930 912 festum
1949 871 1990 909 S.
2010 870 2155 918 Babylac
2169 859 2384 915 insequente,
2402 865 2458 904 SS.
2471 863 2507 902 lu

1470 942 1610 980 ventini
1643 947 1682 979 et
1710 938 1895 977 Maximini
1928 933 2142 974 memoriam
2169 930 2352 970 enuntiem
2371 941 2379 966 :
2399 939 2460 966 non
2483 939 2516 966 ex

1471 1007 1683 1045 Grmcorum
1712 1003 1860 1042 Mentcis
1897 1000 1934 1038 id
1966 999 2132 1041 mutuati,
2163 994 2348 1043 siquidem,
2381 997 2417 1029 ut
2439 997 2519 1028 notat

1472 1070 1609 1118 optime
1621 1065 1834 1112 Bollandus,
1847 1063 1946 1102 nulla
1958 1062 1992 1099 in
2008 1059 2170 1102 Monmis,
2183 1055 2385 1103 Monologiis
2396 1053 2518 1100 aliisque

1471 1132 1574 1170 fastis
1589 1131 1814 1174 Gratcorum,
1825 1127 1891 1166 SS.
1904 1124 2086 1164 Juventini
2100 1129 2137 1160 et
2147 1119 2326 1160 Maximini
2339 1123 2442 1156 exstat
2458 1125 2518 1152 me—

1473 1196 1616 1240 moria;
1638 1193 1718 1237 scd,
1738 1199 1778 1230 ut
1799 1190 1972 1234 diximus,
2001 1198 2047 1225 ex
2067 1179 2200 1224 veteris
2223 1180 2416 1230 interpretis
2439 1178 2520 1226 lapsu

1474 1261 1512 1298 in
1533 1256 1800 1308 Martyrologiis
1817 1260 1979 1292 erratum
1994 1257 2064 1290 est.

1524 1323 1611 1361 Post
1639 1321 1719 1359 haec
1753 1318 1922 1358 encomia
1957 1314 2121 1364 ejusdem
2148 1309 2326 1360 parabolae
2359 1314 2521 1355 argumen-

1477 1393 1552 1425 tum
1589 1385 1810 1432 resumpsit,
1843 1389 1880 1420 et
1909 1385 2076 1429 quartam
2110 1375 2156 1414 de
2187 1374 2321 1412 Lazaro
2345 1369 2522 1408 concionem

1477 1450 1604 1488 habuit
1630 1429 1750 1486 :dieit
1779 1451 1902 1483 autem
1939 1443 2007 1480 sub
2045 1439 2185 1477 initium
2211 1446 2255 1474 ex
2291 1435 2354 1472 bac
2382 1429 2522 1480 parabola

1477 1523 1629 1562 magnos
1659 1510 1795 1560 percipi
1828 1517 1936 1557 posse
1971 1505 2124 1543 fructus.
2150 1499 2286 1540 Deinde
2313 1507 2392 1534 vero
2422 1493 2525 1542 prohat

1478 1560 1610 1616 auium
1638 1572 1975 1613 immortalitatem,
2011 1569 2133 1616 aitque
2166 1560 2388 1602 conscientias
2416 1561 2523 1594 nostra

1480 1640 1635 1679 tribunal
1657 1649 1739 1677 esse
1761 1639 2027 1682 incorruptum,
2066 1636 2174 1678 atque
2193 1638 2237 1666 ex
2263 1621 2420 1663 terninnis
2435 1626 2525 1682 et

1480 1703 1702 1742 lamitatibus
1732 1699 1905 1738 illustrari
1937 1702 2122 1739 mentem,
2157 1698 2193 1730 et
2224 1693 2386 1728 consueta
2421 1679 2524 1722 murali

1481 1766 1737 1804 adhortatione
1753 1761 1891 1801 claudit
1909 1759 2137 1798 concionem.

1543 1829 1737 1868 llontiliam
1775 1827 1811 1864 in
1853 1823 1943 1862 illud
1967 1853 1978 1870 ,
2022 1821 2078 1860 Do
2115 1814 2354 1856 dormientibus
2385 1809 2454 1846 noto
2475 1814 2528 1870 res

1481 1895 1644 1942 ignorare
1660 1919 1670 1936 ,
1699 1895 1782 1938 post
1808 1893 1966 1934 quatuor
1989 1885 2070 1922 illas
2099 1883 2145 1920 de
2165 1881 2296 1918 Lazaro
2316 1871 2464 1942 homilias
2475 1867 2527 1942 hil-

1483 1929 1559 1993 bita
1587 1929 1674 2000 fuit,
1701 1929 1748 1990 ἰιι
1779 1953 1856 2000 ipse
1877 1951 1980 1988 initio
2001 1947 2110 1992 dicit,
2135 1951 2172 1983 et
2203 1944 2238 1980 in
2275 1940 2340 1978 hac
2371 1935 2466 2000 etiarn
2494 1929 2530 2000 (ξε

1483 1991 1844 2055 Lazaroridentidem
1864 2013 1951 2061 agit.
1981 1991 2206 2058 Quapropter
2225 2008 2306 2052 post
2331 1996 2480 2061 homilias
2495 1991 2530 2028 de

1483 2082 1622 2120 Lazaro
1640 2087 1677 2118 et
1695 2079 1869 2127 temporis
1883 2083 1920 2116 et
1933 2074 2133 2124 argumenti
2151 2079 2257 2110 causa
2275 2067 2309 2106 in
2327 2065 2390 2102 hac
2400 2059 2531 2100 editione

1484 2144 1602 2193 posita
1622 2143 1702 2180 fuit.

1534 2207 1732 2254 Postquam
1753 2211 1861 2242 terrae
1889 2208 2010 2240 motus
2029 2197 2258 2238 Antiochiam
2287 2187 2532 2254 subagit-attinnt.

1485 2270 1594 2308 aliam
1622 2246 1750 2306 habuit
1781 2267 1965 2305 homiliam
1983 2264 2286 2312 Chrysostomus,
2317 2262 2392 2303 quae
2413 2250 2446 2287 in
2458 2246 2533 2312 τετ-

1487 2345 1538 2372 ra:
1565 2339 1702 2372 motum
1732 2338 1768 2370 et
1797 2331 1952 2369 Divitem
1977 2335 2014 2366 et
2033 2309 2208 2365 Lazarum
2229 2318 2435 2359 inscribitur,
2456 2309 2536 2378 ideo-

1488 2409 1558 2447 que
1586 2399 1685 2435 illam
1711 2397 1806 2434 inter
1833 2395 2009 2433 llomilias
2034 2392 2080 2430 de
2107 2391 2243 2428 Lazaro
2277 2388 2405 2422 sextam
2434 2383 2534 2447 consu:

1488 2472 1654 2511 gnamus.
1693 2461 1794 2498 llanc
1837 2458 2053 2496 concionem
2098 2449 2325 2492 Hermuntius
2359 2445 2393 2485 in
2426 2443 2535 2477 annm“

1489 2506 1560 2564 ξεῖ
1580 2523 1838 2562 conferendam
1869 2520 2030 2569 putavit,
2061 2515 2230 2566 quoniam
2252 2511 2312 2549 illo
2335 2514 2423 2545 anno
2440 2506 2536 2569 terra!

1489 2596 1611 2627 motus
1629 2587 1834 2625 Antiochia:
1848 2566 1928 2622 fuit.
1953 2584 2087 2620 Verum
2107 2581 2198 2618 adeo
2217 2576 2414 2623 frequentes
2431 2566 2536 2603 Antio-

1491 2651 1583 2688 chia:
1611 2656 1718 2688 terrm
1735 2655 1855 2685 motus
1871 2651 1988 2690 erant,
2020 2651 2059 2682 ut
2085 2644 2119 2680 in
2141 2640 2276 2679 Monito
2297 2635 2341 2672 ad
2359 2633 2442 2669 hanc
2467 2633 2537 2690 εςιη·

1491 2714 1634 2752 cioucm
1655 2710 1902 2759 probavimus,
1925 2713 1963 2745 ut
1987 2707 2070 2744 hinc
2096 2712 2230 2741 annum
2261 2707 2331 2748 quo
2358 2691 2467 2732 habita
2489 2685 2540 2721 Ιιο·

1491 2776 1592 2814 milia
1607 2775 1673 2812 fuit
1689 2773 1905 2820 consignare
1919 2782 1991 2808 non
2013 2771 2130 2807 liceat.
2388 2819 2394 2820 γ
2447 2813 2466 2820 υ

1543 2810 1738 2874 llomiliam
1758 2810 1812 2872 de:
1824 2834 1952 2872 Viduis
1979 2831 2039 2879 (T.
2060 2832 2097 2868 5.
2137 2841 2168 2866 ε.
2187 2826 2275 2873 591)
2298 2819 2416 2871 paucis

1493 2908 1578 2950 post
1593 2899 1787 2938 l-lomiliam
1808 2897 1856 2935 de
1874 2877 2141 2934 dormientibus
2160 2877 2538 2950 pronuntiat-«imiimi?

1495 2941 1573 3012 ipse
1596 2961 1880 3010 Chrysostomus
1908 2959 1943 2996 iu
1967 2957 2146 3006 principio
2165 2951 2288 2994 reforl.
2307 2955 2384 3012 συξη
2402 2941 2460 3010 si."

1495 2997 1571 3012 'r“
1604 2997 1751 3010 ‘7'"i""
1971 2997 1980 3006 ι
2086 2997 2098 3004 ο

1495 3025 1646 3064 inultam
1678 3023 1811 3061 habere
1837 3021 2089 3070 Cogitationem
2120 3025 2204 3054 cum
2232 3003 2438 3070 praecedenti
2457 3012 2467 3034 ί
2483 2997 2542 3070 “ff

1821 3057 1986 3131 sﬁiriaquit,
2013 3094 2026 3118 ¢
2043 3079 2139 3129 quod
2159 3057 2274 3124 nuper
2293 3057 2544 3131 dicebaturrlff

1501 3151 1742 3190 dormientibus
1763 3155 1878 3186 autent
1903 3147 1984 3184 nolo
2016 3156 2074 3182 vos
2101 3145 2274 3191 ignorare,
2299 3140 2438 3185 [ναιταὶ
2457 3120 2544 3191 in"?

1497 3214 1767 3254 resurrectione
1785 3210 1897 3248 multa
1924 3216 1998 3245 tum
2029 3217 2050 3244 a
2077 3205 2180 3243 nobis
2199 3207 2286 3240 sunt
2300 3199 2403 3236 dicta-
2425 3204 2438 3227 ι

1497 3287 1638 3318 certum
1657 3277 1823 3315 videatur
1846 3274 1940 3310 hanc
1956 3272 2092 3309 dictam
2113 3268 2224 3306 fuisse
2241 3261 2364 3313 paucis
2467 3249 2545 3324 illi?

1499 3353 1606 3390 quam
1627 3341 1674 3378 de
1692 3337 1973 3376 Resurrectione
1991 3340 2026 3371 et
2051 3332 2098 3370 de
2120 3331 2257 3368 Lazaro
2273 3325 2426 3374 quintam
2442 3318 2547 3390 ίιιξθξζ

1499 3377 1662 3454 psimus;
1696 3402 1770 3439 imo
1789 3398 1954 3436 fortassis
1972 3402 2056 3432 ante
2073 3400 2213 3432 sextam
2239 3390 2285 3428 de
2301 3377 2548 3454 Βθειιξξξέειξίξιίέθ

1501 3443 1538 3506 et
1556 3467 1601 3504 de
1619 3466 1769 3503 Lazaro.
1801 3463 1901 3500 llanc
1919 3470 2001 3497 cum
2022 3458 2092 3495 illis
2112 3457 2157 3494 de
2176 3456 2312 3493 Lazaro
2329 3455 2364 3487 et
2380 3443 2454 3482 aliis
2468 3443 2548 3506 οξῆ

1501 3530 1585 3567 dem
1603 3526 1794 3574 temporis,
1829 3534 1912 3572 qua:
1941 3521 2109 3559 undecim
2127 3525 2280 3555 numero
2309 3516 2402 3552 sunt.
2433 3495 2552 3574 09"“?

1502 3566 1754 3630 Tillomontius
1773 3589 1810 3626 in
1827 3566 1911 3624 anni
1931 3584 2002 3623 386
2020 3582 2161 3620 initium
2185 3592 2196 3617 :
2224 3582 2346 3616 contra
2363 3575 2460 3618 quam
2479 3566 2553 3630 tent'

1504 3655 1603 3702 poris
1622 3659 1746 3690 notam
1771 3660 1843 3687 non
1862 3656 1977 3696 pauca
2005 3644 2177 3686 diximus,
2213 3637 2307 3677 aliud
2327 3637 2440 3702 autem

1503 3688 1668 3755 Irnentum
1689 3688 1874 3763 prioribus
1887 3708 2089 3757 adjicimus.
2119 3705 2266 3743 Certum
2291 3703 2346 3763 est
2365 3688 2555 3763 (ὶίιτῖείξξξξζ

1505 3791 1604 3817 mum
1619 3750 1716 3816 anno
1729 3775 1876 3815 ineunte
1892 3773 1963 3811 587
1982 3781 2056 3809 non
2071 3777 2204 3818 paucos
2213 3760 2378 3801 habuise
2391 3750 2557 3818 scrutantis

1505 3844 1552 3882 de
1567 3841 1825 3881 consubstantia
1845 3845 1882 3876 ct
1899 3841 2026 3874 contra
2045 3835 2262 3872 Auommos;
2283 3831 2348 3862 nec
2364 3817 2474 3884 minus

1507 3915 1583 3946 tum
1611 3906 1730 3944 solere
1755 3903 2055 3952 Chrysostomnm
2077 3875 2558 3952 praeteritaanconcitatu:

1509 3939 1583 3946 “····
1611 3939 1729 3944 νυν·-
1763 3939 1864 3952 ’ννδν
2079 3939 2087 3944 -
2389 3948 2392 3952 ,

1509 3971 1733 4015 meminisse,
1763 3967 1866 4016 cujus
1894 3965 1946 4003 rei
1971 3960 2134 4008 exempla
2165 3954 2294 4004 passim
2327 3946 2469 3984 vidimus
2492 3947 2500 3956 ⁸
2521 3939 2559 3967 an
