3932 6190
261 306 356 368 11.9

259 445 380 486 vero
417 427 729 500 contingere
766 430 952 500 potuit,
1000 439 1057 492 ut
1096 432 1305 500 vigente
1350 432 1435 486 illa
1466 442 1650 486 contra
1686 431 1834 485 Ano-

261 539 424 576 nunos
445 523 854 591 disceptatione,
889 524 940 576 in
973 525 1112 577 nulla
1157 523 1408 578 harumce
1440 540 1628 579 novem
1667 523 1838 577 homi—

261 615 461 672 Iiarum.
495 630 612 683 qum
644 615 760 668 sine
789 615 966 676 dubio,
995 617 1038 668 si
1069 617 1254 669 eodem
1281 633 1420 670 anno
1443 627 1495 670 et
1531 633 1711 671 mense
1743 617 1838 670 ha-

261 705 378 758 bitu:
405 705 616 767 iuerint,
657 704 796 758 inter
830 705 1087 759 llotnilias
1121 719 1304 761 centra
1348 711 1635 761 Anommos
1671 709 1835 762 inlcr-

261 796 429 852 mixta:
450 796 681 860 fuerunt,
701 798 783 850 vel
803 798 1073 850 minimam
1091 798 1269 852 haberi
1286 799 1440 867 hujus
1461 801 1834 853 controversia:

257 885 617 938 mentionem?
653 885 762 939 llac
791 887 916 940 mihi
955 904 1093 940 nova
1124 889 1338 942 suborta
1367 889 1640 943 dubitandi
1677 906 1832 943 causa

256 978 408 1031 animi
443 978 669 1046 pendeo,
703 979 875 1033 donec
901 981 1022 1048 quid
1049 982 1244 1034 certius
1268 991 1523 1051 emergat.

320 1073 610 1137 Sephoram
635 1069 701 1123 de
747 1069 950 1124 Lazaro
989 1073 1231 1140 ponimus
1279 1073 1545 1126 bomiliam
1590 1088 1706 1142 quae
1748 1074 1831 1126 in-

257 1161 536 1222 scribitur,
579 1161 827 1213 Adversus
854 1178 956 1224 eos,
1006 1162 1092 1230 qui
1142 1163 1208 1215 ad
1257 1163 1497 1216 circenses
1527 1164 1671 1216 ludos
1714 1182 1830 1231 per-

254 1260 394 1319 gunt,
424 1261 470 1303 et
504 1252 553 1302 in
585 1251 726 1303 illum
771 1249 1029 1322 Evangelii
1057 1253 1218 1306 locant
1240 1269 1258 1306 :
1289 1253 1483 1309 Intrate
1525 1267 1623 1322 per
1663 1271 1830 1323 angu-

255 1349 384 1393 stam
411 1351 641 1408 portam,
677 1341 795 1408 quia
825 1342 926 1394 lata
959 1352 1106 1410 porta
1137 1353 1189 1397 et
1211 1345 1439 1413 spatiosa
1469 1345 1548 1398 via
1579 1355 1674 1411 est
1713 1362 1829 1416 qua:

255 1431 397 1484 ducit
427 1433 488 1483 ad
516 1433 888 1499 perditionem,
930 1442 979 1486 et
1025 1436 1173 1488 multi
1205 1446 1328 1488 sunt
1357 1436 1446 1506 qui
1498 1437 1694 1490 intrant
1738 1454 1829 1505 per

256 1538 372 1574 eam
417 1540 430 1575 :
478 1533 522 1574 ct
566 1539 738 1575 versus
783 1527 931 1590 finem
961 1565 974 1589 ,
1020 1527 1070 1579 in
1116 1524 1330 1579 Divitem
1375 1537 1423 1580 et
1465 1529 1517 1582 in
1551 1527 1824 1584 Lazarum.

254 1612 395 1667 Hanc
427 1631 550 1667 vero
579 1617 887 1670 t‘Oncionem
920 1619 970 1671 in
1003 1620 1139 1672 serie
1177 1620 1510 1674 bomiliarum
1536 1622 1602 1675 de
1629 1621 1827 1676 Lazaro

251 1721 367 1756 esse
411 1707 706 1774 ponendam
751 1705 908 1762 docet
959 1711 1070 1778 ipse
1108 1710 1520 1780 Chrysostomus
1561 1729 1706 1766 num.
1749 1713 1822 1766 5:

254 1793 422 1848 Unum
477 1798 626 1871 igitur
655 1816 714 1850 ea;
750 1800 812 1851 iis
830 1841 845 1861 ,
875 1801 959 1864 qui
1007 1817 1094 1869 per
1113 1813 1380 1871 angustant
1407 1812 1450 1855 et
1479 1813 1669 1856 arctam
1697 1806 1827 1857 viam

247 1866 585 1947 incesserunt:
601 1889 734 1942 vobis
757 1890 807 1942 in
831 1891 1046 1943 medium
1088 1895 1392 1963 profcrentes
1411 1935 1426 1956 ,
1457 1910 1628 1947 eorum
1661 1911 1774 1963 qua:
1795 1912 1828 1949 α

249 1973 469 2029 Domino
498 1977 628 2031 dictu
655 1989 768 2031 sunt
798 1981 1050 2034 veritatem
1076 1983 1410 2048 ostendamus,
1444 1993 1488 2037 et
1515 1985 1685 2038 eadem
1709 2002 1824 2039 rur-

246 2081 330 2119 sus
359 2066 568 2120 Domini
615 2071 855 2138 parabola
882 2081 1102 2124 utamur.
1142 2071 1211 2126 Et
1255 2074 1436 2142 paucis
1465 2073 1790 2146 interpositis
1810 2117 1823 2142 ,

246 2171 338 2210 eos
364 2158 551 2211 eadem
587 2159 835 2228 parabola
860 2161 969 2230 jam
1007 2162 1240 2216 imbutos
1275 2163 1571 2234 declarans,
1604 2167 1680 2220 sic
1700 2182 1823 2236 per-

244 2248 354 2316 git:
399 2247 472 2299 Ac
497 2249 600 2301 scio
638 2251 866 2319 equidem
909 2267 1016 2318 vos,
1070 2253 1294 2308 homines
1339 2256 1669 2325 perspicaces,
1713 2258 1827 2327 jam
1860 2239 1879 2250 “

243 2339 381 2406 quod
434 2340 660 2395 dicturus
703 2358 815 2396 sum
866 2345 1182 2415 intelligere;
1234 2345 1558 2401 nihilominus
1611 2357 1773 2401 tamen
1790 2339 1828 2401 ἀ

244 2431 386 2485 nobis
433 2433 536 2485 dici
562 2449 756 2487 necesse
773 2445 864 2488 est.
894 2436 959 2489 Et
999 2445 1180 2504 postea
1228 2435 1293 2492 de
1329 2437 1488 2491 divite
1535 2446 1588 2492 et
1627 2437 1827 2491 Lazaro

241 2521 491 2590 pluribus
533 2525 661 2593 agit.
721 2526 938 2580 Demum
994 2543 1140 2580 num.
1196 2527 1264 2594 5,
1320 2537 1597 2598 postquam
1643 2528 1827 2583 Lazari

243 2624 476 2668 mortem
502 2629 625 2668 cum
653 2616 828 2670 divitis
858 2617 1001 2671 obitu
1033 2619 1330 2673 contulerat
1354 2637 1367 2673 :
1394 2619 1644 2674 Lubenter
1671 2622 1825 2690 enim,

240 2707 346 2771 ait,
393 2707 531 2759 hanc
556 2721 662 2760 rem
687 2724 822 2778 saepe
861 2725 1034 2775 verso,
1067 2721 1122 2762 ut
1157 2728 1301 2765 nemo
1339 2728 1401 2765 ea:
1443 2713 1565 2779 illis,
1597 2714 1683 2783 qui
1711 2730 1827 2784 ege-

239 2806 366 2850 state
392 2799 474 2851 vel
516 2799 703 2852 morbis
728 2811 777 2852 et
813 2801 946 2869 fame
974 2812 1285 2870 premuntur,
1332 2819 1385 2856 se
1424 2814 1728 2872 contemnat,
1781 2813 1828 2856 et

239 2888 470 2954 acipsum
510 2888 748 2942 miserum
791 2890 1092 2957 arbitretur,
1136 2892 1224 2945 sed
1265 2894 1543 2962 patienter,
1594 2905 1697 2949 etc.
1749 2893 1828 2947 Ex

236 2980 438 3046 quibus
468 2981 806 3048 perspicuum
838 2991 920 3035 est
947 2983 1082 3036 hanc
1102 2984 1259 3052 paulo
1288 2991 1406 3052 post
1436 2983 1683 3039 homilias
1709 2984 1828 3038 illas

232 3080 476 3137 quatuor
500 3069 568 3122 de
592 3069 793 3123 Lazaro
824 3075 1211 3140 pronuntiatam
1252 3072 1439 3128 fuisse.
1473 3074 1826 3140 Quamobrem

235 3160 289 3213 in
318 3161 596 3216 nonnullis
624 3162 911 3217 Codicibus
933 3163 1057 3218 Mss.
1100 3160 1238 3218 inter
1269 3163 1523 3218 Homilias
1543 3164 1608 3219 de
1628 3164 1829 3220 Lazaro

230 3255 482 3322 ponitur,
498 3265 556 3308 et
583 3255 633 3307 in
652 3254 958 3310 Colbertino
973 3257 1077 3311 ’564
1097 3265 1216 3325 post
1234 3264 1459 3326 quatuor
1484 3257 1604 3311 illas
1627 3257 1830 3326 priores

230 3343 302 3398 dc
332 3343 547 3398 Lazaro
586 3344 811 3412 locatur,
844 3355 898 3400 et
937 3347 1243 3401 inscribitur
1263 3347 1464 3414 Quinta
1503 3349 1571 3403 de
1606 3347 1827 3416 Lazaro,

228 3445 399 3504 atque
428 3436 662 3490 llomilia
686 3437 737 3490 in
767 3437 914 3503 illud,
952 3437 1089 3492 Nolo
1119 3455 1205 3494 vos
1226 3439 1460 3510 ignorare
1486 3440 1549 3494 de
1575 3441 1829 3494 dormien-

230 3527 390 3589 tibus,
428 3528 740 3582 inscribitur
776 3529 937 3585 Sexta
973 3531 1041 3586 de
1080 3531 1301 3586 Lazaro.
1331 3532 1527 3587 Verum
1559 3533 1695 3586 hanc
1730 3548 1828 3602 po-

229 3628 501 3673 stremam
528 3619 599 3674 de
642 3619 804 3693 Ludis
833 3623 1161 3678 circensibus
1181 3665 1195 3688 ,
1224 3624 1310 3676 illa
1341 3623 1408 3679 de
1439 3624 1830 3679 Dormientibus

229 3711 540 3776 processit,
583 3720 642 3764 ut
679 3712 790 3778 ipsa
821 3713 1052 3767 bomilia:
1093 3713 1236 3768 illius
1275 3715 1445 3784 prima
1480 3715 1640 3769 verba
1696 3715 1830 3769 indi-

227 3812 360 3856 cant
389 3820 406 3856 :
445 3801 569 3856 Dies
588 3814 804 3871 quatuor
821 3805 872 3858 in
895 3806 1197 3873 explicanda
1218 3807 1353 3860 vobis
1377 3805 1562 3859 Lazari
1589 3807 1830 3875 parabola

225 3894 672 3960 consumpsimus,
700 3905 803 3948 etc.
832 3895 994 3965 Igitur
1026 3896 1321 3951 Antiochia:
1347 3899 1683 3952 continenter
1711 3907 1832 3968 post

227 3984 537 4038 conciones
560 3983 628 4038 de
662 3984 862 4039 Lazaro
899 3987 1035 4041 banc
1065 3986 1253 4041 habuit
1289 3988 1582 4054 bomiliam,
1606 3989 1692 4043 ubi
1719 3991 1828 4059 pri-

229 4089 390 4127 mum
423 4084 615 4128 contra
643 4075 761 4129 illos
785 4077 922 4146 agit,
949 4079 1036 4147 qui
1058 4078 1327 4133 circenses
1352 4079 1504 4132 ludos
1530 4078 1830 4149 frequenta-

224 4164 391 4232 bant,
425 4177 486 4222 et
515 4175 696 4236 postea
723 4169 789 4222 ad
817 4179 1124 4224 consuetam
1155 4170 1223 4225 dc
1243 4169 1440 4225 Lazaro
1462 4179 1516 4225 et
1543 4169 1706 4225 divite
1734 4185 1828 4242 pa-

220 4259 485 4312 rabolam
521 4257 775 4314 deﬂectit.
877 4322 880 4324 τ

302 4349 590 4404 Hactenus
614 4360 822 4420 tempus
837 4366 942 4419 quo
958 4352 1243 4407 conciones
1268 4351 1505 4422 singulas
1533 4351 1830 4407 Antiochi-.e

220 4439 431 4496 habuit
494 4439 910 4514 Chrysostomus
961 4443 1381 4512 assignavimus,
1433 4442 1590 4497 modo
1632 4444 1824 4508 certis,

221 4533 405 4586 modo
433 4531 612 4587 dubiis
659 4533 890 4588 indiciis.
927 4535 1158 4588 Cteteras
1197 4549 1325 4589 vero
1369 4548 1500 4604 quas
1533 4534 1827 4600 edidimus,

217 4637 487 4692 utrasque
521 4622 840 4688 Antiochiae,
890 4624 1007 4677 sine
1061 4624 1163 4677 ulla
1212 4624 1471 4693 probabili
1515 4625 1638 4677 anni
1667 4633 1827 4689 nota,

217 4715 500 4767 habuisse
535 4717 816 4783 putamus,
864 4715 948 4768 hic
989 4716 1322 4770 continenter
1362 4728 1711 4786 apponemus,
1740 4715 1832 4769 illo

212 4806 436 4860 ordine
452 4819 562 4875 quo
589 4807 640 4860 in
669 4807 766 4860 hac
786 4807 1018 4861 editione
1045 4807 1300 4862 feruntur.

301 4894 567 4950 Honu'h'a:
609 4898 659 4949 in
701 4897 1051 4951 Pentecosten.
1087 4929 1158 4937 —
1185 4898 1466 4952 llomiliam
1513 4901 1737 4968 primam
1778 4899 1829 4954 in

213 4987 608 5043 Pentecosten
645 5004 712 5042 ne
746 4989 1050 5058 conjectura
1081 4989 1294 5058 quidem
1332 4989 1512 5043 dicere
1552 5004 1834 5057 possumus

209 5097 348 5151 quo
379 5095 526 5133 anno
553 5079 732 5133 habita
762 5079 938 5145 fuerit,
965 5091 1026 5134 ut
1053 5081 1104 5134 in
1131 5080 1329 5134 Βίοιιίιο
1350 5079 1417 5133 ad
1446 5081 1688 5134 eamdem
1722 5097 1835 5150 pro-

177 5172 497 5248 ;bavimus
525 5169 612 5240 (T.
641 5172 695 5225 2.
733 5189 780 5224 c.
813 5172 964 5244 451).
991 5172 1046 5226 In
1073 5186 1134 5227 ea
1160 5185 1287 5225 vero
1318 5185 1424 5224 non
1448 5185 1661 5240 parvam
1682 5171 1833 5226 nobis

205 5262 621 5317 diﬂicnltatem
650 5261 807 5317 affert
827 5263 882 5316 in
909 5263 1283 5318 enumerandis
1319 5263 1608 5331 majoribus
1638 5262 1838 5317 festivi-

209 5356 473 5420 tatibus,
499 5371 636 5426 quas
661 5356 764 5410 sub
811 5356 1015 5411 initium
1050 5357 1233 5426 prima:
1262 5357 1315 5410 in
1355 5356 1702 5411 Pentecosten
1740 5357 1836 5410 ho-

215 5448 418 5506 milia‘:
442 5448 523 5501 sic
565 5457 968 5502 commemorat.
1014 5448 1244 5502 Primam
1289 5448 1417 5502 dicit
1464 5447 1830 5516 Epiphaniam,

219 5539 544 5598 sealndam
563 5541 761 5595 Pascha
773 5583 786 5604 ,
810 5543 1016 5597 tertiam
1033 5542 1402 5598 Pentecosten.
1426 5541 1690 5609 Quaeritur
1707 5557 1836 5598 vero

216 5649 339 5693 cur
373 5632 619 5689 Natalem
651 5633 847 5690 Christi
867 5635 1010 5691 diem
1040 5636 1296 5700 otniserit,
1320 5649 1476 5706 quem
1499 5633 1618 5706 ipse
1641 5634 1715 5692 25
1740 5636 1830 5691 De-

215 5723 495 5783 cembris
531 5725 792 5780 celebrari
837 5727 948 5796 jam
993 5726 1146 5790 dixit,
1197 5736 1252 5781 et
1292 5727 1343 5781 in
1391 5741 1519 5796 quo,
1565 5735 1624 5782 ut
1669 5743 1827 5796 supra

581 5843 842 5904 Pnnm.
888 5843 1004 5904 Gn.
1049 5839 1290 5902 XLVII.

1438 316 1618 372 NUNC
1661 317 1916 374 PRIMUM
1959 319 2345 374 ADUliNA'l‘A.

2754 254 2780 278 l
3463 251 3471 258 .

3421 319 3522 372 150

1948 431 2196 494 diximus,
2238 431 2548 486 concionem
2597 431 2796 485 habuit.
2840 429 2949 484 Dici
2985 428 3119 482 forte
3164 429 3348 497 possit,
3393 430 3520 499 quia

1946 528 2133 580 festum
2163 526 2362 580 Natalis
2385 525 2580 578 Christi
2612 540 2639 575 a
2668 523 3000 593 paucissimis
3026 521 3179 574 annis
3215 521 3521 577 Antiochia:

1942 618 2308 672 celebrabatur
2336 617 2422 671 die
2446 617 2514 672 25
2543 617 2878 678 Decembris,
2910 630 3032 668 cum
3072 624 3225 666 antea
3261 628 3361 666 una
3398 612 3520 679 Epi-

1944 709 2151 778 phania:
2199 709 2538 774 solemnitas,
2591 707 2678 760 die
2737 715 2884 760 sexta
2955 705 3198 780 Januarii
3241 713 3296 758 et
3345 703 3518 758 Natali

1941 802 2135 854 Christi
2156 842 2170 864 ,
2201 809 2255 854 et
2279 801 2547 870 Magorum
2603 797 2921 860 adoratioui,
2949 804 3004 850 et
3027 795 3221 848 Christi
3254 795 3518 863 baptismo

1938 892 2186 960 deputata
2212 901 2377 956 esset,
2427 891 2514 944 hic
2542 888 2832 948 Secundum
2874 897 3110 940 veterem
3152 885 3516 939 solemnitatcs

1939 984 2250 1038 numerandi
2272 982 2704 1036 consuetudinem
2727 978 3149 1048 aChrysostomo
3167 975 3514 1044 Epiphaniam

1939 1074 2242 1139 meumrari,
2273 1073 2518 1141 diemque
2543 1070 2782 1124 Natalem
2817 1069 2999 1122 taceri.
3031 1067 3126 1122 llic
3155 1066 3403 1120 nimirum
3432 1081 3516 1118 re.-

1935 1179 2121 1236 Ceptus
2149 1168 2215 1221 ab
2247 1183 2361 1221 :cvo
2400 1150 2716 1220 rcccriscndi
2758 1177 2876 1216 mos
2922 1161 3087 1216 fuisse
3129 1159 3338 1214 videtur
3374 1157 3513 1226 apud

1935 1260 2296 1313 Antiochenos
2320 1300 2334 1322 ,
2364 1267 2422 1312 ut
2467 1267 2575 1310 tres
2620 1256 2936 1326 insigniores
2978 1252 3342 1306 solemnitates
3365 1249 3512 1303 dicc-

1935 1361 2070 1412 rent,
2101 1349 2448 1419 Epiphaniam
2471 1391 2485 1414 ,
2518 1348 2718 1404 Pascha
2748 1357 2803 1401 et
2849 1348 3200 1400 Pentecosten
3228 1360 3241 1396 :
3268 1340 3510 1396 Natalem

1933 1457 2060 1496 vero
2106 1441 2312 1495 Domini
2355 1441 2518 1503 diem,
2552 1440 2670 1509 quia
2703 1454 2872 1508 nuper
2914 1437 3162 1490 inductus
3211 1433 3402 1494 fuerat,
3454 1441 3512 1484 ut

1928 1535 2036 1604 jam
2069 1534 2317 1597 vidimus,
2349 1535 2398 1586 in
2434 1534 2532 1587 hoc
2559 1548 2782 1587 numero
2805 1531 3039 1586 nondum
3076 1535 3353 1599 ponerent,
3385 1525 3507 1596 quia

1933 1637 2086 1681 antea
2113 1641 2232 1679 cum
2264 1625 2558 1694 Epiphania
2585 1624 2975 1678 celebrabatur.

2003 1715 2245 1770 Secunda
2279 1716 2438 1769 etiam
2482 1715 2548 1769 de
2575 1714 2892 1768 Pentecoste
2920 1710 3134 1765 bomilia
3166 1707 3362 1763 nullam
3396 1722 3509 1778 prta

1932 1822 1990 1862 se
2035 1805 2134 1860 fert
2177 1806 2430 1874 temporis
2477 1812 2677 1858 notarn.
2721 1804 2776 1856 In
2818 1803 2919 1856 hac
2962 1815 3122 1871 porro
3154 1800 3506 1855 Pentecostcn

1933 1910 2090 1956 vocat
2115 1901 2528 1971 Chrysostomus
2558 1897 2874 1966 metropolim
2899 1899 3171 1966 festorum,
3209 1892 3334 1961 quia
3359 1890 3510 1946 vide-

1932 1991 2076 2056 licet,
2107 2001 2165 2045 ut
2203 1991 2396 2046 ibidem
2426 1989 2626 2059 adjicit,
2658 1987 2886 2043 fructum
2932 1987 3017 2039 illa
3051 1983 3336 2038 Dominica:
3378 1995 3504 2051 pro-

1931 2083 2200 2138 missionis
2224 2082 2396 2140 aﬂ'ert.
2436 2081 2550 2135 Non
2578 2094 2746 2148 pauca
2785 2087 2966 2132 contra
2993 2069 3508 2130 Pneumatomachos

1931 2176 2165 2239 disserit,
2185 2176 2274 2245 qui
2301 2173 2529 2243 Spiritus
2551 2169 2719 2225 sancti
2743 2170 3072 2236 majestatem
3098 2178 3158 2217 ac
3173 2161 3506 2217 divinitatem

1932 2267 2290 2338 impetebant:
2315 2279 2380 2319 ac
2405 2275 2685 2333 postquam
2708 2261 2776 2316 de
2806 2259 3063 2314 fructibus
3084 2255 3314 2326 Spiritus
3333 2253 3503 2308 sancti

1933 2359 2095 2411 multa
2128 2356 2364 2425 protulit,
2395 2356 2552 2408 linem
2583 2351 2793 2408 dicendi
2815 2351 2961 2404 facit.

2004 2449 2279 2504 Contiones
2325 2448 2462 2500 alim.
2503 2475 2574 2486 ——
2611 2443 2906 2498 Antiochiae
2957 2443 3085 2496 item
3127 2440 3330 2495 incerto
3364 2447 3506 2492 anno

1932 2541 2241 2596 concionem
2269 2538 2453 2594 habuit
2480 2538 2547 2592 de
2572 2537 2631 2591 S.
2676 2535 2887 2604 Pelagia
2919 2542 3149 2603 martyre
3175 2529 3504 2584 Antiochena

1934 2630 2019 2704 (T.
2047 2631 2104 2684 2.
2134 2652 2179 2686 c.
2211 2627 2380 2699 579),
2411 2644 2529 2698 qua:
2572 2641 2696 2680 cum
2742 2622 3058 2698 Christiana:
3104 2620 3224 2675 ﬁdei
3271 2632 3428 2673 causa
3470 2632 3503 2670 a

1934 2723 2190 2777 militibus
2211 2719 2521 2777 abducenda
2546 2727 2718 2782 esset,
2749 2732 2818 2773 ne
2847 2714 3131 2785 virginitati
3171 2726 3280 2766 suae
3310 2711 3389 2765 vis
3418 2710 3502 2764 in»

1932 2815 2196 2879 ferretur,
2240 2829 2360 2870 sese
2421 2810 2743 2882 prmcipitem
2805 2807 2982 2872 dedit,
3037 2815 3093 2860 et
3150 2805 3230 2859 sic
3275 2812 3502 2858 mortem

1932 2903 2033 2958 sibi
2070 2893 2325 2958 conscivit
2375 2911 2449 2965 De.
2485 2920 2586 2964 qua
2631 2912 2810 2956 sancta
2840 2896 3042 2966 virgine
3080 2893 3245 2949 multa
3292 2905 3500 2947 memo-

1932 3002 2115 3048 rantur
2127 2991 2182 3046 in
2195 2989 2400 3046 Μοιιίιο
2416 2988 2634 3056 ibidem,
2649 3002 2887 3058 quaenon
2896 2996 3026 3043 sunt
3052 2982 3333 3054 praesentis
3353 2980 3505 3036 insti-

1934 3084 2050 3139 tuti.

2005 3175 2058 3227 ln
2085 3181 2323 3228 sanctum
2352 3186 2564 3242 quoque
2601 3168 2857 3240 lgnalium
2893 3159 3173 3236 Deiferum,
3209 3152 3508 3219 Antiochia:

1931 3265 2237 3334 episcopum
2279 3272 2334 3318 et
2366 3273 2672 3332 martyrem,
2700 3259 3010 3314 concionem
3059 3255 3245 3310 habuit
3277 3253 3508 3323 Chryso-

1933 3365 2159 3420 stomus,
2182 3353 2363 3424 paucis
2385 3361 2505 3421 post
2527 3351 2838 3404 concionem
2864 3348 2915 3401 in
2937 3349 2996 3400 S.
3023 3345 3292 3415 Pelagiam
3319 3343 3508 3398 diebus

1933 3445 2020 3518 (Τ.
2049 3445 2102 3500 2.
2136 3458 2186 3495 c.
2215 3441 2352 3514 587)
2385 3461 2398 3496 :
2429 3442 2495 3497 de
2509 3456 2650 3495 anno
2670 3449 2844 3494 autem
2870 3454 2938 3492 ne
2962 3436 3271 3505 conjectura
3293 3432 3506 3502 quidem

1932 3515 2166 3592 statuere
2190 3533 2459 3605 quidpiam
2487 3545 2790 3602 possumus.
2817 3527 3032 3581 Festum
3065 3527 3124 3579 S.
3156 3523 3340 3593 lgnatii
3366 3523 3506 3577 cele—
3559 3515 3596 3549 ⁸

1933 3628 2118 3682 bratur
2143 3623 2280 3694 apud
2297 3638 2393 3677 nos
2419 3622 2588 3692 prima
2608 3617 2902 3681 Februarii,
2922 3614 3062 3685 apud
3083 3613 3302 3668 Grmcos
3324 3619 3507 3664 autem

1932 3717 2185 3788 vigesima
2208 3715 2296 3770 die
2322 3711 2660 3775 Decembris;
2692 3710 2813 3778 quia
2841 3720 2968 3761 vero
2990 3707 3042 3759 in
3071 3704 3196 3759 Mss.
3229 3701 3394 3776 etiam
3414 3717 3510 3753 an-
3565 3772 3571 3778 _

1934 3805 2248 3878 tiquissimis
2271 3811 2486 3859 notatur
2511 3817 2570 3854 ea
2605 3801 2716 3869 ipsa
2730 3794 2858 3852 ’dies
2896 3796 3150 3865 vigesima
3180 3790 3506 3854 Decembris,

1932 3896 2221 3952 verisimile
2267 3895 2476 3948 videtur
2505 3892 2594 3946 illa
2627 3890 2716 3944 die
2752 3887 2986 3943 habitam
3033 3885 3198 3939 fuisse
3225 3882 3362 3936 hanc
3389 3893 3520 3934 con-

1932 3992 2162 4051 cionem,
2190 4001 2295 4039 non
2321 3994 2497 4038 autem
2530 3983 2591 4036 t7
2620 3977 2926 4034 Decembris
2951 4016 2965 4040 ,
2991 3988 3093 4045 qua
3120 3973 3205 4028 die
3237 3967 3514 4024 translatio

1932 4079 2048 4148 ejus
2071 4076 2368 4132 celebratur
2405 4073 2460 4127 in
2488 4068 2726 4125 Ecclesia
2772 4068 3032 4130 Romana,
3083 4072 3142 4117 ut
3178 4068 3323 4116 recte
3361 4065 3514 4112 notat

1934 4170 2133 4224 Fronto
2173 4168 2413 4229 Ducmus,
2458 4163 2546 4232 qui
2577 4173 2687 4216 tres
2721 4159 2837 4228 ejus
2869 4155 3242 4211 translationes
3277 4164 3514 4206 comme-

1935 4273 2141 4321 morat;
2171 4259 2397 4329 primam
2435 4255 2602 4310 Roma
2643 4249 3002 4314 Antiochiam,
3036 4253 3094 4300 ut
3133 4243 3388 4315 putabant
3430 4240 3514 4294 di-

1933 4355 2120 4424 scipuli
2173 4354 2324 4422 ejus,
2373 4349 2461 4420 qui
2503 4349 2634 4402 Acta
2673 4345 3015 4413 scripserant,
3063 4338 3276 4410 quando
3318 4349 3514 4404 nempe

1933 4445 2169 4515 reliquiae
2215 4444 2331 4512 ejus
2372 4439 2642 4496 translata:
2679 4445 2803 4490 sunt
2830 4453 2844 4488 :
2874 4447 2995 4488 nam
3032 4430 3415 4500 Chrysostomo
3457 4426 3536 4480 in-

1935 4539 2036 4592 bac
2064 4535 2278 4591 bomilia
2308 4549 2371 4588 ac
2394 4532 2714 4601 Hieronymo
2741 4525 2994 4590 testibus,
3023 4538 3146 4578 ossa
3176 4521 3292 4590 ejus
3327 4518 3490 4574 Antio

1935 4631 2069 4685 chia:
2107 4627 2453 4699 quiescebant
2473 4667 2488 4693 ,
2513 4631 2568 4678 et
2592 4621 2806 4692 quidem
2832 4626 2981 4672 extra
3009 4625 3216 4685 portam
3249 4611 3514 4682 Daphmti-

1941 4733 2060 4772 ram
2099 4718 2153 4772 in
2192 4712 2536 4775 caemeterio,
2573 4705 2750 4776 inquit
2791 4709 3146 4777 Hieronymus
3182 4705 3236 4759 in
3264 4703 3406 4758 libro
3444 4701 3514 4755 de

1937 4809 2296 4879 Scriptoribus
2343 4801 2747 4860 Ecclesiasticis.
2794 4797 3039 4854 Secunda
3092 4793 3370 4850 translatio
3415 4791 3549 4846 im—'

1940 4909 2156 4969 perante
2172 4894 2471 4956 Theodosio
2493 4892 2535 4946 ll
2548 4891 2685 4945 facta
2697 4898 2796 4954 est,
2815 4904 2934 4943 cum
2948 4888 3062 4957 ejus
3069 4887 3219 4956 jussu
3239 4901 3306 4940 ex
3323 4899 3518 4939 ccenie~

1940 4992 2072 5046 terio
2098 4990 2150 5043 in
2174 4987 2427 5056 templum
2449 4983 2698 5039 Fortuna:
2717 4981 2832 5049 ejus
2860 4993 2980 5034 ossa
3003 4977 3254 5032 translata
3281 4983 3427 5040 sunt,
3459 4983 3516 5027 et

1940 5083 2193 5153 templum
2220 5081 2343 5133 olim
2369 5076 2699 5131 dmmonibus
2719 5073 2972 5138 dicatum,
2997 5073 3216 5142 martyri
3239 5082 3514 5125 consecro.

1941 5187 2050 5230 tum
2078 5185 2179 5238 est,
2211 5170 2382 5238 inquit
2411 5168 2687 5236 Evagrius.
2717 5165 2952 5221 Tertiam
2984 5161 3380 5217 translationem
3412 5159 3513 5211 An-

1940 5265 2131 5320 tiochia
2179 5262 2402 5316 Romam
2450 5265 2710 5312 memorat
2734 5254 3161 5327 MartyrolOgium
3191 5251 3502 5306 Romanum,

1939 5372 2060 5412 cum
2101 5355 2152 5408 in
2178 5353 2401 5409 ecclesia
2429 5351 2487 5405 S.
2524 5345 2815 5406 Clementis
2845 5344 3114 5403 recondita
3149 5349 3291 5396 sunt.
3322 5339 3376 5392 In
3413 5337 3510 5391 hac

1939 5461 2068 5503 vero
2091 5445 2346 5500 concione
2382 5443 2792 5514 Chrysostomus
2826 5437 3078 5509 lgnatium
3104 5433 3178 5485 ait
3209 5430 3334 5486 l'cris
3363 5425 3508 5494 obje.

1940 5551 2082 5595 ctum
2114 5539 2344 5608 quinque
2367 5550 2593 5592 coronas
2619 5546 2904 5596 mermsse;
2931 5527 3058 5584 dicit
3080 5525 3297 5595 insuper
3326 5519 3502 5576 Antio-

1941 5633 2074 5690 chiae
2095 5633 2320 5688 ducenta
2349 5630 2620 5686 hominum
2649 5625 2812 5682 millia
2841 5637 2978 5678 esse.

2016 5726 2256 5794 Aliquam
2287 5724 2603 5782 concionem
2643 5715 2936 5776 Antiochiae
2976 5712 3278 5770 habitarunt
3321 5709 3511 5768 seriem

1825 5914 1838 5924 κ
1898 5843 1995 5909 wg
3104 5824 3178 5885 ιι
