2694 4342
323 305 342 316 συ

301 305 361 344 ίιιῖ

300 383 404 421 nobis
427 378 562 418 iudicat
579 374 640 421 (T.
678 372 712 408 6.
737 383 768 408 c.
800 367 882 416 Ιῦὂ)
905 368 981 416 ipse
1006 363 1288 405 Cbrvsostomus
1312 368 1384 394 ser-

299 453 406 482 mone
426 441 540 489 primo
565 437 609 474 de
637 434 757 473 verbis
771 431 954 474 Jeremim,
975 437 1058 467 eum
1081 427 1129 464 ait
1149 437 1187 463 n.
1215 425 1230 462 1
1265 432 1274 458 :
1298 421 1386 458 Pro-

301 487 476 556 ptereuvde
495 502 596 540 Petro
615 506 646 537 et
668 497 780 535 Paulo
811 506 921 544 nuper
953 491 1254 530 disseruissemss.
1285 492 1316 522 et
1347 487 1389 522 de

300 576 420 608 exorta
448 568 538 604 inter
563 565 656 613 ipsos
678 560 871 600 Antiochia:
895 561 1149 597 controversia,
1171 559 1390 600 pugnamque

299 635 412 677 illum,
431 641 506 679 qua!
523 630 610 666 inter
621 639 677 664 eos
689 637 760 663 esse
774 623 966 666 ridebatur,
983 630 1068 668 pace
1083 616 1202 667 quavis
1219 614 1391 652 utiliorem

300 695 395 734 vobis
413 692 691 733 ostendissemus,
715 699 858 736 cumque
877 685 924 722 ad
941 689 1154 733 prwi'uptam
1175 687 1208 717 et
1231 688 1393 727 asperam

305 770 362 795 ros
382 757 478 793 illam
499 755 587 791 viam
606 747 884 794 deduxissenms,
903 746 949 782 ml
965 743 1064 782 aliud
1080 747 1322 792 argumentum
1336 748 1395 774 vos

305 819 549 862 "adurimus,
582 816 666 852 dum
694 812 785 850 beati
816 808 990 847 Eustathii
1029 805 1204 855 pi'wconia
1241 811 1398 839 sermone

307 881 478 929 contpleaj
492 889 625 922 sumus,
641 881 759 924 etpost
775 871 876 910 illum
894 869 1048 920 generosi
1067 867 1228 916 martyris
1248 861 1396 902 Romani

310 945 432 982 laudes
461 941 716 992 percurrimus,
750 948 828 974 tum
853 933 1024 972 illustrius
1054 930 1152 968 nobis
1185 928 1317 975 factum
1351 931 1399 961 est

313 1010 506 1051 theatrum,
541 1005 692 1051 tnuplior
727 1000 920 1050 applausus
949 1004 980 1034 et
1003 995 1117 1042 maior
1147 991 1401 1040 strepitusac-

311 1071 551 1108 clamantium.

363 1135 554 1173 Contiones
574 1131 668 1168 alite.
681 1150 728 1158 --
743 1127 858 1174 Quam
875 1125 1027 1174 primam
1048 1122 1107 1160 hic
1122 1124 1300 1158 memorat
1316 1126 1404 1154 con-

317 1200 488 1242 cionem,
511 1207 552 1234 ea
573 1201 642 1238 cst,
667 1203 776 1241 quam
813 1196 896 1239 post
924 1188 1120 1226 lectionem
1153 1182 1328 1232 Epistolas
1359 1179 1404 1217 ad

317 1261 464 1300 Galatas
479 1259 536 1308 (εἶ’.
557 1260 592 1296 5.
612 1267 642 1293 c.
656 1255 742 1304 571)
762 1251 965 1292 Antiochia:
983 1249 1108 1287 imbuit
1127 1247 1408 1295 Chrysostomus

319 1324 354 1361 in
377 1321 480 1367 illud,
494 1320 544 1357 Ίη
558 1319 692 1368 'faciem
707 1316 818 1354 Petro
834 1313 962 1351 restiti.
981 1312 1130 1349 Veritus
1147 1309 1246 1346 enim
1263 1317 1309 1344 ne
1326 1312 1408 1342 lan-

321 1386 412 1429 tilla,
431 1395 514 1434 quae
535 1383 594 1421 hic
620 1387 772 1430 apparet
793 1380 892 1417 inter
921 1377 1069 1415 Petrum
1090 1379 1127 1412 et
1152 1372 1321 1416 Paulum,
1339 1369 1408 1406 Ec-

322 1450 446 1488 clesia:
475 1448 678 1490 columnas,
709 1443 890 1482 dissensio
925 1441 1066 1488 piorum
1099 1437 1240 1474 animos
1266 1437 1412 1482 pertur-

325 1514 440 1555 baret,
462 1511 566 1557 longa
597 1509 716 1545 locum
734 1506 848 1544 illum
869 1503 1036 1541 oratione
1053 1499 1250 1546 explanare
1271 1495 1411 1532 nititur.

326 1573 456 1612 Statim
475 1556 634 1620 explicat
653 1575 786 1618 quanta
805 1567 889 1604 hinc
907 1561 1138 1602 incommoda
1153 1563 1362 1607 sequantur,
1383 1556 1412 1592 si

328 1645 416 1673 vere
429 1640 466 1672 et
483 1632 698 1682 objurgan'di
717 1632 854 1675 animo,
869 1627 1038 1678 plurimis
1052 1624 1309 1675 prmseutibus,
1330 1629 1416 1668 apo-

331 1699 490 1736 tolorum
518 1696 752 1745 coryplunum
773 1693 918 1732 'Paulus
945 1691 993 1729 sit
1019 1689 1182 1727 adortus.
1216 1685 1308 1723 Ilinc
1327 1683 1418 1720 duas

331 1761 428 1798 circa
441 1761 539 1797 hunc
557 1759 678 1796 locum
697 1757 898 1796 sententias
912 1753 1030 1802 aperit
1045 1751 1242 1797 statimque
1261 1747 1416 1784 refutat:

333 1833 487 1872 (piarum
516 1821 616 1870 prior
638 1829 706 1865 est,
733 1820 896 1862 Petrum,
924 1816 970 1853 de
995 1825 1066 1862 quo
1091 1812 1150 1849 hic
1181 1811 1322 1858 agitur,
1347 1817 1418 1844 non

334 1885 585 1934 apostolorum
603 1883 820 1930 principem,
841 1879 906 1917 sed
924 1877 1034 1914 alium
1051 1883 1132 1912 eSSc
1146 1871 1419 1920 cognominem;

339 1950 453 1986 altera
482 1947 607 1984 statuit
637 1955 760 1983 veram
791 1953 874 1981 esse
896 1938 1240 1988 reprehensionem,
1275 1943 1344 1971 nec
1371 1931 1422 1968 si-

337 2010 473 2047 mulate
504 2007 650 2046 factam.
682 2005 820 2044 Deinde
850 2013 940 2041 vero
971 2011 1076 2039 suam
1107 1999 1166 2036 ille
1190 1996 1330 2046 profert
1347 1995 1424 2043 opi-

340 2072 509 2109 nionem:
530 2079 663 2117 nempe
677 2067 866 2116 apostolos
883 2065 1031 2102 Petrum
1050 2059 1253 2099 etPaulum
1271 2057 1316 2094 ad
1333 2057 1426 2094 hanc

340 2133 436 2180 piam
465 2131 736 2168 simulatiouem
775 2132 923 2174 paratos
957 2124 1224 2169 meditatosquc
1252 2119 1424 2163 Venisse,

346 2203 465 2239 exque
483 2197 588 2239 pacto
605 2197 642 2228 et
662 2193 842 2227 convento
862 2188 955 2224 inter
974 2185 1102 2222 ambos
1122 2183 1236 2228 inito;
1257 2189 1331 2220 tum
1348 2191 1388 2218 se
1407 2191 1427 2218 a

345 2254 518 2302 gentibus
539 2261 753 2300 segregasse
773 2251 919 2288 Petrum
934 2277 943 2292 ,
961 2247 1068 2284 ne'in
1085 2245 1292 2284 "indecorum
1315 2243 1430 2281 offen-

345 2317 486 2353 sionem
509 2320 736 2358 occurreret,
769 2319 843 2350 tutn
870 2311 1021 2349 Paulum
1044 2310 1083 2348 ei
1111 2309 1148 2346 in
1168 2308 1297 2345 faciem
1326 2307 1430 2344 resti-

347 2379 449 2422 tisse,
481 2377 542 2415 illo
579 2387 652 2414 non
683 2375 902 2421 reluctante,
923 2373 1005 2422 quia
1035 2372 1225 2409 amborum
1256 2380 1299 2408 ea
1327 2379 1432 2406 tuens

327 2447 446 2488 ~crat,
466 2448 505 2477 ul.
526 2439 614 2487 legis
630 2439 754 2488 jugum
782 2437 952 2486 gentibus
971 2445 1044 2474 non
1070 2431 1433 2482 itiipoueretur.C:n-

349 2510 465 2539 terum
485 2501 734 2550 Chrysoslomi
754 2500 893 2548 opinio,
913 2509 994 2547 qua:
1029 2498 1076 2535 ab
1093 2497 1248 2544 Origene
1266 2504 1433 2532 manasse

349 2563 524 2609 creditur,
543 2564 589 2600 ab
609 2563 832 2612 Hieronymo
851 2563 1008 2610 primum
1027 2564 1250 2608 propugnata
1265 2585 1274 2602 ,
1297 2557 1343 2594 ab
1365 2558 1435 2593 Au-

350 2628 496 2676 gustino
513 2627 668 2666 refutata
686 2634 756 2673 est,
776 2632 966 2664 asserente
993 2635 1116 2662 veram
1137 2633 1204 2661 nec
1228 2621 1435 2659 simulatam

353 2691 463 2729 fuisse
487 2691 588 2729 Pauli
616 2690 956 2739 reprehensionem,
978 2689 1026 2726 ita
1051 2693 1090 2724 ut
1114 2687 1194 2735 ejus
1211 2684 1436 2734 argumentis

352 2753 500 2792 cederet
537 2755 616 2804 ipse
646 2755 905 2803 Hieronymus.
937 2751 1018 2790 Non
1047 2750 1179 2788 desunt
1221 2756 1341 2786 tamen
1375 2747 1438 2794 qui

355 2818 507 2864 primum
529 2817 746 2856 sententiam
759 2845 770 2862 ,
789 2827 870 2864 qua:
889 2815 1036 2852 Petrum
1065 2814 1111 2850 ab
1139 2811 1306 2861 apostolo
1326 2811 1438 2848 alium

354 2881 500 2926 asserit,
516 2891 583 2919 nec
595 2892 654 2929 qui
671 2879 868 2918 secundum
883 2888 904 2915 a
919 2877 1180 2926 Chrysostomo
1194 2882 1439 2924 oppugnatam

357 2941 535 2990 hodieque
555 2942 766 2980 defendant.

405 3005 504 3044 llauc
521 3007 734 3044 concionem
752 3005 896 3054 excepit
914 3003 1069 3042 liomilia
1089 3003 1147 3051 (T.
1168 3001 1206 3038 ‘2.
1229 3015 1261 3038 ε.
1277 2999 1370 3046 ὔ95)
1403 2999 1439 3035 in

361 3068 401 3107 S.
423 3068 652 3108 Eustathium
666 3069 935 3106 Antiochenum
955 3065 1182 3114 episcopum,
1199 3061 1262 3111 qui
1275 3061 1320 3098 ab
1337 3061 1442 3098 Aria-

362 3133 432 3179 uis,
445 3133 548 3180 queis
562 3131 758 3169 admodum
775 3130 926 3168 infestus
941 3135 1034 3173 erat,
1050 3127 1299 3170 ahdicatus,et
1315 3134 1442 3163 eorum

363 3197 472 3244 opera
501 3197 535 3233 in
553 3196 720 3234 exsilium
748 3194 965 3232 amaudatus
986 3192 1116 3229 fuerat.
1144 3191 1196 3228 De
1223 3189 1304 3226 loco
1325 3187 1442 3226 exsilii

365 3269 436 3294 non
457 3269 526 3294 una
545 3265 602 3295 est
621 3257 826 3300 sententia;
861 3255 1097 3304 Hieronymo,
1125 3252 1187 3300 qui
1217 3251 1305 3288 dicit
1327 3251 1443 3300 ipsum

365 3319 636 3366 Trajunupoliut
672 3321 707 3356 in
741 3319 894 3356 Thracia
931 3318 1136 3365 ablegatum
1172 3315 1314 3358 fuisse,
1349 3317 1446 3350 favet

365 3382 660 3430 Chrysostonms,
684 3381 744 3428 qui
777 3383 826 3418 ait
843 3381 922 3428 ejus
949 3390 1083 3428 corpus
1106 3379 1143 3416 in
1163 3378 1317 3416 Thracia
1349 3387 1444 3415 esse.

366 3445 444 3482 Alia
465 3444 616 3492 plurima
635 3445 680 3482 de
697 3443 889 3482 Eustathio
909 3444 1066 3482 diximus
1085 3443 1123 3480 in
1136 3442 1272 3480 Monito
1287 3441 1332 3478 ad
1354 3440 1449 3478 hanc

367 3508 596 3552 concionem,
627 3508 687 3544 ubi
718 3507 800 3544 vide
827 3508 889 3544 sis.
921 3507 960 3544 In
981 3507 1060 3554 ejus
1077 3513 1200 3543 autem
1218 3503 1449 3541 abdicatione

368 3579 441 3608 tota
466 3581 558 3619 pene
576 3571 755 3608 seditione
783 3571 1020 3620 conflagravit
1048 3569 1256 3608 Antiochia.
1289 3566 1450 3604 Annalis

369 3635 464 3671 enim
487 3633 668 3681 utrimque
682 3634 862 3682 partibus,
880 3634 1102 3681 adscitisque
1120 3631 1307 3674 militibus,
1327 3627 1450 3665 omnia

367 3703 472 3733 erant
487 3697 532 3734 ad
549 3706 703 3744 pugnam
720 3703 760 3734 et
781 3697 998 3734 horrendam
1017 3695 1157 3732 cladem
1185 3698 1310 3740 parata
1328 3703 1338 3735 ;
1360 3701 1451 3726 ven-

370 3765 517 3808 tumque
539 3761 662 3798 fuisset
677 3761 722 3798 ad
743 3761 894 3810 gladios,
914 3760 984 3796 nisi
1011 3756 1310 3804 supervenientes
1336 3753 1451 3799 Impe-

373 3825 502 3860 ratoris
543 3824 657 3860 litera:
697 3823 840 3872 plebem
879 3818 1205 3867 compescuissent.
1242 3815 1453 3860 Tamenque

375 3885 498 3922 Ariani
519 3899 593 3924 sua:
613 3895 722 3924 sectte
739 3887 921 3929 hominem
942 3883 1152 3930 episcopum
1169 3879 1452 3916 constituerunt.

380 3946 586 3995 Deindeqne
610 3949 786 3986 Catholici
807 3948 840 3984 in
856 3946 946 3983 duas
959 3951 997 3982 et
1015 3943 1080 3990 ipsi
1101 3947 1221 3989 partes
1236 3939 1340 3976 divisi
1355 3945 1452 3974 sunt:

379 4018 458 4054 qum.
484 4013 602 4048 onmno
621 4012 694 4057 jam
715 4012 872 4048 diximus
893 4019 1001 4056 supra
1024 4013 1058 4044 ct
1081 4006 1116 4042 in
1146 4004 1276 4042 eodem
1304 4003 1453 4040 Muttito.

1045 286 1083 324 S.
1113 279 1302 322 JUANNIS
1329 273 1424 314 CH“

1497 271 1653 313 )STOMI
1682 273 1806 314 “12‘s,
2447 263 2502 300 Ιῖῖ

1510 355 1594 392 Post
1627 352 1818 390 ilomiliam
1851 349 1884 386 in
1916 348 1954 387 S.
1991 345 2214 385 Eiustathium
2240 342 2298 392 (T.
2326 342 2361 379 ξ.
2387 353 2414 378 ι’.
2433 343 2505 390 (305)

1460 418 1744 467 Chrysoslomns
1765 413 1976 452 Encomium
1995 413 2030 449 in
2057 411 2094 448 S.
2116 409 2312 446 Romanum
2334 407 2506 443 Antmthe.

1464 492 1549 518 num
1570 480 1763 528 Martyrem
1785 477 1948 526 protulit.
1969 475 2013 512 de
2033 484 2104 522 quo
2123 471 2286 509 nonnulla
2313 476 2392 507 sunt
2409 469 2438 506 iu
2455 469 2509 504 du-

1465 545 1564 582 bium
1586 549 1724 586 vocata,
1745 551 1826 590 qua:
1857 541 1892 577 in
1915 538 2048 576 lilouito
2073 535 2330 583 expenduntur.
2352 533 2510 569 Rouunnts

1466 608 1527 645 ille
1559 612 1627 650 est,
1649 605 1708 653 qui
1740 610 1929 652 postquam
1958 601 2076 646 lingua
2098 601 2278 645 amputata
2308 595 2370 642 ipsi
2395 593 2461 632 fuit.
2482 599 2513 628 ut

1467 677 1573 708 antea
1591 669 1819 718 loquebatur.
1838 666 1958 703 Altera
1978 665 2012 700 in
2028 662 2066 702 S.
2088 661 2286 698 Romanum
2307 657 2439 694 humilia
2459 656 2515 693 ibi-

1469 734 1552 772 dem
1579 732 1756 781 sequitur,
1775 729 1878 777 cujus
1899 727 2014 776 stylos
2042 721 2287 772 tilirysostomi
2306 719 2435 758 dicendi
2463 729 2514 767 ge‘

1471 795 1548 834 neri
1583 802 1653 832 tam
1683 791 1858 830 absimilis
1879 789 2035 831 videtur,
2069 791 2108 823 ut
2128 786 2187 822 vix
2206 782 2300 820 credi
2328 781 2431 830 possit
2445 791 2512 819 esse

1472 859 1512 897 S.
1529 856 1690 895 doctoris
1706 865 1799 903 Opus
1826 866 1835 891 :
1857 853 1978 889 omnia
2009 849 2122 897 tr0pis
2155 844 2514 892 exclamationibusque

1473 919 1692 962 redundant,
1715 897 1750 955 ei
1771 916 1893 954 nescio
1912 913 1996 962 quid
2029 910 2256 961 peregrinum
2287 907 2390 944 olent.
2417 905 2514 952 Quare
2560 897 2563 901 ’

1473 982 1661 1020 crederem
1679 981 1796 1028 potius
1813 987 1893 1016 esse
1907 974 2093 1023 cujusdam
2109 971 2302 1022 presbyteri
2317 967 2512 1010 Antiocheni,

1475 1047 1536 1096 qui
1555 1047 1622 1083 sub
1642 1044 1816 1084 Flaviano
1835 1041 1994 1077 alternas
2015 1047 2096 1074 cum
2117 1035 2370 1082 Chrysostomo
2395 1030 2515 1068 concio.

1477 1092 1587 1146 nandi
1603 1111 1724 1155 partes
1741 1108 1878 1152 ageret,
1895 1102 1930 1138 id
1949 1099 2042 1148 quod
2062 1095 2346 1145 frequentissime
2361 1092 2518 1130 accidebat

1479 1172 1540 1210 illo
1562 1178 1750 1218 tempore;
1771 1168 1817 1204 ita
1839 1171 1878 1202 ut
1900 1164 1981 1202 dum
2003 1169 2122 1200 tresve
2139 1159 2328 1198 conciones
2344 1155 2458 1194 eodem
2472 1155 2518 1192 die

1479 1234 1712 1275 continenter
1731 1231 1958 1269 dicerentur.

1530 1299 1793 1347 Chrysostomo
1805 1293 1912 1337 duce,
1930 1297 1970 1328 ut
1987 1299 2096 1338 supra
2113 1287 2246 1326 dictum
2257 1291 2323 1328 est,
2337 1288 2412 1332 post
2422 1281 2522 1318 llomi-

1482 1363 1568 1400 liam
1579 1361 1614 1398 in
1629 1359 1668 1397 S.
1681 1359 1884 1396 Romanum
1897 1359 2108 1398 martyrem,
2122 1349 2286 1398 ponimus
2301 1343 2522 1384 e0nciouemin

1484 1424 1569 1463 illud
1589 1421 1756 1462 Ieremia:
1769 1418 1830 1467 (T.
1845 1417 1880 1456 6.
1899 1427 1932 1453 c.
1947 1413 2032 1464 155)
2047 1426 2056 1451 :
2069 1412 2227 1454 Domine,
2241 1415 2361 1447 nonest
2373 1405 2526 1444 inliominc

1484 1490 1540 1526 via
1557 1488 1646 1537 ejus,
1661 1495 1768 1534 neque
1784 1485 1886 1519 homo
1900 1479 1974 1525 ibit,
1999 1485 2031 1515 et
2049 1477 2171 1524 diriget
2187 1484 2333 1522 gressum
2346 1481 2434 1508 suum
2451 1467 2525 1518 (lar.

1487 1554 1547 1591 10.
1565 1535 1644 1600 Q5).
1666 1550 1746 1596 Quo
1767 1547 1848 1584 loco
1861 1552 1898 1583 et
1916 1543 2098 1592 plerisque
2120 1539 2200 1576 aliis
2216 1538 2250 1574 in
2263 1535 2433 1584 Scriptura
2445 1541 2526 1569 sai-ra

1487 1615 1666 1654 similibus
1685 1609 1928 1649 abolebantur
1945 1605 2062 1649 multi,
2079 1603 2138 1651 qui
2159 1600 2321 1639 dicebant
2343 1607 2408 1634 non
2425 1605 2462 1631 ex
2477 1603 2528 1628 vo-

1489 1679 1629 1716 luntate
1639 1683 1675 1714 et
1687 1672 1839 1712 arbitrio
1850 1675 1973 1708 nostro
1987 1665 2145 1716 pendere
2157 1670 2194 1700 ut
2211 1661 2267 1700 vel
2278 1661 2402 1698 bonum
2418 1655 2465 1693 vel
2475 1665 2529 1691 uta-

1491 1743 1564 1780 lum
1586 1749 1750 1788 agamus.
1768 1737 1842 1773 llos
1855 1733 2089 1772 vehementer
2104 1723 2529 1773 increpatChrysostomus,

1491 1803 1720 1849 affirmatque
1739 1807 1850 1847 penes
1865 1795 2054 1834 arbitrium
2071 1797 2233 1828 nostrum
2251 1796 2330 1824 esse
2354 1783 2406 1821 vel
2423 1782 2532 1819 bonum

1493 1866 1551 1904 vel
1567 1846 1701 1903 malum
1726 1846 1858 1911 agere;
1880 1870 1951 1896 non
1969 1857 2066 1906 quod
2081 1855 2124 1892 ad
2145 1855 2274 1891 bonum
2300 1846 2461 1897 agendqu
2478 1853 2533 1879 non

1494 1940 1664 1980 egeamus
1682 1925 1795 1976 gratia
1815 1924 1878 1962 Dei
1895 1936 1904 1968 ;
1923 1932 2007 1960 nam
2029 1927 2068 1957 ut
2085 1917 2170 1956 alibi
2197 1924 2294 1962 s:epe
2312 1911 2406 1952 dicit,
2425 1904 2535 1944 volenti

1495 1968 1640 2042 SZmpCt'
1657 1968 1760 2027 adest
1778 1987 1892 2036 gratia
1923 1985 2001 2029 Dei,
2021 1993 2088 2021 nec
2107 1981 2166 2030 qui
2195 1983 2330 2027 peccat,
2361 1972 2472 2022 gratia.-
2488 1968 2538 2005 du-

1497 2057 1629 2095 l'ectum
1648 2059 1766 2103 potest
1786 2060 1956 2098 umquam
1978 2049 2012 2084 in
2031 2043 2296 2084 excusationem
2314 2034 2500 2076 obtendere.

1547 2093 1735 2158 Couciones
1752 2116 1796 2153 de
1822 2093 2043 2151 Muccabu'is.
2057 2131 2105 2138 —-
2122 2107 2194 2146 llas
2208 2106 2408 2152 ,sequuntur
2421 2105 2484 2136 tres
2505 2093 2540 2158 de

1499 2181 1710 2222 Maccabaris
1729 2178 1942 2221 conciones,
1961 2185 2040 2222 qua:
2061 2171 2192 2210 nullam
2213 2178 2283 2216 pra:
2301 2176 2338 2202 se
2357 2155 2541 2200 fernnlauni

1500 2220 1623 2284 notam
1639 2241 1697 2292 (T.
1715 2241 1754 2278 ‘2.
1787 2252 1818 2276 c.
1835 2220 1942 2287 617).
1966 2220 2070 2274 Drior
2091 2240 2240 2272 matrem
2261 2220 2542 2290 praesen-tinnulac-

1500 2310 1706 2346 cabmorum
1737 2314 1757 2341 a
1785 2300 1991 2341 constantia
2011 2297 2194 2344 animique
2227 2292 2353 2330 rubore
2380 2284 2542 2334 plurimm“

1502 2368 1747 2408 commendat.
1779 2364 1960 2408 Secunda,
1990 2361 2050 2400 die
2084 2343 2282 2406 insequenti
2309 2351 2433 2390 habita,
2453 2343 2544 2391 Selii-

1505 2442 1603 2469 mum
1631 2431 1885 2479 junioremque
1909 2437 1954 2464 ex
1985 2421 2196 2462 Maccabacis
2225 2416 2382 2456 laudibus
2406 2411 2544 2448 exornat.

1504 2503 1622 2533 matre
1642 2503 1785 2541 quoque
1816 2475 2013 2527 ldentidem
2044 2486 2079 2522 iu
2101 2483 2246 2520 laudum
2281 2484 2411 2526 partem
2430 2475 2544 2535 vocata-

1506 2558 1609 2596 Hunc
1628 2555 1831 2592 brevioretn
1861 2550 2144 2598 Chrysostomus
2161 2542 2342 2581 homiliam
2369 2529 2547 2595 pronuntia:

1507 2621 1582 2664 vit;
1618 2625 1653 2655 ut
1917 2587 2046 2659 inquit,
2086 2609 2138 2646 illi
2175 2604 2330 2642 laudibus
2359 2611 2379 2635 a
2406 2587 2548 2633 εουιπιωιί

1508 2685 1646 2720 doctore
1679 2679 1960 2722 cumularentur,
1992 2683 2123 2722 nempe
2156 2681 2177 2708 a
2204 2667 2368 2708 Flaviano
2393 2661 2548 2722 θρὶξξοῐκξν

1509 2747 1570 2796 qui
1606 2749 1686 2792 post
1713 2741 2014 2789 Chrysostomum
2045 2714 2322 2773 concionaturus
2350 2728 2432 2762 erat.
2451 2714 2550 2796 Tertia

1509 2775 1570 2796 Ψ..
1608 2775 1686 2792 νη-
1719 2775 1885 2789 --.την

1509 2809 1670 2848 omnium
1693 2803 1908 2842 brevissima
1927 2802 1962 2837 in
1980 2797 2200 2837 Maccabaeos
2219 2790 2374 2832 homilia.
2395 2796 2412 2822 a
2427 2775 2552 2846 pannuli.
2601 2806 2604 2807 ν

1509 2872 1554 2910 lis
1576 2872 1610 2908 in
1629 2865 1879 2916 illegitimitatis
1899 2862 2144 2910 suspicionem
2165 2861 2324 2895 vocatur,
2347 2857 2408 2886 nec
2425 2838 2550 2916 injuria:

1511 2945 1594 2972 nam
1613 2903 1801 2968 oletdcerte
1816 2903 2062 2974 peregrinum.
2077 2919 2166 2968 Slyli
2179 2925 2292 2966 genus
2309 2911 2484 2957 strigosqu
2497 2903 2551 2939 esl;

1511 2997 1633 3035 omnia
1663 2995 1765 3042 quasi
1806 2992 1844 3028 in
1874 2995 2082 3026 transcursu
2101 2984 2282 3020 dicuntur.
2313 2975 2428 3020 Neque
2456 2970 2552 3003 tamen

1512 3071 1592 3099 eam
1612 3059 1692 3096 loco
1709 3053 1925 3093 movendam
1939 3061 2020 3089 esse
2037 3047 2156 3097 putavi
2173 3058 2182 3082 :
2199 3043 2286 3081 satis
2299 3039 2392 3077 enim
2405 3032 2465 3070 erit
2479 3034 2538 3094 serti

1515 3124 1639 3172 pulmn
1662 3120 1856 3161 iudicasse,
1877 3127 1922 3153 ne
1941 3115 2022 3163 quis
2049 3123 2130 3150 eam
2152 3116 2192 3146 ut
2210 3113 2346 3144 certum
2366 3100 2403 3138 S.
2425 3095 2556 3172 doctoris

1515 3154 1628 3226 ictum
1649 3183 1792 3221 habeat.
1809 3178 1907 3226 Quid
1927 3154 2030 3220 vero,
2051 3175 2080 3211 si
2099 3173 2262 3210 dicamus
2279 3167 2367 3203 h-IIIC
2385 3154 2556 3225 Immiliam.

1516 3261 1597 3299 qua:
1619 3257 1706 3285 sane
1727 3240 1938 3282 brevissima
1957 3243 2026 3281 est,
2049 3237 2144 3273 illam
2160 3242 2242 3270 esse
2259 3237 2362 3276 quam
2381 3218 2558 3299 Flaviano:

2327 3288 2348 3299 Ι·
2360 3298 2364 3299 ν
2381 3286 2443 3299 .l...l
2471 3283 2527 3299 CIIII
2543 3294 2549 3299 .

1517 3279 1597 3299 ,λων
1619 3279 1705 3285 η..-
1729 3279 1760 3282 ν
1776 3279 1784 3280 ,
2018 3279 2023 3281 _

1516 3314 1727 3360 episcopum
1762 3315 1844 3342 mox
1866 3300 2178 3350 pronuntiaturum
2208 3302 2287 3330 esse
2315 3279 2559 3360 diecltatisull':

2126 3359 2129 3360 ν
2147 3358 2155 3360 λ
2326 3350 2334 3360 ι
2365 3355 2422 3360 κ-.-
2440 3352 2455 3360 ο.
2471 3351 2479 3360 ι
2517 3345 2524 3360 ι
2554 3355 2559 3360 .

1517 3334 1536 3351 υ
1568 3334 1727 3348 .sw
1880 3334 2045 3338 .--η---η

1517 3334 1824 3422 (Σῗιιογεὲδιωηιιςςῖ
1856 3334 1963 3402 ἑθνιθ
1989 3361 2080 3398 nihil
2099 3358 2219 3399 video,
2241 3350 2334 3402 quod
2364 3355 2424 3384 nos
2440 3341 2479 3378 ab
2506 3334 2561 3371 Ιιειο

1519 3437 1691 3486 opinione
1708 3432 1894 3469 dimovere
1913 3425 2040 3473 Ροθδίι·
2081 3441 2098 3454 ⁸
2182 3481 2191 3486 _
2249 3479 2282 3486 __
2369 3473 2378 3486 ,
2422 3477 2456 3486 η,
2480 3455 2561 3486 “aut

1569 3501 1656 3538 Alite
1688 3494 1852 3533 Itomilue.
1881 3509 1931 3518 —-
1948 3487 2152 3525 Conciones
2182 3481 2218 3518 in
2249 3465 2562 3538 Maccabtcof_5°:|:‘

1688 3516 1852 3533 "unum.
1883 3516 1887 3518 ν
1951 3516 2150 3525 ν.,..-.γ...--

1521 3516 1801 3603 tleiieiuilomilia
1821 3555 1866 3592 de
1883 3553 1920 3592 S.
1942 3547 2154 3597 Martyribus
2173 3538 2368 3581 Antiochiae
2395 3516 2563 3603 habita

1642 3592 1862 3667 gis-inlinunt
1885 3625 1984 3653 num.
2008 3592 2164 3648 {innuit
2187 3607 2246 3643 ille
2265 3612 2312 3667 se
2329 3599 2416 3636 hanc

1525 3641 1558 3663 z.
1589 3641 1622 3662 Co
1642 3641 1731 3667 040-]
1749 3641 1758 3658 ;
1781 3641 1862 3656 nuru
1885 3641 1984 3653 uiuu-
2011 3641 2025 3648 .
2049 3641 2164 3648 ...η-..-
2188 3641 2238 3643 ηη

1525 3690 1634 3726 tiasse
1649 3685 1756 3734 paulo
1770 3687 1853 3730 post
1870 3674 2152 3716 Maecahreorum
2165 3664 2434 3706 solemnitatem.
2445 3641 2568 3734 upilio

2181 3731 2192 3734 -
2363 3719 2398 3734 ωε
2429 3725 2466 3734 ’.η
2479 3721 2496 3734 n
2509 3719 2518 3734 ι
2555 3718 2568 3726 ⁸

1525 3709 1634 3726 ιηιδδυ
1649 3709 1756 3734 Paul”
1770 3709 1853 3730 γιια.
1870 3709 2024 3716 ..-κ----τὴ
2035 3709 2044 3710 κ
2060 3709 2064 3710 ,

1524 3752 1720 3790 Flavianus
1734 3746 1928 3792 episcopus
1947 3744 2143 3785 martyrum
2178 3731 2306 3768 festum
2330 3719 2399 3760 ruri
2428 3709 2568 3792 c‘elebr:

1526 3777 1539 3790 ι
1557 3777 1720 3788 ...η-η..-
1735 3777 1877 3792 ,βυτ
2039 3777 2052 3785 ,

1525 3824 1628 3854 turus
1643 3811 1832 3855 abscessit,
1847 3812 1956 3855 atque
1969 3803 2061 3850 Chr)
2069 3805 2230 3838 sostomo
2253 3793 2287 3828 in
2307 3789 2380 3834 ipsa

1526 3831 1628 3854 turus
1643 3831 1832 3855 ειυδευδθιι,
1848 3831 1956 3855 αυιιυν
1970 3831 2034 3842 υ...
2044 3831 2201 3850 δην---ην
2320 3831 2330 3834 _
2523 3831 2529 3838 ’
2544 3831 2550 3834 _

1526 3875 1694 3915 ciouandi
1728 3870 1950 3922 previnciam
1970 3862 2126 3910 reliquit.
2149 3859 2187 3895 In
2214 3855 2282 3892 hac
2299 3852 2414 3922 autem
2446 3831 2572 3922 “033::

1527 3895 1694 3915 CIUlliltlul
1729 3895 1950 3922 [nuru-mu...
1971 3895 2126 3910 ...υ-..-ρ-
2557 3901 2562 3907 .

1527 3941 1572 3977 de
1591 3944 1788 3984 martyrum
1810 3934 1941 3968 virtute
1959 3925 2102 3975 egregie
2119 3917 2264 3958 disserit
2276 3913 2316 3951 S.
2331 3909 2472 3947 doctori
2490 3895 2573 3984 ξηιλζὲ

2166 3981 2173 3984 ·
2361 3969 2488 3984 -.ξηιηιΙΙ
2536 3975 2542 3984 ι

1529 3961 1572 3977 lIU
1591 3961 1788 3984 IIICIII)I\.IIII
1816 3961 1855 3968 --ι
1867 3961 1940 3967 ...νν
1962 3961 2014 3975 -0,
2045 3961 2066 3972 υ

1529 4012 1654 4040 eorum
1679 4008 1758 4034 ossa
1781 3995 1858 4042 plus
1879 3991 1923 4028 ad
1944 3990 2109 4027 salutem.
2131 3981 2174 4018 ad
2201 3967 2512 4022 compnuctiouem,
2536 3961 2552 3986 ιι

2495 3033 2554 3063 Cl'll'
