2694 4342
197 243 265 280 153

194 315 430 364 paenitentiam
445 315 607 356 coul‘errc
624 317 724 362 dicit,
743 329 848 366 quam
865 320 1053 359 doctorum
1075 333 1250 370 quorum-

194 375 277 416 libet
297 379 398 416 verba
415 380 758 429 admonitiones-que.
782 382 871 420 llinc
891 386 1020 422 transit
1037 386 1082 422 ad
1103 397 1166 424 eos
1188 389 1249 436 qui

193 441 354 488 mysteria
372 441 510 488 indigne
528 443 752 490 participant,
769 445 946 494 edicitquc
961 448 1040 485 illos
1055 459 1124 485 non
1143 460 1249 488 seetis

193 501 392 548 plectendos
417 512 510 547 esse,
545 510 651 551 quant
670 515 733 542 eos
752 506 812 553 qui
843 507 1032 546 Dominum
1058 511 1248 548 crucilixe-

189 569 280 600 runt.
311 563 477 600 Pcrmulti
510 575 598 602 vero
625 573 703 613 post
739 567 830 604 hanc
849 569 1006 607 habitam
1037 572 1246 611 concionem

190 626 270 662 dicti
291 625 384 662 illius
415 627 645 666 acerbitatem
677 640 746 667 non
779 631 948 678 terentes,
970 633 1246 681 indignabantur

187 695 222 724 et
240 687 569 726 cxcaudescebant:
601 690 730 728 Avocas
757 703 830 736 nos,
860 693 1080 741 inquiebant,
1099 708 1120 732 a
1147 709 1245 734 sacra

187 759 320 794 mensa,
348 755 378 785 et
409 761 430 784 a
463 753 698 789 communione
729 754 880 800 repellis.
909 758 1027 800 Quare
1057 765 1244 804 permotus

187 809 472 856 Chrysostomus,
489 811 762 858 pulcherrimam
776 815 870 852 illam
887 817 1085 854 orationem
1105 819 1240 863 habuit,

181 881 258 917 qua:
279 872 493 918 inscribitur,
524 873 604 910 Non
621 887 692 912 esse
719 877 766 912 ad
798 878 945 925 gratiam
970 881 1242 920 concionendum

181 931 237 975 (T.
255 932 290 968 2.
321 945 352 969 c.
373 933 458 980 653)
477 945 570 982 :qua
587 936 715 983 probat
732 948 807 974 rem
825 949 906 976 esse
927 941 1074 988 periculi
1099 943 1177 990 plen
1204 957 1238 982 m

179 1000 252 1029 tum
275 995 494 1041 pmdicauti,
521 1004 594 1034 tum
620 998 862 1046 audientibus,
889 1002 922 1039 si
940 1003 984 1040 ad
1003 1005 1156 1051 gratiam
1179 1007 1239 1046 ille

177 1060 432 1098 concionctur:
451 1063 670 1112 plurimaque
689 1066 773 1104 dicit
792 1069 860 1105 alia
881 1069 925 1106 ad
945 1071 1236 1108 concionatorum
1255 1102 1263 1113 _,

176 1127 212 1156 et
229 1121 271 1157 ad
299 1123 500 1162 auditorum
527 1125 683 1165 ofﬁciunt
701 1131 910 1177 spectantia.
938 1132 1013 1170 Etsi
1039 1143 1127 1171 vero
1161 1133 1238 1172 haec

175 1180 316 1220 homilia
337 1184 380 1220 ad
399 1188 630 1235 panegyricos
647 1197 850 1229 sanctorum
869 1203 1056 1232 sermones
1069 1206 1140 1233 non
1155 1207 1238 1244 per-

174 1243 272 1288 tinet,
293 1256 363 1282 nou
383 1241 482 1284 licuit
513 1260 590 1286 eam
612 1261 632 1288 a
653 1253 867 1298 praecedenti
895 1257 1068 1295 concione
1096 1258 1236 1306 disjun-

173 1316 268 1352 gere,
289 1309 369 1355 quia
388 1319 542 1358 emptam
563 1313 608 1351 de
626 1315 769 1364 indigne
793 1321 1144 1360 communicantibus
1166 1323 1234 1372 hy-

172 1367 343 1413 pothesim
361 1399 370 1414 ,
403 1383 444 1410 ea
474 1384 580 1420 quam
611 1376 768 1416 diximus
797 1381 987 1420 occasione
1019 1383 1148 1422 ductus
1174 1385 1234 1423 hic

170 1432 405 1478 prosequitur.
427 1434 505 1480 Quo
523 1447 618 1474 anno
643 1445 829 1489 utramque
851 1441 1018 1482 habuerit
1046 1445 1230 1484 homiliam

168 1491 456 1540 tlltrySostomus,
479 1497 653 1537 incertum
682 1503 828 1540 omnino
846 1510 902 1542 est
925 1518 934 1543 :
954 1505 1023 1544 hoc
1047 1519 1156 1544 unum
1186 1519 1231 1546 ex

166 1553 320 1590 secunda
340 1555 500 1600 homilia,
519 1561 576 1596 cui
595 1561 729 1607 titulus,
746 1563 827 1602 Non
841 1577 914 1604 esse
931 1568 976 1604 ad
989 1570 1135 1616 gratiam
1149 1581 1231 1606 con-

165 1613 384 1661 ciouandum,
404 1620 581 1664 expiscari
601 1632 704 1668 posse
722 1625 898 1673 videmur,
921 1640 1050 1678 nempe
1071 1631 1228 1671 habitam

164 1679 352 1723 utramque
369 1676 479 1716 fuisse
498 1688 578 1728 post
599 1683 769 1722 llomilias
789 1687 834 1725 de
852 1676 1109 1730 LazaroaDicit
1132 1696 1228 1733 enim

161 1735 198 1771 S.
220 1735 347 1774 doctor
369 1750 467 1776 num.
485 1744 510 1779 5
525 1743 570 1780 de
587 1744 722 1784 Lazaro
745 1748 920 1796 loquens:
956 1752 1003 1790 Et
1030 1756 1114 1803 quid
1141 1769 1226 1805 opus

161 1802 208 1832 est
227 1800 424 1844 parabolam
439 1809 544 1841 totam
559 1818 754 1852 percurrere
764 1811 782 1847 Ρ
793 1813 919 1861 quippe
931 1800 1043 1854 nostis
1049 1819 1224 1858 historiam

161 1869 287 1896 onmem
300 1871 314 1904 ,'
329 1864 564 1902 crudelitatem
577 1869 702 1916 divitis,
727 1884 793 1920 quo
812 1881 910 1922 pacto
929 1880 1118 1918 mendicum
1137 1894 1222 1929 par-

160 1921 289 1967 ticipem
317 1935 439 1962 meum:
451 1939 519 1964 non
535 1929 688 1976 faceret:
707 1943 886 1982 egestatem
903 1933 997 1978 illitis
1013 1953 1054 1978 ac
1078 1943 1218 1992 famem,

159 1993 230 2019 tum
249 1995 316 2032 qua
351 1997 510 2035 perpetua
539 1995 808 2042 conﬂictabatur.
838 1999 926 2046 Quae
948 2013 1036 2041 sane
1054 2005 1221 2046 videntur

161 2051 235 2088 post
251 2056 435 2087 sermones
453 2051 498 2088 de
513 2053 648 2092 Lazaro
662 2057 770 2104 dicta,
792 2060 876 2098 licet
899 2063 933 2100 id
952 2065 1132 2106 afﬁrmare
1147 2080 1218 2108 non

157 2107 279 2145 ausim.
299 2109 376 2156 Quo
405 2121 522 2152 autem
550 2127 646 2154 anno
675 2129 860 2162 sermones
889 2124 935 2162 de
965 2127 1102 2168 Lazaro
1133 2131 1219 2170 dicti

156 2167 292 2216 luerim,
309 2175 441 2220 pariter
461 2177 636 2218 incertum
657 2189 726 2228 est,
748 2191 783 2222 ut
800 2187 955 2227 vidimus
973 2201 1094 2239 supra.

199 2231 343 2272 Brevem
369 2237 477 2275 aliam
498 2241 534 2277 in
555 2249 700 2280 sanctos
719 2246 894 2296 Martyres
921 2250 1046 2291 habuit
1069 2258 1217 2294 concio-

155 2301 232 2330 nem
253 2295 309 2340 (T.
327 2297 364 2334 2.
389 2310 424 2336 c.
446 2299 552 2350 661),
573 2305 675 2352 cujus
690 2295 824 2346 annum
845 2313 1028 2360 assignare
1047 2327 1118 2354 nou
1135 2331 1217 2366 pos-

153 2363 282 2393 sumus.
303 2359 388 2399 llmc
404 2370 523 2402 autem
539 2367 575 2402 in
593 2378 678 2415 agro
693 2359 1028 2416 Antiocheuoidicta
1049 2359 1215 2430 tuin-quo

154 2416 295 2430 --_n..r
359 2427 366 2430 .
467 2425 474 2430 -
505 2426 510 2430 -
669 2429 672 2430 ν

149 2416 370 2458 conﬂuebant
387 2433 429 2460 ex
443 2425 588 2465 civitate
604 2429 721 2476 multi,
741 2433 804 2470 sed
825 2441 1012 2484 postquam
1028 2447 1064 2481 et
1077 2416 1212 2480 ctiltitm

151 2481 359 2527 martyribus
378 2486 629 2534 exhibueraut,
661 2500 698 2530 et
726 2496 920 2535 conciones
939 2501 1142 2549 audierant,
1166 2507 1211 2544 ad

148 2541 296 2586 popinas
333 2552 368 2582 et
395 2553 680 2598 compotationes
709 2557 949 2600 divertebant.
984 2565 1060 2612 Qua
1091 2541 1142 2606 de
1171 2581 1211 2608 rc

145 2602 276 2670 acriter
307 2605 341 2642 in
373 2619 435 2646 eos
467 2611 647 2653 invehitur
666 2626 812 2659 sanctus
832 2623 978 2662 Doctor.
1011 2627 1206 2678 Perpende,

146 2663 153 2665 ⁷
1013 2663 1016 2664 ⁷
1049 2663 1072 2665 v
1084 2663 1205 2678 Γ⁷”“”*Ι

145 2663 270 2708 ¹¹¹ί1¹¹ίιν
305 2677 405 2712 quam
421 2671 600 2712 ridiculum
627 2679 682 2723 sit,
701 2690 776 2728 post
799 2685 970 2732 ejusmodi
987 2700 1205 2742 conuentum,

145 2728 217 2742 .IA.’
233 2725 364 2742 -.:4..'I.',A_
475 2740 480 2742 .

701 2725 707 2728 .
811 2725 824 2732 ν
993 2725 998 2726 ⁷
1013 2725 1202 2742 """"""'I

145 2728 217 2766 post
233 2725 379 2773 vigilias,
405 2740 480 2779 post
502 2746 675 2776 sacrarum
700 2745 907 2784 auditionem
925 2750 1202 2803 Scripturarum,

145 2791 214 2803 .,,...
246 2787 320 2803 42.x.
341 2801 372 2803 ,ν
543 2798 550 2803 -
575 2799 582 2803 -
648 2801 653 2803 -

144 2791 214 2826 ροει
243 2787 430 2827 divitiarum
461 2798 752 2846 participationem
781 2787 1030 2858 titysterioruiii,
1065 2825 1096 2854 et
1127 2787 1205 2867 pag;

145 2845 345 2867 cni.-.'a....l.....
377 2851 414 2867 tm
453 2855 486 2867 -.-
643 2863 650 2867 .

584 2845 587 2846 ,
814 2845 831 2855 υ
872 2845 1030 2858 ηδ’-⁷⁷⁷⁵*
1065 2845 1096 2854 ν’
1153 2845 1199 2858 ν’·

143 2845 346 2888 spiritualem
373 2851 597 2903 largitionem,
618 2863 726 2900 virum
748 2876 807 2904 aut
825 2873 1000 2912 mulierem
1017 2884 1104 2917 totos
1125 2845 1199 2920 dies

142 2915 174 2941 tu
183 2911 316 2956 popinis
333 2919 553 2966 transigentes
571 2923 690 2962 videri.

185 2971 367 3014 llomiliam
387 2979 420 3016 in
441 2982 480 3018 S.
502 2984 681 3026 Juliauum
701 3001 894 3044 martyrem
911 2999 1058 3042 Cilicem
1079 3006 1138 3054 (T.
1159 3009 1198 3046 2.

196 3037 274 3054 nam
335 3041 391 3054 -ηε
520 3046 554 3054 "'
593 3049 599 3054 '

331 3041 391 3087 qui
422 3046 660 3110 proChristo
691 3037 848 3096 cervices
877 3037 1058 3110 dederat:—

423 3089 430 3090 ί
699 3089 743 3091 η.
761 3089 848 3096 .--νη
878 3089 1025 3102 ..υυυ-ιιι
1073 3089 1196 3108 ιιιιυιιιι

141 3089 402 3157 ριιιὙευειοιηιις
422 3107 636 3157 Αηιίοοιιὶευ,
657 3121 694 3151 ιιι
713 3120 940 3165 exploratum
957 3095 1123 3171 est,’tum
1151 3145 1196 3172 ex

140 3160 178 3234 IIIS
190 3165 262 3201 Quae
281 3160 325 3230 de
344 3163 509 3212 Daphnes
523 3173 708 3222 suburbio,
736 3160 853 3229 deque

139 3219 236 3301 :ilque
265 3223 424 3270 tripudiis
452 3230 584 3272 ibidem
604 3236 729 3278 haberi
757 3219 876 3282 sollitis
901 3219 1190 3301 commemorat:

151 3287 203 3301 Iun
223 3284 322 3301 uti“..-
392 3291 398 3297 ι
474 3295 481 3301 -
541 3296 549 3301 -

139 3280 203 3356 tum
223 3284 324 3356 etiam
335 3291 422 3356 quin
449 3295 610 3341 ejusdem
631 3304 744 3340 Sancti
766 3305 942 3356 Reliquire
961 3285 1190 3356 Antiochiani

875 3341 942 3348 -..υ
961 3341 1188 3356 ......ν.,...α...

137 3341 305 3425 translatae
333 3349 472 3392 lutei-ant
489 3369 497 3393 :
517 3367 666 3410 eratque
685 3365 813 3405 eadem
831 3341 869 3408 iri
899 3373 989 3412 urbe
1020 3379 1188 3425 ecclesia,

137 3410 212 3425 Fluu-
227 3417 279 3425 Α...
309 3420 366 3425 --.Α
397 3416 418 3425 ,ι
526 3421 534 3425 .

135 3404 280 3482 :‘jtts'detn
308 3416 419 3480 sancti
441 3421 585 3460 nomine
613 3436 838 3475 consecrata,
873 3445 953 3482 quze
973 3437 1009 3474 in
1037 3409 1188 3480 historiz;

151 3463 157 3472 ν
620 3460 838 3475 --η---.υηη
873 3460 953 3482 ιιυιυ
973 3460 1009 3474 ιιι
1037 3460 1186 3480 ιιιδιυιῚὶΙ

133 3460 370 3542 Lcclesiastica
391 3487 462 3516 non
489 3482 734 3534 infrequenter
761 3503 999 3537 memoratur.
1021 3501 1073 3538 De
1090 3513 1186 3542 anno

133 3531 239 3622 rtem
263 3543 332 3580 quo
353 3535 444 3578 hanc
463 3542 550 3583 dixit
565 3551 792 3599 concionem,
812 3556 904 3594 nihil
920 3560 1098 3607 expiscari
1118 3576 1182 3612 po-

165 3598 265 3622 unus-

165 3598 266 3630 1111118.

172 3651 266 3738 (Sigea
283 3659 466 3706 llomiliam
494 3671 529 3709 in
547 3682 711 3714 sanctum
730 3679 956 3722 Barlaamum
987 3696 1182 3738 martyrem

272 3733 285 3738 _
318 3724 409 3738 ρ...-
573 3737 581 3738 κ

130 3709 241 3803 lilii.
268 3724 412 3803 4:675)
446 3709 706 3778 notatrliironto
735 3709 956 3785 Ducze‘iismiln.

129 3777 266 3855 glutinat
285 3784 488 3855 Graecorum
515 3804 760 3850 manuscripto
779 3807 824 3844 ad
849 3809 945 3846 diem
965 3813 1010 3850 16

165 3835 172 3842 ο
457 3830 488 3832 ,__
515 3830 760 3850 ____....-....l..w
779 3830 824 3844 au
849 3830 945 3846 unum
965 3830 1010 3850 lu
1027 3830 1178 3855 novem-

128 3830 400 3920 :llt‘tj’antt‘tttttiari
431 3856 561 3898 festum
583 3861 622 3899 S.
645 3863 820 3905 Barlaami
836 3875 1017 3920 martyris,
1035 3883 1072 3914 ut
1090 3885 1126 3916 et
1141 3880 1178 3918 in

449 3891 561 3898 __...-..
583 3891 622 3899 ν.
645 3891 820 3905 -..μαι-..η
836 3891 1017 3920 un-uyrts,
1035 3891 1072 3914 ut.
1090 3891 1126 3916 et
1141 3891 1176 3918 ltl

127 3891 355 3956 Μίιτιῖτοιυεῑο
373 3913 542 3958 Romano.
561 3924 637 3962 Alia
664 3937 746 3965 vero
757 3928 964 3972 Grtccorum
981 3937 1176 3990 .‘llcnologia

983 247 1106 286 NUNC
1132 249 1311 290 PRIMUM
1340 252 1606 294 ADOBNATA.

2337 265 2406 302 154

1330 324 1400 362 hoc
1419 326 1551 364 festum
1574 329 1618 366 ad
1637 330 1813 370 decimam
1836 344 1966 372 nonam
1991 334 2207 372 hovembris
2230 336 2404 376 referunt.

1322 391 1393 428 Sed
1412 392 1520 440 longe
1538 394 1607 430 alia
1625 397 1710 432 anni
1729 403 1942 444 tempestate
1961 409 2002 436 ea
2021 400 2229 436 solemuitas
2245 401 2396 448 Chryso-

1320 453 1428 488 stomi
1442 460 1604 500 tempore
1619 457 1883 494 celebrabatur.
1899 458 2152 498 Nattillomilia
2162 461 2171 498 i
2177 471 2197 496 ιι
2207 460 2294 498 illud
2304 461 2400 509 Apo-

1319 515 1400 550 stoli
1413 514 1546 552 dictqu
1561 516 1574 565 (
1589 516 1630 553 Τ.
1644 519 1679 554 5.
1704 529 1736 554 c.
1751 518 1816 554 211
1832 517 1859 561 ),
1879 519 1974 558 Nolo
1985 533 2043 559 vos
2053 525 2214 572 ignorare
2228 555 2238 572 ,
2261 530 2400 576 fratres,

1316 575 1408 622 quod
1414 583 1528 624 patre;
1541 582 1650 612 nostri
1665 587 1780 613 omnes
1788 581 1849 616 sub
1861 581 1946 618 nube
1956 584 1975 630 f
1973 592 2094 621 uerunt
2109 587 2160 634 (ι.
2175 587 2255 624 Cor.
2274 589 2333 627 10.
2345 589 2359 624 1
2371 593 2400 638 ),

1315 643 1403 674 etc.:
1415 649 1494 684 quae
1506 638 1652 676 homilia
1663 641 1722 678 die
1732 641 1862 679 festum
1876 643 1915 680 S.
1927 643 2104 683 Barlaami
2114 648 2326 696 insequente
2340 653 2398 688 ha-

1317 701 1389 736 bita
1405 708 1476 747 est,
1498 709 1536 739 ut
1551 703 1683 740 ibidem
1699 705 1748 742 ait
1762 705 2042 754 Chrysostomus
2060 721 2069 746 :
2085 709 2220 748 diserte
2237 712 2325 750 dicit
2341 715 2401 752 ille

1315 763 1469 801 hiemem
1485 765 1560 812 jam
1576 767 1780 812 praeterisse
1796 775 2030 816 tes-talemque
2045 771 2235 811 advenisse
2260 786 2268 810 :
2292 775 2393 813 Libe-

1312 827 1393 871 rati,
1410 827 1539 873 inquit,
1561 840 1678 866 sumus
1695 831 1816 876 hieme,
1835 839 1865 868 ct
1889 840 2006 869 (estate
2029 835 2253 882 perfruimur,
2274 838 2398 876 blande

1312 887 1452 936 a/ﬂante
1482 891 1646 938 zephyro.
1664 892 1756 929 llinc
1770 903 1857 930 sane
1871 895 2108 942 coosequitur
2125 896 2234 945 longe
2251 898 2396 936 diverso

1310 950 1394 986 anni
1435 956 1596 998 tempore
1632 959 1718 990 tunc
1745 955 1966 992 celebratum
2000 956 2112 995 fuisse
2143 958 2184 996 S.
2213 959 2391 998 Barlaami

1311 1013 1480 1060 martyris
1499 1014 1630 1052 festum
1651 1028 1661 1052 ε
1681 1027 1764 1053 nam
1784 1027 1826 1054 ca
1853 1019 1886 1054 in
1913 1019 2002 1056 urbe
2021 1021 2148 1057 concio
2174 1020 2253 1058 hate
2271 1022 2394 1061 habita

1310 1081 1383 1120 est,
1403 1075 1438 1112 in
1457 1077 1560 1124 cujus
1576 1088 1678 1126 agro,
1700 1086 1738 1116 ut
1757 1080 1890 1118 ibidem
1911 1081 2055 1127 dicitur,
2076 1081 2280 1132 frequentia
2296 1097 2392 1124 mar-

1311 1141 1433 1184 tyrum
1467 1139 1632 1186 sepulcra
1653 1141 1892 1188 exsistebant,
1921 1155 1993 1191 quo
2007 1145 2192 1184 conﬂuere
2224 1148 2392 1188 solebam

1309 1205 1487 1248 quotquot
1503 1211 1547 1238 ex
1567 1201 1706 1240 civibus
1723 1205 1934 1242 eorumdem
1957 1214 2156 1257 martyrum
2175 1211 2389 1250 memoriam

1307 1261 1484 1306 recolere,
1519 1262 1752 1312 ipsorumque
1782 1267 1941 1312 praesidii
1963 1276 2156 1307 consortes
2185 1281 2267 1309 esse
2287 1273 2387 1311 vole-

1306 1321 1418 1359 bant:
1439 1323 1537 1371 quod
1553 1335 1643 1363 sane
1660 1326 1864 1364 Antiochia).
1881 1335 2090 1376 competere
2109 1341 2217 1368 nemo
2237 1344 2390 1381 negave-

1303 1385 1366 1422 rit.
1388 1386 1440 1423 Ad
1469 1387 1546 1425 haec
1576 1399 1678 1436 vero,
1714 1389 1782 1428 sub
1801 1389 1911 1428 tinem
1933 1391 2095 1440 ejusdem
2123 1403 2232 1442 supra
2252 1406 2390 1434 memo-

1302 1455 1392 1484 ram
1413 1447 1584 1495 homilizc,
1608 1452 1806 1499 prmsulum
1825 1454 1989 1492 omnium
2011 1465 2138 1502 preces
2153 1458 2322 1504 postulat.
2342 1461 2388 1498 At

1301 1509 1612 1560 Constantinopoli
1633 1515 1824 1562 praesulem
1857 1517 1994 1554 nullum
2015 1517 2297 1568 Chrysostomus
2315 1532 2385 1559 no-

1301 1579 1415 1618 verat,
1432 1574 1509 1622 ipse
1521 1585 1715 1623 supremus
1732 1578 1893 1615 omnium
1909 1579 2040 1626 przesul
2057 1591 2065 1616 :
2082 1581 2283 1620 Antiochia:
2299 1595 2384 1621 vero

1301 1635 1474 1681 praesules
1506 1637 1614 1674 vicini
1651 1638 1900 1688 Chrysostomi
1927 1642 2162 1680 concionibns
2198 1643 2380 1683 interdum

1299 1695 1463 1739 aderant,
1486 1703 1526 1734 ut
1556 1699 1726 1736 vidimus.
1760 1701 1904 1738 Annum
1935 1713 2036 1748 vero,
2059 1714 2132 1752 quo
2163 1705 2228 1744 has
2255 1706 2381 1745 habuit

1297 1755 1482 1803 homilias,
1504 1770 1549 1796 ue
1569 1761 1778 1808 conjectura
1799 1763 1945 1811 quidem
1967 1775 2165 1812 possumus
2181 1770 2341 1816 assequi.

1343 1819 1380 1856 lu
1401 1820 1549 1859 homilia
1570 1833 1657 1860 vero
1683 1827 1848 1872 sequenti
1870 1826 1930 1864 die
1958 1827 2080 1867 habita
2113 1830 2147 1866 in
2169 1831 2256 1868 illud
2279 1834 2378 1880 Apo-

1293 1881 1374 1919 stoli
1394 1883 1452 1933 (T.
1473 1885 1510 1922 5.
1535 1895 1566 1920 ε.
1587 1885 1693 1934 241),
1718 1887 1812 1925 Nolo
1842 1900 1900 1926 vos
1917 1890 2090 1939 ignorare,
2117 1896 2255 1941 fratres,
2282 1898 2374 1942 quod

1293 1950 1407 1991 patres
1425 1948 1531 1982 nostri
1551 1958 1668 1984 omnes
1681 1950 1742 1986 sub
1760 1951 1850 1987 nube
1861 1954 2062 2000 fuerunt,'et
2075 1965 2192 1992 omnes
2204 1968 2268 2004 ,pcr
2281 1969 2376 1994 mare

1292 2007 1514 2053 transierunt,
1530 2007 1779 2058 Chrysostomi
1799 2022 1931 2060 scopus
1949 2020 2007 2052 est
2023 2015 2290 2062 dctumtstrare,
2315 2030 2376 2056 res

1291 2068 1326 2104 in
1347 2071 1458 2107 veteri
1478 2071 1556 2119 lege
1570 2079 1682 2119 actas,
1705 2073 1836 2112 futuris
1856 2076 1964 2114 rebus
1984 2077 2091 2115 [idem
2117 2079 2250 2126 facere,
2271 2092 2374 2120 esse-

1290 2139 1361 2176 que
1391 2131 1471 2169 illas
1489 2143 1609 2170 rerum
1639 2136 1722 2172 novi
1741 2135 1963 2175 'l‘estamenti
1989 2145 2113 2188 typum
2133 2147 2172 2178 et
2189 2143 2370 2183 umbram.

1289 2191 1534 2240 Marcionem,
1567 2195 1806 2235 Manicbaeum
1835 2206 1872 2237 et
1903 2201 2055 2240 Paulum
2090 2203 2368 2245 Samosatenum

1289 2253 1405 2290 obiter
1423 2257 1644 2306 perstringit,
1664 2265 1701 2296 et
1715 2261 1904 2308 postulatis
1922 2264 1959 2301 in
1975 2265 2044 2304 line
2060 2275 2269 2307 sanctorum
2283 2281 2370 2318 pre-

1287 2313 1403 2357 cibus.
1421 2316 1606 2356 homiliam
1625 2321 1774 2359 claudit.
1800 2324 1914 2362 Notes
1932 2327 2041 2364 velim
2061 2336 2201 2368 certum
2221 2333 2368 2380 quidem

1287 2385 1368 2412 esse
1397 2376 1490 2416 hanc
1517 2381 1730 2419 concionem
1765 2383 1925 2424 habitam
1955 2387 2067 2426 fuisse
2097 2390 2155 2428 die
2172 2392 2302 2430 festum
2325 2395 2366 2434 S.

1285 2437 1462 2477 Barlaami
1483 2441 1705 2490 insequente,
1723 2450 1761 2482 at
1777 2457 1848 2484 non
1869 2449 2019 2494 perinde
2037 2453 2262 2499 exploratum
2283 2467 2366 2495 esse

1284 2511 1331 2538 an
1351 2513 1395 2540 eo
1414 2514 1511 2542 anno
1533 2517 1606 2554 quo
1626 2507 1810 2547 homiliam
1829 2511 1936 2550 istam
1959 2513 2006 2552 de
2025 2513 2064 2552 S.
2086 2515 2278 2556 Barlaamo
2296 2519 2364 2558 ha—

1283 2563 1374 2609 buit,
1393 2576 1438 2603 an
1457 2567 1544 2605 alio.

1329 2625 1548 2666 Concionem
1564 2641 1650 2669 vero
1673 2633 1718 2672 de
1737 2642 1860 2674 sancta
1881 2637 2032 2676 Droside
2056 2647 2216 2690 martyre
2236 2642 2298 2690 (T.
2319 2645 2357 2682 2.

1289 2685 1431 2738 c.685)
1465 2690 1500 2728 iu
1531 2702 1618 2740 agro
1643 2695 1874 2736 Antiocheno
1905 2699 2031 2738 habuit
2062 2685 2359 2752 Chrysostomus,

1277 2760 1362 2790 cum
1377 2761 1522 2802 arrepta
1541 2765 1682 2796 serenae
1699 2759 1772 2797 diei
1799 2763 2006 2808 occasione,
2037 2766 2210 2813 populum
2228 2769 2360 2807 Antio-

1277 2814 1434 2854 chenum
1451 2828 1498 2856 eo
1514 2819 1664 2858 deduxit
1688 2822 1881 2863 Flavianus
1897 2826 2106 2876 episcopus.
2125 2835 2168 2867 ut
2191 2839 2360 2870 narratur

1275 2888 1376 2915 num.
1395 2879 1432 2916 2.
1451 2879 1565 2928 llujus
1580 2893 1688 2929 porro
1700 2891 1835 2923 sancta:
1850 2888 2019 2936 martyris
2033 2899 2146 2937 pauca
2161 2901 2358 2940 supersunt

1273 2948 1506 2980 monumenta
1523 2955 1532 2980 :
1551 2944 1681 2992 vixque
1700 2946 1796 2984 aliud
1816 2949 2002 2997 quidpiam
2017 2951 2117 2990 circa
2138 2955 2352 3003 martyrium

1271 3005 1544 3054 certaminaque
1560 3007 1642 3054 ejus
1655 3010 1834 3057 novimus,
1847 3022 1955 3059 quam
1971 3013 2067 3061 quod
2087 3015 2139 3054 ait
2151 3015 2190 3054 S.
2207 3016 2354 3064 doctor,

1270 3075 1350 3104 eam
1370 3067 1406 3104 in
1436 3079 1564 3116 rogum
1595 3071 1796 3118 conjectam
1823 3072 1950 3112 fuisse.
1974 3075 2102 3124 Neque
2125 3077 2246 3116 solum
2271 3089 2356 3118 san-

1269 3137 1363 3166 ctam
1381 3131 1584 3178 Drosidem,
1602 3134 1666 3172 sed
1682 3141 1721 3172 et
1733 3136 1824 3174 alios
1843 3138 1953 3175 etiam
1969 3139 2144 3186 plurimos
2158 3150 2350 3194 martyres,

1267 3203 1422 3239 quorum
1451 3205 1533 3232 ossa
1565 3197 1694 3234 eodem
1723 3198 1804 3236 loco
1837 3199 2004 3248 deposita
2031 3211 2148 3252 erant,
2183 3207 2352 3247 laudibus

1265 3258 1498 3296 commendat
1523 3259 1820 3310 Chrysostomos,
1836 3274 2038 3314 eorumque
2055 3268 2091 3306 in
2109 3269 2296 3310 daemonas
2313 3281 2350 3310 et

1265 3319 1300 3356 in
1321 3322 1469 3360 morbos
1485 3324 1666 3370 quoslibet
1687 3332 1902 3372 potestatem
1917 3329 2152 3379 deprazdicat,
2172 3345 2216 3372 ac
2231 3347 2348 3384 quau-

1265 3387 1336 3418 tam
1355 3394 1400 3420 ex
1415 3394 1541 3423 eorum
1571 3385 1673 3424 aditu
1696 3388 1888 3429 utilitatem
1909 3392 2106 3442 decerpere
2123 3396 2245 3443 liceat,
2267 3400 2348 3446 plu-

1261 3445 1363 3484 ribus
1381 3449 1544 3494 exponit.
1569 3449 1621 3487 De
1643 3461 1754 3496 anno,
1772 3463 1845 3501 quo
1867 3454 1946 3494 hzec
1967 3460 2197 3505 pronuntiata
2216 3445 2346 3498 concio

1260 3507 1341 3551 fuit,
1366 3509 1458 3546 nihil
1475 3521 1626 3559 prorsus
1637 3513 1829 3554 habemus.

1307 3569 1474 3609 llomilia:
1493 3573 1586 3612 alite.
1611 3595 1662 3604 —-
1678 3576 1871 3616 Homiliam
1891 3581 1926 3619 in
1949 3589 2054 3620 terra:
2073 3589 2210 3620 motum
2231 3582 2340 3618 etiam

1257 3633 1440 3672 edidimus
1455 3635 1551 3674 inter
1571 3637 1776 3680 Conciones
1800 3643 1848 3682 de
1867 3644 2007 3682 Lazaro
2026 3644 2087 3692 (T.
2105 3644 2143 3680 2.
2177 3653 2210 3678 c.
2231 3642 2334 3690 7t!)-

1255 3696 1316 3734 ubi
1337 3698 1461 3736 multis
1483 3705 1556 3738 tum
1570 3700 1838 3752 Chrysostomi,
1857 3713 1931 3744 tum
1951 3707 2105 3742 aliorum
2125 3703 2340 3740 testimoniis

1255 3759 1490 3806 probavimus
1521 3765 1752 3805 Antiochiam
1772 3767 2024 3815 frequentibus
2043 3773 2150 3802 terra:
2179 3766 2339 3804 molibus

1254 3831 1463 3861 succussam
1490 3825 1616 3873 fuisse,
1648 3830 1880 3876 maximeque
1898 3825 2152 3874 Chrysostomi
2179 3837 2272 3864 mro.
2305 3829 2354 3879 ls~

1252 3892 1373 3924 autem
1396 3895 1504 3928 terra:
1525 3899 1659 3936 motus,
1681 3893 1727 3930 de
1750 3903 1822 3940 quo
1836 3901 1931 3928 nunc
1947 3891 2080 3937 agitur,
2103 3897 2189 3928 tunc
2206 3895 2337 3933 accidit

1255 3959 1338 3986 cum
1358 3952 1641 4002 (Zhrysostomus
1657 3965 1753 4002 aeger
1771 3956 1806 3990 in
1823 3954 1918 3991 lecto
1938 3953 2172 3992 decumberct
2191 3968 2199 3990 τ
2223 3960 2282 4004 qui
2300 3967 2336 3993 ut
