2694 4342
193 208 258 247 157

194 289 316 333 nibus,
347 287 380 324 in
411 287 561 336 aliisque
581 288 748 335 operibus
768 298 838 324 non
873 297 982 334 pauca
1011 287 1120 331 dicit,
1149 288 1252 334 queis

195 351 361 398 probatur
379 350 492 396 ipsum
513 350 694 386 censuisse
713 349 759 386 ad
786 349 924 386 initium
956 349 1036 386 lidci
1050 377 1060 393 ,
1080 350 1250 386 auxilium

197 413 256 449 ι)ρὶ
283 422 359 448 esse
389 411 642 448 necessarium.
664 411 795 448 Verum
815 411 906 448 alius
923 411 966 447 ad
988 411 1063 447 lnec
1093 411 1253 457 pluribus

197 475 368 513 tractanda
388 462 487 512 nobis
500 482 555 511 est
574 475 789 512 constitutus
805 475 918 512 locus.
936 475 1049 511 Aliam
1067 473 1249 514 dubitam’i

197 547 332 574 causam
353 536 455 573 elTert
483 537 514 573 is
536 537 632 584 ipse,
654 537 712 583 qui
735 537 888 584 priorem
912 536 1057 584 protulit
1083 548 1091 570 :
1112 536 1178 572 sab
1199 535 1254 572 ir-

194 600 290 636 ltium
309 599 460 637 homilia:
478 599 591 636 tertia:
610 600 740 636 dicitur
756 612 776 635 a
790 600 887 636 Pauli
909 606 1070 646 tempore
1081 599 1253 646 quingen-

195 669 246 698 tos
264 672 375 699 annos
393 662 532 709 elapsos
551 673 645 707 esse,
664 673 742 709 qua:
761 663 866 710 longe
881 662 1118 699 recentiorem
1136 660 1253 710 Chry-

170 753 176 774 π
195 729 350 759 sostomo
367 729 548 760 auctorem
569 729 730 770 arguant.
765 723 856 760 llinc
873 733 959 760 vero
979 723 1110 760 nullam
1135 722 1254 759 achrri

195 783 374 821 dubitandi
404 795 546 822 causam
575 785 694 821 statim
723 785 886 822 advertet
916 784 1076 832 quisquis
1111 784 1254 822 lectioni

195 846 437 895 Chrysostomi
466 855 630 885 assuetus
661 856 872 895 perpetuam
905 847 985 894 ejus
1011 847 1046 884 in
1078 857 1254 884 annorum

195 909 339 947 calculis
359 910 609 958 negligentiam
629 911 887 947 observaverit.
905 910 965 947 Sic
984 921 1053 946 non
1069 910 1176 947 semel
1197 909 1256 947 ille

196 981 309 1008 annos
329 971 543 1020 quingentos
570 979 756 1009 enumerat
773 983 793 1008 a
813 980 992 1019 postrema
1016 972 1135 1018 templi
1155 971 1257 1008 Jeru-

197 1033 398 1080 solymitani
428 1033 688 1078 destroctiune,
717 1045 795 1080 qua:
823 1034 958 1080 aliquot
975 1033 1079 1069 annis
1103 1041 1254 1070 mortem

197 1095 294 1130 Pauli
310 1095 524 1142 subsequata
541 1101 606 1132 est.
625 1095 683 1132 Sic
699 1102 734 1132 et
745 1095 828 1132 alibi
845 1096 974 1141 passim
989 1095 1254 1139 anaclironismi,

196 1155 232 1192 in
246 1156 418 1202 scriptore
433 1167 560 1203 nempe
572 1164 770 1204 tempm'um
785 1158 957 1194 rationem
973 1168 1095 1204 parum
1109 1164 1257 1194 curante

196 1216 526 1264 deprehenduntur.

244 1278 551 1326 Elegantissimam
570 1279 778 1316 concionem
802 1279 859 1327 (Τ.
881 1281 918 1317 3.
945 1290 978 1316 ε.
998 1280 1097 1324 547),
1120 1281 1161 1315 de
1181 1279 1255 1314 Fu-

198 1345 347 1375 turorum
375 1340 516 1384 deliciis,
548 1348 618 1377 etc.
635 1369 644 1385 ,
679 1341 802 1378 habuit
829 1342 1107 1390 Chrysostoutus
1134 1343 1259 1378 Atilio-

197 1401 284 1437 citis:
297 1429 306 1444 ,
327 1409 364 1438 ut
383 1410 543 1449 arguitur
560 1414 600 1439 es
623 1403 665 1439 iis
681 1432 691 1447 ,
709 1414 788 1449 qua:
815 1405 882 1440 sub
900 1405 1038 1440 initium
1071 1404 1255 1447 dicuntur,

197 1472 322 1509 nempe
337 1463 380 1498 ad
401 1464 493 1500 hunc
513 1472 710 1512 martyrum
727 1465 842 1502 locum
862 1466 1030 1512 populum
1049 1467 1257 1502 ventilasse.

197 1524 304 1562 Extra
323 1525 446 1562 urbem
477 1537 606 1573 nempe
623 1535 700 1563 erat
717 1528 867 1564 ecclesia
899 1534 1044 1575 propter
1063 1534 1258 1574 martyrum

197 1586 377 1634 Reliquias
403 1587 646 1634 frequentata,
669 1599 739 1636 quo
758 1590 950 1637 pergebant
979 1590 1099 1637 populi
1120 1590 1260 1636 pietatis

197 1659 317 1691 causa,
336 1656 372 1686 et
386 1650 445 1686 ubi
463 1650 666 1697 frequenter
679 1651 870 1688 conciones
885 1651 1120 1696 habebantur,
1139 1652 1259 1698 utjam

196 1721 267 1746 non
297 1711 408 1748 semel
438 1712 603 1748 vidimus.
626 1712 704 1757 Quo
739 1717 857 1749 autem
890 1724 986 1750 antro
1017 1713 1109 1749 dicta
1142 1715 1188 1750 sit
1215 1724 1259 1750 es

195 1772 290 1808 nulla
310 1778 391 1809 nota
410 1770 560 1819 assequi
571 1784 775 1819 possumus.

241 1834 546 1871 Commentariun:
581 1834 649 1881 (Τ.
683 1836 732 1882 5)
764 1835 1001 1882 bomiliasque
1034 1836 1067 1872 in
1097 1835 1259 1872 Psalznos

195 1896 392 1934 Antiochia:
419 1898 581 1934 emisisse
607 1897 900 1945 Chrysostommn
933 1905 1070 1935 certum
1090 1899 1255 1935 videtur:

195 1969 282 2006 opus
311 1959 492 2006 egregium
527 1966 563 1997 et
593 1959 688 1996 inter
719 1961 1012 2006 praestantis~iina
1043 1960 1120 2008 ejus
1149 1971 1257 2008 opt-ra

197 2022 488 2068 computandum.
508 2028 546 2058 ut
565 2022 678 2058 cuivis
697 2023 827 2069 legenti
847 2023 962 2070 palam
981 2023 1063 2059 erit.
1084 2022 1260 2069 Opinatur

195 2082 458 2127 Tillemontius,
497 2083 563 2120 bos
590 2084 625 2120 in
658 2083 818 2122 Psalmos
851 2094 1038 2124 seri‘nones
1069 2084 1260 2131 scripsis>e

195 2143 506 2192 Chrysostomum,
543 2155 608 2181 nec
639 2146 914 2182 concionautem
947 2145 982 2182 in
1015 2151 1109 2182 coetu
1139 2145 1259 2192 populi

197 2205 393 2251 protulisse.
416 2205 453 2242 Id
473 2216 577 2248 vero,
597 2211 636 2242 ut
653 2211 710 2242 est
728 2205 762 2241 in
785 2205 921 2252 judicio
942 2205 1090 2243 ferendo
1107 2213 1257 2248 cautus,

196 2267 422 2306 subdubitans
442 2274 578 2304 tantum
609 2267 785 2304 enuntiat.
806 2266 890 2304 Mihi
917 2277 1001 2304 vero
1020 2277 1124 2303 secus
1145 2268 1258 2303 visum

195 2335 260 2364 est.
280 2329 316 2366 lu
335 2330 390 2367 his
410 2330 506 2367 enim
525 2329 752 2366 sermonibus
771 2329 902 2376 paSsim
922 2329 1090 2375 populum
1111 2328 1262 2375 alloqui—

196 2398 264 2435 tur,
284 2393 434 2440 taliaque
453 2393 612 2429 enuntiat
626 2420 637 2436 ,
664 2402 744 2439 qua:
759 2391 985 2428 Concionanti
1007 2396 1142 2442 tantum
1161 2401 1260 2428 eom-

195 2461 313 2500 petere
332 2455 489 2500 possint,
525 2461 563 2490 ut
589 2453 709 2491 videas
737 2453 773 2490 in
804 2453 1018 2489 Phr-latione
1036 2453 1080 2488 ad
1108 2452 1259 2490 Tomum

195 2517 369 2564 quintum.
388 2517 441 2554 Ad
461 2528 599 2554 morum
621 2517 846 2564 disciplinam
867 2516 902 2552 hi
921 2515 1172 2552 commentarii
1194 2515 1260 2551 ad-

195 2578 339 2615 modum
355 2580 546 2626 opportuni
576 2585 659 2616 sunt
677 2591 685 2615 :
707 2579 845 2615 nullum
880 2577 1018 2615 ethices
1040 2584 1258 2624 pra2ccptum

197 2639 255 2677 hic
283 2650 354 2676 non
388 2640 560 2677 oﬂ‘endas.
583 2641 781 2678 Occasione
799 2630 940 2688 sumpta
971 2650 1013 2676 ex
1034 2639 1260 2676 Psalmorum

195 2701 414 2748 argumentis
428 2729 438 2746 ,
456 2712 561 2738 omne
573 2703 743 2739 virtutum
762 2712 874 2750 genus
892 2702 950 2738 hic
969 2701 1256 2746 commendatur,

196 2764 276 2800 vitia
291 2763 410 2800 Omnia
424 2765 646 2810 exagitantur
661 2775 669 2799 :
689 2765 860 2812 exemplis
875 2764 1134 2812 frequentibus,
1152 2763 1260 2801 modo

200 2823 396 2873 iugiendum
424 2832 631 2873 peccatum,
658 2825 764 2863 modo
782 2827 1065 2874 amplectendam
1089 2827 1257 2864 virtutem

198 2897 272 2924 esse
289 2887 472 2925 suadetur.

242 2949 436 2986 Antiochia:
455 2950 586 2988 dictam
609 2949 843 2997 probabiliter
875 2957 1040 2997 putamus
1071 2949 1256 2987 llomiliam

196 3011 248 3048 cui
269 3013 387 3049 titulus
408 3011 465 3060 (Τ.
488 3013 523 3050 5.
542 3023 569 3047 c.
588 3010 681 3056 5l9)
699 3025 707 3048 :
733 3011 882 3048 Humilia
910 3012 1023 3048 habita
1042 3012 1076 3047 in
1098 3023 1257 3058 magnam

200 3072 461 3120 Ilebdomadam,
483 3076 517 3111 in
535 3085 600 3122 qua
616 3074 754 3110 docetur
767 3085 827 3110 cur
840 3086 879 3111 ea
893 3086 1016 3123 magna
1034 3074 1257 3111 "ebdomada

197 3136 393 3181 appelletur,
419 3142 450 3172 et
470 3137 504 3172 in
528 3136 616 3172 illud
629 3164 638 3177 ,
660 3135 780 3172 Lauda
801 3137 918 3173 anima
938 3147 1017 3173 mea
1040 3136 1254 3182 Dominum,

197 3206 234 3230 ac
251 3196 290 3232 de
306 3198 440 3234 custode
458 3198 600 3234 cm'ceris
619 3198 654 3233 in
668 3198 773 3234 Actis.

243 3259 570 3307 lnterprctationem
589 3260 624 3296 in
645 3260 769 3296 Isaiam
786 3260 842 3308 (Τ.
857 3260 892 3298 6.
906 3260 1031 3307 initio),
1045 3266 1198 3308 emptam
1220 3267 1258 3298 et

197 3328 305 3367 usque
331 3321 374 3358 ad
392 3321 573 3359 dimidium
603 3323 731 3369 capitis
747 3322 862 3359 octavi
887 3321 1078 3359 deductam
1098 3322 1258 3359 creditur

196 3379 464 3429 Chrysostomus
481 3383 713 3422 adornavisse
731 3383 944 3429 Antiochia),
965 3390 1156 3432 antequam
1176 3395 1256 3432 pre-

197 3443 314 3490 sbyter
333 3451 424 3480 esset
443 3457 450 3480 :
472 3456 584 3494 neque
602 3446 699 3484 enim
720 3447 753 3482 in
769 3446 962 3483 conciones
981 3446 1169 3482 distributa
1185 3451 1254 3490 est,

197 3511 234 3540 ut
261 3504 418 3542 llomilia:
440 3506 475 3544 in
492 3507 657 3546 Genesim
679 3514 715 3546 et
733 3508 768 3544 in
791 3508 966 3544 Psalmos.
992 3507 1094 3544 Circa
1115 3514 1256 3555 tempus

199 3572 231 3600 ct
257 3566 394 3612 locum,
421 3571 520 3615 queis
550 3569 618 3607 hoc
645 3581 737 3617 opus
761 3570 1042 3617 Chrysostoinus
1067 3579 1257 3617 aggressus

199 3633 274 3671 cst,
305 3637 500 3678 caulemque
527 3632 572 3669 ad
603 3633 756 3680 idipsnm
785 3633 1008 3678 Sliet'lﬂlllla,
1035 3632 1254 3672 Tillemontii

199 3692 400 3729 sententiam
417 3692 567 3732 libenter
585 3696 836 3743 amplectimur
857 3693 1009 3742 (Tillcm.
1024 3706 1058 3742 ρ.
1078 3694 1156 3743 90).
1181 3695 1256 3733 Hoc

199 3761 294 3797 opus,
309 3754 418 3802 inquit
434 3756 506 3802 ille,
525 3757 757 3806 Chrysostomi
774 3767 845 3792 esse
861 3767 959 3792 nemo
978 3767 1044 3792 non
1059 3757 1227 3797 existimet
1243 3770 1255 3796 :

201 3811 295 3857 idque
309 3816 477 3863 elegantia:
493 3819 677 3866 spccinn'na
697 3829 768 3864 pra:
790 3829 826 3854 sc
840 3819 904 3865 fert
929 3830 995 3854 non
1016 3818 1182 3867 vulgaria.
1205 3821 1257 3858 De

203 3872 333 3919 impm'o
354 3877 503 3918 Montano
521 3880 677 3928 quadam
703 3879 756 3916 hic
777 3879 943 3917 habentur
965 3893 1000 3926 p.
1020 3880 1066 3917 ‘24
1083 3881 1187 3940 {quod
1205 3885 1254 3920 ri.-

970 209 1092 249 ΝυΝο
1121 209 1298 248 PRIMUM
1325 210 1587 248 ADORNATA.

2329 216 2398 254 158

1326 285 1445 321 delicet
1465 297 1597 322 summa
1619 297 1702 334 pace
1719 294 1797 324 tunc
1816 288 2014 336 frueretur),
2034 290 2106 336 ejus
2126 297 2228 328 status
2247 298 2400 339 tempore

1323 346 1558 394 Chrysastomi
1576 349 1818 395 congruentia,
1851 351 1997 387 maxime
2025 362 2126 397 vero,
2158 353 2188 389 si
2209 361 2339 397 spectes
2357 365 2398 390 ea

1323 418 1400 456 qua:
1419 419 1547 443 annuat
1565 409 1634 445 577
1660 418 1917 455 pramesserunt.
1937 411 2035 449 Illud
2060 425 2136 450 vero
2153 415 2265 462 operis
2291 416 2342 452 vel
2364 416 2398 453 in

1322 469 1530 512 solitudine,
1550 470 1602 504 vel
1627 481 1703 504 cuni
1728 470 1892 506 diaconus
1922 480 2030 517 esset,
2063 477 2208 522 fortasse
2235 477 2401 512 emiserit.

1325 528 1420 565 Nam
1440 540 1481 566 ex
1496 541 1561 575 quo
1579 537 1729 576 tempore
1748 531 1921 578 presbyter
1939 534 2018 578 fuit,
2039 546 2106 571 non
2128 537 2258 573 videtur
2274 545 2326 574 sat
2341 538 2400 573 otii

1324 597 1355 626 et
1380 591 1482 636 spatii
1510 590 1687 636 habuisse,
1718 598 1754 627 ut
1779 598 1874 628 tanto
1900 593 2032 630 edendo
2049 599 2145 642 operi
2166 609 2305 634 manum
2334 602 2402 635 ad-

1325 659 1486 689 mereret.

1374 715 1686 762 Elegantissimam
1719 715 1902 753 honiiliam
1935 717 2000 764 (Τ.
2027 719 2062 755 6.
2088 731 2121 757 c.
2139 721 2208 758 ΞΠ
2233 723 2245 769 >
2281 724 2403 762 habuit

1327 776 1528 813 Antiochue
1561 779 1594 815 in
1635 790 1760 824 magna
1793 780 1943 815 ecclesia
1975 791 2057 817 cum
2089 791 2199 828 pauca
2235 785 2404 829 praitatns

1325 845 1420 874 esset
1440 839 1632 885 cpiscopus
1660 838 1862 884 Flavianus,
1891 841 1926 876 in
1955 841 2040 876 illud
2073 841 2266 889 Evangelii,
2293 843 2403 880 Filius

1327 910 1368 936 ea:
1399 900 1510 947 seipso
1545 901 1632 936 nihil
1669 901 1772 948 facit,
1801 902 1865 937 nisi
1895 903 1985 949 quod
2019 903 2140 939 uiderit
2175 904 2313 942 Patrem
2347 907 2402 952 {ao

1327 963 1481 1000 cientem.
1503 963 1615 1011 llujus
1655 971 1773 1000 autem
1807 965 2014 1009 concionis,
2035 976 2099 1002 seu
2134 967 2254 1013 potius
2286 967 2405 1006 disce-

1328 1025 1498 1072 ptationis
1532 1025 1642 1074 (nam
1677 1032 1748 1062 tota
1785 1026 1821 1062 in
1853 1037 1984 1074 genere
2012 1029 2178 1075 polemico
2215 1028 2404 1078 versatur)

1328 1086 1470 1122 occasio
1511 1087 1575 1123 luit
1615 1089 1873 1125 Anoniceorum
1909 1089 2073 1136 quaedam
2113 1090 2282 1137 objectio.
2313 1091 2403 1129 Cum

1328 1147 1424 1183 enim
1464 1147 1743 1196 Chrysostomus
1779 1150 1814 1185 iu
1853 1151 2071 1196 prascedenti
2114 1153 2290 1189 concione
2337 1153 2408 1191 huc

1329 1207 1427 1244 dicto
1456 1208 1664 1256 evangelico
1693 1210 1728 1245 in
1763 1210 1920 1246 medium
1954 1212 2133 1256 adducto,
2169 1212 2276 1249 Pater
2313 1226 2406 1250 meus

1329 1281 1434 1319 usque
1462 1273 1563 1308 modo
1587 1280 1762 1319 operatur,
1787 1280 1819 1309 et
1847 1285 1907 1320 ego
1928 1285 2064 1321 operor,
2089 1277 2308 1313 ostendisset
2327 1278 2406 1315 Filii

1330 1343 1411 1369 cum
1432 1333 1539 1370 Patre
1555 1335 1812 1381 aequalitatem,
1830 1346 1936 1382 quam
1954 1337 2077 1380 etiam,
2101 1337 2229 1384 inquit,
2249 1338 2408 1377 declarat

1330 1397 1549 1444 evangelista
1571 1397 1627 1434 bis
1642 1397 1774 1442 verbis,
1794 1397 1981 1445 Propterea
1996 1400 2105 1448 magis
2123 1402 2408 1448 persequebantur

1330 1469 1419 1503 eum,
1441 1469 1511 1495 non
1528 1459 1639 1495 solum
1657 1460 1738 1507 quia
1755 1459 1904 1497 solvebat
1919 1461 2096 1500 sabbatum
2109 1490 2118 1505 ,
2139 1462 2200 1500 sed
2217 1469 2246 1499 et
2269 1462 2407 1502 Patrem

1329 1531 1432 1556 suum
1458 1520 1588 1557 dicebat
1607 1520 1719 1558 Deum
1733 1549 1742 1566 ,
1770 1522 1935 1567 wqualem
1953 1535 1989 1560 se
2005 1524 2137 1571 faciens
2155 1525 2253 1569 Deo;
2273 1526 2318 1563 ita
2339 1537 2404 1564 seu
2428 1550 2433 1554 -

1331 1591 1475 1618 nionem
1493 1582 1636 1618 clausit.
1669 1582 1835 1620 [heretici
1862 1591 1980 1620 autem
2012 1587 2178 1625 Anomtni
2201 1587 2286 1624 huic
2306 1599 2404 1635 argu-

1333 1649 1454 1678 menta
1471 1654 1515 1678 ex
1536 1643 1676 1680 Joanne
1693 1645 1911 1692 evangelista
1930 1646 2134 1693 desumpta,
2155 1649 2264 1684 alium
2294 1661 2402 1696 oppo-

1331 1716 1437 1742 suere
1465 1705 1613 1743 Joannis
1643 1707 1783 1751 locum,
1816 1719 1946 1754 nempe
1975 1709 2061 1746 illud
2089 1709 2240 1748 Joannis
2272 1711 2316 1756 5,
2340 1713 2404 1751 i9:

1332 1765 1434 1803 Nihil
1451 1775 1558 1813 potest
1574 1769 1688 1815 facere
1716 1769 1831 1807 Filius
1844 1799 1854 1814 ,
1877 1773 1942 1808 nisi
1972 1773 2090 1808 viderit
2109 1771 2252 1810 Patrem
2282 1776 2407 1822 facien-

1328 1834 1408 1864 tem.
1428 1829 1589 1878 Cumque
1610 1832 1690 1868 talis
1704 1840 1800 1870 esset
1817 1833 1974 1880 objectio
1991 1845 2071 1882 qua:
2091 1842 2212 1882 posset
2228 1836 2411 1874 auditores

1330 1893 1476 1930 turbare
1495 1901 1602 1941 atque
1621 1895 1840 1942 percellerc,
1870 1907 1961 1943 opus
1977 1903 2057 1934 erat
2085 1897 2195 1935 hasce
2213 1900 2412 1937 Anommo-

1328 1965 1408 1991 rum
1430 1956 1588 2002 argutias
1614 1958 1813 1994 confutare.
1838 1958 2080 2002 Quamobrem
2111 1959 2307 1998 Flavianus
2330 1962 2412 2009 epi-

1329 2026 1460 2063 scopus
1477 2028 1587 2064 pauca
1606 2019 1794 2065 primatus,
1827 2029 1909 2056 cum
1927 2020 2036 2057 sciret
2054 2021 2224 2068 populum
2241 2023 2410 2061 audiendi

1330 2089 1374 2114 ea
1400 2079 1444 2115 de
1467 2089 1505 2116 re
1527 2079 1774 2129 Chrysostomi
1795 2081 1965 2128 cupidum
1997 2093 2079 2119 esse
2095 2111 2105 2128 ,
2131 2084 2206 2121 cito
2237 2085 2344 2121 tinem
2363 2086 2410 2122 di~

1330 2140 1432 2175 ccndi
1453 2139 1550 2185 fecit,
1569 2148 1606 2178 et
1625 2141 1884 2189 Chrysostonto
1901 2142 2095 2180 haereticos
2113 2145 2322 2183 eonfutandi
2344 2157 2410 2183 cu-

1331 2211 1406 2237 ram
1425 2201 1654 2240 demandavit
1672 2216 1682 2242 :
1702 2211 1856 2242 noverat
1881 2207 1978 2244 enitn
1998 2207 2180 2246 neminem
2211 2220 2316 2258 posse
2337 2217 2410 2248 tam

1332 2263 1473 2301 fortiter
1490 2265 1662 2313 lucilugas
1682 2267 1762 2304 illos
1781 2268 1994 2317 proﬂigare,
2019 2282 2127 2318 quam
2145 2272 2305 2310 Joannes
2327 2274 2384 2312 hic
2399 2303 2409 2318 ,

1330 2325 1433 2371 Cujus
1449 2326 1707 2374 eleijuentiam,
1723 2339 1874 2367 acumen
1891 2333 2036 2378 ingenii,
2055 2340 2164 2381 atque
2179 2336 2408 2382 dialecticam,

1331 2388 1471 2433 experti
1502 2399 1601 2436 saepe
1629 2389 1784 2426 inerant.
1817 2391 2103 2439 Cbrysostomus
2129 2406 2238 2440 vero,
2269 2404 2308 2433 ut
2333 2406 2411 2435 erat

1333 2449 1555 2495 moderatus,
1573 2451 1674 2488 initio
1694 2453 1858 2498 queritur
1873 2454 1939 2490 sibi
1957 2454 2117 2491 delatum
2139 2467 2270 2494 tnunus
2290 2469 2371 2496 esse
2387 2471 2409 2495 a

1331 2510 1481 2548 doctore
1500 2522 1586 2555 suo,
1613 2513 1673 2560 qui
1699 2523 1782 2550 vere
1808 2512 1888 2550 fons
1912 2514 2087 2552 doctrina:
2111 2523 2227 2561 esset,
2249 2525 2285 2555 ct
2312 2519 2411 2558 hanc

1333 2573 1552 2620 provinciam
1573 2575 1686 2621 probe
1711 2575 1896 2622 suscipere
1916 2584 2063 2624 posset:
2087 2577 2219 2616 deinde
2244 2590 2332 2617 vero
2351 2593 2410 2618 ar-

1330 2642 1540 2682 gumentum
1558 2637 1846 2675 adversariorum
1866 2645 1938 2676 tam
1963 2641 2076 2686 probe
2092 2641 2263 2688 depellit,
2284 2650 2326 2680 ut
2346 2656 2410 2682 ne-

1331 2699 1425 2734 scias
1441 2705 1558 2736 utrum
1577 2700 1689 2748 magis
1704 2700 1861 2746 mireris,
1875 2701 2134 2749 eloquentiam,
2150 2714 2196 2741 an
2211 2704 2413 2744 dialectica:

1331 2763 1417 2799 vim.
1450 2762 1534 2799 [hec
1553 2773 1639 2800 vero
1658 2763 1786 2800 concio
1817 2764 1939 2800 multis
1966 2765 2072 2802 annis
2099 2773 2181 2811 post
2211 2770 2409 2806 conciones

1331 2824 1410 2861 illas
1437 2824 1527 2861 alias
1553 2831 1678 2861 contra
1705 2825 1905 2862 Anomazos
1930 2828 2062 2864 emissa
2083 2827 2240 2874 videtur,
2260 2840 2344 2867 cum
2363 2843 2409 2869 ex

1330 2887 1476 2922 assiduo
1487 2886 1726 2924 concionandi
1741 2887 1860 2924 ofﬁcio
1877 2899 2044 2936 maguum
2055 2889 2121 2926 sibi
2135 2891 2336 2930 Antiochia:
2347 2904 2409 2930 no-

1331 2959 1412 2984 men
1435 2949 1634 2996 peperisset
1652 2950 1946 2998 Cbrysostomus.
1965 2950 2052 2988 Ηωο
2076 2951 2221 2990 beniilia
2243 2960 2283 2990 ut
2296 2962 2334 2992 ot
2352 2967 2406 2994 sec

1330 3016 1482 3058 quentes
1503 3021 1619 3058 nuper
1637 3022 1680 3048 ex
1703 3011 1861 3049 tenebris
1880 3019 1994 3049 eruta:
2013 3013 2169 3050 fuerunt.

1379 3072 1531 3116 Eodem,
1544 3080 1582 3109 ut
1598 3073 1768 3120 putatur(
1787 3071 1829 3109 Τ.
1850 3074 1886 3110 6.
1912 3086 1945 3110 c.
1972 3075 2044 3113 257
2062 3074 2090 3124 ).
2107 3077 2250 3114 circiter
2265 3084 2402 3126 tempo-

1330 3143 1369 3170 re
1385 3133 1576 3170 llomiliam
1593 3134 1638 3171 de
1650 3133 1914 3172 Melchisedeco
1926 3135 2060 3172 habuit.
2077 3137 2139 3173 Est
2153 3145 2288 3183 autem,
2308 3142 2400 3188 quod

1331 3201 1470 3242 spectat
1485 3196 1564 3243 ejus
1589 3201 1727 3244 partem
1759 3205 1833 3231 non
1859 3195 2060 3243 minimam,
2095 3199 2314 3245 pra'eedenti
2333 3211 2402 3239 nou

1329 3256 1528 3294 dissimilis.
1545 3257 1643 3293 Licet
1659 3257 1755 3294 enim
1767 3256 1812 3293 de
1833 3256 2112 3305 Melchisedeco,
2131 3267 2170 3296 ut
2189 3260 2259 3298 fert
2274 3261 2406 3299 inscri-

1330 3318 1419 3366 ptio,
1437 3325 1575 3366 agatur,
1599 3329 1670 3355 nou
1685 3319 1831 3356 minima
1851 3325 1968 3358 tamen
2001 3331 2084 3368 pars
2114 3323 2300 3362 coneionis
2317 3335 2406 3363 cou-

1330 3387 1385 3417 tra
1403 3382 1601 3418 Anomtnos
1614 3387 1683 3417 est.
1702 3381 1836 3418 Deinde
1854 3392 1940 3419 vero
1955 3389 2080 3422 contra
2098 3385 2406 3424 Melchisedeeitas

1329 3443 1547 3490 disputatur,
1566 3442 1628 3490 qui
1659 3443 1827 3481 diccbant
1857 3443 2159 3485 Melchisedecum
2185 3459 2268 3486 esse
2297 3448 2404 3484 Chri-

1329 3512 1385 3542 sto
1403 3504 1490 3542 Filio
1498 3505 1686 3553 majorem:
1697 3506 1756 3544 alii
1772 3506 1940 3553 putabant
1949 3518 2029 3546 esse
2037 3509 2206 3556 Spiritum
2225 3515 2407 3552 sanctum,

1329 3575 1369 3606 ut
1397 3569 1504 3605 docet
1523 3569 1630 3604 etiam
1649 3569 1870 3616 Epiphanius
1902 3570 2031 3608 lucresi
2050 3571 2116 3620 46,
2141 3571 2188 3606 al.
2211 3570 2273 3606 55.
2293 3567 2346 3604 Ex
2361 3567 2408 3606 iis

1328 3643 1409 3680 qua:
1435 3636 1560 3668 contra
1595 3634 1792 3670 Anomtnos
1816 3634 1998 3679 dicuntur,
2028 3633 2233 3680 conjectura
2262 3629 2404 3668 ducitur

1329 3694 1485 3730 bal-itam
1499 3693 1593 3730 illam
1614 3692 1725 3731 fuisse
1740 3695 1954 3732 Antiochiat.

1378 3756 1529 3794 llomtlia
1547 3757 1682 3797 inillud
1701 3758 1856 3805 apostoli
1878 3756 1936 3803 (Τ.
1955 3756 1991 3791 6.
2015 3764 2045 3788 c.
2077 3751 2181 3800 ‘27I),
2200 3751 2276 3788 Hoc
2293 3759 2404 3790 autem

1328 3819 1459 3863 scitote,
1479 3819 1569 3867 quod
1585 3819 1619 3855 in
1635 3819 1826 3856 novissimis
1863 3817 1979 3852 diebus
1997 3821 2092 3850 erant
2109 3822 2258 3859 tempora
2273 3826 2404 3862 gravia,

1330 3894 1428 3922 ante
1443 3883 1477 3920 in
1501 3883 1672 3921 Vaticana
1692 3878 1910 3918 Bibliotheca
1940 3875 2132 3924 exscripta.
2154 3875 2192 3914 lu
2216 3887 2258 3914 ea
2279 3889 2404 3917 uiuite!
