2694 4342
193 252 253 289 {Gl
966 239 1086 277 NUNC
1113 239 1294 276 PRIMUM
1322 239 1586 278 ADOHNATA.

191 327 306 368 radiis,
327 324 384 362 sed
401 323 460 361 sub
477 333 613 364 aurora,
631 320 690 356 sub
713 320 776 356 hoc
795 325 880 354 tecto
913 318 1031 353 umbra
1049 317 1190 365 fruimur
1215 323 1246 351 et

195 389 331 428 suaviter
345 387 485 435 aginms,
503 395 608 431 neque
626 383 792 431 patienter
809 380 967 416 audimus
983 378 1172 426 quidpiam,
1189 378 1248 414 δρα

195 453 318 490 desidia
345 446 668 496 torpemusﬂlasce
697 455 782 482 vero
808 443 999 481 conciones
1019 439 1250 478 illtzcesccntc

166 500 328 558 “taurum,
347 521 424 548 cum
443 508 667 552 brevissima,
689 512 818 554 praeter
830 515 982 547 morem,
996 502 1120 539 morali
1138 501 1248 537 disci-

173 573 296 624 fplina,
317 571 580 622 pronuntiabat,
603 581 647 608 ne
667 570 816 606 aliarum
835 567 1065 609 concionum,
1079 573 1168 612 quas
1184 573 1250 610 per

174 633 316 675 ‘annum
335 636 497 674 habebat.
517 641 553 672 et
565 645 646 682 qua:
680 631 873 668 moralibus
906 628 1092 677 praeceptis
1114 625 1248 663 redun-

168 686 331 758 i‘dahaut,
349 708 492 736 cursum
515 695 782 742 interpellaret.
805 692 876 729 Has
905 701 992 728 vero
1012 690 1045 726 in
1081 689 1247 734 Evange-

190 761 270 799 liutn
287 759 434 798 Joannis
459 758 640 796 breviores
669 755 860 792 conciones
880 752 922 790 iis
945 759 1084 788 tantum
1116 749 1250 787 dixisse

191 822 336 865 videtur,
356 821 414 868 qtti
430 831 510 858 cum
526 817 704 856 haereticis
717 819 982 853 concertarent.

237 885 525 934 Elegantissimas
554 883 662 920 etiam
697 881 732 918 in
765 878 962 926 Epistulam
994 875 1038 913 ad
1065 875 1249 912 Romanos

189 949 378 988 conciones
393 947 592 984 Antiochia:
609 944 734 982 habuit
752 943 766 990 (
782 941 823 978 T.
843 940 880 978 9.
900 951 931 975 c.
949 938 1059 987 583),
1083 944 1121 974 ut
1141 937 1249 984 liqui-

188 1013 237 1050 do
254 1017 392 1049 conSIat
405 1021 450 1047 ex
470 1009 526 1054 iis,
545 1018 624 1056 qua:
643 1007 679 1044 in
699 1004 912 1043 Pratl'atione
925 1002 1088 1040 diximus.
1107 1000 1170 1037 His
1187 1011 1250 1036 att-

190 1081 259 1111 tent
289 1072 488 1110 accuratius
519 1067 776 1106 coneinnandis
809 1075 955 1114 operam
995 1063 1093 1100 dedit
1125 1061 1250 1099 doctor

189 1141 322 1178 noster,
345 1133 425 1180 quia
445 1133 480 1169 in
494 1132 558 1168 bac
571 1129 720 1178 epistola
735 1128 863 1166 Paulus
873 1125 1250 1164 obscuraltumanum-

189 1206 256 1242 que
273 1195 494 1232 ratiocinium
515 1190 761 1239 exsuperantia
775 1189 884 1226 mttlta
900 1188 1151 1229 admiscuerat,
1171 1195 1252 1234 quas

191 1257 372 1305 ingenioso
392 1266 435 1293 ac
451 1262 597 1292 strenuo
615 1253 810 1301 interprete
827 1261 918 1299 Opus
950 1251 1098 1288 habent.
1131 1249 1252 1296 Expli-

189 1319 309 1355 catulis
324 1317 462 1354 arcanis
484 1316 553 1355 illis
573 1315 769 1364 mysteriis,
783 1324 862 1362 quae
873 1313 1016 1362 .passim
1044 1312 1078 1348 in
1094 1311 1159 1349 hac
1173 1311 1252 1359 cpi-

189 1384 278 1418 stola
297 1384 501 1426 occurrunt,
523 1385 654 1416 tantam
669 1376 827 1414 Joannes
847 1382 970 1413 uester
983 1374 1145 1411 adhibuit
1163 1384 1252 1421 ope-

189 1452 278 1486 ram,
299 1447 336 1478 ut
351 1440 410 1478 vix
430 1451 550 1488 parem
571 1442 606 1477 in
637 1439 780 1486 scriptis
793 1437 870 1486 ejus
881 1437 1142 1485 deprehendas.
1161 1436 1252 1473 Cer-

189 1511 222 1540 te
237 1505 345 1541 multa
359 1504 393 1540 in
414 1504 470 1540 illa
485 1503 660 1540 habentur
677 1503 771 1540 circa
791 1501 938 1549 gratiam
959 1507 995 1538 et
1017 1499 1253 1548 pra-destina-

189 1567 336 1612 tionem,
357 1577 437 1613 qua:
457 1565 752 1613 peritissimorum
769 1564 908 1612 ingenia
927 1570 1134 1606 exerceant,
1155 1573 1254 1610 qua:-

188 1639 259 1675 qne
279 1637 348 1664 non
365 1627 444 1666 sine
463 1627 604 1664 errandi
639 1627 799 1674 periculo
832 1625 976 1662 tractari
1001 1631 1163 1672 possunt,
1185 1625 1256 1662 nisi

190 1686 314 1736 magna
329 1690 444 1726 cantio
461 1689 684 1727 adhibeatur.
713 1689 812 1726 Hanc
830 1689 1042 1726 concionum
1057 1689 1092 1726 itt
1113 1689 1254 1736 Episto-

188 1752 258 1788 latn
277 1751 322 1788 ad
342 1751 524 1788 Romanos
537 1751 784 1789 collectionem
820 1751 938 1799 magni
981 1751 1066 1788 facit
1100 1751 1254 1788 Isidorus

189 1815 380 1857 Pelusiota.
399 1815 529 1863 aliique
547 1815 641 1852 docti
661 1815 726 1852 viri
759 1815 921 1852 eamdem
956 1813 1139 1868 proferunt
1169 1823 1252 1850 sen-

191 1879 347 1916 tentiam.
369 1878 502 1916 Omnes
516 1879 671 1926 denique
691 1877 748 1914 hic
761 1877 935 1926 grandem
956 1877 1089 1925 ingenii
1110 1877 1254 1914 subtili-

191 1945 307 1984 tatem,
323 1940 448 1977 orandi
465 1941 534 1977 vim
549 1945 585 1977 et
609 1940 822 1987 elegantiam
850 1950 922 1987 pra:
941 1949 981 1976 se
993 1939 1125 1983 ferunt,
1146 1944 1254 1986 atque

191 2004 340 2040 nativam
355 2003 432 2052 ejus
455 2003 709 2052 eloquentiam,
747 2004 950 2052 stylumque
978 2003 1121 2040 caeteris
1140 2002 1255 2052 Chry-

191 2068 334 2104 sostomi
351 2068 518 2116 operibus
535 2067 588 2106 sic
604 2067 764 2113 afﬁnem,
787 2073 826 2104 ut
839 2077 911 2104 non
934 2067 981 2104 sit
995 2077 1102 2104 ovum
1117 2077 1187 2104 ovo
1205 2066 1254 2104 si-

192 2129 320 2166 milius.
1056 2133 1058 2135 ’

238 2191 330 2229 Inter
347 2191 640 2240 praestantissima
658 2190 906 2240 Cltrysostomi
927 2201 1034 2238 opera
1057 2201 1256 2228 accenscn-

194 2259 248 2290 tur
264 2255 424 2292 Humilia:
439 2255 474 2292 in
495 2253 694 2300 Epistulam
724 2259 914 2300 utramque
932 2252 1030 2290 Pauli
1051 2251 1096 2289 ad
1127 2250 1257 2288 Corin-

193 2316 283 2354 thius
301 2317 313 2366 (
329 2317 369 2354 T.
389 2317 436 2355 10
453 2316 482 2366 ),
500 2327 542 2354 ac
559 2326 638 2354 cum
660 2315 786 2363 primis
817 2314 993 2362 elegantia
1013 2319 1050 2351 et
1086 2313 1260 2361 gravitate

192 2385 396 2417 concertare
414 2384 562 2427 possunt
581 2388 593 2422 ;
609 2377 764 2414 maxime
775 2387 862 2414 vero
873 2375 1036 2412 Humilia:
1056 2375 1090 2424 in
1108 2375 1259 2422 primam

193 2439 398 2488 Epistulam,
417 2451 506 2488 quas
537 2440 702 2478 Homiliis
723 2439 768 2476 ad
785 2439 987 2476 secundum
1015 2439 1116 2475 ll'llllli
1135 2444 1261 2485 putant

193 2513 270 2540 esse
287 2503 550 2548 anteferendus,
573 2504 604 2541 si
624 2510 746 2552 tropos
757 2509 794 2540 et
817 2502 1086 2540 accurationem
1116 2506 1258 2548 specta-

193 2565 299 2600 veris.
321 2564 358 2602 ln
374 2565 552 2612 prioribus
575 2576 730 2614 namque
749 2565 942 2613 diligenter
968 2563 1089 2602 omnia
1107 2563 1260 2600 fusiore-

193 2637 265 2675 que
283 2628 374 2675 stylo
401 2630 636 2677 persequitur,
653 2629 860 2676 salibusque
893 2627 1102 2676 frequenter
1133 2626 1263 2671 utitur,

193 2700 236 2726 ac
252 2688 441 2726 ntinutiora
455 2700 602 2738 qtueque
620 2691 790 2734 discutit;
811 2700 984 2738 nusquam
1003 2695 1104 2738 certe
1121 2688 1261 2737 majore

193 2751 310 2788 studio
325 2750 526 2789 elaboratas
551 2752 744 2788 conciones
774 2749 1052 2798 deprehendas;
1077 2761 1150 2798 qua
1168 2750 1203 2787 in
1219 2761 1260 2788 re

195 2813 344 2853 fortasse
357 2815 502 2863 quidam
523 2815 684 2852 hodierni
698 2815 852 2854 lectores
869 2816 1072 2854 redundare
1092 2816 1206 2858 illum.
1223 2821 1261 2854 et

197 2877 284 2914 ultra
301 2884 416 2915 melas
447 2887 713 2926 nonnumquam
745 2879 908 2927 progredi
936 2879 1106 2917 dixerint.
1119 2879 1256 2917 Verum

197 2938 266 2985 ille,
281 2941 373 2988 quod
392 2942 608 2989 prmcipuum
639 2948 697 2980 est
722 2942 873 2980 oratoris
893 2953 1034 2988 munus,
1054 2943 1258 2981 auditorum

198 2999 372 3049 ingenium
391 3010 428 3040 et
447 3009 588 3051 captum
609 3010 680 3041 tam
695 3004 847 3042 solerter
865 3005 1128 3052 exploraverat,
1153 3011 1192 3042 ut
1208 3005 1260 3042 si-

199 3061 230 3099 bi
244 3074 364 3102 eorum
378 3065 517 3103 animos
528 3067 747 3112 conciliaret,
759 3074 896 3116 gratam
911 3068 1096 3106 conciouis
1111 3069 1260 3106 admur-

199 3127 428 3164 tuuralionem
447 3127 665 3176 plaususque
685 3129 904 3177 frequentes,
927 3136 966 3168 ut
985 3131 1018 3167 in
1053 3131 1259 3168 orationum

199 3186 344 3224 decursu
360 3188 492 3227 videas.
511 3191 566 3228 Ad
581 3189 658 3228 haec
677 3202 762 3228 vero
791 3193 826 3229 in
858 3193 1022 3230 Homiliis
1041 3193 1086 3229 ad
1105 3193 1258 3240 primam

199 3247 386 3296 Epistulam
406 3252 555 3299 plurima
574 3261 793 3299 occurrunt;
815 3267 942 3304 pugna:
961 3266 1090 3303 nempe
1111 3262 1148 3292 et
1169 3256 1259 3292 reli-

199 3311 345 3350 tationes
379 3314 581 3363 frequentes
611 3323 737 3355 contra
773 3317 1010 3366 philosophos
1047 3324 1192 3355 exteros
1224 3324 1261 3355 et

198 3371 362 3411 falsorum
375 3375 518 3416 deorum
538 3380 708 3426 cultores,
748 3386 786 3418 et
802 3387 927 3418 contra
961 3381 1152 3419 haereticos
1170 3391 1260 3418 non-

198 3435 310 3474 nullos
325 3447 338 3482 ;
353 3449 394 3476 ac
415 3440 602 3489 singularia
631 3444 793 3492 quaedam
812 3444 857 3481 ad
877 3445 966 3482 istus
985 3444 1053 3482 aevi
1071 3455 1207 3482 morem
1223 3451 1260 3482 et

198 3507 296 3534 usum
319 3500 542 3550 pertinentia,
561 3505 702 3554 aliaqtte
727 3506 772 3544 de
789 3507 920 3554 quibus
945 3507 983 3544 in
1026 3507 1162 3544 Monito
1176 3517 1258 3544 car-

199 3559 280 3603 ptim
299 3562 428 3609 agitur,
457 3575 584 3614 nempe
613 3569 708 3606 circa
729 3568 962 3616 philosophos
980 3576 1140 3615 exteros,
1161 3569 1258 3607 circa

200 3620 392 3688 ""I‘Wlicost
426 3625 641 3666 Manicltzeos
654 3637 691 3668 et
724 3630 988 3676 Marciunistas,
1007 3637 1133 3669 contra
1149 3630 1256 3670 Chri-

198 3688 384 3723 stianorum
401 3688 702 3729 Antiochcnorum
721 3702 855 3730 mores.

245 3743 409 3787 llomilias
442 3752 478 3788 in
509 3755 706 3792 secundum
738 3756 784 3794 ad
819 3757 1025 3797 Corinthios
1060 3760 1257 3806 Epistulam

201 3805 327 3850 (7110.
341 3824 372 3848 c.
393 3815 476 3861 582)
497 3827 566 3854 nun
593 3820 670 3866 pari
699 3820 874 3865 elegantia
894 3827 1002 3870 atque
1023 3805 1182 3870 priores,
1211 3831 1257 3863 de

200 3869 321 3916 quibus
337 3875 404 3920 iam
425 3885 542 3916 actum
558 3886 628 3925 est,
643 3881 795 3927 scriptas
812 3881 923 3920 fuisse
939 3869 1082 3931 quidam
1103 3897 1253 3934 opinan-

204 3938 266 3970 tur.
285 3934 444 3978 Brct'iurc
459 3942 580 3991 utique
593 3944 686 3992 stylo
703 3944 756 3982 hac
772 3947 990 3993 posteriores
1005 3949 1254 3997 explanantur.

2331 241 2400 279 l6!

1327 318 1366 354 Et
1387 319 1466 364 quia
1487 318 1767 366 Citrysosmmtts
1787 323 1820 356 ln
1841 320 1957 366 priore
1974 321 2130 366 Epistula
2151 319 2300 357 Paulum
2315 330 2402 366 apo-

1322 381 1452 416 stolum
1483 387 1672 427 sequutus,
1709 383 1768 428 qui
1793 382 2020 418 Cltrtstianos
2053 383 2146 420 illos.
2178 380 2213 418 in
2247 380 2399 419 ecclesia

1323 442 1496 478 tumultus
1516 448 1552 478 ct
1569 442 1716 478 dissidia
1739 450 1924 480 moventes
1939 471 1950 485 ,
1970 444 2219 481 vehementius
2245 444 2400 481 insecta-

1322 505 1440 548 batur,
1463 515 1545 540 eum
1577 493 1773 541 acrimonia
1807 505 1942 552 majore
1971 514 2078 543 etlam
2110 507 2186 554 ipse
2217 507 2400 554 loquntur;

1323 566 1357 602 in
1379 565 1536 603 secunda
1557 573 1677 602 autem
1708 578 1789 603 cum
1821 568 1987 614 apostolo
2018 569 2177 614 pacatius
2205 570 2303 616 agit,
2335 579 2402 607 nec

1322 629 1434 676 tropis
1455 635 1526 665 tam
1547 628 1795 676 frequentibus
1813 629 1923 664 utitur
1943 641 1950 664 :
1973 639 2040 665 nec
2058 639 2180 676 parem
2199 637 2297 668 certe
2314 641 2401 678 ope-

1322 701 1398 727 ram
1419 691 1452 727 in
1473 691 1648 728 ambabus
1667 691 1874 727 adhibuisse
1891 689 2045 726 videtur.

1373 757 1412 794 UI
1438 757 1471 792 in
1493 757 1672 804 prioribus
1702 755 1880 800 ltomiliis,
1903 755 1938 791 in
1961 755 2060 792 hisce
2083 755 2191 791 etiam
2211 754 2400 792 Marcioni-

1321 825 1394 856 stas
1425 819 1596 866 exagitat,
1627 818 1686 866 qtti
1719 817 1886 854 dicebant
1915 826 2034 852 rcrtttn
2067 815 2232 862 opilicem
2265 814 2399 862 justum

1321 894 1425 928 esse,
1446 882 1510 920 sed
1542 893 1614 918 non
1642 881 1802 925 bonum;
1833 879 2052 916 Manichacus
2073 879 2158 915 item
2187 879 2397 922 insectatur,

1320 945 1380 994 qui
1402 955 1465 982 ore
1486 944 1595 992 impio
1623 943 1722 980 hunc
1752 952 1874 980 rerum
1907 941 2073 989 opilicem
2103 939 2286 977 diabolum
2321 949 2402 976 esse

1322 1006 1617 1054 pronuntiabant.
1635 1005 1834 1042 [hereticos
1853 1004 1934 1040 illos
1950 1003 2087 1050 aliquot
2108 1003 2142 1038 in
2161 1001 2250 1039 locis
2271 1001 2400 1048 carpit,

1322 1078 1462 1106 necnon
1497 1073 1534 1106 et
1553 1067 1644 1104 alios
1675 1066 1736 1115 qui
1765 1065 1936 1104 dicebant
1967 1063 2143 1119 mundum
2175 1065 2292 1111 ipsmn
2321 1073 2405 1101 esse

1322 1131 1446 1176 deum,
1477 1129 1539 1177 qui
1572 1139 1675 1166 error
1706 1129 1816 1166 etiam
1835 1139 1914 1166 azvo
1939 1133 2064 1166 nostro
2095 1134 2291 1166 renovatus
2322 1127 2401 1165 fuit.

1321 1193 1403 1230 Alia
1433 1201 1578 1240 quoque
1610 1191 1804 1228 observato
1835 1189 1943 1238 digna
1978 1190 2014 1228 in
2050 1190 2106 1227 Itis
2141 1189 2404 1237 posterioribus

1323 1255 1484 1292 homiliis
1515 1260 1725 1291 occurrunt.
1757 1251 1924 1289 Afﬁrmat
1948 1252 1988 1290 S.
2009 1251 2140 1289 doctor
2157 1252 2403 1290 Alexandrum

1323 1329 1344 1356 a
1360 1317 1495 1356 Senatu
1513 1317 1678 1355 Romano
1697 1316 1840 1354 tertium
1858 1315 2038 1353 decimum
2055 1315 2162 1352 deum
2180 1314 2404 1364 declaratum

1323 1381 1448 1427 fuisse,
1470 1380 1506 1418 id
1525 1380 1620 1429 quod
1643 1380 1808 1428 nuspiam
1836 1379 1984 1416 metnini
2011 1390 2069 1417 me
2096 1379 2230 1427 legere.
2259 1379 2406 1416 Tertius

1324 1450 1443 1482 autem
1463 1443 1625 1482 decimus
1643 1443 1734 1480 deus
1752 1442 1870 1480 dictus
1889 1442 1954 1479 fuit
1969 1471 1978 1487 ,
2005 1442 2089 1490 quia
2107 1441 2296 1479 duodecim
2317 1441 2407 1480 deos

1325 1508 1442 1546 Grtrci
1461 1507 1622 1555 itemque
1642 1507 1794 1544 Romani
1813 1505 2066 1552 admittebant,
2087 1505 2142 1544 his
2162 1504 2304 1544 duobus
2324 1515 2405 1542 vcr-
2466 1525 2476 1540 ε

1325 1571 1424 1608 sibus
1443 1569 1726 1618 comprehensos
1749 1581 1758 1608 :

1409 1709 1504 1746 Juno,
1521 1708 1630 1747 vesta,
1647 1706 1802 1745 Minerva,
1815 1709 1927 1746 Ceres,
1947 1704 2056 1746 Diana,
2074 1709 2205 1748 Venus,
2223 1710 2322 1746 Mars,

1408 1763 1599 1804 Mercurius,
1629 1763 1737 1804 Jovis,
1769 1767 1956 1805 Neptunus,
1984 1761 2164 1805 Vulcanus,
2195 1760 2321 1804 Apollo.

1372 1879 1680 1916 Commentarium
1711 1879 1796 1917 item
1817 1879 1852 1916 in
1872 1879 2072 1927 Epistulam
2093 1879 2140 1916 ad
2159 1877 2306 1916 Galatas
2327 1880 2404 1915 Au,

1327 1939 1470 1978 tiocltiac
1489 1941 1602 1978 edidit
1621 1939 1763 1990 (T.10.
1790 1949 1820 1978 ε.
1839 1940 1959 1989 609),
1980 1946 2023 1978 ut
2051 1941 2087 1978 in
2113 1940 2248 1978 Monitu
2270 1939 2405 1978 ibidem

1325 2004 1558 2052 probavimus
1580 2017 1590 2042 :
1609 2005 1668 2042 cui
1689 2003 1900 2046 adomando
1917 2015 1989 2042 non
2007 2004 2150 2042 sol-itam
2171 2015 2318 2052 operam
2339 2015 2408 2052 po-

1325 2068 1397 2105 suit
1413 2067 1708 2117 Cltrysostomus.
1731 2068 1768 2105 In
1795 2068 1876 2106 aliis
1902 2069 2034 2117 quippe
2055 2068 2091 2106 in
2110 2067 2251 2106 Novum
2277 2068 2408 2106 Testa-

1327 2136 1490 2167 mentum
1527 2130 1842 2178 explanationibus
1880 2131 2001 2169 omnia
2041 2131 2076 2168 in
2114 2131 2310 2170 conciones
2344 2141 2409 2170 seu

1326 2191 1496 2230 humilius
1513 2192 1626 2230 divisa
1647 2199 1683 2230 et
1700 2193 1890 2231 distributa
1911 2199 2018 2236 sunt;
2039 2194 2085 2231 ita
2107 2200 2144 2232 ut
2162 2193 2292 2232 concio
2309 2204 2404 2242 qua-

1329 2253 1417 2291 libet
1431 2254 1548 2291 etltica
1566 2254 1818 2293 adhortatione
1835 2255 2024 2293 claudatur
2033 2283 2053 2302 ,,
2064 2262 2100 2293 et
2133 2256 2284 2293 moralia
2305 2256 2408 2294 istaec

1329 2316 1529 2364 posteriora
1549 2325 1731 2365 praecepta
1760 2329 1927 2366 magnam
1955 2325 1994 2355 ιιι
2023 2319 2219 2366 plurimum
2249 2319 2409 2357 homilizn

1329 2384 1466 2426 partem
1498 2378 1801 2426 complectantur.
1829 2379 1868 2416 ltt
1897 2379 1968 2416 hoc
1995 2386 2116 2418 autem
2136 2381 2410 2419 Commentario

1329 2441 1450 2478 omnia
1469 2451 1575 2478 secus
1595 2441 1768 2478 adornata
1797 2448 1882 2478 sunt
1901 2453 1910 2478 :
1933 2453 2017 2478 nam
2043 2443 2273 2480 continenter
2289 2443 2408 2492 Chry-

1330 2509 1514 2541 sostomus
1540 2502 1586 2540 ad
1607 2503 1716 2540 linem
1737 2513 1852 2551 usque
1877 2503 2042 2551 epistola:
2058 2513 2183 2541 versus
2199 2513 2328 2542 omnes
2343 2516 2410 2544 ex-

1329 2564 1624 2613 planat.Moralia
1644 2574 1930 2612 nonnumquam,
1945 2563 2061 2602 sicubi
2079 2565 2224 2602 occasio
2243 2565 2408 2612 offertur,

1330 2628 1530 2672 admiscet;
1564 2627 1630 2666 sed
1657 2638 1728 2666 non
1756 2633 1796 2665 ut
1830 2639 1896 2676 pro
1925 2637 2028 2666 more
2058 2628 2168 2666 solito
2195 2629 2410 2668 concionem

1331 2691 1489 2729 claudat.
1511 2690 1689 2738 Populum
1709 2697 1830 2728 autem
1861 2701 1933 2728 non
1961 2700 2046 2728 raro
2071 2691 2279 2739 alloquitur.
2311 2691 2412 2738 Qua-

1331 2760 1482 2802 propter
1509 2753 1726 2791 crediderim
1748 2752 1828 2790 htec
1852 2753 1950 2790 illum
1972 2753 2020 2790 ita
2047 2752 2334 2797 concinnavisse,
2354 2755 2414 2792 vel

1332 2823 1373 2854 ut
1401 2816 1570 2866 praesenti
1591 2815 1724 2864 populo
1751 2815 1804 2854 sic
1832 2815 1969 2862 legeret
1996 2820 2058 2852 aut
2085 2815 2278 2861 recitaret,
2299 2816 2356 2854 vel
2373 2823 2415 2854 ut

1333 2873 1450 2918 diviso
1467 2879 1591 2918 multis
1606 2879 1640 2916 itt
1661 2878 1822 2927 partibus
1835 2877 2104 2916 Commentario
2117 2877 2268 2926 singulis
2287 2885 2413 2925 postea

1332 2943 1495 2993 partibus
1514 2943 1672 2981 cthicum
1691 2942 1870 2991 epilogum
1890 2941 2074 2990 adjiceret,
2097 2947 2137 2978 ut
2155 2951 2221 2989 pro
2239 2949 2412 2980 consueto

1333 3017 1436 3045 ntere
1461 3007 1496 3044 in
1519 3006 1688 3043 ltomilias
1715 3005 1944 3043 distributum
1973 3013 2065 3052 opus
2097 3003 2231 3052 populo
2250 3013 2411 3051 pronun-

1332 3069 1452 3106 tiaret.
1485 3068 1577 3106 Utro
1603 3074 1724 3105 autem
1755 3067 1864 3104 modo
1883 3065 2010 3115 egerit,
2041 3065 2186 3104 nonnisi
2218 3065 2412 3104 divinando

1331 3131 1476 3179 assequi
1495 3141 1700 3180 possumus.

1379 3194 1418 3232 In
1438 3194 1508 3232 hoc
1527 3201 1630 3246 certe
1643 3193 1911 3231 Commentario
1929 3191 2209 3242 Cltrysostomus
2229 3193 2336 3241 longe
2352 3204 2412 3232 ac-

1331 3259 1492 3296 curatius
1510 3257 1684 3306 apostolis
1701 3257 1796 3295 dicta
1815 3256 1980 3305 explorat
2000 3262 2038 3295 et
2056 3257 2228 3306 explicat,
2247 3268 2354 3306 quam
2375 3259 2410 3295 in

1333 3323 1455 3360 multis
1473 3323 1554 3360 aliis
1574 3321 1732 3359 homiliis
1759 3327 1796 3358 et
1813 3321 2096 3359 commentariis.
2117 3321 2317 3358 Anomreos
2337 3331 2409 3357 non

1331 3387 1446 3424 semel
1464 3385 1609 3433 egregie
1634 3383 1788 3427 refellit,
1810 3393 1950 3421 necnon
1972 3383 2220 3421 Marcionistas
2237 3389 2276 3420 et
2293 3383 2407 3420 Mani-

1331 3449 1454 3487 ehzeos
1481 3461 1491 3486 :
1521 3454 1647 3486 contra
1677 3449 1924 3486 Antiochcnus
1953 3447 2086 3485 multos
2117 3447 2320 3490 declamat,
2350 3445 2411 3490 qui

1332 3511 1502 3550 Judaicos
1521 3511 1614 3548 ritus
1632 3511 1876 3549 sectabantur.
1899 3511 2000 3549 Alios
2023 3511 2132 3549 etiam
2151 3509 2306 3555 exagitat
2324 3533 2335 3550 ,
2351 3507 2413 3551 qui

1332 3577 1399 3614 sibi
1417 3576 1536 3613 virilia
1553 3575 1799 3623 amputabant,
1816 3586 1924 3624 quem
1943 3585 2082 3613 morem
2102 3575 2253 3610 innuere
2270 3567 2413 3605 Videtur

1331 3651 1354 3678 a
1373 3639 1580 3678 Manichatis
1600 3640 1780 3677 invectum
1801 3639 1928 3678 fuisse.

1381 3709 1479 3740 tuter
1497 3703 1686 3741 selectiora
1705 3703 1866 3740 doctoris
1885 3700 1998 3738 nostri
2021 3697 2078 3745 (Τ.
2098 3696 2158 3739 lt,
2175 3691 2288 3738 initio)
2303 3689 2415 3726 Gom-

1331 3765 1506 3804 mentaria
1516 3767 1656 3804 censeri
1668 3765 1802 3804 debent
1812 3763 1975 3802 Humilia:
1987 3761 2021 3796 in
2036 3756 2231 3804 Epistulam
2241 3754 2284 3790 ad
2298 3753 2415 3800 Ephe-

1332 3830 1420 3875 sios“,
1444 3836 1518 3867 tum
1535 3830 1618 3878 quia
1638 3829 1674 3866 in
1697 3829 1752 3865 his
1773 3837 1831 3864 res
1852 3822 1997 3860 uberius
2015 3816 2183 3865 θκρεηάῐι
2201 3844 2210 3858 ν
2232 3821 2307 3851 ί¹¹¹¹¹
2328 3815 2412 3862 (11³ίὲ

1334 3892 1445 3928 multa
1470 3897 1507 3928 et
1526 3889 1720 3936 singularia
1744 3885 1876 3934 passim
1897 3881 2030 3918 indicat
2045 3905 2055 3922 ,
2081 3887 2161 3923 qua:
2189 3878 2327 3923 possint
2351 3882 2413 3912 aut

1332 3953 1375 3991 ad
1396 3954 1538 3992 beatam
1557 3957 1618 3989 aut
1643 3950 1685 3987 ad
1714 3949 1882 3986 miseram
1903 3943 2010 3979 \itam
2040 3950 2109 3976 non
2139 3949 2263 3986 parum
2284 3937 2412 3976 afferre
