2694 4342
310 295 379 337 165

308 369 493 409 momenti.
518 362 718 404 Antiochiae
737 367 856 398 autem
878 359 1018 398 habitas
1047 359 1156 398 fuisse
1187 360 1220 396 in
1243 357 1378 396 Praefa-

308 435 405 470 ticae
427 429 614 475 probatum
635 431 705 462 est.

353 491 500 528 Orditur
519 495 638 524 autent
659 487 705 525 ab
724 485 866 533 Epheso
882 485 983 529 urbe,
1002 495 1109 531 quam
1131 489 1170 520 ut
1187 483 1283 520 Asia:
1303 492 1380 519 tne-

305 552 461 600 trOpolin
481 550 652 587 celcbrat.
675 548 982 584 Antiochenorum
1001 557 1130 594 pravos
1149 556 1266 582 mores
1285 544 1382 581 iuse-

303 622 423 651 ctatur
437 643 446 658 ,
468 623 531 650 eos
548 622 636 648 vero
655 611 810 647 maxime
826 637 836 653 ,
857 609 917 656 qui
934 609 980 644 ab
997 607 1150 645 etlmicis
1170 613 1206 643 et
1231 605 1382 643 idolola-

304 678 370 713 tris
393 679 667 723 promauarant,
689 681 727 711 ut
750 679 868 710 sortes
895 679 930 708 et
957 671 1236 713 incantationes,
1270 669 1380 704 fatutn

303 739 412 774 etiam
448 744 484 774 et
517 735 871 783 metcmpsychosin;
905 733 1144 780 dicebantque
1175 731 1225 769 illi
1260 731 1380 768 omnia

302 795 404 833 nulla
417 807 490 845 gert
505 795 726 844 providentia
741 808 750 841 ;
767 795 826 832 alii
845 804 931 832 vero
949 794 1056 832 deum
1071 803 1154 832 esse
1168 803 1298 839 corpus
1314 792 1382 840 im;

304 871 399 908 pune
409 859 630 896 asserebant.
643 859 693 895 De
707 857 889 894 ominibus
899 863 1018 894 autem
1029 862 1065 893 et
1077 854 1259 902 pnesagiis
1269 853 1380 890 multa

303 922 439 970 profert
451 921 598 958 omnino
611 920 818 967 singularia.
835 919 940 956 llum.
955 918 1095 954 decima
1106 917 1192 954 dicit
1205 917 1382 962 ἀγάλματα

304 995 366 1020 seu
381 983 512 1028 figuras
529 982 587 1019 vel
607 981 781 1028 imagines
802 981 836 1016 in
849 980 1000 1016 ecclesia
1021 988 1116 1024 esse,
1142 989 1260 1024 neque
1280 977 1380 1024 plura

305 1044 426 1090 adjicit
456 1043 492 1080 in
519 1053 577 1087 re,
600 1053 706 1090 quam
733 1041 848 1088 magis
879 1051 1078 1086 expensam
1105 1039 1214 1076 fuisse
1233 1039 1379 1076 vellem.

303 1106 502 1144 lbet-cliens
534 1105 666 1153 passim
699 1105 878 1151 exagitat,
911 1103 1153 1143 Marcioncm.
1186 1101 1379 1146 Mauetem,

305 1169 551 1212 Valentinum,
571 1169 746 1205 Catharos
765 1177 827 1204 seu
847 1167 1086 1210 Novatianos,
1105 1165 1228 1202 Arium
1247 1165 1282 1201 in
1300 1175 1380 1201 om-

303 1231 409 1268 nibus
431 1241 523 1277 pene
539 1229 774 1266 coneionibus
788 1257 797 1272 ,
819 1229 980 1276 aliosque
997 1229 1106 1264 etiam
1128 1227 1329 1264 lttcreticos.

353 1294 528 1331 llomilias
545 1303 690 1340 quoque
709 1293 744 1328 in
770 1291 952 1338 Epistolas
969 1290 1058 1326 duas
1077 1289 1144 1339 (Τ.
1165 1289 1267 1327 M.c.
1287 1292 1380 1338 499)

303 1356 348 1392 ad
368 1355 596 1393 Timotheum
628 1361 795 1402 putamus
824 1364 912 1398 nos,
936 1353 1028 1390 hattd
1062 1352 1200 1390 levibus
1227 1352 1380 1400 permoti

305 1418 506 1454 rationibus
520 1446 530 1462 ,
550 1416 750 1454 Antiocbizc
771 1415 911 1452 habitas
925 1443 934 1460 ,
969 1420 1008 1450 ιιι
1026 1413 1148 1451 videas
1174 1413 1209 1450 itt
1231 1414 1380 1450 Monito.

302 1481 342 1516 In
365 1480 421 1517 his
439 1490 526 1516 vero
543 1479 797 1522 concionibus,
826 1478 910 1514 licet
931 1477 1068 1524 aliquot
1096 1475 1130 1512 in
1149 1475 1240 1512 locis
1264 1475 1381 1522 negli-

303 1545 446 1590 gentitts
478 1552 584 1590 agere
613 1548 651 1578 et
679 1551 950 1588 nonnumquam
971 1540 1054 1576 vilia
1084 1548 1151 1576 nec
1179 1545 1382 1576 memoratu

304 1607 409 1653 digna
429 1612 580 1642 tractare
599 1605 778 1649 videatur,
801 1605 933 1651 passim
953 1611 1074 1642 tamen
1093 1613 1222 1640 avaros
1235 1631 1244 1648 ,
1265 1609 1301 1640 ct
1319 1613 1382 1640 cos

303 1668 363 1714 qui
391 1667 574 1704 facultatis
603 1667 774 1714 augenda:
792 1668 912 1704 studio
936 1675 1150 1706 cazterorum
1177 1667 1271 1704 bona
1291 1665 1380 1702 diri-

304 1739 391 1776 pere
425 1729 659 1775 satagebant,
679 1729 824 1776 egregie
849 1729 964 1775 carpit
989 1736 1026 1764 et
1053 1729 1271 1771 insectatur,
1293 1737 1380 1764 nus-

303 1800 410 1838 quam
439 1790 547 1826 linem
569 1789 653 1826 facit
671 1789 866 1836 impetendi
889 1801 897 1826 :
917 1799 1035 1836 neque
1053 1789 1164 1826 alium
1182 1789 1261 1836 ejus
1279 1799 1381 1826 com-

301 1848 518 1888 mentarium
537 1851 685 1896 videas,
714 1851 773 1888 ubi
802 1851 886 1888 huic
912 1851 1114 1888 amovendo
1134 1851 1232 1887 malo
1259 1843 1379 1897 parcfn

301 1913 536 1960 iusumpscrit
550 1923 711 1962 operam.
741 1913 844 1953 Unde
865 1913 998 1950 inferas
1018 1919 1154 1960 pestem
1184 1914 1280 1950 illam
1302 1925 1380 1950 ma-

300 1975 446 2016 navisse
472 1975 508 2012 in
537 1975 618 2013 dies
650 1975 783 2020 latius;
817 1975 1021 2022 multosque
1047 1981 1133 2012 tunc
1159 1974 1296 2020 fuisse,
1320 1977 1380 2024 qui

300 2038 452 2076 aliorum
475 2037 664 2084 dispendio
693 2047 769 2074 rem
792 2047 894 2074 suam
915 2047 1047 2084 augere
1078 2037 1265 2074 studerent
1281 2067 1291 2082 ,
1313 2049 1381 2074 no-

302 2110 438 2148 vosque
457 2101 695 2137 insurrexisse
709 2099 885 2146 quotidie,
902 2101 962 2146 qui
977 2099 1044 2136 hac
1057 2099 1253 2148 cupiditate
1269 2101 1378 2149 capti,

301 2163 338 2206 in
358 2163 510 2198 aliorum
531 2171 620 2207 opes
638 2161 852 2197 involarent.

349 2223 510 2270 Eratque
540 2223 636 2259 aliud
666 2223 781 2260 morbi
812 2233 949 2272 genus,
978 2224 1091 2272 magis
1120 2223 1378 2272 periculosum,

301 2286 396 2333 quod
415 2293 500 2322 tunc
523 2286 628 2322 latius
653 2287 898 2334 grassabatur.
925 2287 1230 2336 Praestigiatorum
1249 2299 1379 2336 nempe

299 2356 498 2394 eorumque
510 2348 570 2394 qui
590 2349 662 2384 fato
677 2354 713 2384 et
728 2348 852 2395 genesi
867 2359 932 2386 seu
951 2349 1238 2398 genethlialogice
1256 2350 1377 2388 omnia

300 2407 524 2452 tribuebant.
554 2409 888 2458 praestigiarumqne
915 2421 1047 2458 genera
1077 2413 1196 2452 omnia
1226 2412 1377 2450 induce-

301 2470 402 2515 bant,
419 2481 569 2518 quarum
587 2472 731 2508 nomina
747 2472 800 2509 sic
817 2472 878 2508 ille
895 2479 1060 2510 recenset
1077 2473 1110 2509 in
1132 2473 1201 2512 line
1220 2475 1377 2512 homilias

301 2532 451 2574 decima:
485 2544 496 2570 :
525 2532 605 2569 Alia
635 2533 732 2570 mitto
764 2533 890 2582 grandi
922 2533 1015 2571 lucta
1049 2535 1176 2582 digna,
1207 2537 1373 2584 auguria,

261 2605 264 2607 ‘
301 2598 484 2642 vaticinia,
507 2598 755 2634 observationes
769 2626 778 2642 ,
805 2599 953 2646 genesim
969 2627 978 2642 ,
1000 2599 1174 2646 symbolo,
1196 2600 1374 2647 ligamina,

301 2659 538 2704 diuinationes,
557 2660 803 2696 incantationes
818 2689 827 2703 ,
853 2661 1020 2708 magicam
1041 2669 1162 2698 artem.
1186 2663 1270 2700 Ιιίρρ
1293 2673 1374 2700 om-

301 2721 356 2758 nia
379 2721 448 2757 isto
469 2728 632 2769 tempore
649 2723 695 2758 ita
715 2724 990 2768 exercebantur,
1016 2730 1054 2760 ut
1075 2735 1250 2772 nusquam
1271 2735 1372 2773 repe-

299 2784 372 2820 rias
401 2785 499 2822 illum
521 2792 592 2822 tam
620 2784 826 2832 frequenter
857 2786 1021 2824 morbum
1051 2786 1256 2834 hujusmodi
1279 2787 1371 2825 inse-

300 2853 472 2891 stantem.

348 2909 463 2946 Aliam
491 2921 635 2958 quoque
658 2921 734 2948 rem
759 2911 986 2959 aggreditur,
1006 2924 1086 2960 qum
1107 2920 1191 2951 tunc
1207 2913 1374 2960 serpebat

303 2971 339 3008 in
357 2971 520 3009 ecclesia:
538 2972 723 3017 damnum,
744 2973 840 3020 quod
861 2984 990 3021 nempe
1008 2975 1165 3020 virgines
1185 2976 1256 3012 Ileo
1275 2976 1374 3012 dica-

300 3039 348 3070 ta:
367 3035 518 3074 vestium
538 3035 654 3073 cultui
677 3034 785 3070 nimis
805 3034 1016 3077 studerent,
1045 3042 1082 3072 et
1105 3046 1152 3072 ex
1171 3037 1312 3074 incessu
1337 3044 1374 3075 et

303 3101 429 3133 ornatu
444 3096 530 3132 viris
543 3096 686 3144 placere
706 3103 894 3144 cuperent.
911 3097 1004 3142 Quid
1025 3099 1106 3134 inde
1119 3099 1241 3136 dantni
1257 3111 1373 3138 emcr-

302 3165 425 3197 surum
457 3163 580 3203 esset,
611 3169 692 3195 cum
726 3159 803 3205 ipse
833 3159 994 3206 pluribus
1024 3162 1264 3208 persequitur,
1297 3168 1371 3199 tum

303 3217 413 3254 etiam
433 3219 550 3266 quivis
566 3220 686 3256 statim
707 3219 978 3267 deprehendere
998 3223 1122 3268 possit.

353 3279 526 3322 llomilias
555 3281 664 3318 etiam
699 3281 734 3317 in
766 3281 962 3329 Epistulam
996 3283 1041 3319 ad
1071 3283 1191 3322 Titum
1224 3285 1290 3333 (T.
1311 3287 1371 3324 ll.

305 3351 338 3376 ε.
356 3338 422 3376 6‘51
439 3337 455 3388 )
474 3340 672 3378 Antiochia:
699 3341 814 3380 dictas
839 3342 948 3381 fuisse
969 3344 1142 3392 probatur
1167 3357 1212 3384 ex
1229 3348 1273 3384 iis
1291 3359 1372 3396 qtae

301 3400 581 3448 Cltrysostomus
600 3401 650 3438 ait
672 3401 818 3450 bom.5,
833 3416 934 3441 num.
949 3406 974 3442 2
993 3418 1003 3443 :
1024 3407 1118 3451 Quid
1135 3410 1226 3446 enim
1242 3409 1286 3446 de
1303 3411 1372 3448 illis

301 3461 430 3498 dixeris
443 3488 453 3504 ,
474 3461 612 3510 inquit,
637 3464 694 3511 qui
712 3475 790 3501 cum
807 3463 940 3504 Judazis
951 3467 1116 3516 jejunant
1129 3498 1139 3514 ,
1157 3472 1215 3518 qui
1231 3477 1372 3508 saevam

299 3523 468 3561 servant?
492 3523 536 3561 de
561 3524 605 3562 iis
630 3526 688 3573 qui
717 3526 763 3563 ad
791 3537 984 3566 consecrata
1003 3531 1066 3567 illa
1093 3531 1168 3568 loca
1198 3540 1372 3582 pergunt;

296 3585 332 3622 in
365 3583 558 3634 Daphnen,
589 3586 742 3634 inquam,
773 3595 875 3636 atque
903 3591 939 3627 in
970 3592 1168 3638 speluncam
1199 3593 1372 3631 Matrona;

296 3648 450 3692 dictam,
476 3647 513 3685 in
539 3649 653 3687 locum
678 3651 777 3688 illum
807 3651 937 3690 Cilicia
961 3654 1106 3692 Saturni
1131 3656 1371 3704 appellatum?

297 3710 468 3753 quomodo
487 3712 540 3748 illi
566 3713 643 3749 sani
659 3714 768 3752 sunt?
793 3713 878 3753 Ideo
897 3718 1142 3755 vehementiore
1163 3722 1266 3766 plaga
1285 3730 1371 3768 opus

301 3767 437 3806 habent.
470 3771 556 3810 Hzcc
583 3775 661 3813 loca
693 3776 861 3824 Daphnes
885 3784 922 3816 et
939 3779 1114 3826 spelunca
1133 3767 1311 3818 Matrona:
1333 3781 1370 3818 iu

302 3829 502 3875 Antiochiae
520 3835 701 3874 suburbiis
719 3846 836 3876 erant.
858 3839 980 3888 Pergit
1006 3847 1130 3886 postea
1149 3834 1370 3890 Chrysosto-

303 3898 406 3950 inus,
433 3898 470 3929 et
488 3895 658 3934 adversus
687 3909 773 3944 eos,
793 3900 855 3948 qui
883 3899 1053 3938 Judaicos
1079 3901 1170 3938 ritus
1190 3901 1226 3939 in
1255 3903 1370 3950 pretio

302 3948 477 3991 haberent
493 3955 538 3992 ad
557 3957 666 3997 ﬁnem
686 3971 799 4008 usque
817 3961 1002 4000 concionis
1019 3960 1200 4001 edisserit.

1073 283 1112 320 s.
1141 280 1330 322 JO.\N.\'tS
1355 277 1678 317 cuntsosront
1709 279 1828 327 \‘tTA,
2439 289 2497 332 ιω

1502 357 1540 394 lu
1559 355 1658 394 hisce
1675 355 1834 392 bomiliis
1849 355 1927 403 plus
1944 356 2050 394 studii
2071 362 2104 394 ct
2123 357 2310 408 diligentiae
2327 361 2499 412 observes,

1453 431 1561 468 quam
1582 421 1617 458 in
1640 420 1762 457 multis
1788 419 1892 464 aliis,
1923 419 2042 456 omnia
2073 420 2132 458 ille
2151 421 2262 459 fusius
2280 427 2498 472 prosequitur.

1454 481 1560 519 initio
1589 482 1704 518 terti:e
1731 481 1892 524 bomilire
1920 481 1965 518 de
1993 481 2219 520 Cretensium
2239 485 2331 522 vitiis
2358 487 2501 533 pluribus

1453 545 1548 592 agit,
1579 551 1613 581 et
1645 545 1680 580 in
1701 546 1840 592 quinta,
1871 549 1910 581 ut
1939 544 1974 581 in
2003 551 2134 592 quanta
2161 545 2294 584 scelera
2313 547 2528 590 Grmconnn~

1453 605 1682 643 celeberrimi
1711 607 1798 642 olitn
1826 606 2058 654 proruperint
2076 615 2348 653 commonstret,
2376 610 2499 650 illorum

1455 667 1628 705 historias
1646 668 1763 705 tacitis
1779 668 1984 706 numinibus
2003 668 2160 706 breviter
2175 669 2343 716 decerpit.
2361 671 2394 708 ln
2413 681 2500 712 sexta

1455 731 1602 768 bomilia
1625 731 1670 768 de
1690 730 1831 768 duobus
1851 731 2086 776 Christianis,
2113 731 2173 780 qui
2191 741 2254 778 pro
2271 731 2405 771 Christo
2421 745 2488 772 mar

1455 793 1588 840 tyrium
1610 792 1778 839 subiere,
1811 793 1928 830 tacitis
1955 793 2064 830 etiam
2095 793 2297 832 nominibus
2323 795 2388 842 agit
2410 807 2504 845 :quze

1453 856 1602 893 historia
1623 856 1748 894 nescio
1765 866 1812 893 an
1832 857 1971 904 uspiam
1991 855 2077 893 alibi
2099 855 2310 904 reperiatur.

1503 916 1690 954 Nectarius
1709 916 1830 966 Episc.
1845 917 1886 954 (ἰ.
1904 915 1948 954 Ρ.
1965 917 2122 954 moritur.
2142 937 2190 944 —-
2207 918 2355 955 Tantum
2381 918 2502 958 dicendi

1453 980 1627 1018 artificem
1641 1007 1650 1024 ,
1679 981 1740 1028 qui
1762 991 1834 1017 non
1865 981 1984 1016 minus
2005 979 2136 1028 pietate
2161 985 2266 1028 atque
2283 981 2363 1018 vita:
2385 983 2502 1018 sancti-

1454 1042 1604 1088 m0uia,
1637 1053 1746 1090 quam
1781 1042 1946 1079 facundia
1964 1069 1974 1088 ,
2007 1042 2178 1090 populum
2207 1043 2452 1080 Antiochenam
2473 1050 2503 1082 et

1452 1105 1636 1142 auditores
1661 1115 1790 1142 omnes
1819 1105 1886 1142 sibi
1917 1105 2156 1150 devinxerat,
2186 1106 2307 1142 nuntia
2337 1105 2422 1143 fama
2447 1117 2503 1154 per

1453 1167 1638 1205 Orientem
1669 1174 1783 1204 tottun
1813 1167 2040 1204 notissimum
2073 1165 2224 1204 fecerat.
2250 1167 2383 1204 Accidit
2401 1175 2502 1206 autem

1453 1236 1491 1266 ut
1510 1229 1712 1275 Nectarius,
1732 1229 1792 1278 qui
1811 1240 1906 1266 anno
1927 1229 1992 1266 581
2013 1228 2190 1276 Gregorio
2207 1229 2420 1266 Nazianzcno
2433 1239 2503 1267 suc-

1451 1297 1626 1336 cesserat,
1649 1292 1916 1340 episcopnsque
1933 1291 2346 1338 Constantinopolitanus
2363 1291 2502 1330 adlectul

1453 1352 1584 1396 fuerat,
1613 1363 1709 1390 anno
1737 1353 1822 1397 397,
1855 1353 1915 1390 die
1939 1353 1983 1390 t7
2013 1353 2250 1400 Septembris,
2279 1353 2347 1390 vita
2365 1353 2502 1399 functus,

1453 1415 1576 1453 sedem
1599 1425 1786 1454 vacantem
1819 1417 2042 1464 relinqueret
2073 1416 2242 1465 (Pallad.
2262 1428 2296 1464 p.
2312 1416 2393 1465 42).
2419 1417 2503 1455 Tunc

1454 1479 1582 1524 multi,
1601 1479 1662 1526 qui
1691 1485 1801 1516 tanta:
1829 1479 2049 1532 occupandae
2075 1478 2172 1516 sedis
2189 1479 2376 1526 cupiditate
2392 1476 2504 1526 flagta-

1455 1543 1564 1587 bant,
1598 1542 1686 1580 nihil
1708 1552 1780 1579 non
1805 1549 1958 1591 egerunt
1978 1550 2017 1580 ut
2037 1548 2196 1590 Optatum
2227 1549 2504 1591 asscquercutur;

1454 1605 1513 1642 alii
1537 1605 1806 1652 magistratibus
1826 1603 2016 1642 adulantes
2032 1634 2040 1648 ,
2061 1605 2122 1642 alii
2139 1605 2244 1642 donis
2264 1615 2304 1643 ac
2323 1605 2506 1643 muneribus

1453 1667 1640 1710 adhibitis,
1656 1666 1717 1703 alii
1737 1667 1858 1715 populi
1875 1668 2026 1712 gratiam
2041 1673 2225 1714 captantes
2243 1674 2346 1715 atque
2360 1667 2391 1704 in
2406 1677 2504 1716 genua

1453 1729 1752 1776 procumbentes,
1768 1730 1968 1778 presbyteri,
1990 1730 2108 1776 inquit
2126 1729 2314 1772 Palladius,
2332 1741 2394 1766 non
2409 1741 2506 1766 sacer-

1453 1792 1548 1826 dotio
1566 1797 1714 1836 tantum,
1736 1793 1797 1827 scd
1813 1792 1915 1828 etiam
1933 1792 1996 1828 viri
2014 1793 2151 1828 nomine
2169 1792 2310 1840 indigni.
2329 1792 2372 1828 At
2389 1790 2506 1828 Ortho-

1451 1853 1628 1890 donorum
1649 1864 1734 1902 pars
1751 1855 1929 1892 sincerior
1944 1855 2200 1902 Imperatorem
2217 1855 2344 1891 obnixe
2361 1853 2504 1901 rogabat,

1453 1915 1514 1952 tali
1545 1915 1692 1963 dignum
1713 1917 1850 1964 gradu,
1871 1923 1909 1954 et
1939 1918 1972 1954 in
2005 1918 2112 1954 rebus
2141 1917 2270 1954 divinis
2288 1919 2429 1965 peritum
2449 1916 2507 1954 sibi

1454 1977 1646 2023 praesulem
1680 1979 1932 2016 constitueret.
1977 1979 2172 2027 EutrOpius
2206 1989 2290 2016 vero
2323 1977 2508 2021 eunuchus,

1454 2039 1673 2086 I’t‘mpositus
1693 2041 1786 2077 sacri
1805 2040 1984 2085 cubiculi,
2008 2042 2069 2089 qui
2091 2051 2267 2078 summam
2289 2051 2400 2077 rerum
2421 2045 2511 2076 tenc‘

1453 2100 1527 2146 bat,
1547 2101 1724 2138 Joannem
1747 2107 1910 2139 nostrum
1927 2103 2193 2140 Aulim-honuni
2211 2102 2426 2140 sacerdotem
2447 2110 2507 2139 cat-

1453 2164 1540 2200 tet-is
1573 2164 1745 2201 anteferri
1769 2166 1993 2212 peroptabat.
2025 2165 2113 2202 Cum
2142 2166 2236 2202 enim
2258 2164 2354 2202 illutn
2381 2161 2505 2218 imperii

1451 2226 1594 2273 negotia
1625 2227 1660 2262 in
1699 2227 1906 2265 interiorem
1937 2227 2096 2265 Orientis
2131 2234 2264 2274 partem
2297 2229 2504 2268 evocassent,

1449 2283 1626 2324 Joannem
1653 2288 1854 2324 Antiochia:
1884 2289 2038 2334 viderat,
2067 2300 2108 2327 ea
2137 2290 2282 2334 virtute,
2311 2288 2352 2324 iis
2376 2285 2505 2324 dotibus

1449 2351 1662 2399 praeditum,
1687 2362 1767 2399 qua:
1785 2358 1884 2389 tanto
1904 2352 2126 2400 capessendo
2143 2351 2282 2389 tnuneri
2302 2359 2416 2399 parem
2433 2347 2505 2386 red-

1447 2413 1590 2451 tierent.

1497 2475 1674 2521 Quoniam
1699 2486 1786 2513 vero
1815 2476 2012 2513 timendum
2042 2477 2190 2514 omnino
2220 2481 2314 2521 erat,
2334 2484 2377 2512 nc
2393 2472 2505 2512 Antio-

1447 2538 1584 2574 cheuus
1603 2538 1770 2584 populus,
1789 2538 1852 2584 qui
1872 2538 2000 2574 Joanni
2021 2549 2104 2575 vere
2123 2539 2376 2587 Cbrysosmmo
2391 2534 2503 2571 admo-

1447 2601 1532 2637 dum
1554 2600 1720 2637 addictus
1745 2607 1848 2646 erat,
1871 2601 1968 2638 illtnn
1987 2601 2054 2638 sibi
2075 2601 2191 2648 abripi
2213 2611 2306 2648 aegre
2327 2602 2502 2646 pateretur.

1446 2674 1538 2700 neve
1569 2663 1606 2700 in
1637 2663 1798 2700 discessu
1824 2663 1902 2717 ejus
1935 2665 2110 2700 tumultus
2142 2664 2400 2704 comitaretur;
2431 2667 2502 2696 cum

1445 2727 1554 2763 etiam
1578 2737 1648 2762 non
1675 2726 1793 2762 minus
1814 2727 2046 2764 metuendum
2072 2733 2187 2768 esset.
2210 2737 2254 2762 ne
2271 2725 2420 2763 Joannes
2436 2723 2502 2768 ipse

1446 2794 1546 2824 tanto
1564 2798 1603 2824 se
1622 2787 1736 2835 gradu
1764 2788 1948 2836 indignum
1977 2797 2107 2836 putans
2121 2817 2130 2833 ,
2151 2789 2428 2836 subter-fugeret;
2455 2783 2502 2820 his

1445 2853 1671 2900 prospiciens
1689 2853 1882 2900 Eutmpitts
1913 2853 2126 2902 Imperatori
2160 2863 2284 2892 auctor
2311 2854 2392 2896 fuit,
2413 2857 2448 2888 ut
2463 2847 2502 2886 atl

1445 2916 1620 2952 Comitem
1639 2915 1800 2952 Orientis
1823 2917 2019 2962 scriberet,
2042 2917 2212 2964 illumque
2229 2917 2371 2964 juberet
2390 2913 2502 2951 Antio.

1444 2977 1563 3014 cbiam
1584 2977 1760 3024 proﬁcisci
1777 3005 1786 3022 ,
1805 2984 1844 3014 ut
1863 2986 1941 3016 arte
1959 2979 2112 3025 quadam
2131 2979 2306 3016 Joannem
2326 2978 2400 3015 sine
2418 2979 2501 3011 stre-

1445 3039 1521 3086 pitu
1539 3045 1729 3084 evocaret,
1760 3041 1950 3088 ipsumque
1967 3041 2312 3089 Constantinopolim
2345 3041 2499 3076 mitteret.

1443 3100 1575 3138 Contcs
1594 3102 1715 3138 statim
1731 3130 1742 3146 ,
1762 3103 1920 3150 acceptis
1941 3103 2078 3149 literis,
2104 3103 2280 3141 Joannem
2301 3103 2452 3140 hortatur
2468 3101 2501 3134 ut

1443 3169 1546 3200 extra
1577 3165 1759 3202 civitatem
1789 3165 1833 3202 ad
1866 3166 2039 3214 martyria
2070 3176 2112 3204 se
2139 3166 2315 3203 conferat.
2352 3165 2402 3202 Eo
2429 3169 2501 3198 cum

1443 3224 1604 3262 venisset
1622 3227 1707 3263 nihil
1725 3227 1894 3264 dubitans
1911 3227 2084 3274 Joannes,
2100 3229 2204 3265 militi
2219 3228 2358 3265 cuidam
2374 3225 2414 3262 ad
2431 3231 2500 3258 cam

1443 3297 1520 3324 rem
1541 3289 1652 3324 misso
1672 3288 1838 3331 traditur,
1859 3295 1895 3325 et
1909 3289 2032 3326 rhedac
2049 3291 2204 3338 publica:
2224 3290 2406 3338 impositus
2419 3285 2501 3323 Con-

1443 3349 1716 3396 stantinopolim
1735 3349 1939 3387 adducitur.

1492 3413 1558 3454 lllo
1575 3418 1724 3450 venerat
1750 3413 1794 3450 ad
1823 3413 1999 3450 Joannem
2027 3415 2268 3453 ordinandum
2295 3407 2500 3458 Theophilus

1443 3473 1709 3511 Alexandrinus
1727 3475 1859 3521 pra-sul
1875 3503 1884 3520 ,
1905 3475 2013 3512 homo
2033 3476 2134 3513 vafer
2152 3482 2189 3514 et
2203 3476 2369 3519 callidus,
2387 3471 2442 3519 qui
2459 3477 2496 3505 el

1443 3543 1591 3584 aspectu
1607 3536 1686 3573 solo
1703 3536 1890 3574 hominum
1911 3539 2060 3576 consilia
2079 3545 2116 3576 et
2137 3539 2268 3586 ingenii
2282 3539 2382 3575 dotes
2401 3541 2498 3570 nove-

1442 3603 1512 3634 rat.
1534 3598 1568 3634 is
1588 3606 1776 3647 perspecta
1796 3599 1944 3637 Joannis
1965 3601 2132 3647 IOthendi
2150 3601 2326 3643 libertate,
2344 3601 2490 3634 constan-

1442 3660 1516 3704 tia,
1539 3661 1686 3704 virtute,
1719 3661 1834 3708 ipsum
1855 3663 1948 3704 votis
1979 3663 2052 3698 suis
2083 3673 2154 3699 non
2187 3663 2500 3708 obtemperaturum

1443 3732 1524 3759 esse
1552 3724 1807 3775 prospiciens;
1824 3725 2019 3772 imperandi
2048 3726 2144 3762 enim
2174 3724 2338 3772 cupidine
2366 3717 2498 3756 teneba-

1445 3789 1526 3828 tur;
1555 3784 1635 3832 ejus
1663 3785 1881 3824 ordinationi
1907 3787 2120 3827 obsistebat.
2149 3786 2197 3826 Ut
2214 3795 2298 3822 vero
2317 3782 2380 3820 sibi
2402 3779 2496 3814 obse-

1443 3850 1614 3892 quentem
1633 3847 1669 3884 in
1689 3846 2088 3896 Constantinopolitano
2114 3848 2200 3886 sede
2215 3847 2416 3892 episcopum
2440 3837 2496 3874 ha-

1441 3905 1545 3944 beret
1569 3907 1686 3956 (δοσιν.
1707 3912 1733 3946 t.
1748 3911 1785 3947 6.
1803 3921 1836 3946 c.
1850 3911 1924 3957 Ξ),
1946 3911 2121 3948 lsidorum
2143 3907 2310 3946 Ecclesia:
2334 3913 2405 3941 sua:
2424 3907 2496 3948 ρκ’

1447 3968 1629 4016 sbytermn
1645 3999 1653 4016 ,
1675 3983 1780 4018 quem
1797 3972 1855 4009 ille
1867 3971 2022 4010 Nectarii
2035 3978 2280 4010 successorem
2293 3959 2498 4004 destinabat;
