2694 4342
189 224 252 263 166

189 299 509 347 Constantinopolin
537 301 658 344 misit,
688 304 896 341 muneribus
925 305 1134 353 Imperatori
1155 311 1244 348 olfe-

189 361 307 399 rcudis
326 362 482 409 binisque
501 363 614 403 literis
641 364 868 403 instructum.
893 367 1022 407 Verum
1035 369 1170 408 Lector
1185 375 1244 420 qni

190 425 300 470 ipsum
338 425 594 471 couiitabalur,
628 427 750 464 literas
779 429 871 466 clam
909 432 1108 479 surripuit,
1142 436 1244 481 queis

191 491 296 522 totum
313 485 495 532 Theophili
513 489 733 534 propositum
751 490 1012 529 declarabatur.
1033 493 1084 531 Ea
1103 505 1144 532 re
1163 507 1244 543 per-

161 544 167 548 ’
191 547 324 582 territus
345 546 520 591 lsidorus,
545 549 641 585 illico
670 550 806 598 aufugit
832 553 1098 591 Alexandriam.
1121 557 1242 593 Theo-

189 607 296 654 philus
313 615 432 645 autem
451 620 530 646 cum
548 610 880 660 Constantinopolin
899 617 1068 661 venisset,
1085 628 1104 653 a
1119 620 1244 656 multis

188 669 436 715 accusabatur,
468 672 527 718 qui
563 673 706 711 libellos
738 676 835 712 varia
870 677 1019 714 erimina
1051 679 1243 718 ell‘erentes

187 729 376 776 rpiseopis,
404 732 462 778 qui
496 739 578 769 tunc
607 735 770 780 aderant,
800 737 1012 776 olferebant.
1049 739 1243 790 Eutropius

183 797 342 835 acceptos
373 791 514 830 libellos
543 794 743 842 Theophilo
775 800 960 844 ostendit,
995 801 1128 849 eligere
1157 814 1240 841 eum

177 851 304 898 jubens
335 861 450 891 turum
483 857 620 902 mallet.
651 859 877 899 Joannemne
909 863 1092 909 ordinare,
1122 876 1167 903 an
1197 867 1242 904 de

180 914 385 953 Criminibus
409 917 474 954 sibi
493 918 644 966 objectis
661 921 832 968 judicium
850 925 984 964 subire.

223 974 282 1010 Jo.
305 975 476 1024 Cltrysost.
493 977 683 1028 Episcopus
700 983 741 1020 C.
759 982 804 1019 P.
819 985 1007 1023 ordinatur.
1021 1009 1070 1016 ——-
1081 989 1144 1027 llis
1161 1001 1242 1037 per-

179 1037 387 1076 terrefactus
404 1039 623 1088 Theophilus
638 1043 813 1084 Joannem
831 1048 1010 1086 ordinavit
1026 1059 1154 1098 quarto
1170 1053 1242 1090 Ka-

179 1098 300 1134 tendas
317 1099 362 1136 de
382 1100 498 1138 Martii
517 1113 612 1140 anno
631 1105 714 1143 398.

224 1159 406 1199 Contiones
420 1165 505 1212 ejus.
518 1185 566 1192 -—
580 1167 688 1205 Verbi
703 1169 817 1208 divini
831 1173 1063 1212 concionator
1075 1177 1240 1216 assiduus

177 1220 470 1270 Chrysostomus,
489 1229 596 1274 paulo
613 1237 693 1276 post
709 1242 816 1279 quam
834 1235 1020 1274 ordinatus
1039 1237 1152 1276 fuerat
1173 1241 1239 1276 bo-

177 1283 306 1320 miliam
334 1285 477 1332 habuit,
508 1300 588 1336 quae
613 1291 687 1337 jam
714 1303 785 1331 non
813 1305 997 1344 comparet
1021 1306 1058 1336 et
1077 1301 1240 1340 fortassis

177 1344 302 1392 injuria
333 1353 531 1395 temporum
561 1351 709 1391 interiit.
736 1354 808 1392 Sed
833 1357 910 1404 ejus
935 1369 1182 1407 argumentum
1203 1366 1238 1402 in

175 1405 298 1448 altera,
316 1419 421 1454 quarti
439 1409 750 1462 Constantinopoli
765 1416 867 1457 dixit.
883 1405 992 1466 paqu
1004 1431 1084 1469 pust
1097 1424 1236 1462 initium

175 1468 291 1505 retulit
312 1469 370 1517 (T.
391 1471 424 1508 1.
437 1483 468 1507 c.
489 1473 594 1523 797).
613 1475 658 1512 In
677 1478 788 1524 prima
807 1481 910 1526 enim,
928 1468 1056 1531 inquit,
1075 1486 1118 1523 de
1133 1489 1238 1526 armis

175 1525 314 1564 Davidis
333 1537 364 1565 et
387 1529 538 1568 Goliathi
565 1537 658 1581 apud
677 1549 735 1575 vos
756 1525 1102 1591 philosophabamur,
1123 1554 1237 1584 osten-

173 1589 288 1626 dentes
301 1618 313 1634 ,
333 1591 422 1628 hunc
439 1595 575 1640 quidem
593 1599 773 1646 omnigena
793 1604 950 1652 gravique
970 1613 1152 1644 armatura
1170 1621 1237 1646 un-

175 1651 274 1699 dique
291 1655 472 1702 munitam,
495 1657 590 1694 illum
610 1668 722 1698 autem
741 1665 848 1700 armis
867 1665 996 1704 nudum
1008 1695 1017 1712 ,
1035 1670 1104 1715 liae
1122 1673 1237 1708 muni-

173 1713 338 1750 tissimum
354 1727 367 1758 ;
399 1717 489 1754 hunc
507 1721 714 1760 extrinsecus
734 1725 908 1772 fulgidum
923 1729 1060 1766 thorace
1077 1739 1108 1768 et
1125 1741 1234 1773 scuto.

172 1773 268 1808 illuni
287 1775 378 1812 intus
397 1779 517 1823 spiritu
541 1788 575 1817 et
601 1784 713 1830 gratia
732 1787 946 1834 radiantem,
968 1797 1067 1838 atque
1084 1794 1173 1830 hanc
1193 1797 1234 1833 ob

170 1843 304 1870 causam
336 1847 358 1872 a
383 1849 488 1885 puero
517 1844 700 1882 certamine
727 1847 852 1884 victum
877 1850 1060 1898 juvenem,
1091 1866 1112 1890 a
1141 1857 1232 1894 nudo

171 1905 362 1942 superatum
381 1909 550 1940 armatum
565 1933 574 1949 ,
594 1917 615 1941 a
633 1915 769 1954 pastore
791 1919 1000 1958 prostratum
1025 1918 1190 1964 militem,
1209 1933 1232 1957 a

172 1959 347 2002 pastoralis
363 1961 490 2008 lapidis
507 1973 630 2002 natura
651 1968 762 2006 belh'ci
781 1973 859 2009 teris
875 1981 1033 2013 naturam
1051 1981 1231 2018 contritam

170 2025 201 2055 et
225 2020 474 2070 labefactatam.
503 2027 592 2072 Quia
613 2041 700 2068 vero
720 2033 1047 2085 Constantinopoli.
1081 2045 1246 2088 perinde,

170 2086 270 2129 atque
294 2085 494 2125 Antiochiae
518 2091 619 2128 multi
653 2100 736 2132 tunc
756 2103 862 2134 erant
878 2099 1064 2144 Anomtei.
1081 2085 1126 2140 se
1149 2105 1230 2143 illos

169 2151 410 2190 aggressurum
443 2160 524 2187 esse
553 2153 736 2198 pollicitus
764 2164 820 2193 est
847 2159 884 2194 in
911 2163 1027 2206 prima
1047 2163 1128 2206 illa,
1149 2176 1230 2212 qua:

170 2202 316 2252 interiit,
336 2210 530 2257 concione,
551 2223 620 2249 non
640 2215 837 2254 ratiociniis
851 2247 861 2264 ,
881 2221 944 2256 sed
964 2232 1006 2258 ex
1025 2221 1207 2270 Scriptura

169 2274 242 2304 rum
259 2271 469 2310 auctoritate
484 2301 493 2318 ,
515 2285 595 2322 qua:
615 2277 682 2314 tela
711 2281 908 2320 ratiociniis
931 2283 1039 2332 longe
1057 2288 1228 2326 validiora

167 2333 258 2364 sunt.

211 2387 333 2426 Paucis
352 2401 438 2429 vero
469 2401 590 2442 postea
611 2397 738 2436 diebus
751 2429 762 2445 ,
792 2407 830 2438 ut
849 2403 1026 2449 pollicn‘us
1043 2415 1143 2454 erat,
1164 2411 1228 2448 bo-

167 2447 292 2486 miliam
313 2461 436 2491 eontra
453 2458 648 2496 Anomoeos
675 2462 800 2500 habuit.
902 2467 938 2503 l.
964 2479 995 2503 c.
1011 2468 1104 2518 795)
1119 2447 1228 2520 ,Iqute

165 2512 384 2551 continenter
403 2523 438 2552 et
461 2519 555 2556 nulla
576 2521 784 2570 interposita
800 2553 809 2569 ,
826 2512 985 2566 secunda
1007 2512 1145 2570 fuitslu
1163 2512 1226 2572 illa

165 2571 276 2615 primo
303 2574 400 2620 dicit,
430 2589 490 2623 se,
519 2581 592 2628 jam
622 2586 735 2622 semel
766 2589 1032 2636 concionatum,
1065 2605 1226 2633 amorem

162 2640 245 2678 erga
263 2633 674 2686 Constantinopolitauos
693 2646 917 2687 Christianos
937 2659 1075 2691 tantum
1095 2667 1225 2695 couce-

162 2691 271 2737 pisse,
291 2703 459 2740 qttantum
477 2701 505 2736 si
521 2712 600 2739 cum
621 2706 687 2743 illis
705 2709 750 2744 ab
769 2710 870 2748 initio
886 2713 1013 2751 fuisset
1029 2717 1224 2766 educatus;

1213 2753 1222 2766 ι

164 2753 266 2802 idque
283 2761 450 2804 quoniam
473 2763 506 2800 in
528 2765 597 2802 illis
623 2770 824 2810 adverterat
849 2776 990 2822 igneum
1011 2780 1140 2827 zelum,
1161 2793 1222 2820 ca—

165 2816 300 2856 ritatem
321 2821 456 2870 absque
485 2827 713 2869 simulatione
728 2863 738 2876 ,
761 2835 1043 2878 benevolentiam
1072 2845 1106 2880 in
1129 2857 1223 2892 pra--

165 2887 346 2928 ceptores,
378 2889 605 2926 concordiam
640 2893 733 2930 inter
760 2906 798 2933 se
828 2910 836 2934 :
871 2899 955 2944 Qua:
981 2915 1062 2940 sane
1092 2908 1220 2952 omnia,

166 2940 272 2986 pergit
295 2943 352 2980 ille
365 2972 375 2989 ,
402 2948 484 2984 satis
509 2959 618 2987 essent
637 2961 672 2989 ut
699 2957 750 2992 uel
769 2957 942 3005 lapideum
959 2965 1110 3002 animum
1129 2969 1222 3006 vobis

165 3002 404 3042 conciliarent?
439 3008 574 3048 Deinde
599 3013 1014 3067 Constantinopolitanos
1044 3037 1125 3064 cum
1148 3031 1222 3066 Au-

166 3060 330 3102 tioebenis
355 3079 568 3117 comparans
599 3076 644 3112 ita
669 3083 894 3129 prosequitur
915 3099 924 3123 :
946 3087 1132 3136 Propterea
1152 3105 1220 3131 non

786 3124 794 3129 _
1152 3124 1217 3131 η-..

166 3124 267 3162 minus
287 3139 342 3166 vos
361 3143 514 3172 amamus
529 3165 537 3180 ,
557 3149 657 3184 quam
673 3141 861 3182 Ecclesium
880 3149 976 3185 illam
996 3151 1031 3187 in
1047 3164 1113 3200 qua
1132 3157 1217 3201 nati,

167 3185 289 3201 ,λη-μ.
336 3198 342 3201 _
447 3191 494 3201 .

1023 3185 1029 3187 Ἴ
1047 3185 1113 3200 Γ.-

163 3185 289 3224 educati
313 3198 342 3227 et
371 3191 494 3233 eruditi
519 3210 647 3238 sumus.
683 3203 792 3242 Soror
819 3209 909 3246 enim
937 3212 1030 3250 illius
1057 3215 1129 3252 Iacc-
1155 3226 1214 3262 est,

163 3257 276 3295 vosque
303 3259 534 3302 cognationem
566 3263 662 3300 illuni
690 3277 790 3315 opere
809 3271 1023 3312 declarastis.
1055 3277 1219 3323 Quamvis

164 3315 266 3346 autent
292 3313 352 3350 illa
381 3323 526 3366 tempore
553 3325 596 3360 sit
619 3313 805 3376 antiquior,
826 3332 900 3370 liazc
927 3343 1038 3374 tamen
1057 3313 1126 3383 Fide
1144 3343 1217 3388 fer-

701 3372 707 3376 .
797 3372 803 3376 .
1057 3372 1123 3383 .mv
1144 3372 1186 3388 ,η

165 3372 285 3445 rfntior
313 3384 387 3422 est;
414 3387 442 3416 et
471 3384 540 3421 illic
569 3390 681 3436 major
697 3403 878 3433 conventus
898 3407 970 3445 est,
997 3408 1030 3438 et
1051 3404 1216 3444 celebriuc

160 3429 342 3480 theatrum,
372 3441 430 3476 sed
454 3443 508 3480 ltic
527 3459 580 3484 ma

187 3451 320 3470 ὐηιηιιη
334 3465 342 3480 ι
372 3451 428 3476 sea
454 3451 508 3480 hic
527 3451 636 3497 major
657 3455 820 3500 patientia
848 3461 1054 3509 majorisque
1073 3467 1216 3512 fortitu-

187 3491 243 3512 ἵης.
270 3495 373 3512 ξηλξμ
475 3505 500 3512 ι-

177 3493 243 3530 linis
269 3495 441 3571 indicium.
465 3505 556 3544 Nam
576 3493 670 3551 uideo
691 3516 746 3553 hic
765 3493 914 3568 undiqu;
931 3493 1030 3571 lupos
1049 3493 1215 3565 obambu-

692 3550 740 3553 ην,
766 3550 912 3568 -ν--κ-ιιννν
931 3550 1030 3571 ιι.μνσ
1049 3550 1215 3565 vvuruuu-

161 3550 240 3625 iure:
269 3557 354 3632 'Lulp'i
389 3574 504 3606 autem
537 3573 585 3610 illi
616 3586 719 3616 erant
745 3581 911 3622 Anomoei
942 3593 978 3623 ct
1009 3591 1215 3632 vetustioris

811 3617 846 3619 κν
868 3617 911 3622 ,τ-
944 3617 978 3623 γ-
1016 3617 1215 3632 -ν-υυιιυιιδ

161 3617 298 3691 ῗτὶβίιιξε
315 3622 480 3674 haeretici,
503 3641 541 3670 ut
560 3636 814 3688 Marcionistm,
831 3644 1016 3684 Manicbtei
1033 3656 1070 3687 et
1085 3651 1215 3691 Valen—

772 3677 777 3678 γ
792 3677 814 3688 γ’
831 3677 1016 3684 ----..ν--υνι
1033 3677 1070 3687 νο
1095 3677 1215 3691 vultu?

163 3677 297 3720 liniani.
317 3687 442 3731 quibus
469 3703 680 3737 aunumerat
706 3703 814 3741 etiam
833 3705 1038 3748 Judaeorum
1067 3722 1184 3752 cintus
1199 3729 1216 3756 ι

163 3743 266 3756 ,,,,,,,,
292 3745 300 3756 .
329 3749 360 3756 ..

161 3743 420 3823 :fqpe'd‘ubium
436 3763 488 3793 est
507 3757 563 3796 bis
577 3762 684 3800 etiam
703 3769 945 3808 accensendos
960 3783 1040 3812 esse
1055 3779 1213 3823 gentiles.

210 3801 218 3808 ‘
731 3801 740 3802 κ
753 3801 945 3808 ήη..---..-νυ
961 3801 1040 3812 νυυν
1055 3801 1206 3823 ουιηηεδ

161 3801 416 3888 :tut‘dololatras,
435 3819 494 3865 qui
513 3832 583 3859 non
603 3834 714 3871 parvo
732 3837 884 3869 numero
897 3831 1206 3888 Constantinopoli

181 3871 189 3888 Ι
227 3873 266 3888 Im
294 3879 389 3888 ιι---ι
427 3879 452 3888 -ι

449 3859 456 3865 _
603 3859 618 3871 ,γ
631 3859 661 3862 η-
678 3859 682 3860 ν
697 3859 711 3862 -
732 3859 883 3869 "—u-v-v
899 3859 1132 3876 υυηοιιιιιιυιυ
1159 3859 1206 3880 υιι

162 3859 268 3903 adhuc
292 3879 404 3912 erant.
425 3879 550 3921 Postea
571 3895 658 3923 vero
687 3889 884 3932 Anomteos
911 3895 1052 3939 fortiter
1079 3859 1208 3952 aggpree

956 228 1079 270 NUNC
1101 233 1284 276 PRIMUM
1310 239 1575 282 ADORNATA.

2329 261 2395 300 iGG

1320 315 1436 360 ditur,
1470 318 1596 363 probat
1617 320 1796 360 Christum
1822 326 1952 365 Filium
1974 330 2000 366 it
2026 331 2036 368 i
2065 332 2174 372 rit-inn
2195 346 2300 377 esse.
2325 337 2393 374 1⁸η-

1321 377 1384 411 tris
1413 379 1683 426 consiliarium,
1707 384 1801 422 l‘atri
1833 391 2034 436 :equalum;
2063 395 2217 431 al'lirmat
2249 409 2392 442 quoque

1318 443 1444 473 eoutra
1476 438 1692 480 Manicbmos
1721 444 1834 482 Vetus
1868 449 2136 491 Tcslamcnlttnt
2177 469 2257 494 cum
2295 459 2396 498 Novo

1318 509 1546 547 consonare,
1579 504 1786 552 clauditque
1823 509 1958 548 ducens
1993 524 2147 559 quantus
2183 521 2318 558 fructus
2349 535 2392 561 ex

1317 563 1480 600 collectis
1515 568 1716 611 proveniat.
1755 571 1829 605 Duo
1859 572 2090 624 Manuscriptt
2127 582 2228 619 titulo
2260 585 2394 623 addunt

1319 622 1412 660 hanc
1442 627 1652 664 concionem
1691 629 1846 668 habitam
1885 633 1994 672 fuisse
2030 638 2063 673 iu
2101 651 2191 678 omn
2227 647 2390 685 neutr-sia,

1319 685 1450 722 Verum
1471 699 1544 724 rem
1564 697 1699 726 certam
1724 703 1793 729 non
1821 704 1902 732 esse
1922 697 1956 732 in
1979 697 2111 735 Monilo
2132 705 2320 748 probatur.

1364 748 1492 786 Paucis
1519 751 1586 788 sub
1615 752 1691 790 haec
1717 755 1843 792 diebus
1865 761 2076 797 concionem
2099 764 2247 801 alterum
2269 775 2394 806 contra

1315 807 1514 848 Anomoeos
1541 813 1664 850 habuit
1691 815 1757 861 (Τ.
1778 817 1811 852 l.
1832 828 1862 854 ε.
1881 816 1990 864 801),
2021 823 2125 868 Cujus
2157 827 2278 864 titulus
2309 838 2363 865 est
2383 843 2392 866 :

1316 871 1358 907 In
1378 872 1636 921 Paralyticum,
1650 877 1714 923 ‘qui
1739 889 1848 915 annos
1875 881 2015 928 triginta
2043 892 2118 921 octo
2137 887 2341 925 de’Cltbllt’flt!
2359 892 2393 926 in

1313 935 1513 979 inﬁrmitate
1535 948 1628 983 sua;
1653 945 1689 976 et
1718 940 1754 976 in
1783 941 1891 988 illud,
1917 944 2022 982 Pater
2048 959 2141 984 meus
2163 961 2267 997 usque
2292 954 2393 990 modo

1313 1005 1484 1043 operatur,
1500 1009 1534 1036 et
1551 1012 1612 1048 ego
1627 1013 1749 1050 operor
1763 1015 1777 1041 :
1791 1006 1849 1042 tibi
1867 1009 1986 1044 statim
2005 1009 2078 1046 Deo
2098 1012 2279 1050 benedicit
2297 1017 2393 1062 quod

1313 1054 1513 1098 conventus
1530 1065 1689 1109 quotidie
1710 1074 1919 1114 accrescat,
1946 1077 1981 1105 et
2001 1071 2161 1109 divinmn
2185 1086 2306 1112 semen
2329 1087 2392 1113 co-

1315 1122 1414 1168 piose
1434 1125 1621 1170 germinet.
1646 1127 1838 1176 Postquam
1859 1139 1976 1168 autem
1994 1133 2038 1170 de
2062 1137 2257 1184 paralytico
2279 1141 2393 1177 multa

1313 1183 1466 1224 dixerat.
1493 1193 1617 1224 contra
1641 1191 1838 1228 Anommos
1865 1194 1998 1240 stylum
2019 1200 2219 1243 convertit,
2243 1202 2392 1247 probat-

1313 1256 1383 1292 que
1406 1247 1530 1284 Filium
1549 1256 1586 1286 et
1605 1261 1688 1287 vere
1709 1252 1818 1288 Deum
1839 1261 1876 1290 et
1891 1251 1985 1292 Patri
2005 1260 2178 1304 aequalem
2199 1265 2294 1298 che.

1359 1309 1516 1346 Joannes
1536 1312 1570 1348 in
1593 1319 1691 1349 tanto
1709 1314 1895 1362 dignitatis
1921 1327 2070 1356 evectus
2097 1321 2278 1366 eubninc,
2302 1335 2392 1371 prm—

1310 1371 1450 1417 cipuam
1477 1383 1598 1410 curam
1631 1375 1768 1421 habuit,
1801 1385 1839 1415 ut
1862 1380 1929 1416 sibi
1957 1383 2139 1420 commissi
2159 1386 2276 1433 gregis
2296 1388 2392 1424 vitiis

1312 1434 1538 1481 mederetur,
1584 1445 1747 1476 errantes
1783 1441 1828 1477 ad
1869 1450 2004 1480 rectam
2046 1446 2137 1483 viam
2175 1448 2388 1495 reduceret,

1313 1495 1478 1540 pietatem
1513 1504 1692 1535 sectantes
1726 1499 1876 1538 foveret.
1914 1504 2041 1541 Rerum
2078 1517 2196 1543 curam
2233 1512 2390 1558 aggredi-

1313 1563 1388 1596 tur.
1425 1557 1538 1604 inquit
1573 1559 1752 1599 Palladius
1796 1563 1860 1611 (ρ.
1894 1565 1998 1613 45),
2049 1579 2110 1614 per
2149 1571 2389 1609 rationabilem

1310 1617 1462 1663 ﬁstulam
1494 1631 1570 1657 oves
1599 1623 1742 1668 probare
1771 1636 1924 1663 exorsus.
1957 1629 2054 1664 Raro
2081 1638 2193 1667 autent
2223 1633 2388 1672 adhibens

1310 1680 1410 1714 etiam
1429 1681 1554 1727 pedum
1573 1683 1830 1731 increpationis,
1857 1700 2114 1738 sermonemque
2129 1693 2247 1741 dirigit
2267 1697 2388 1732 adver-

1307 1749 1367 1774 sus
1395 1743 1586 1780 ementitum
1615 1747 1762 1792 fratrum
1791 1759 2015 1798 sororumque
2040 1755 2251 1800 convictum,
2271 1769 2388 1796 revera

1304 1808 1418 1837 autent
1445 1809 1578 1852 turpem
1603 1807 1880 1857 improbuntque,
1901 1813 1944 1848 de
1963 1815 2251 1861 subintroductis,
2273 1825 2310 1869 ut
2329 1831 2388 1855 ro-

1304 1871 1396 1910 nant,
1425 1878 1542 1914 agens,
1573 1871 1818 1916 ostendensque
1845 1875 1878 1910 si
1907 1876 2076 1912 malorum
2107 1880 2247 1915 daretur
2277 1883 2384 1928 Optio,

1304 1927 1458 1964 meliores
1475 1930 1548 1965 istis
1575 1932 1712 1969 lenones
1732 1945 1815 1970 esse.
1846 1935 1909 1972 Illi
1933 1949 2079 1982 namque
2099 1941 2221 1986 procul
2237 1955 2258 1977 a
2277 1943 2385 1978 medi-

1303 1989 1352 2026 cis
1367 1989 1558 2029 habitantes
1575 1996 1670 2035 apud
1687 2007 1724 2032 se
1750 1999 1904 2034 morbum
1923 2000 2063 2046 habent,
2087 2003 2148 2038 sed
2168 2005 2353 2042 volentibus
2371 2018 2384 2044 :

1303 2051 1340 2086 hi
1358 2061 1470 2089 autem
1487 2055 1522 2090 in
1539 2055 1662 2092 salutis
1688 2058 1821 2105 officina
1838 2059 2044 2108 habitantes,
2075 2065 2178 2100 etiam
2195 2079 2298 2104 sanos
2317 2069 2382 2104 im-

1302 2105 1432 2159 pellunt
1451 2116 1498 2152 ad
1520 2119 1688 2155 morbttm.
1721 2120 1810 2157 Inde
1828 2134 1909 2170 pars
1927 2123 2017 2161 Cleri
2047 2128 2186 2164 minime
2204 2129 2380 2177 religiosa,

1300 2185 1376 2220 rpite
1394 2177 1511 2214 morbo
1529 2179 1588 2216 illo
1609 2183 1800 2228 tenebatur,
1821 2193 1990 2222 commota
2007 2196 2071 2225 est.
2091 2190 2176 2236 Quae
2195 2197 2234 2228 ιιι
2251 2194 2381 2232 clarius

1301 2238 1558 2285 percipiantur,
1577 2245 1698 2288 paucis
1714 2247 1927 2292 explicanda
1945 2257 2040 2286 sum.
2060 2252 2170 2289 Erant
2190 2257 2380 2293 tuucCon-

1301 2299 1529 2346 stantiuopoli
1551 2305 1678 2348 puella:
1691 2307 1919 2356 Christiana»,
1937 2321 2016 2358 qua‘
2029 2314 2270 2361 virginitatem
2293 2329 2379 2364 pro-

1301 2360 1493 2398 litebantur
1514 2375 1523 2398 :
1547 2365 1611 2402 bas
1639 2367 1785 2404 donium
1808 2370 2026 2408 iuduccbant
2046 2375 2134 2417 viri,
2157 2379 2275 2423 ενι-εἱς
2297 2381 2378 2426 qni-

1299 2421 1382 2458 dem
1414 2429 1452 2458 ut
1483 2434 1548 2461 ceu
1583 2425 1711 2464 fratres
1741 2440 1822 2464 cum
1853 2434 2039 2468 sororibus
2067 2443 2165 2472 caste
2197 2439 2375 2484 viverent,

1300 2484 1362 2519 sed
1385 2495 1427 2520 ex
1451 2485 1512 2520 tali
1541 2490 1726 2525 consortio
1757 2497 1791 2526 ct
1813 2492 1986 2529 societate
2014 2504 2145 2540 quamn
2167 2508 2378 2542 parcrentur

1299 2546 1391 2581 mala
1410 2545 1505 2583 haud
1521 2547 1666 2586 difﬁcile
1683 2556 1739 2586 est
1755 2554 1935 2598 augurari.
1957 2555 2010 2590 Ad
2030 2555 2107 2592 hare
2122 2569 2207 2594 vero
2222 2561 2376 2607 virgines

1298 2607 1367 2645 illze
1386 2610 1497 2648 cultui
1517 2613 1680 2658 corporis
1706 2621 1742 2650 et
1765 2616 1918 2652 vestium
1943 2617 2136 2655 admodum
2168 2622 2372 2668 studebant,

1297 2679 1377 2717 qua:
1410 2672 1513 2718 signo
1545 2681 1648 2711 erant
1677 2678 1796 2713 onniia
1825 2677 1918 2714 banc
1948 2679 2104 2716 virorum
2130 2688 2170 2718 et
2197 2684 2372 2730 virginum

1296 2733 1506 2770 societatem
1539 2743 1676 2782 pestem
1705 2747 1784 2774 esse
1811 2740 2006 2777 exitialem.
2037 2743 2220 2780 Adversus
2247 2745 2352 2790 hujus

1296 2795 1391 2830 tnodi
1421 2797 1632 2833 societatem
1663 2800 1839 2836 acerrime
1869 2801 2050 2838 invehitur
2074 2804 2370 2853 Cbrysostomus,

1295 2857 1350 2893 vel
1369 2859 1451 2895 hinc
1469 2859 1682 2897 abolendam
1700 2862 1806 2898 talem
1822 2866 2118 2902 consnetml-inem
2133 2877 2214 2904 esse
2233 2869 2369 2915 dicens,

1293 2915 1388 2960 quod
1412 2917 1534 2953 multis
1551 2918 1768 2955 oll'cndiculo
1786 2927 1896 2958 esset.
1918 2921 1969 2957 Ex
1992 2924 2174 2960 consortio
2194 2927 2370 2972 Erginum

1293 2978 1391 3014 nasci
1431 2980 1636 3016 necessario
1673 2983 2004 3029 concupiscentiam
2041 2984 2210 3022 afﬁrmat.
2251 2988 2370 3024 Aliam

1293 3040 1418 3085 paucis
1437 3040 1657 3088 interpositis
1677 3042 1804 3081 diebus
1823 3045 1947 3081 eadem
1968 3045 2013 3082 de
2035 3057 2072 3082 re
2095 3046 2219 3083 habuit
2238 3051 2372 3085 oratio-

1293 3111 1376 3136 nem
1399 3100 1464 3148 (T.
1487 3103 1521 3138 1.
1547 3113 1578 3137 c.
1598 3102 1718 3152 515),
1737 3115 1844 3151 quam
1866 3117 1930 3152 per
1951 3108 2252 3146 exclamationem
2275 3113 2366 3148 ordi-

1293 3168 1362 3206 tur,
1386 3164 1558 3202 adversus
1576 3166 1734 3213 virgines
1761 3168 1861 3212 illas,
1879 3180 1958 3216 qua:
1977 3171 2190 3218 virginitatis
2211 3176 2368 3220 speciem

1291 3234 1364 3271 prze
1382 3237 1422 3263 se
1441 3227 1622 3273 ferentes,
1644 3230 1741 3266 viros
1759 3231 1819 3278 qui
1843 3241 1964 3268 secum
1986 3233 2082 3270 domi
2105 3245 2293 3274 manerent
2318 3239 2367 3282 in:

1289 3286 1480 3324 ducebant.
1503 3289 1634 3336 Aitque
1651 3292 1824 3338 virginem
1844 3303 1913 3330 non
1933 3294 2062 3333 decere
2081 3297 2216 3334 cultum
2237 3311 2368 3348 corno,

1289 3349 1340 3386 ris
1357 3357 1568 3398 vestemque
1593 3354 1808 3400 pretiosam,
1831 3357 2044 3404 nuptiasque
2071 3358 2276 3405 hujusmodi
2297 3363 2369 3406 vir;-

1287 3411 1426 3458 ginitati
1455 3415 1708 3452 anteferendus
1736 3427 1846 3457 esse:
1877 3419 2036 3466 talesque
2057 3422 2238 3470 virgines,
2266 3425 2371 3473 dicit,‘

1287 3474 1426 3512 etiamsi
1445 3486 1515 3513 non
1535 3477 1628 3514 male
1645 3485 1806 3526 agerent,
1825 3480 1892 3519 hoc
1913 3483 1990 3529 ipso
2010 3494 2159 3530 pecc:irc
2175 3487 2269 3532 quod
2289 3487 2368 3524 aliis

1287 3537 1507 3576 olfendiculo
1530 3547 1666 3577 essent.
1698 3541 1801 3579 Vera:
1821 3543 1969 3592 virginis
1999 3557 2120 3582 mores
2149 3552 2271 3592 postea
2299 3545 2363 3581 dea.

1285 3600 1424 3644 scribit,
1445 3601 1668 3650 domumque
1685 3605 1896 3643 concionem
1917 3608 2065 3645 claudit.

1335 3662 1426 3700 lline
1446 3663 1591 3702 Clerum
1621 3675 1726 3704 suum
1753 3668 1901 3705 adortus
1927 3675 1984 3705 est
2013 3671 2023 3715 (
2043 3666 2182 3703 Pallad.
2203 3677 2236 3712 ρ.
2256 3665 2302 3701 45
2317 3665 2360 3712 ).:

1283 3734 1367 3762 nam
1396 3724 1558 3774 plerique
1588 3729 1716 3768 eodem
1743 3731 1872 3768 morbo
1901 3729 2128 3766 tenebantur.
2158 3727 2247 3770 Ωυῖθ
2275 3738 2369 3769 "ch

1281 3785 1466 3830 ferventer
1485 3797 1552 3836 pro
1569 3799 1670 3829 more
1687 3802 1754 3829 suo
1772 3792 1855 3828 vitia
1875 3788 2137 3831 insectabatur,
2155 3787 2192 3823 in
2209 3787 2367 3856 clericoo.

1282 3857 1361 3886 rum
1383 3851 1622 3898 complurium
1645 3853 1880 3890 on'ensionem
1902 3850 2082 3894 incurrit.
2105 3855 2146 3886 ιιι
2164 3855 2285 3895 Ροείθη
2305 3851 2361 3886 Vi"

1285 3913 1463 3956 debimus.
1482 3918 1519 3955 ln
1535 3917 1736 3962 avaritiam,
1751 3925 1857 3962 quam
1871 3919 1974 3950 vocat
1990 3910 2168 3950 Palladius
2184 3912 2358 3959 malorum
