3932 6190
366 270 460 323 fti'l

361 383 597 437 omnium
640 377 990 446 mctropoliu,
1043 387 1185 443 smpe
1227 372 1450 428 vidimus
1495 377 1934 445 Chrysostomum

363 472 658 529 Antiochia:
687 467 1111 530 concionantem,
1153 473 1205 519 et
1239 465 1359 534 quia
1399 465 1597 521 malum
1641 460 1942 532 hujusmodi

364 582 468 618 non
495 563 667 614 minus
697 557 942 628 serpebat
966 555 1424 622 Constantinopoli
1446 570 1602 624 quam
1626 550 1940 614 Antiochiae,

363 649 821 722 frequentissime,
871 646 996 700 dum
1038 646 1320 714 cpiscopus
1371 655 1519 709 erat,
1561 643 1612 696 in
1660 655 1848 695 avaros
1892 649 1945 694 ct

363 759 581 814 rapaces
609 741 951 797 invehebatur
984 757 996 791 ε
1031 739 1082 792 in
1108 737 1409 792 adulatores
1437 735 1683 791 similiter
1710 743 1763 787 ct
1788 748 1944 803 para—

363 840 513 901 sitos,
537 835 625 904 qui
649 833 868 887 divitum
891 844 1104 884 mensas
1131 829 1491 892 sectabantur,
1521 836 1680 898 atque
1703 827 1779 881 sic
1805 825 1946 878 mul-

367 938 538 982 torum
568 927 618 980 in
650 941 708 980 se
737 924 914 979 odium
941 923 1243 977 concitavit.

437 1017 619 1071 Tanta:
647 1013 946 1070 severitatis
987 1021 1254 1067 oratorem
1294 1009 1652 1066 necessarium
1696 1016 1812 1064 erat
1850 1021 1947 1063 sua

367 1111 526 1164 etiam
544 1117 786 1162 accurate
802 1105 1064 1172 dispicere
1079 1102 1312 1175 (Pallad.
1331 1120 1384 1171 p.
1399 1102 1514 1170 46),
1532 1116 1598 1156 ne
1611 1101 1750 1171 quod
1769 1100 1818 1153 iu
1831 1098 1950 1152 aliis

368 1199 783 1271 reprehensione
812 1197 1027 1267 dignum
1058 1194 1411 1266 przedicabat,
1453 1194 1552 1249 sibi
1593 1194 1750 1248 etiam
1790 1189 1950 1260 objici

371 1301 567 1364 posset.
590 1291 684 1344 llic
699 1290 805 1343 duo
825 1285 1357 1350 erantexaminanda,
1379 1285 1627 1341 Ecclesia:
1646 1293 1699 1337 et
1714 1281 1950 1352 episcopi

370 1381 590 1437 reditus.
613 1380 790 1434 Primo
815 1387 994 1432 autem
1016 1376 1266 1430 Ecclesia:
1288 1374 1552 1431 teconomi
1574 1373 1781 1427 tabulas
1799 1387 1950 1426 scru—

373 1483 534 1538 tatur,
564 1473 934 1542 impensasque
962 1469 1172 1523 inutiles
1199 1466 1440 1538 abrogari
1463 1466 1614 1536 jubet
1641 1485 1656 1521 :
1685 1465 1808 1518 hinc
1837 1462 1950 1532 epi-

370 1564 516 1633 scopi
544 1570 786 1631 sumptus
815 1559 1032 1622 excutit,
1067 1557 1282 1610 nimiam
1312 1555 1668 1626 profusionem
1700 1553 1949 1618 ostendit,

368 1655 625 1724 jnbctqne
663 1650 872 1704 inutiles
914 1648 1032 1701 illas
1059 1662 1319 1716 expensas
1358 1645 1420 1698 ad
1451 1643 1751 1699 nosocomia
1785 1652 1956 1697 trans-

374 1746 521 1802 ferri.
572 1743 898 1800 Necessitate
944 1749 1118 1794 autem
1171 1739 1222 1793 id
1273 1742 1604 1808 postulante,
1650 1735 1953 1792 nosocomia

376 1839 601 1910 plurima
629 1836 959 1896 construxit,
986 1833 1176 1904 quibus
1217 1831 1557 1904 presbyteros
1595 1831 1730 1885 duos
1763 1829 1958 1899 pietate

377 1931 662 1984 instructos
690 1925 974 1996 praeposuit
993 1966 1008 1987 ,
1047 1924 1280 1979 medices
1306 1924 1431 1977 item
1457 1931 1510 1978 et
1535 1937 1733 1993 coquos
1754 1965 1766 1987 ,
1793 1922 1956 1976 alios-

376 2039 481 2095 que
526 2021 591 2076 ad
637 2020 926 2076 ministeria
971 2017 1297 2082 destinatos,
1346 2030 1446 2072 nec
1493 2015 1835 2084 conjngatos,
1867 2013 1958 2084 qui

379 2114 721 2169 advenientes
746 2110 979 2180 hospites
1005 2117 1059 2162 et
1077 2122 1248 2177 nigros
1270 2114 1517 2161 curarent
1539 2120 1602 2159 ac
1627 2104 1887 2159 foverent.

448 2205 559 2260 Sub
589 2204 704 2259 hate
743 2212 918 2256 autem
963 2199 1026 2253 ad
1061 2198 1243 2253 viduas
1269 2213 1561 2253 conversus
1601 2205 1684 2250 est
1722 2194 1957 2266 (Pallad.

341 2290 343 2292 ’
381 2315 434 2366 p.
461 2296 580 2364 47),
608 2310 723 2362 qua:
757 2303 879 2346 tunc
919 2292 969 2345 in
1004 2290 1241 2344 Ecclesia
1272 2289 1501 2360 aliquem
1530 2287 1750 2358 gradum
1789 2294 1844 2342 et
1867 2301 1959 2341 or-

380 2387 558 2442 dinem
600 2385 938 2450 obtinebant,
984 2395 1040 2439 ut
1067 2401 1248 2439 earnm
1285 2395 1340 2440 et
1379 2385 1538 2439 vitam
1576 2393 1629 2438 et
1665 2391 1814 2453 gesta
1845 2398 1962 2452 per-

382 2479 650 2546 quircret,
685 2485 740 2529 et
775 2477 816 2528 si
852 2492 984 2544 quas
1015 2475 1274 2529 inveniret
1306 2474 1480 2528 carnis
1505 2473 1706 2528 deliciis
1731 2473 1960 2539 deditas,

384 2568 634 2624 monebat
673 2576 729 2622 ut
767 2567 1100 2637 jejuuarent,
1138 2567 1466 2621 abstinerent
1491 2580 1520 2618 a
1553 2564 1787 2626 balneis,
1818 2564 1964 2618 etab

382 2659 658 2730 exquisitis
689 2658 966 2714 vestibus.
987 2666 1076 2711 aut
1103 2661 1344 2728 protinus
1369 2655 1433 2710 ad
1463 2655 1723 2710 secundas
1753 2654 1965 2724 nuptias

382 2750 758 2814 convolarcnt,
801 2765 869 2805 ne
912 2749 1002 2804 lex
1051 2748 1254 2803 Domini
1293 2747 1598 2802 violaretur.
1647 2743 1967 2802 Hortabatur

383 2843 540 2896 etiatn
585 2841 843 2911 populos,
885 2850 941 2893 ut
970 2840 1022 2894 in
1061 2838 1334 2893 nocturnis
1367 2838 1613 2908 precibus
1646 2837 1843 2894 assidui
1877 2852 1964 2892 es-

385 2943 537 2998 sent;
580 2949 772 2987 uxores
797 2942 974 2987 autem
995 2973 1010 2996 ,
1042 2939 1101 2984 ut
1137 2929 1280 2985 domi
1311 2937 1619 2995 manerent,
1648 2938 1704 2984 et
1739 2927 1966 2984 interdiu

385 3041 569 3095 preces
597 3025 879 3080 funderent
914 3025 1040 3092 ipsze
1058 3065 1072 3089 ,
1101 3023 1220 3092 quia
1251 3021 1455 3076 diurnis
1485 3019 1631 3076 horis
1652 3020 1772 3085 viri,
1801 3036 1966 3092 nego-

388 3119 474 3172 tiis
497 3126 552 3174 et
592 3118 668 3172 rei
701 3115 941 3171 familiari
980 3131 1197 3185 operam
1225 3113 1446 3180 dantes,
1473 3112 1724 3185 precibus
1763 3113 1970 3168 incum-

391 3207 516 3262 bere
551 3223 656 3261 non
681 3206 944 3260 valebant.

457 3299 584 3367 Que
614 3299 681 3353 de
709 3297 980 3352 nocturnis
1011 3296 1254 3366 precibus
1292 3295 1383 3352 ille
1419 3305 1682 3354 statuerat
1709 3297 1969 3354 Constan-

387 3392 762 3460 tiuopolitanos
789 3390 1012 3444 clericos
1038 3389 1335 3456 mordebat,
1365 3390 1456 3461 qui
1499 3391 1852 3462 negligentins
1881 3405 1968 3446 res

384 3484 592 3539 divinas
638 3492 960 3548 tractantes,
1009 3491 1116 3536 tota
1157 3491 1313 3538 nocte
1352 3497 1544 3538 somno
1586 3483 1752 3540 dediti
1793 3492 1967 3539 erant.

388 3577 498 3630 luto
525 3591 670 3640 vero,
718 3577 838 3644 quia
867 3573 1070 3643 jamdiu
1101 3573 1380 3630 clericatus
1414 3572 1588 3630 ofﬁcia
1630 3575 1790 3630 missa
1826 3573 1970 3629 fece-

389 3678 528 3733 rant,
554 3666 668 3720 haec
701 3666 876 3720 omnia
899 3665 1037 3734 apud
1068 3665 1188 3719 illos
1214 3674 1430 3734 propter
1451 3672 1772 3720 vetustatem
1806 3665 1969 3721 obso-

389 3759 643 3813 lcvcrant.
693 3756 891 3812 Divites
933 3765 1109 3810 autem
1155 3755 1419 3820 maxime,
1450 3754 1526 3810 uti
1565 3754 1768 3810 solebat
1808 3755 1968 3812 etiam

387 3848 819 3915 Antiochi-.e,in
873 3846 1216 3902 conciouibus
1271 3849 1580 3917 frequenter
1626 3846 1694 3901 ad
1735 3847 1970 3902 officium

391 3939 702 4005 revocabat,
739 3938 935 3992 docens
963 3953 1029 3992 ne
1059 3937 1285 3993 sublime
1310 3945 1592 4007 saperent,
1621 3946 1675 3992 et
1709 3937 1968 3993 bonorum

391 4040 594 4100 partem
618 4030 799 4099 egenis
826 4029 1176 4099 impertirent.
1203 4028 1326 4083 llaec
1349 4028 1416 4083 ab
1438 4028 1588 4084 initio
1610 4031 1808 4084 monita
1829 4045 1972 4100 8:1")6

389 4121 584 4189 sa-pius
608 4120 767 4174 dabat
809 4121 916 4175 ille.
962 4120 1035 4173 Ea
1068 4135 1215 4185 vero,
1254 4135 1372 4188 quae
1409 4119 1594 4190 primis
1634 4120 1972 4191 episcopatus

389 4213 467 4264 sui
499 4210 769 4266 mensibus
791 4210 842 4263 in
864 4209 1207 4264 concionibus
1231 4210 1383 4272 dixit,
1409 4209 1683 4280 speciatim
1707 4218 1761 4264 et
1785 4209 1972 4266 ordine

391 4303 650 4358 recensita
697 4316 801 4355 non
849 4309 1182 4369 comparent,
1227 4301 1310 4354 vel
1356 4301 1408 4354 in
1448 4299 1565 4369 ejus
1604 4304 1849 4372 scriptis,
1887 4303 1970 4358 vel

389 4394 526 4463 apud
562 4394 850 4465 scriptores
873 4392 1267 4448 ecclesiasticos
1292 4392 1374 4449 sui
1400 4393 1519 4448 ωνί.
1553 4392 1729 4464 ipsum
1758 4410 1973 4464 semper

390 4483 603 4539 assidue
624 4484 996 4540 concinnatum
1023 4499 1143 4539 esse
1182 4483 1399 4538 scimus.
1442 4482 1552 4538 lmo
1581 4483 1774 4540 multas
1802 4482 1970 4540 babe-

393 4590 512 4629 mus
542 4574 784 4630 homilias
820 4575 1161 4646 episcopatus
1188 4576 1270 4630 sui
1313 4587 1552 4645 tempore
1594 4575 1837 4644 habitas;
1875 4577 1972 4633 sed

392 4680 614 4732 quarunt
659 4663 888 4718 maxima
934 4679 1056 4734 pars
1104 4664 1303 4719 nullam
1351 4664 1435 4720 vel
1479 4665 1679 4721 mensis
1717 4665 1804 4722 vel
1847 4667 1972 4722 anni

394 4763 573 4808 notam
606 4769 712 4823 pra:
741 4770 798 4808 se
830 4755 948 4809 fert.

465 4843 632 4899 Nova:
671 4846 930 4900 conciones
967 4863 1030 4900 ex
1069 4847 1434 4920 Mannscriptis
1473 4860 1648 4906 eruta.
1675 4882 1750 4895 —
1772 4850 1972 4909 Verum

393 4954 481 4994 res
523 4937 722 5006 pridem
753 4947 900 4992 erant
947 4938 1102 5010 longe
1139 4941 1323 5011 pejore
1363 4943 1688 4998 conditione.
1731 4943 1971 5016 Magnam

394 5031 548 5087 nobis
574 5030 626 5084 in
651 5030 1014 5103 Chrysostomi
1057 5032 1292 5103 episcopi
1323 5033 1542 5090 historia
1583 5035 1754 5092 lucem
1796 5036 1976 5093 attulit

393 5141 528 5182 nova
569 5125 653 5181 illa
693 5135 748 5181 et
783 5125 956 5197 ampla
996 5125 1330 5182 homiliarum
1361 5129 1631 5195 accessio,
1676 5145 1795 5200 qua:
1833 5127 1974 5184 haud

394 5219 463 5273 ita
499 5217 701 5288 pridem
731 5216 813 5271 vel
836 5232 900 5272 ex
927 5226 1109 5272 monte
1129 5219 1298 5284 Atho,
1321 5228 1378 5274 ut
1411 5219 1624 5289 quidam
1643 5259 1660 5287 ,
1689 5219 1775 5275 vel
1796 5235 1862 5275 ex
1888 5220 1974 5274 in-‘

398 5313 507 5366 snla
536 5310 789 5375 Pathmo,
821 5321 874 5364 ut
901 5311 988 5364 alii
1022 5310 1234 5376 volunt,
1264 5311 1320 5367 in
1351 5309 1736 5368 Bibliotheeam
1764 5313 1974 5368 Vatica-

395 5419 516 5456 nam
549 5403 742 5465 allatae,
774 5416 802 5456 a
827 5401 1100 5458 sodalibus
1129 5402 1348 5469 nostris,
1372 5402 1464 5472 qui
1492 5412 1602 5458 tum
1631 5403 1816 5460 Romae
1837 5405 1976 5460 Con-

391 5495 718 5565 gregatiouis
766 5495 936 5550 sancti
991 5494 1158 5549 Mauri
1212 5494 1438 5564 negotiis
1493 5494 1888 5565 advigilabant,
1941 5510 1971 5549 a

392 5585 580 5640 Gnaeo
603 5585 918 5642 amanuensi
947 5585 1248 5656 descriptae,
1279 5585 1604 5641 transmissa:
1630 5585 1762 5642 mihi
1791 5585 1970 5656 fuere;

392 5673 643 5729 nimirum
680 5692 711 5729 a
753 5678 814 5729 D.
858 5677 1018 5732 Petro
1061 5678 1270 5745 Maloet,
1314 5679 1404 5750 qui
1453 5689 1563 5736 tum
1607 5679 1972 5743 Procuratoris

1425 244 1463 295 Β
1515 237 1791 296 JOANNIS
1832 236 2304 300 CllllYSOSTOJll
2348 248 2524 306 \'l'f.-\.

3522 255 3626 314 168

2045 372 2310 439 generalis
2357 368 2534 423 officio
2581 368 2894 439 fungebatur
2932 378 2985 423 et
3031 383 3171 425 nunc
3207 369 3258 423 in
3303 373 3630 426 monasterio

2047 462 2215 515 sancti
2245 459 2494 516 Germani
2533 475 2562 514 a
2606 460 2784 514 Pratis
2825 461 2977 515 Prior
3011 470 3124 525 est,
3156 470 3209 514 et
3237 477 3267 515 a
3309 461 3369 514 D.
3393 461 3632 532 Joscpho

2049 551 2197 604 Arril
2220 551 2336 620 ejus
2355 550 2522 617 socio,
2543 549 2651 620 jam
2675 551 2726 604 in
2748 552 3072 606 monasterio
3092 552 3402 607 Corbeiensi
3422 553 3629 617 Priore,

2049 640 2139 710 qui
2168 641 2326 696 ambo
2351 656 2584 711 semper,
2611 641 2738 696 dum
2758 641 2944 698 Roma:
2968 651 3179 709 essent,
3206 643 3473 698 assiduam
3501 645 3633 699 mihi

2051 736 2346 805 praestitere
2374 751 2614 807 operam.

2121 826 2380 897 Quodque
2413 843 2632 896 prorsus
2669 842 2863 883 novum
2905 830 3280 900 insolitumque
3309 840 3390 885 est
3426 830 3512 898 (Τ.
3548 833 3637 886 Η.

2055 934 2103 972 c.
2137 916 2330 973 469.ct
2359 917 2484 990 ιφ),
2515 927 2674 989 atque
2700 920 2937 974 utilitatis
2963 920 3186 975 multum
3216 920 3400 986 affert,
3426 921 3510 975 h:e
3541 923 3612 976 bo

2053 1007 2215 1062 milize
2237 1007 2518 1077 descripta:
2546 1009 2693 1064 fuere
2717 1025 2748 1063 a
2775 1009 3004 1080 quodam
3028 1010 3118 1080 qui
3143 1010 3198 1066 S.
3223 1011 3459 1066 doctoris
3485 1014 3641 1066 lateri

2053 1097 2276 1154 ha-sisse
2301 1098 2543 1167 videtur,
2588 1101 2782 1171 quique
2829 1101 2880 1154 in
2930 1101 3268 1157 homiliarnm
3312 1103 3481 1158 titulis
3523 1105 3632 1158 loc:

2053 1191 2220 1247 refert
2260 1192 2348 1247 ubi
2387 1195 2672 1249 conciones
2720 1193 2912 1249 habita:
2955 1203 3110 1256 sunt.
3153 1204 3208 1250 et
3234 1211 3376 1264 smpe
3418 1211 3637 1252 cau~an=

2054 1297 2151 1337 cur
2177 1284 2522 1338 concionatus
2545 1283 2614 1338 sit
2640 1283 2872 1348 indicat,
2904 1299 2967 1339 ac
3005 1299 3111 1340 non
3154 1300 3315 1356 pauca
3360 1287 3635 1357 pratclara.

2054 1373 2122 1428 ad
2154 1374 2428 1429 historiam
2459 1374 2599 1430 illius
2635 1375 2759 1430 anni
2800 1377 3120 1446 pertinentia
3141 1420 3156 1442 ,
3182 1377 3465 1432 admiscet.
3507 1377 3638 1432 Cer-

2059 1465 2426 1544 tissimumgue
2459 1477 2540 1522 est
2585 1466 2703 1522 illas
2726 1467 3190 1538 Constantinopoli
3229 1467 3437 1524 habitas
3479 1467 3642 1522 fuisse

2056 1556 2211 1610 annis
2249 1538 2355 1612 59E
2385 1566 2438 1611 et
2474 1555 2601 1614 599.
2641 1558 2723 1612 Ait
2755 1574 2882 1612 vero
2924 1559 3263 1614 continenter
3302 1568 3356 1614 et
3400 1560 3493 1615 illo
3535 1574 3642 1628 quo

2059 1651 2216 1706 dicta:
2241 1649 2388 1707 fuere
2413 1650 2600 1706 ordine
2623 1651 2711 1706 hic
2740 1651 3057 1718 referantur,
3079 1651 3147 1707 de
3176 1653 3357 1706 multis
3383 1653 3640 1722 liquidum

2060 1751 2163 1802 est,
2190 1740 2258 1795 de
2284 1741 2534 1797 omnibus
2557 1741 2825 1797 affirmare
2848 1759 2954 1797 non
2983 1745 3151 1797 ausim
3178 1760 3192 1808 ;
3222 1744 3330 1798 imo
3355 1745 3644 1800 verisimile

2061 1840 2144 1887 est
2169 1832 2324 1898 alias,
2351 1847 2471 1903 quae
2492 1831 2602 1903 jam
2630 1849 2735 1888 non
2765 1842 2992 1900 exstant,
3029 1834 3331 1903 interjeetas
3357 1835 3543 1890 fuisse.

2133 1923 2306 1978 Prima
2347 1939 2476 1978 vero
2519 1923 2656 1979 dicta
2695 1923 2796 1978 fuit
2834 1941 2954 1979 cuin
2997 1925 3233 1981 nondum
3275 1925 3488 1996 triginta
3529 1925 3646 1980 dies

2061 2013 2416 2081 effluxissent,
2461 2015 2530 2071 ab
2570 2016 2769 2086 ingenti
2818 2017 2909 2072 illo
2947 2025 3101 2072 terra:
3134 2027 3298 2083 motu,
3342 2020 3433 2088 qui
3478 2027 3644 2074 letam

2065 2107 2248 2162 urbem
2275 2107 2756 2178 Constantinopolin
2771 2113 3437 2178 concusserat(a).Certum
3465 2123 3644 2168 autem

2063 2217 2185 2258 esse
2211 2202 2420 2258 videtur
2448 2211 2606 2258 terra:
2649 2211 2848 2257 motum
2894 2203 3040 2258 illum
3085 2218 3154 2259 ex
3195 2221 3419 2259 numero
3459 2221 3644 2261 eorum

2067 2293 2268 2360 fuisse,
2323 2309 2459 2365 quos
2511 2293 2828 2350 Claudianus
2883 2295 3338 2366 Constantinopoli
3386 2297 3647 2352 accidisse

2067 2395 2332 2440 memorat
2373 2395 2497 2441 ante
2531 2384 2878 2442 Consulatum
2924 2388 3197 2458 Eutropii,
3237 2403 3376 2444 anno
3400 2389 3649 2444 videlicet

2067 2478 2195 2533 398.
2221 2477 2420 2533 Omnes
2447 2479 2643 2550 quippe
2672 2479 2916 2534 homilias
2959 2481 3086 2534 istas
3115 2481 3195 2534 vel
3227 2489 3349 2536 ante
3385 2481 3648 2536 Consula~

2071 2579 2179 2626 tum
2204 2571 2466 2640 Eutropii,
2490 2571 2578 2640 qui
2603 2573 2764 2641 ctepit
2789 2572 2939 2626 initio
2961 2574 3085 2626 anni
3113 2573 3236 2638 599,
3261 2575 3344 2628 vel
3371 2575 3489 2644 ipso
3509 2574 3652 2628 Con-

2067 2664 2206 2730 sule,
2251 2664 2346 2718 sed
2386 2673 2510 2718 ante
2553 2662 2728 2733 fugam
2773 2663 3080 2733 emdemque
3118 2665 3266 2734 ejus,
3307 2680 3428 2735 quae
3467 2680 3655 2720 mense

2068 2756 2282 2811 circiter
2307 2756 2527 2825 Augusti
2562 2756 2685 2809 anni
2720 2755 2824 2810 599
2853 2755 3066 2822 accidit,
3102 2755 3306 2811 habitas
3339 2755 3506 2812 fuisse
3530 2772 3656 2812 cer-

2071 2859 2179 2902 tum
2207 2857 2308 2904 est.
2617 2855 2630 2864 ”

2040 2980 2046 2986 -
2138 2937 2325 2994 Concio
2351 2947 2625 3009 postrema
2648 2939 3131 2994 motum—Prima
3165 2939 3502 3010 pronuntiata
3536 2937 3658 3002 fuit,

2071 3039 2128 3083 ut
2146 3029 2304 3084 modo
2324 3030 2650 3094 dicebamus,
2671 3030 3066 3101 postingenlem
3091 3031 3234 3085 illum
3255 3041 3407 3086 terra:
3427 3041 3656 3094 motum,

2070 3135 2191 3173 cum
2223 3119 2454 3174 nondum
2483 3119 2695 3190 triginta
2723 3120 2840 3176 dies
2865 3120 3194 3176 eflluxissent
3222 3123 3288 3176 ab
3311 3123 3401 3177 illo
3421 3122 3531 3188 die,
3550 3138 3657 3192 quo

2073 3208 2202 3263 urbs
2230 3217 2340 3263 tota
2363 3208 2708 3264 vehementer
2732 3225 2989 3265 concussa
3017 3226 3046 3264 a
3081 3219 3234 3266 terra;
3264 3221 3408 3265 motu
3439 3211 3658 3268 fuerat:

2070 3298 2392 3370 videturque
2428 3299 2606 3354 habita
2651 3299 2813 3355 fuisse
2842 3316 2982 3355 anno
3026 3311 3266 3357 vertente
3297 3301 3400 3358 598
3421 3302 3473 3355 in
3505 3318 3660 3356 mar-

2074 3391 2211 3460 tyrio
2245 3391 2359 3446 sive
2399 3391 2624 3447 ecclesia
2677 3400 2968 3464 martyrum
2995 3434 3009 3455 ,
3047 3408 3182 3463 qua:
3228 3401 3344 3447 erat
3385 3391 3438 3447 in
3468 3392 3658 3447 Veteri

2071 3481 2254 3548 Petra,
2284 3490 2343 3537 ut
2371 3482 2537 3537 fertur
2562 3482 2614 3536 in
2648 3483 2822 3537 titulo.
2864 3483 3032 3553 llnjns
3071 3485 3316 3556 martyrii
3361 3493 3416 3538 et
3447 3483 3664 3540 Veteris

2073 3571 2244 3627 Petrae
2301 3571 2502 3627 nullam
2545 3572 2719 3627 adhuc
2759 3575 3084 3628 mentionem
3131 3574 3307 3630 inveni
3349 3573 3486 3644 apud
3522 3575 3663 3630 seri-

2073 3674 2254 3735 ptores
2281 3679 2458 3720 rerum
2483 3664 3182 3734 ConsumtinOpolitauarum
3220 3681 3233 3718 :
3263 3680 3435 3736 neque
3461 3665 3659 3720 mirum

2075 3755 2203 3812 illud
2231 3764 2350 3822 est;
2391 3757 2556 3812 multa
2585 3757 2726 3812 enim
2757 3757 2856 3811 alia
2901 3757 3307 3828 pragtermisiss-e
3350 3758 3480 3812 illos.
3508 3773 3663 3811 eum-

2077 3849 2209 3918 peri.
2240 3845 2297 3902 lu
2318 3847 2548 3902 exordio
2575 3857 2751 3902 autem
2784 3849 3051 3902 invehitur
3080 3849 3134 3902 in
3172 3849 3292 3902 illos
3317 3849 3406 3918 qui
3434 3848 3501 3903 ob
3533 3849 3656 3918 pln-

2075 3940 2214 3994 viam
2246 3947 2299 3994 et
2337 3938 2506 3994 lutum
2554 3939 2606 3994 in
2635 3940 2915 3996 ecclesiam
2963 3957 3074 3995 non
3117 3951 3504 4006 convenerant,
3531 3943 3662 4009 quia

2074 4046 2268 4101 nempe
2295 4028 2363 4085 de
2387 4045 2448 4086 re
2474 4031 2620 4101 gravi
2662 4039 2715 4086 et
2743 4030 2807 4084 ad
2837 4031 3034 4085 multos
3060 4031 3357 4085 absentium
3379 4040 3659 4101 spectante

2075 4121 2336 4192 agendum
2381 4121 2482 4175 sibi
2527 4130 2663 4176 erat.
2710 4121 2842 4176 Cum
2893 4123 3034 4176 enim
3081 4133 3204 4177 ante
3232 4122 3446 4192 triginta
3485 4122 3661 4176 ferme

2074 4213 2190 4268 dies
2226 4212 2354 4269 urbs
2381 4223 2490 4269 tota
2518 4213 2720 4284 ingenti
2769 4223 2929 4269 terra:
2973 4224 3118 4268 motu
3145 4224 3473 4285 quateretur,
3503 4215 3659 4269 multi

2075 4301 2361 4359 formidine
2389 4305 2642 4374 correpti,
2668 4305 2917 4359 domibus
2942 4346 2955 4369 ,
2980 4306 3123 4375 agris
3148 4346 3162 4370 ,
3190 4306 3465 4376 mancipiis
3485 4347 3502 4370 ,
3525 4320 3664 4360 auro

2074 4405 2128 4449 et
2174 4403 2396 4466 argento
2443 4395 2685 4461 relictis,
2734 4396 2914 4466 procul
2953 4407 3007 4451 et
3067 4396 3118 4450 in
3171 4395 3330 4451 aliam
3378 4396 3656 4466 regionem

2075 4485 2410 4557 aufugerant.
2449 4484 2600 4542 Tunc
2625 4502 2752 4541 vero
2785 4486 2998 4557 plurimi
3026 4503 3089 4541 ex
3133 4488 3196 4541 iis
3225 4487 3312 4558 qui
3341 4486 3483 4542 domi
3508 4501 3664 4540 man-

2076 4587 2260 4636 serant
2297 4578 2350 4634 iit
2398 4576 2744 4650 fugitivorum
2786 4579 2922 4634 bona
2957 4579 3254 4634 involarant
3278 4621 3293 4644 ,
3324 4594 3459 4649 quos
3503 4594 3663 4634 acer-

2076 4674 2245 4740 rime,
2274 4680 2330 4729 et
2351 4672 2473 4744 jure
2499 4672 2714 4745 quidem
2733 4715 2747 4739 ,
2796 4673 3089 4728 insectatur
3117 4673 3533 4744 Chrysostomus
3558 4711 3575 4737 ,
3607 4681 3663 4726 et

2077 4763 2130 4818 in
2163 4771 2360 4818 tantam
2392 4771 2497 4818 tam
2537 4763 2820 4818 absurdam
2849 4765 3021 4819 aliena
3067 4763 3348 4818 invadendi
3391 4763 3656 4833 cupidita-

2080 4864 2209 4921 tem,
2252 4855 2507 4928 quidquid
2535 4855 2842 4912 exulcerato
2871 4855 3050 4909 animo
3074 4870 3195 4910 sese
3221 4854 3412 4909 obtulit
3437 4869 3502 4908 ex
3527 4863 3655 4908 tem-

2080 4963 2213 5019 pore
2261 4949 2314 5004 in
2347 4963 2569 5020 rapaces
2613 4947 2856 5004 homines
2886 4947 3119 5017 profudit
3156 4963 3172 5014 ;
3214 4946 3451 5003 abscisso
3478 4943 3694 5022 autem;

2078 5037 2225 5104 folio,
2255 5039 2496 5110 quaedam
2543 5053 2607 5094 ex
2639 5037 2795 5109 hujus
2817 5038 3089 5094 concionis
3118 5038 3296 5093 medio
3319 5037 3656 5093 exciderunt.

2078 5130 2286 5186 Claudit
2312 5138 2489 5186 autem
2521 5129 2789 5185 homiliam
2819 5128 3004 5184 dicens
3029 5171 3044 5195 ,
3075 5137 3562 5199 quantumcumque
3592 5128 3672 5184 sit

2079 5231 2376 5292 peccatum,
2406 5221 2450 5277 si
2482 5220 2796 5292 pmoitentia
2840 5221 2969 5275 moti
2996 5220 3053 5287 ii,
3082 5221 3172 5290 qui
3198 5220 3318 5274 talia
3351 5219 3466 5273 ausi
3494 5233 3630 5274 sunt
3649 5262 3678 5288 ι

2080 5311 2145 5367 ad
2175 5311 2428 5368 Ecclesiae
2457 5310 2736 5382 praefectos
2758 5309 3032 5379 accedant,
3055 5310 3284 5381 benigne
3302 5308 3668 5366 admittendos

2080 5413 2133 5459 et
2164 5403 2375 5458 veniam
2398 5411 2711 5472 accepturos
2737 5415 2878 5457 esse.

2149 5491 2419 5550 Calain-itas
2444 5511 2629 5569 magna
2655 5495 2708 5549 in
2737 5494 3063 5550 translatione
3081 5492 3677 5574 [Reliquiarttm—Jam.

2079 5593 2146 5651 ad
2179 5595 2536 5652 celebritatem
2564 5612 2866 5664 evocantur,
2889 5601 3122 5655 omnium
3155 5601 3373 5654 fortasse
3396 5616 3514 5668 qua.-
3539 5615 3659 5651 niu-

2081 5703 2238 5760 quam
2289 5687 2746 5758 Constantinopoli
2791 5688 2935 5745 fuere
2977 5693 3257 5746 maximam
3289 5733 3305 5752 ,
3335 5704 3497 5758 quam
3543 5699 3658 5744 tum

469 5769 562 5852 (erga
576 5771 681 5852 imp
703 5779 983 5852 ppst_terrae
1006 5778 1208 5836 motum,
1228 5774 1314 5823 sed
1338 5781 1448 5835 post
1478 5777 1726 5840 dejectum
1763 5780 2054 5844 Eutroliiom
2089 5785 2448 5845 pronuntiatam
2478 5785 2627 5837 fuisse
2657 5789 2780 5836 hanc
2812 5789 3059 5838 homiliam
3079 5787 3209 5837 bene
3235 5787 3406 5852 probat
3431 5787 3652 5846 Stilting.

401 5845 449 5878 n.
475 5831 859 5892 ὓῦϐ-ϋυδίΕυιτ.
