2694 4342
170 225 235 264 189
945 226 1067 265 NUNC
1094 226 1274 267 PRIMUM
1298 228 1570 270 A‘DORNATA.

167 301 286 339 titulus
306 300 482 338 concionis
499 329 509 346 ,
533 307 605 337 tum
636 301 761 338 concio
790 301 865 349 ipsa
896 301 1000 340 nobis
1020 303 1224 340 minutatim

166 365 377 402 descrlbunt.
407 363 487 401 [hec
503 374 609 412 porro
628 366 750 412 paucis
767 371 848 414 post
864 365 1020 402 habitam
1040 365 1224 404 homiliam

167 426 418 474 prurcedeatcm
453 425 579 464 diebus
613 432 691 464 acta
729 435 826 465 sunt.
854 427 1028 464 Nimirum
1061 427 1224 465 Eudoxia

165 487 384 534 lmperatrix,
405 487 463 534 pio
485 493 644 535 permota
664 489 806 531 studio,
827 489 996 536 reliquias
1015 495 1222 526 sanctorum

163 557 354 599 martyrum
375 551 559 598 quasdam,
585 561 736 598 quorum
757 562 842 589 vero
875 558 1071 601 martyrum
1102 559 1227 590 essent.

161 623 226 650 non
261 612 452 658 indicatur,
477 613 671 652 transferre
705 614 813 650 voluit
844 625 863 650 a
886 615 1010 662 Magna
1041 615 1191 652 ecclesia
1210 644 1218 658 ,

161 687 234 723 qua:
255 675 568 724 Constantinopoli
586 683 676 722 erat,
699 677 744 714 ad
776 678 985 726 martyrium
1006 677 1082 715 sive
1101 679 1220 716 eccle-

161 737 242 773 siam
265 736 304 774 S.
324 737 485 783 Thomae,
513 749 592 786 qua:
611 748 738 776 novem
757 739 882 786 signis,
905 748 968 776 seu
994 739 1219 786 milliaribus,

162 798 200 836 ab
219 799 304 836 urbe
319 799 484 844 distabat,
503 807 538 837 et
558 799 602 837 ad
623 811 722 837 oram
749 801 860 838 maris
877 800 944 838 sita
957 807 1050 839 erat.
1063 800 1136 838 Cur
1154 811 1221 838 au—

161 867 226 898 tem
247 868 352 900 noctu
371 863 478 900 talem
498 863 574 900 ﬁeri
595 863 864 901 translationem
894 863 1070 909 voluerit,
1091 863 1220 902 frustra

157 934 321 970 quatras:
349 931 428 962 utut
453 935 512 962 res
530 931 598 971 est,
635 926 688 963 sic
717 925 775 962 illa
810 926 983 964 solemnis
1017 928 1220 974 exportatio

157 987 244 1023 facta
261 985 339 1022 fuit.

203 1048 318 1085 Media
346 1055 450 1086 nocte
467 1049 640 1097 Reliquiae
654 1049 722 1086 illm
739 1055 948 1100 martyrum,
965 1051 1000 1088 in
1020 1052 1121 1090 theca
1143 1051 1221 1089 velo

156 1115 277 1157 operta
299 1111 439 1158 positae,
461 1121 504 1149 ex
521 1111 645 1159 Magna
666 1113 816 1150 ecclesia
831 1141 841 1157 ,
862 1124 942 1160 qua:
968 1113 1004 1150 in
1022 1113 1109 1151 urbe
1125 1113 1221 1151 Con-

156 1173 382 1220 stantinopoli
397 1180 487 1219 erat,
500 1176 951 1221 exportantur,comitante
970 1177 1104 1224 ingenti
1123 1177 1218 1213 mul—

157 1234 302 1272 titudine
317 1264 328 1280 ,
351 1246 456 1283 quam
479 1236 525 1272 ita
545 1236 713 1274 describit
731 1239 807 1284 ipse
827 1237 1106 1287 Chrysostomus
1121 1268 1132 1283 ,
1159 1240 1219 1287 qui

154 1307 231 1333 cum
261 1297 420 1334 Eudoan
448 1298 676 1345 ltnperatrice
707 1305 814 1336 tautae
846 1301 1069 1338 celebritatis
1095 1308 1220 1338 auctor

155 1364 240 1394 erat.
264 1357 330 1395 llic
359 1359 472 1396 videre
500 1366 572 1396 erat
609 1361 853 1398 monachorum
889 1369 1016 1405 coetus,
1050 1363 1219 1412 virginum

153 1420 283 1464 choros,
298 1421 512 1458 sacerdotum
531 1422 680 1468 ordines,
702 1423 920 1460 stecularium
949 1425 1100 1460 virorum
1127 1425 1218 1461 mul-

154 1482 326 1519 titudinem
341 1510 351 1528 ,
371 1495 555 1528 servorum,
573 1483 769 1529 liberorum,
782 1486 904 1522 civium
919 1513 929 1530 ,
947 1487 1217 1534 peregrinorum,

152 1543 340 1591 principum
361 1550 394 1580 et
423 1545 634 1582 subditorum
649 1573 662 1592 ,
679 1557 755 1582 cum
774 1548 898 1594 gaudio
912 1549 946 1584 in
981 1549 1041 1584 tali
1057 1549 1220 1585 comitatu

151 1606 418 1652 properantium.
431 1605 590 1643 Mulieres
607 1607 642 1643 in
657 1607 816 1645 thalamis
833 1611 958 1646 versari
973 1605 1082 1648 solita:
1097 1617 1125 1647 et
1140 1623 1218 1648 cera

151 1667 345 1712 molliores,
365 1668 488 1705 relictis
519 1669 650 1711 aedibus
682 1681 760 1706 cum
799 1671 1041 1710 robustissimis
1070 1675 1218 1711 virorum

149 1728 324 1765 alacritate
341 1729 526 1777 certabant,
547 1743 625 1768 cum
658 1739 790 1770 tantum
815 1735 946 1773 itineris
961 1744 1060 1773 noctu
1076 1739 1218 1784 perﬁce-

151 1796 220 1826 rent
237 1801 250 1827 :
263 1802 331 1828 non
341 1792 482 1839 juvenes
502 1795 603 1831 modo
615 1823 624 1839 ,
645 1796 705 1832 sed
725 1797 827 1834 etiam
853 1809 939 1834 anus
957 1811 995 1836 eo
1008 1801 1188 1848 pergebant
1204 1829 1214 1845 ,

153 1861 252 1900 neque
271 1859 400 1891 natura:
417 1855 621 1902 infirmitas,
643 1869 750 1906 neque
763 1859 967 1898 celebritatis
985 1873 1125 1910 pompa,
1156 1875 1216 1901 ne-

153 1924 214 1960 que
229 1915 337 1953 solita:
353 1917 430 1954 vita:
457 1918 616 1956 mollities
635 1920 874 1968 impedimento
905 1926 1013 1971 fuere.
1037 1924 1215 1974 Principes

153 1986 263 2013 rursus
287 1984 317 2014 et
347 1979 565 2027 magistratus
582 2009 594 2026 ,
623 1983 750 2020 relictis
783 1985 937 2022 curribus
950 2014 960 2032 ,
981 1985 1156 2024 lictoribus
1177 1995 1208 2025 et

153 2039 357 2086 satellitibus,
379 2041 467 2088 plebi
481 2054 554 2080 sese
573 2044 799 2083 admiscuere.
1171 2042 1179 2049 ’

197 2099 326 2149 Ecquid
355 2103 514 2141 mulieres
547 2105 782 2154 principesque
813 2119 1058 2155 memoremus,
1075 2112 1215 2156 quando

153 2162 223 2207 ipsa
242 2163 403 2202 Eudoxio
416 2165 645 2214 Imperatrix,
657 2180 732 2216 qua:
747 2171 904 2208 diadema
917 2173 1064 2219 gestabat
1082 2180 1114 2210 et
1133 2185 1218 2222 pur-

154 2236 234 2272 pura
254 2227 465 2274 induebatur,
481 2241 541 2277 per
567 2236 674 2267 totam
694 2231 783 2268 uiam
811 2244 853 2269 ne
878 2235 1049 2272 tantillum
1081 2237 1216 2285 quidem

155 2289 319 2336 areliquis
349 2292 502 2340 separari
531 2292 668 2337 uoluit;
701 2293 762 2330 sed
778 2295 915 2333 ancilla:
944 2297 1052 2335 instar
1070 2327 1080 2342 ,
1103 2300 1216 2347 inquit

153 2348 418 2400 Chrysostomus
439 2384 451 2401 ,
483 2361 620 2392 sanctos
647 2355 868 2403 sequebatur,
891 2359 1023 2396 thecam
1051 2368 1083 2398 ct
1105 2363 1216 2400 velum

153 2414 393 2460 superpositum
410 2421 565 2464 tangens,
577 2417 832 2466 humanumque
849 2423 977 2468 fastum
991 2433 1125 2460 omnem
1139 2425 1215 2462 cal-

153 2485 242 2520 cans,
259 2482 357 2524 atque
373 2478 410 2515 in
431 2480 516 2516 tanti
541 2481 662 2518 theatri
692 2483 805 2520 medio
819 2511 830 2529 ,
851 2495 874 2520 a
892 2486 1020 2533 populo
1041 2487 1217 2524 videbatur

151 2533 222 2578 illa,
239 2546 340 2583 quant
360 2550 402 2575 ne
427 2543 588 2580 eunuchis
615 2544 752 2591 quidem
769 2545 939 2592 omnibus,
961 2547 1021 2595 qui
1037 2548 1074 2585 in
1094 2547 1214 2597 Impe-

151 2598 277 2633 ratoria
295 2599 433 2636 aluntur
466 2603 547 2639 aula
565 2631 574 2647 ,
593 2610 786 2652 conspicere
811 2607 902 2646 licet.
935 2609 1008 2647 Sed
1026 2618 1216 2660 martyrum

151 2667 247 2694 amor
266 2664 298 2695 et
316 2661 464 2698 caritatis
481 2664 621 2710 ﬂamma
637 2668 703 2715 ipsi
717 2676 755 2706 ut
769 2669 880 2708 laruas
902 2671 982 2708 illas
995 2683 1111 2710 omnes
1128 2675 1216 2724 abji-

154 2725 240 2776 εει-εξ
279 2723 402 2758 suasit.
441 2723 554 2772 Prope
594 2727 792 2768 Eudoxiam
825 2733 1012 2772 incedebat.
1051 2723 1210 2775 Joannes

154 2780 424 2831 Chrysostomus
445 2788 589 2834 prtesul.
621 2789 681 2828 Sic
715 2798 834 2830 tantus
865 2795 925 2833 ille
953 2804 1082 2842 coetus,
1111 2799 1214 2837 theca

155 2842 214 2881 SS.
233 2853 428 2895 martyrum
464 2857 649 2896 praeeunte
668 2881 678 2896 ,
697 2863 762 2900 per
787 2857 941 2895 medium
975 2861 1138 2898 transivit
1157 2862 1213 2900 lo-

155 2915 242 2952 rum,
259 2915 294 2946 et
311 2920 354 2946 ex
374 2911 489 2959 portis
511 2914 608 2951 urbis
627 2925 793 2964 egressus
811 2919 854 2956 ad
874 2921 1038 2970 Drypiam
1052 2952 1061 2968 ,
1077 2925 1130 2962 sic
1155 2925 1213 2962 di-

157 2974 243 3006 ctum
261 2971 390 3018 locum,
403 2974 471 3012 iter
482 2974 648 3024 instituit,
667 2979 700 3015 in
716 2983 924 3030 martyrium
941 2995 1004 3022 seu
1024 2987 1212 3026 ecclesiam

158 3035 260 3072 sancti
273 3035 434 3084 Thomas,
455 3049 583 3078 novent
599 3041 721 3090 signis,
737 3045 813 3083 sive
830 3047 1112 3096 milliaribus,ab
1125 3052 1214 3090 urbe

159 3092 262 3132 distan
269 3103 350 3134 tcm.

203 3157 280 3196 Pari
311 3168 429 3201 autem
463 3165 647 3206 alacritate
672 3169 717 3206 ad
737 3180 836 3208 oram
865 3173 974 3210 maris
994 3182 1210 3224 pergentes;

159 3216 280 3267 Drypia
298 3223 391 3261 enim
411 3225 454 3262 ad
475 3227 574 3265 littus
589 3235 690 3274 erat;
709 3230 846 3270 facibus
859 3239 896 3270 ct
913 3216 1136 3282 lampadibus
1155 3216 1212 3275 in;

157 3283 273 3319 structi
291 3295 426 3332 omnes,
445 3288 559 3337 ipsum
578 3302 677 3330 mare
697 3295 892 3342 splendore
909 3297 1112 3345 replebant.
1133 3299 1211 3338 Nc-

157 3352 214 3386 que
237 3346 438 3386 aberraueri:
454 3380 464 3396 ,
485 3352 598 3400 inquit.
625 3354 904 3405 Chrysostomus
921 3389 930 3405 ,
959 3362 1018 3408 qui
1035 3363 1099 3399 hoc
1119 3375 1214 3401 mare

158 3404 290 3450 ﬂuuium
307 3409 393 3458 ignis
405 3417 590 3460 vocaverit;
606 3417 655 3454 ita
670 3430 790 3468 nempe
803 3421 996 3469 lampades,
1017 3435 1093 3472 quae
1109 3433 1212 3462 noctu

159 3465 338 3516 frequentes
368 3483 408 3510 ac
426 3477 592 3515 continua:
624 3481 670 3516 ad
689 3465 796 3528 usque
814 3465 1100 3531 martyrium'ltoc
1121 3488 1211 3534 fcre-

159 3529 284 3590 t'rantur,
293 3535 388 3582 ﬂuvii
399 3537 487 3586 ignei
501 3540 682 3590 imaginem
699 3544 888 3582 uidentibus
905 3529 1127 3584 exhibebant:
1138 3549 1212 3586 Eu-

159 3589 256 3630 doxia
273 3606 358 3634 vero
373 3607 452 3636 cum
472 3599 607 3641 honore
626 3615 758 3652 magno
779 3632 790 3650 ,
809 3606 928 3642 studio
953 3613 1061 3656 atque
1078 3610 1211 3656 pietate

159 3661 322 3704 martyres
341 3661 504 3701 comitata
521 3671 590 3710 est,
615 3665 713 3712 plebi
731 3667 954 3713 intermixta,
969 3681 1052 3707 cttm
1070 3673 1211 3710 Satelli-

161 3714 239 3774 tiutn
259 3729 363 3758 omne
379 3726 586 3772 amovisset,
603 3734 641 3765 et
670 3727 764 3766 ferre
783 3739 930 3768 onmem
949 3732 1030 3769 vita}
1060 3741 1098 3770 et
1121 3745 1210 3774 con-

157 3773 293 3820 ditionis
313 3781 585 3832 inaequalitatem
605 3788 811 3836 abjecisset.
849 3791 938 3837 Ejus
961 3793 1207 3836 assiduitatem

159 3836 366 3900 mirabantur
383 3853 416 3883 et
436 3847 564 3886 divites
574 3856 610 3888 et
629 3861 818 3899 pauperes,
836 3854 999 3894 videntes
1011 3857 1106 3897 illam
1128 3861 1206 3900 sine

160 3897 406 3947 intermissione
426 3922 487 3958 per
510 3920 647 3952 tantum
666 3915 731 3952 vim
750 3919 904 3966 spatium
924 3921 1067 3959 ossibus
1088 3923 1201 3962 inltue-

2308 240 2377 278 170

1303 312 1442 343 rentem
1457 334 1468 351 ,
1487 317 1555 345 nec
1576 319 1743 357 umquam
1764 311 1946 351 defessam
1968 315 2024 352 vel
2055 316 2290 364 resilientem,
2313 320 2374 356 sed

1300 377 1394 404 arca:
1422 379 1568 416 semper
1583 371 1801 411 adstantem.

1347 430 1471 477 Populi
1491 442 1578 468 vero
1608 443 1806 472 concursus
1827 432 1947 474 tantus
1969 439 2034 476 fuit
2065 451 2209 488 semper
2225 443 2270 480 ab
2289 444 2378 482 urbe

1297 492 1341 529 ad
1374 493 1540 542 Drypiam
1572 505 1688 542 usque
1709 525 1718 540 ,
1738 503 1778 532 ut
1796 507 1878 534 cum
1906 499 2062 538 llutninis
2096 504 2201 542 undis
2231 506 2376 542 assidue

1297 555 1525 592 manantibus
1547 557 1662 603 ipsum
1677 564 1866 604 comparet
1888 559 2182 608 Chrysostomus.
2210 567 2286 603 Etsi
2307 578 2374 603 att-

1297 624 1368 654 tem
1391 617 1508 655 media
1531 625 1638 656 nocte
1667 619 1843 665 Reliquiae
1863 632 1944 658 cum
1977 630 2072 660 coetu
2105 631 2180 662 toto
2203 629 2374 674 profectae

1295 679 1460 724 fuerant,
1482 681 1626 716 nonnisi
1665 677 1900 718 illucescente
1937 683 1995 720 die
2027 685 2071 721 ad
2095 685 2262 734 [)rypiam
2293 700 2372 736 per.

1295 747 1442 778 ventum
1463 747 1546 786 est;
1567 747 1640 778 tum
1663 743 1743 788 quia
1762 743 1904 781 nonnisi
1933 744 2134 784 lentissimo
2154 749 2265 794 gradu
2289 761 2373 796 pcr-

1294 813 1379 849 gere
1399 810 1564 850 poterant
1583 805 1642 852 qui
1665 805 1804 842 thecam
1821 812 1857 842 ct
1886 806 2068 854 Reliquias
2079 810 2280 856 gestabant,
2298 819 2372 850 tttm

1295 865 1376 911 quia
1397 865 1594 902 identidem
1611 865 1762 914 gradum
1783 867 1913 906 siSIcre
1932 877 2103 908 oneratos
2121 881 2166 909 ac
2185 873 2375 920 quiescere

1294 936 1386 973 OpllS
1402 933 1496 964 erat.

1343 988 1429 1026 Post
1443 989 1635 1028 adventum
1652 1001 1694 1029 ac
1709 991 1973 1041 depositionem
1995 997 2238 1046 Reliquiarum
2261 999 2296 1036 in
2312 1011 2369 1037 ec~

1293 1049 1403 1087 clesia
1419 1047 1702 1090 Sancti'i'homae
1721 1055 1756 1092 in
1773 1056 1922 1106 Drypia,
1945 1060 2156 1098 concionem
2177 1067 2365 1108 extempo-

1293 1111 1404 1149 ralem
1425 1111 1550 1151 hahuit
1565 1115 1847 1164 Chrysostomus
1863 1121 1994 1168 gaudio
2014 1122 2178 1170 perfusus
2191 1131 2226 1162 et
2240 1137 2282 1162 ex
2305 1127 2372 1164 hu-

1290 1173 1448 1221 jnsmodi
1467 1179 1674 1224 spectaculo
1694 1182 1880 1220 attonitus.
1909 1184 2085 1230 Quoniam
2107 1199 2194 1224 vero
2211 1188 2270 1226 hic
2287 1201 2374 1227 eon-

1293 1236 1461 1275 cionandi
1492 1240 1620 1277 modus
1658 1241 1764 1290 longe
1781 1243 1964 1292 discrepat
1993 1257 2012 1282 a
2039 1250 2170 1286 ceteris
2188 1252 2370 1298 omnibus,

1290 1309 1382 1347 quos
1397 1299 1572 1338 hactenus
1593 1303 1762 1349 vidimus,
1783 1304 1889 1354 hujus
1902 1309 2090 1346 exordium
2115 1310 2174 1348 hic
2187 1323 2371 1359 apponere

1294 1361 1410 1398 visunt
1431 1369 1488 1400 est
1508 1374 1517 1399 :
1541 1363 1635 1408 Quid
1655 1366 1768 1403 dicam
1787 1374 1818 1404 et
1835 1369 1919 1417 quid
1935 1370 2058 1415 loquar
2077 1373 2096 1410 ."
2111 1375 2244 1412 msulto
2263 1383 2294 1412 et
2315 1378 2370 1412 in-

1291 1425 1402 1470 sanio,
1425 1427 1488 1462 sed
1507 1427 1656 1475 insania,
1688 1441 1766 1478 qua:
1783 1431 1860 1479 ipsa
1877 1435 2046 1482 sapientia
2065 1437 2186 1474 melior
2203 1445 2265 1476 est.
2300 1439 2371 1476 νυ-

1293 1486 1368 1523 lmts
1383 1494 1416 1524 et
1432 1489 1573 1527 choreas
1587 1502 1692 1540 agens
1709 1494 1864 1532 sublimis
1878 1497 1971 1544 feror
1988 1509 2002 1534 :
2020 1497 2130 1536 ebrius
2146 1501 2283 1538 laudent
2295 1515 2371 1540 sum

1291 1559 1334 1583 ea:
1350 1548 1414 1584 hac
1433 1549 1608 1598 voluptate
1630 1553 1820 1600 spirituali.
1841 1556 1933 1602 Quid
1952 1559 2064 1594 dicam
2084 1567 2116 1596 et
2132 1563 2212 1604 quid
2227 1563 2366 1610 loquar"

1291 1617 1526 1659 martyrumne
1542 1615 1698 1652 virtutem
1710 1618 1727 1653 ?
1743 1629 1788 1654 an
1808 1620 1964 1658 caritatis
1978 1623 2212 1662 alacritatem?
2229 1639 2272 1663 an
2291 1627 2367 1666 1m—

1291 1674 1467 1719 peratricis
1482 1676 1614 1714 zelum?
1631 1689 1676 1714 an
1698 1678 1902 1729 Principum
1921 1695 2124 1722 concursum
2139 1687 2157 1723 ?
2173 1699 2218 1725 an
2240 1690 2369 1728 diaboli

1289 1735 1458 1774 insaniant
1470 1738 1490 1772 .7
1507 1751 1551 1776 an
1571 1741 1766 1780 dtemonum
1787 1744 1948 1791 cladem,
1974 1747 2137 1787 Ecclesia:
2161 1753 2370 1792 nobilitatem

1290 1799 1402 1835 crucis
1421 1801 1578 1838 uirtutem
1595 1831 1606 1848 ,
1645 1803 1812 1853 Cruci/ixi
1843 1809 2011 1847 miracula
2033 1839 2042 1855 ,
2068 1811 2186 1850 Patris
2205 1817 2368 1862 gloriam,

1280 1859 1442 1906 “Spiritus
1472 1865 1621 1912 gratiam
1639 1895 1649 1911 ,
1673 1869 1794 1915 populi
1825 1871 1929 1908 totius
1959 1859 2372 1929 uoluptatem,wcivitatis

1287 1924 1557 1964 exsultationes?
1571 1934 1643 1964 etc.
1673 1929 1796 1977 Pergit
1815 1938 1950 1975 autem,
1973 1933 2018 1971 de
2039 1925 2288 1985 Reliquiarttml
2303 1951 2371 1977 ex-

1287 1986 1491 2031 portatione
1506 2021 1508 2024 .
1523 1989 1636 2027 mttlla
1671 2001 1824 2029 narrans
1841 2021 1850 2039 ,
1870 1994 2070 2033 Eudoxiam
2098 1998 2368 2046 lmperatricetn

1287 2046 1454 2086 laudibus
1476 2051 1522 2088 ad
1557 2053 1684 2090 caelum
1717 2055 1874 2102 tollens,
1909 2069 2015 2105 quam
2046 2061 2155 2098 etiam
2187 2063 2370 2102 itttcrdum

1287 2120 1504 2158 praesentem
1544 2116 1756 2164 alloquitur.
1791 2117 1936 2158 Claudit
1981 2121 2128 2160 demum
2177 2133 2368 2174 postquam

1287 2172 1449 2219 dixerat,
1470 2174 1726 2222 imperatorem
1764 2179 1968 2228 insequenti
2001 2183 2061 2222 die
2093 2172 2182 2222 cum
2205 2172 2370 2226 exercitu

1287 2244 1354 2271 suo
1367 2263 1378 2278 ,
1397 2236 1450 2272 sic
1471 2234 1544 2283 ﬂle,
1565 2245 1760 2278 venturum
1789 2252 1886 2288 esse,
1907 2250 1946 2280 ut
1963 2255 2087 2292 parem
2105 2247 2282 2298 Reliquiis
2303 2251 2369 2288 ho-

1287 2305 1412 2332 norem
1427 2304 1634 2343 prmstaret.

1335 2356 1428 2394 infra
1447 2359 1646 2398 videbimus
1665 2361 1774 2409 hujus
1790 2368 2046 2413 extemporalis
2059 2372 2244 2410 concionis
2264 2385 2370 2413 exor-

1287 2418 1402 2464 dium,
1430 2419 1523 2465 Quid
1543 2421 1656 2458 dicant
1674 2424 1692 2460 .9
1709 2425 1845 2462 εωεαίιο
1859 2433 1890 2464 et
1907 2427 2043 2466 insanio
2058 2459 2068 2474 ,
2089 2432 2182 2470 inter
2197 2436 2368 2476 crimina-

1289 2483 1406 2518 tiones
1421 2482 1457 2518 in
1475 2483 1623 2530 Synodo
1637 2485 1681 2522 ad
1705 2486 1886 2532 Quercum
1915 2497 2042 2528 contra
2063 2493 2363 2543 Chrysostomum

1287 2544 1441 2589 oblatas,
1457 2552 1597 2584 sextam
1617 2550 1822 2595 numerari,
1839 2550 1876 2588 in
1895 2553 2056 2592 secundo
2070 2557 2366 2600 criminationum

1289 2605 1476 2644 laterculo.

1337 2667 1424 2706 lla-c
1443 2669 1517 2716 jam
1547 2677 1710 2710 vertente
1737 2683 1834 2712 anno
1854 2675 1926 2713 398
1945 2684 2047 2724 gesta
2069 2685 2106 2716 et
2125 2681 2220 2718 dicta
2255 2683 2365 2723 fuisse

1287 2736 1426 2767 certum
1447 2731 1601 2777 videtur,
1615 2738 1652 2770 et
1668 2735 1812 2782 quidem
1833 2747 1959 2775 mense
1973 2739 2120 2778 circiter
2139 2741 2362 2792 Septembri,

1287 2803 1370 2830 cum
1405 2793 1524 2832 adhuc
1549 2797 1740 2835 commode
1775 2807 1924 2846 possent
1955 2809 2156 2850 martyrum
2193 2807 2364 2857 Ileliqnia:

1287 2867 1369 2892 cum
1392 2861 1492 2894 tanto
1510 2865 1684 2905 apparatu
1704 2861 1831 2907 procul
1851 2868 1887 2898 et
1906 2871 2015 2901 noctu
2038 2868 2239 2906 transferri.
2256 2888 2259 2892 -

1335 2918 1532 2968 Imperator
1551 2921 1586 2958 in
1607 2923 1786 2960 ecclesiam
1801 2922 1921 2962 Sancti
1939 2925 2083 2965 Thomte
2101 2941 2179 2966 cum
2197 2934 2361 2972 satellitio

1285 2993 1348 3019 suo
1364 2983 1735 3032 oenit.—-lnsequente
1749 2985 1808 3024 die
1820 2986 1935 3036 (Anno
1946 2989 2033 3037 598)
2051 2993 2148 3030 venit
2165 2993 2366 3042 Imperator

1287 3055 1368 3082 cum
1401 3045 1574 3082 satellitio
1591 3057 1658 3084 suo
1674 3053 1710 3084 ct
1737 3059 1865 3096 magna
1900 3051 2054 3089 militum
2093 3065 2201 3092 manu
2221 3086 2232 3102 ,
2255 3070 2363 3106 quant

1287 3107 1484 3144 exercitum
1508 3114 1612 3144 vocat
1635 3107 1918 3158 Chrysoslomtts
1939 3124 1948 3149 :
1972 3113 2230 3166 ingressusque
2247 3121 2280 3157 in
2304 3133 2364 3160 cc-

1285 3169 1433 3207 clesiam
1468 3170 1506 3208 S.
1527 3171 1677 3209 Thomm
1696 3174 1847 3220 apostoli
1865 3203 1874 3218 ,
1891 3177 2011 3224 posito
2028 3177 2234 3220 diademate
2263 3185 2361 3222 dehi-

1287 3239 1360 3270 tunt
1377 3235 1512 3271 cultmn
1525 3242 1562 3273 et
1577 3236 1751 3274 hOuorem
1769 3244 1966 3288 martyrum
1985 3241 2160 3290 Reliquiis
2173 3249 2362 3292 prmstitit:

1285 3295 1520 3344 similiterque
1556 3298 1733 3336 satellites
1771 3300 1851 3348 ejus
1883 3312 1926 3340 ac
1967 3305 2102 3342 milites
2135 3335 2146 3351 ,
2188 3308 2363 3357 depositis

1284 3359 1422 3407 clypeis
1451 3367 1486 3398 et
1517 3361 1652 3398 lanceis
1688 3363 1733 3400 ad
1771 3371 1968 3414 martyrum
2006 3368 2146 3408 thecam
2183 3376 2364 3419 precaturi

1284 3431 1530 3461 accesserunt.
1566 3425 1772 3474 Posteaque
1787 3427 1954 3467 discessit
1983 3442 2064 3470 cum
2094 3437 2266 3473 comitatu
2295 3447 2362 3473 suo

1284 3486 1460 3523 Arcadius
1480 3486 1691 3534 Imperator,
1725 3499 1793 3527 nec
1821 3493 1985 3530 conrioui
2008 3507 2089 3534 mox
2113 3497 2287 3534 habenda:
2309 3497 2360 3533 in-

1285 3547 1406 3584 terfuit
1431 3559 1440 3583 :
1463 3549 1744 3598 Chrysostomtts
1777 3563 1864 3591 vero
1895 3555 2082 3594 h'omiliam
2116 3569 2219 3594 suam
2252 3557 2358 3592 dixit.

1283 3609 1476 3658 Postquam
1507 3611 1652 3650 Arcadii
1681 3621 1718 3650 et
1736 3615 1896 3654 satellitii
1915 3619 1996 3664 ejus
2015 3620 2182 3665 pietatem
2211 3624 2249 3654 ct
2268 3627 2360 3652 mur-

1284 3673 1424 3721 tyribus
1443 3675 1640 3720 pnrstitum
1661 3677 1798 3714 cultum
1819 3679 2086 3726 descripserat,
2108 3689 2265 3724 praesens
2289 3689 2356 3714 sm-

1281 3735 1402 3772 culutn
1421 3746 1504 3773 cutn
1526 3736 1647 3775 futuro
1672 3741 1920 3786 comparavit,
1941 3740 2010 3776 hoc
2027 3739 2136 3774 breve
2153 3744 2190 3774 ct
2208 3737 2359 3778 laborio

1281 3808 1362 3835 sum
1391 3809 1472 3837 esse
1503 3800 1654 3848 dicens,
1674 3802 1762 3839 illud
1798 3812 1910 3840 suave
1939 3808 1976 3838 et
2009 3801 2202 3845 inﬁnitum,
2224 3801 2260 3838 in
2287 3813 2359 3851 quo

1282 3860 1546 3900 immortalibus
1566 3863 1727 3901 fruemur
1744 3863 1901 3902 coronis.
1914 3861 2078 3899 ﬂuminis
2095 3863 2131 3899 in
2142 3869 2236 3900 statu
2257 3865 2360 3907 inut).

1281 3925 1408 3962 cautim
1435 3926 1642 3972 dignitatem
1665 3932 1902 3974 t'rpra-scntal
1921 3935 1930 3965 :
1954 3923 2018 3962 sed
2037 3924 2163 3971 prohat
2183 3937 2248 3964 nos
2277 3937 2359 3977 post
