2694 4342
328 230 390 267 171

326 313 512 356 peccatum
535 303 662 342 Adaml
682 301 726 343 ad
752 301 887 347 majora
909 307 1057 337 vocatos
1078 299 1204 337 fuisse.
1227 299 1405 336 Resurrc-

327 369 483 406 etiouem
495 366 649 401 futuram
667 364 700 400 in
714 364 826 400 veteri
840 363 916 410 lege
927 363 1083 399 obscure
1095 362 1285 399 indicatam
1297 361 1406 397 fuisse

320 431 405 467 dicit
422 439 432 472 ;
453 427 515 463 sed
534 427 606 473 jam
620 426 738 462 omnia
756 426 860 474 plana
879 432 915 463 et
935 425 1124 472 perspicua
1143 435 1240 470 esse,
1259 422 1405 462 multis-

319 501 388 539 que
422 489 552 525 additis
571 490 678 525 liuent
697 487 936 526 conciouandi
956 487 1053 524 fecit.

373 551 577 588 Verisimile
603 555 658 586 est
685 550 779 586 inter
805 550 871 586 bas
902 549 1069 586 honiilias
1102 547 1294 586 duodecim
1323 557 1404 594 qum

321 615 368 652 ab
399 625 495 652 anno
525 619 689 650 vertente
721 613 791 651 598
827 614 920 651 ultra
958 613 1196 650 Pcntccosten
1228 611 1312 648 anui
1333 610 1404 648 599

319 677 453 715 habita:
475 677 642 722 fuerunt,
661 678 750 714 alias
769 687 835 713 nec
857 686 993 723 paucas
1023 675 1275 712 intercessisse
1292 701 1302 718 ,
1322 684 1403 720 qua:

318 742 374 780 vel
391 742 547 788 periere,
569 742 625 778 vel
655 741 749 778 inter
773 741 890 777 editas
913 739 1038 787 posita:
1069 739 1153 774 anni
1177 745 1296 774 notam
1319 736 1401 772 nul-

317 803 389 840 lam
411 814 484 850 prae
502 814 542 840 se
563 804 694 840 ferunt.
719 804 807 848 Qua:
831 801 995 848 sequitur
1015 807 1136 836 autem
1169 799 1204 836 in
1225 797 1402 834 Vaticano

317 865 452 902 Codice
473 872 597 912 quarta
614 875 782 908 munero,
797 871 880 912 post
900 862 1150 910 Septembrem
1171 871 1348 904 mensem,
1364 866 1403 896 ut

317 935 500 975 putamus,
521 927 606 964 anui
625 927 694 963 598
714 927 833 963 liabila
850 925 914 961 fuit
929 926 962 960 in
982 923 1116 971 templo
1131 922 1169 960 S.
1186 922 1399 966 Auastasim,

317 997 355 1027 ιιι
375 991 410 1026 in
430 989 532 1026 titulo
553 989 678 1026 fertur.
701 988 752 1024 lbi
775 994 966 1035 postquam
985 987 1030 1022 de
1053 986 1236 1033 paucitate
1255 984 1399 1022 audito-

317 1064 399 1090 rum
431 1059 652 1099 Conquestus
675 1051 806 1093 fuerat,
827 1050 872 1086 de
900 1050 1071 1097 patientia
1101 1047 1180 1086 Jobi
1201 1048 1344 1094 longam
1365 1052 1402 1084 et

315 1116 518 1163 elegantem
541 1114 667 1150 habuit
687 1119 905 1150 orationem.

362 1178 548 1216 Coucioucs
564 1176 872 1213 alim—llomilia
892 1175 1016 1222 quinta
1036 1173 1223 1217 \‘atiCana,
1236 1172 1400 1210 utfertur

314 1241 350 1278 in
378 1241 495 1284 titulo,
516 1241 552 1276 in
587 1239 721 1285 templo
741 1241 886 1278 Sanctae
916 1237 1039 1274 lrenes
1058 1237 1152 1274 dicta
1187 1236 1266 1273 fuit.
1299 1236 1336 1272 ln
1356 1248 1396 1273 ea

317 1303 603 1347 Chrysoslomus
636 1302 680 1338 dc
700 1301 913 1338 absentibus
931 1300 1165 1347 conqueritur
1182 1306 1217 1336 et
1242 1299 1287 1336 de
1306 1311 1398 1346 pra:—

313 1366 478 1402 sentibus
499 1364 702 1412 gratulatur
723 1363 790 1400 :de
811 1363 1038 1399 Psalmorum
1059 1369 1167 1398 cantu
1189 1361 1262 1407 agit
1276 1389 1284 1402 ,
1311 1371 1397 1407 pro-

314 1426 448 1473 batque
467 1426 682 1464 muliebrem
701 1436 828 1462 sexum
847 1424 1143 1472 impedimentum
1164 1435 1235 1463 non
1252 1433 1332 1460 esse
1351 1423 1396 1459 ad

310 1488 453 1524 virtutis
470 1489 698 1525 exercitium.

365 1549 476 1586 Sexta
494 1556 615 1586 autem
638 1548 768 1585 concio
787 1548 908 1585 habita
929 1553 984 1585 est
1023 1545 1058 1582 in
1077 1546 1228 1584 ecclesia
1242 1545 1395 1584 Sancto-

317 1620 398 1647 rum
417 1611 674 1657 Apostolorum
696 1639 706 1653 ,
727 1611 836 1647 indie
863 1610 1058 1647 Theodosii
1083 1609 1335 1658 Imperatoris,
1357 1614 1396 1644 ut

314 1671 449 1708 ibidem
468 1671 596 1708 fertur.
625 1672 819 1719 Postquam
836 1672 909 1708 duo
931 1673 990 1708 alii
1011 1672 1186 1718 episcopi,
1209 1682 1274 1717 pro
1293 1681 1395 1707 more

317 1731 413 1768 illius
433 1731 524 1774 invi,
557 1732 762 1768 concionati
792 1732 960 1776 fuerant,
983 1732 1268 1779 Clirys0stonius
1300 1731 1394 1766 hanc

316 1799 443 1831 contra
471 1793 650 1829 Catharos
668 1793 743 1829 sive
765 1793 878 1828 Puros
902 1792 1085 1828 homiliam
1107 1791 1197 1827 dixit
1217 1803 1224 1827 :
1245 1791 1392 1827 Cathari

313 1863 436 1893 autem
455 1855 504 1891 illi
534 1854 722 1898 Novatiani
749 1861 866 1890 erant.
887 1854 1009 1890 Primo
1038 1853 1164 1889 ambos
1201 1853 1392 1900 episcopos

310 1917 460 1961 laudat;
481 1927 635 1963 quorum
662 1917 754 1953 alter
786 1915 909 1963 junior
928 1943 938 1959 ,
971 1915 1114 1961 inquit,
1149 1915 1246 1951 senis
1278 1915 1394 1961 gravi-

310 1987 423 2016 tatem
453 1991 463 2023 ;
485 1980 578 2017 alter
604 1990 714 2016 senex
735 2007 746 2023 ,
765 1979 922 2026 junioris
953 1979 1064 2016 robur
1093 1989 1166 2026 pra:
1181 1989 1220 2014 se
1239 1977 1390 2015 ferebat.

312 2042 449 2078 Deinde
469 2041 715 2078 Theodosium
742 2041 909 2089 Magnum
947 2040 1115 2077 laudibus
1140 2040 1264 2083 ell‘ert,
1287 2041 1391 2088 cujus

309 2104 387 2141 dies
406 2113 490 2141 tunc
510 2105 776 2148 celebrabatur,
794 2114 936 2150 nempe,
952 2109 991 2140 ut
1006 2103 1201 2139 verisimile
1218 2108 1393 2144 est,mor-

310 2168 357 2203 tis
377 2168 468 2213 ejus,
488 2167 548 2214 qui
583 2167 747 2203 Januarii
782 2166 926 2202 decimo
961 2166 1116 2212 septimo
1137 2165 1197 2202 die
1225 2165 1388 2212 contigit.

312 2226 414 2264 Unde
425 2228 587 2274 arguitur
602 2228 694 2264 hanc
711 2227 893 2263 homiliam
908 2237 1032 2264 mense
1045 2226 1215 2264 Januario
1225 2227 1307 2262 anni
1320 2226 1390 2264 599

308 2287 442 2324 dictam
477 2289 586 2325 fuisse
605 2316 614 2332 ,
634 2287 860 2325 Theodosius
891 2294 1010 2325 autem
1040 2299 1136 2324 anno
1150 2288 1220 2326 595
1237 2288 1388 2324 obierat.

311 2351 413 2391 llunc
431 2351 690 2398 Imperatorem
714 2351 876 2388 Celebrat
904 2351 997 2387 illea
1025 2352 1160 2398 pietate
1177 2357 1213 2387 et
1239 2361 1259 2387 a
1274 2351 1389 2388 victo-

313 2413 375 2450 riis
393 2442 402 2456 ,
421 2423 511 2460 quas
529 2413 728 2460 opitulante
752 2412 824 2448 Deo
843 2412 966 2449 retulit
987 2412 1030 2449 de
1051 2415 1214 2461 tyrannis
1234 2413 1390 2450 Maximo

309 2477 347 2512 et
380 2475 554 2522 Eugenio.
593 2477 691 2519 Quas
726 2475 786 2512 ille
820 2476 990 2512 victorias
1020 2476 1130 2512 tacito
1155 2484 1386 2524 tyrannorum

310 2537 453 2573 nomine
475 2538 520 2573 ita
548 2537 673 2580 refert,
695 2544 734 2574 ut
754 2538 799 2574 ab
816 2538 896 2574 aliis
923 2539 1161 2584 scriptoribus
1180 2545 1385 2575 narrantur.

311 2597 464 2634 llomilia
498 2608 586 2634 vero
605 2597 730 2635 isthicc
752 2599 787 2634 in
816 2599 939 2635 medio
961 2609 1088 2646 magna
1114 2600 1167 2636 sui
1188 2607 1288 2646 parte
1307 2611 1387 2636 inu-

310 2661 372 2696 tila
391 2666 461 2701 est.
483 2661 529 2696 ita
549 2667 588 2696 ut
616 2661 881 2713 quamplurima
903 2671 1030 2697 eorum
1049 2689 1058 2704 ,
1077 2672 1157 2708 qua:
1173 2667 1300 2698 contra
1321 2659 1389 2698 Ca-

310 2727 435 2760 tharus
449 2733 513 2760 seu
536 2723 756 2772 Novatiauos
775 2723 1000 2766 dicebantur,
1023 2723 1225 2760 exciderint
1243 2733 1285 2759 ac
1302 2734 1386 2770 per-

311 2785 430 2822 ierint.
452 2783 640 2820 Novaiiani
663 2791 782 2820 autem
817 2791 900 2820 tunc
919 2783 1234 2831 Constantinopoli
1257 2794 1388 2831 magno

311 2857 462 2883 numero
481 2853 598 2890 erant,
616 2847 827 2893 episcopatu
849 2856 923 2882 sua:
951 2853 1059 2882 secta:
1083 2847 1302 2894 peculiarem
1323 2847 1386 2882 lia-

313 2909 472 2951 liebant,
494 2919 536 2944 ae
567 2918 647 2944 sese
689 2919 792 2954 puros
825 2907 1079 2956 appellabant:
1113 2918 1182 2955 qua
1211 2907 1257 2945 de
1277 2918 1385 2944 causa

312 2971 395 3008 illos
415 2973 591 3007 acerrime
608 2971 817 3017 perstringit
834 2972 1116 3018 Clu-ysostomus
1129 2998 1138 3014 ,
1159 2978 1198 3008 ut
1217 2972 1251 3007 in
1271 2971 1388 3008 homi-

312 3035 368 3070 liaa
390 3035 459 3070 line
479 3034 615 3070 videas.

363 3097 427 3133 llic
458 3107 544 3133 vero
577 3094 738 3142 qua'daln
758 3094 1088 3141 animadvertenda
1119 3101 1224 3140 sunt,
1257 3107 1388 3143 nempe

312 3156 494 3193 homiliam
516 3157 610 3193 illam
631 3157 831 3193 breviorem
848 3156 972 3198 fuisse.
989 3157 1070 3203 quia
1092 3164 1172 3204 post
1189 3158 1278 3195 duas
1299 3159 1388 3197 alias

311 3229 334 3254 τι
349 3219 488 3255 duobus
504 3218 681 3264 episcopis
699 3217 826 3254 eodem
845 3219 902 3254 die
919 3225 956 3258 et
971 3219 1003 3254 in
1025 3219 1150 3255 eadem
1169 3219 1254 3257 sede
1274 3220 1388 3257 dictas

313 3279 430 3314 habita
455 3279 518 3314 fuit
537 3291 544 3315 :
561 3279 720 3315 secundo
738 3285 817 3325 post
835 3280 926 3315 hanc
939 3280 1122 3316 homiliam
1143 3282 1273 3318 multas
1293 3282 1388 3319 haud

313 3340 420 3378 dubie
436 3341 523 3375 alias
541 3340 679 3375 habitas
700 3341 808 3378 fuisse
835 3351 853 3376 a
894 3353 1017 3378 mense
1041 3342 1212 3380 Januario
1243 3344 1286 3379 ad
1317 3345 1387 3380 Pa-

311 3400 398 3441 scha
419 3401 503 3436 arui
519 3399 601 3441 599,
615 3411 686 3446 quo
700 3400 758 3438 die
773 3402 864 3437 dicta
885 3403 948 3439 fuit
966 3405 1093 3440 concio
1113 3415 1266 3451 sequens
1285 3416 1292 3440 :
1309 3417 1388 3452 quae

317 3463 473 3507 bomilia:
493 3462 548 3497 vel
571 3463 767 3508 perierunt,
789 3464 844 3499 vel
864 3466 892 3499 si
909 3465 1027 3501 adhuc
1060 3467 1152 3502 inter
1180 3466 1295 3503 editas
1324 3478 1387 3504 su-

311 3525 462 3577 persint,
479 3525 610 3560 nullam
629 3525 684 3561 vel
701 3524 721 3559 d
735 3525 772 3560 ei
789 3526 841 3562 vel
861 3529 943 3562 anni
960 3533 1080 3562 notam
1106 3538 1179 3574 pra:
1194 3537 1234 3564 se
1253 3528 1386 3565 ferunt.

361 3588 446 3624 Ροςῑ
468 3586 651 3622 homiliam
685 3586 790 3632 igitur
810 3587 905 3622 illam
923 3596 1046 3624 contra
1069 3590 1243 3626 (Iatliaros
1264 3593 1298 3626 in
1319 3592 1389 3628 Co-

313 3649 392 3686 dice
408 3649 582 3685 \'atieano
596 3649 757 3695 sequitur
779 3647 1053 3695 homilia,cujus
1069 3651 1206 3695 titulus,
1221 3652 1389 3689 Adversus

314 3723 383 3752 eos,
401 3712 461 3756 qui
480 3713 525 3746 ad
543 3710 760 3758 hippodromi
778 3716 808 3745 et
823 3710 1032 3746 (lieutrorum
1047 3714 1240 3757 spectacula
1254 3725 1290 3750 se
1307 3725 1389 3751 con-

316 3774 428 3816 ferunt
448 3772 508 3819 (Τ.
529 3774 565 3810 6.
588 3784 620 3809 c.
635 3771 730 3819 265)
757 3785 766 3808 ι
791 3771 894 3816 cujus
913 3771 1054 3808 initium
1075 3779 1144 3815 est,
1165 3775 1313 3811 hirci-ine
1339 3778 1390 3823 fe-

316 3835 451 3871 renda?
470 3836 619 3873 haccine
638 3835 846 3872 toleranda?
870 3833 971 3871 Vobis
991 3835 1081 3870 enim
1110 3836 1194 3882 ipsis
1214 3839 1389 3884 judicibm

313 3903 429 3938 «inira
447 3907 506 3934 eos
529 3895 658 3942 atirolo
677 3906 785 3946 quam
801 3895 976 3935 edidimus
992 3895 1049 3946 (Τ.
1066 3897 1102 3934 6.
1117 3907 1148 3933 c.
1164 3895 1250 3946 265)
1267 3911 1273 3935 :
1288 3899 1387 3938 ideo-

1063 222 1100 259 S.
1128 219 1316 260 JOANNIS
1343 219 1660 259 CllllYSOSTOMI
1691 223 1810 268 “TA,

2467 235 2522 272 l7!

1480 309 1550 344 uite
1567 300 1664 338 illam
1680 300 1714 336 in
1731 299 1825 338 serie
1839 300 1991 338 aliarum
2010 301 2255 340 Vaticanarum
2270 312 2519 352 prxterixnttea.

1477 359 1559 398 dam
1585 361 1766 400 duximus.

1525 422 1614 468 Quia
1635 434 1721 460 vero
1743 425 1778 460 in
1801 424 1957 461 bomilia:
1977 435 2080 462 nonte
2109 428 2288 474 sequentis
2317 429 2410 466 titulo
2434 439 2466 470 et
2492 434 2520 472 in

1478 483 1553 530 ipsa
1577 485 1722 522 bomilia
1741 496 1834 523 nona
1856 487 1964 524 multa
1986 487 2174 533 habentur,
2193 501 2269 536 qum
2287 491 2328 528 ad
2359 493 2518 534 historiam

1477 545 1570 583 hanc
1590 547 1722 584 clarius
1745 554 1781 585 et
1797 548 1947 593 certius,
1969 560 2075 596 quam
2095 550 2128 586 in
2150 550 2281 588 Moniio
2300 553 2453 599 diximus,
2473 569 2519 595 re-

1452 627 1460 635 ο
1476 610 1661 649 ferendam
1677 612 1816 658 juvant,
1837 611 1896 649 hic
1912 623 1988 650 rein
2005 619 2116 650 totam
2147 615 2224 652 sine
2249 615 2362 663 lapSUs
2383 620 2518 666 periculo

1476 675 1718 712 narrabimus.

1523 735 1652 785 lugens
1673 738 1787 785 pluvia
1813 738 2118 787 Constantinopoli.
2137 759 2185 766 —
2205 739 2305 777 Anno
2327 742 2412 789 599,
2432 750 2512 792 pust-

1474 809 1582 846 qnam
1621 811 1730 836 unum
1769 801 1843 847 jam
1882 812 2016 838 annum
2059 802 2094 838 in
2138 802 2338 850 episcopatu
2372 816 2515 844 emensui

1473 867 1552 898 erat
1585 861 1898 909 Chrysostomus,
1932 863 2120 900 ordinatus
2165 874 2290 910 nempe
2335 876 2424 902 anno
2459 866 2514 904 393

1472 923 1520 961 26
1547 924 1759 968 Februarii;
1801 925 1888 961 feria
1921 932 2046 972 quarta
2084 924 2333 971 licbdomadte,
2359 939 2430 974 qu:e
2458 940 2505 966 an~

1473 997 1520 1023 no
1559 987 1630 1024 599
1663 987 1843 1025 incidebat
1870 988 1903 1024 in
1936 995 2074 1024 sextam
2114 989 2273 1035 Aprilis,
2304 995 2370 1026 tam
2408 993 2510 1039 ingens

1472 1049 1590 1096 pluvia
1610 1049 1760 1092 decidit,
1781 1057 1818 1087 ut
1838 1057 1955 1087 metus
1968 1057 2065 1088 esset
2085 1061 2129 1088 nc
2153 1051 2228 1100 agri
2257 1051 2508 1098 devastareutur,

1471 1122 1680 1159 messesmie
1697 1122 1824 1150 omnes
1846 1112 1880 1148 in
1897 1113 2092 1160 perniciem
2109 1119 2264 1150 ruerent.
2288 1113 2370 1151 llinc
2393 1125 2508 1162 preces,

1470 1173 1766 1220 supplicationes.
1785 1181 1820 1211 et
1838 1174 2102 1220 processiones,
2117 1175 2285 1222 episcopo
2306 1175 2390 1212 duce
2407 1183 2438 1212 et
2451 1184 2510 1212 toto

1469 1242 1710 1272 Concurrente
1722 1236 1854 1284 populo
1871 1236 1914 1273 ad
1934 1236 2124 1274 ecclesiam
2154 1238 2409 1285 Apostolorum.
2441 1239 2510 1276 l‘ost

1469 1296 1546 1334 huic
1569 1297 1683 1333 imbre
1698 1305 1877 1348 cessante,
1902 1297 2056 1335 necdum
2074 1297 2212 1334 sublata
2240 1298 2430 1344 formidine,
2452 1307 2509 1336 ιπη-

1464 1359 1563 1406 jecto
1593 1359 1745 1396 navibus
1777 1359 1954 1407 Bosporo,
1989 1360 2032 1396 ad
2067 1359 2255 1397 ecclesiam
2288 1360 2346 1398 SS.
2383 1361 2509 1400 Pctriet

1467 1420 1585 1465 Pauli,
1604 1421 1637 1457 iu
1657 1421 1820 1468 opposita
1842 1424 1952 1458 maris
1969 1433 2031 1458 ora
2053 1422 2173 1468 sitam,
2199 1433 2278 1459 cum
2298 1423 2450 1470 episc0p0
2467 1431 2510 1459 to-

1469 1491 1523 1520 tus
1537 1491 1652 1520 cretus
1669 1485 1838 1521 accurrit.
1863 1485 1938 1522 lloc
1958 1484 2135 1532 perfuncti
2157 1485 2310 1533 periculo
2329 1486 2508 1523 Constanti-

1466 1545 1664 1591 nopolitani
1681 1545 1861 1592 plerique,
1881 1558 1948 1582 una
1969 1554 2105 1582 tantum
2125 1547 2329 1594 interposita
2347 1546 2410 1589 die,
2427 1558 2509 1582 neui-

1467 1617 1510 1654 pe
1529 1606 1615 1643 feria
1635 1609 1759 1655 quinta
1778 1607 1812 1644 in
1842 1606 1952 1645 Cinna
1980 1609 2136 1653 Domini,
2169 1619 2248 1645 cum
2278 1608 2311 1644 in
2338 1609 2508 1644 l’arasCeie

1465 1669 1537 1705 ludi
1559 1676 1748 1716 equestres
1767 1669 2006 1718 agitarentur,
2026 1670 2113 1708 nihil
2133 1677 2298 1707 curantes
2316 1670 2402 1707 diem
2429 1670 2507 1707 illam

1464 1741 1620 1776 sacram,
1640 1732 1684 1768 ad
1708 1731 1777 1769 hoc
1793 1733 2039 1779 spectaculum
2061 1740 2304 1776 accurreruut,
2325 1733 2451 1770 interim
2465 1733 2507 1768 ιιι-

1463 1792 1685 1836 gemiscente
1702 1793 1874 1841 domique
1891 1794 2040 1831 sedente
2058 1795 2312 1844 Cbrysostomo
2331 1795 2480 1841 episcopo
2499 1805 2506 1830 :

1463 1853 1536 1888 imo
1550 1853 1608 1889 die
1623 1861 1809 1900 sequente,
1825 1866 1954 1903 nempe
1969 1857 2119 1892 sabbato
2131 1863 2267 1897 sancto.
2283 1856 2324 1893 ad
2340 1855 2507 1893 theatrales

1463 1913 1567 1950 ludos
1583 1924 1624 1950 se
1641 1916 1885 1958 contulerunt,
1908 1917 1966 1953 ubi
1986 1918 2187 1954 meretricia
2203 1924 2304 1954 erant
2317 1916 2506 1964 spectacula,

1461 1985 1542 2022 quae
1563 1976 1769 2024 singulatim
1785 1984 1822 2014 et
1841 1979 1986 2026 egregie
2004 1980 2164 2027 depingit
2182 1979 2457 2027 Chrysostoinus,
2479 1978 2506 2012 in

1461 2039 1652 2082 concione,
1675 2050 1782 2086 quam
1798 2039 1856 2077 die
1875 2041 2061 2079 Paschalis
2079 2042 2216 2086 habuit,
2236 2043 2293 2079 ubi
2314 2043 2346 2078 in
2365 2040 2507 2088 primari-

1460 2107 1603 2137 eatorcs
1623 2101 1830 2148 hujusmodi
1847 2104 2062 2150 gravissime
2089 2104 2294 2141 invehitur:
2318 2104 2508 2148 deimnnque

1462 2161 1496 2196 in
1513 2161 1594 2197 illos
1609 2164 1998 2201 excommunicatimus
2013 2166 2226 2202 sententiam
2241 2163 2506 2212 pronuntiat,sed

1460 2223 1716 2261 comminando
1736 2231 1888 2269 tantum,
1912 2232 1947 2262 ut
1969 2233 2068 2274 puto,
2085 2234 2122 2265 et
2142 2235 2180 2264 ut
2197 2228 2232 2264 iu
2249 2227 2369 2264 eodem
2394 2225 2506 2263 llonito

1460 2284 1622 2330 pluribus
1638 2285 1732 2324 dixi.

1507 2345 1610 2382 Circa
1633 2346 1744 2392 diem,
1765 2358 1837 2394 qua
1856 2348 1936 2386 hmc
1953 2350 2081 2387 concio
2099 2350 2191 2387 dicta
2215 2349 2290 2394 fuit,
2307 2347 2429 2396 aliquid
2447 2347 2505 2384 dif-

1460 2406 1629 2444 ficultatis
1647 2408 1734 2445 mihi
1749 2409 1870 2447 oﬂ‘erri
1889 2411 2088 2448 videbatur.
2108 2412 2201 2449 Dixit
2216 2413 2273 2450 ille
2291 2413 2322 2448 in
2337 2411 2508 2453 concione,

1459 2477 1536 2506 ante
1551 2478 1618 2507 tres
1637 2472 1708 2508 dies
1728 2471 1834 2509 imber
1847 2474 1978 2522 ingens.
2003 2473 2122 2512 Imber
2137 2476 2196 2512 ille
2208 2476 2290 2513 feria
2309 2481 2424 2522 quarta
2441 2483 2505 2508 ma-

1455 2532 1546 2578 joris
1567 2532 1804 2571 liebdomadm
1819 2535 1954 2572 decidit
1973 2548 1982 2574 :
2001 2537 2088 2573 feria
2106 2538 2228 2584 quinta
2250 2537 2333 2574 nihil
2353 2545 2506 2572 memora-

1460 2601 1518 2632 tur
1533 2597 1702 2634 incidisse
1720 2609 1729 2641 ;
1757 2597 1845 2635 feria
1865 2606 1964 2635 sexta
1985 2600 2020 2636 in
2043 2600 2241 2638 Parasceve
2258 2600 2300 2636 ad
2333 2599 2427 2636 ludos
2448 2597 2506 2632 cir-

1458 2667 1600 2701 censes,
1623 2658 1774 2694 sabbato
1791 2659 1835 2695 ad
1855 2660 2042 2697 tlieatralia
2062 2662 2262 2708 spectacula
2284 2662 2365 2697 itum
2382 2665 2429 2696 est
2447 2657 2504 2694 :ila

1458 2725 1497 2754 ut
1518 2718 1663 2754 bomilia
1686 2720 1786 2756 istaec
1803 2722 1952 2758 omnino
1975 2722 2070 2758 dicta
2098 2723 2207 2760 fuisse
2233 2722 2386 2758 videatur
2402 2718 2503 2755 Domi-

1459 2781 1540 2818 nica
1562 2781 1852 2820 Resurrectionis
1873 2784 2028 2822 Domini.
2051 2785 2181 2822 Verum
2203 2794 2285 2822 tunc
2301 2783 2388 2831 apud
2400 2780 2510 2818 medim

1458 2844 1585 2880 cebam
1610 2856 1618 2880 :
1637 2845 1725 2887 Cur,
1747 2846 1777 2881 si
1798 2846 1876 2882 dies
1897 2846 2084 2884 l’ascliatis
2101 2855 2193 2888 erat,
2219 2858 2264 2884 ne
2283 2845 2421 2883 verbum
2436 2840 2503 2888 qui-

1459 2906 1541 2943 dem
1563 2907 1608 2943 de
1639 2907 1814 2945 PaSehate
1839 2909 1954 2946 dicit?
1985 2910 2114 2947 Verum
2150 2918 2332 2957 postquam
2363 2904 2504 2943 liomilias

1460 2969 1569 3005 hasce
1589 2968 1809 3015 dcte-ximus,
1833 2972 1927 3006 nulla
1947 2972 2020 3021 jam
2039 2971 2232 3008 difficultas
2249 2975 2417 3017 superest,
2435 2973 2502 3002 eum

1459 3029 1495 3066 in
1513 3030 1614 3066 titulo
1636 3030 1794 3068 bomilia:
1813 3043 1917 3068 nonae
1937 3034 2134 3080 sequentis,
2156 3039 2190 3069 et
2214 3033 2248 3069 in
2278 3030 2412 3068 homilia
2443 3027 2502 3073 ipsa

1459 3094 1614 3136 dicatur,
1627 3094 1724 3130 diem
1747 3094 1842 3130 illaut
1862 3095 1896 3132 iu
1915 3107 1985 3142 qua
2007 3103 2078 3134 tam
2107 3097 2262 3143 graviter
2287 3095 2363 3130 illos
2386 3091 2506 3127 circen-

1459 3155 1604 3192 siuinet
1629 3155 1854 3192 theatralium
1887 3157 2052 3194 ludorum
2085 3165 2305 3204 spectatores
2335 3154 2504 3191 insecutus

1459 3224 1527 3260 est,
1551 3218 1773 3256 DomiuiCam
1798 3219 1906 3256 fuisse
1921 3227 2027 3267 atque
2047 3221 2138 3258 adeo
2163 3221 2257 3257 diem
2287 3213 2505 3255 Resurrectio-

1460 3281 1515 3318 nis
1528 3281 1683 3325 Domini,
1701 3293 1806 3327 quam
1824 3283 1904 3319 ideo
1921 3293 1991 3319 non
2008 3283 2300 3320 commemoravit
2318 3281 2505 3326 Chrysosto-

1460 3353 1552 3384 mus,
1571 3343 1665 3390 quod
1681 3350 1804 3379 contra
1824 3351 2046 3390 spectatores
2061 3346 2141 3382 illos
2155 3346 2308 3393 graviter
2318 3343 2502 3379 succensus.

1461 3414 1536 3439 rem
1559 3404 1654 3438 illam
1672 3404 1776 3440 unice
1793 3406 1983 3451 cogitaret.

1509 3464 1661 3500 llomilia
1677 3466 1827 3512 septima
1851 3466 1884 3501 in
1900 3467 2050 3503 ecclesia
2063 3467 2209 3506 Sancta!
2239 3462 2424 3503 Anastasire
2451 3456 2506 3492 ha-

1461 3527 1532 3563 bita
1556 3527 1636 3570 fuit,
1657 3527 1715 3564 ubi
1737 3529 1900 3565 modicus
1913 3535 2005 3572 erat,
2027 3530 2141 3576 inquit
2159 3530 2231 3574 ille,
2251 3527 2506 3564 auditorumnu-

1461 3601 1582 3627 merus
1596 3599 1606 3626 :
1626 3601 1744 3638 neque
1761 3597 1878 3628 tamen
1895 3591 1974 3628 ideo
1984 3593 2235 3636 conqueritur;
2252 3589 2312 3627 sed
2324 3582 2504 3629 exemplum

1460 3650 1696 3689 Samaritana:
1723 3652 1854 3696 affert;
1876 3664 1982 3698 quam
2012 3654 2095 3690 licet
2128 3663 2234 3689 unam
2268 3655 2410 3687 tantum.
2436 3639 2506 3688 quia

1463 3719 1582 3749 tamen
1604 3714 1773 3750 audiendi
1792 3714 1912 3750 studio
1941 3713 2117 3758 fervebat,
2137 3714 2243 3760 longo
2260 3716 2415 3756 tempore
2430 3702 2507 3738 ιιΙΙο·

1460 3783 1592 3823 quutus
1609 3784 1664 3814 est
1693 3777 1872 3814 Christus.
1907 3777 2042 3815 Deinde
2075 3787 2162 3815 vero
2191 3774 2346 3824 pluribus
2371 3766 2512 3814 εκιιιίσπι

1460 3839 1544 3885 quiti
1563 3839 1631 3876 sibi
1651 3840 1736 3876 velit
1754 3839 1897 3882 Paulus,
1911 3850 1991 3876 cum
2006 3840 2066 3883 ait,
2087 3840 2130 3875 de
2142 3836 2390 3885 ron/irritatio":
2406 3828 2506 3866 Era"

1463 3903 1559 3950 gelii,
1581 3910 1616 3940 et
1633 3905 1668 3940 in
1687 3905 1742 3942 liis
1759 3904 1959 3942 orationem
1977 3905 2120 3943 claudit.
