2694 4342
143 254 208 291 1⁸73

190 329 286 366 Dicta
322 329 427 366 fuisse
458 329 597 366 videtur
628 330 704 368 [nec
736 331 881 366 bomilia
911 331 945 366 itt
981 330 1202 366 bebdomada

143 391 350 429 Paschalis:
375 401 452 427 nam
471 389 530 438 qni
557 391 723 428 hmnilias
749 392 856 429 hasce
878 392 910 427 in
935 392 1012 439 ipso
1041 398 1204 438 tempore

147 451 340 498 colligebat,
361 461 378 486 a
401 451 583 487 Paschalis
602 457 776 498 tempore,
798 458 832 488 ut
855 463 897 488 ex
925 453 1036 488 titulis
1054 453 1202 488 concio-

147 523 227 550 num
247 513 534 560 deprehenditur,
558 514 618 550 illo
639 524 710 562 quo
743 514 954 551 dicebantur
983 515 1109 551 ordine
1142 525 1204 551 eas

145 575 342 621 descripsrt.
359 576 450 613 Ante
468 576 602 613 Pascha
619 578 730 622 enim,
763 584 801 614 ut
824 587 930 624 Supra
957 577 1128 619 diximus,
1159 588 1204 614 ex

148 636 434 674 tttultisltomiliis
461 648 593 686 paucas
623 639 808 684 collegisse
840 639 991 676 videtur.
1021 639 1100 680 (Non
1123 650 1205 675 eon-

147 700 298 746 queritur
312 706 429 737 autem
445 699 725 749 Chrysostomus
744 703 778 738 in
795 701 862 738 hac
883 702 1072 746 cnncione,
1108 702 1202 748 quod

149 760 241 808 pauci
261 761 440 798 auditores
450 762 722 810 adessent,quia
743 773 814 800 non
833 763 866 799 in
884 763 1010 810 majori
1037 763 1202 808 ecclesia,

153 823 202 859 ubi
219 833 371 871 synaxcs
394 823 467 860 fieri
489 824 669 870 solebant,
689 825 752 862 sed
767 825 801 862 itt
820 825 971 863 ecclesia
991 825 1030 862 S.
1055 827 1205 862 Anasta-

147 884 204 920 sia:
223 884 518 922 concionabatur.

191 945 323 982 Octava
341 948 468 983 concio
488 957 562 983 rem
586 957 732 994 prorsus
747 947 928 986 insolitam
949 949 1050 985 nobis
1062 949 1204 986 exhibet

145 1013 250 1053 atque
269 1007 594 1045 inauditam.Tunc
616 1008 828 1046 Gottltorum
849 1021 930 1057 pars
956 1011 1125 1056 ntaxima,
1145 1012 1204 1058 qui

143 1068 199 1104 vel
221 1067 548 1116 Constantinopoli,
568 1070 622 1106 vel
653 1071 788 1108 circum
817 1078 932 1114 erant,
964 1073 1205 1110 Arianismum

145 1131 384 1167 sectabantur.
414 1132 526 1168 Erant
556 1138 673 1170 tamen
698 1133 871 1171 Catholici
902 1135 1018 1182 gentis
1046 1136 1205 1183 ejusdem

147 1201 215 1227 non
237 1193 351 1238 pauci.
365 1193 454 1230 Cum
469 1196 640 1232 autem’m
659 1197 808 1233 ecclesia
825 1196 865 1234 S.
886 1197 987 1234 Pauli
1015 1199 1207 1234 convenis-

147 1262 236 1298 sent,
253 1256 359 1302 jussit
372 1255 651 1306 Cltrysostomus
671 1259 824 1296 Gottltos
839 1260 912 1297 loca
925 1261 1087 1308 quredam
1111 1261 1209 1298 Scri-

149 1322 340 1362 pturarum,
357 1328 434 1365 qua:
450 1321 484 1356 in
507 1319 708 1357 Gottlticam
729 1322 884 1368 linguam
911 1333 1098 1360 conversae
1130 1323 1207 1360 l'ne-

148 1383 236 1422 rant,
253 1377 416 1417 Gottltice
432 1381 562 1428 legere,
579 1390 612 1418 et
631 1389 752 1429 postea
771 1383 942 1420 Gotthum
959 1384 1206 1433 presbyterum

147 1437 309 1476 Gotthice
329 1442 548 1479 concionari.
570 1443 642 1481 Cur
659 1452 776 1481 autem
794 1446 840 1482 ita
859 1445 1018 1492 jusserit,
1042 1448 1128 1483 satis
1145 1447 1209 1483 de-

147 1501 255 1538 clarat
269 1503 302 1539 in
321 1505 495 1543 concione
515 1516 620 1552 quam
650 1503 981 1553 ipse'cotttinenter
1013 1515 1092 1556 post
1122 1509 1210 1546 Got-

149 1563 246 1601 tltum
267 1567 514 1614 presbyterum
533 1568 657 1605 eadem
679 1569 715 1606 in
748 1571 902 1608 ecclesia
927 1571 1072 1615 habuit;
1096 1579 1134 1608 ιιι
1159 1573 1211 1608 vi-

145 1625 276 1663 delicet
293 1627 438 1665 Grrccos
457 1629 702 1677 philosophos,
729 1643 925 1680 eorumque
953 1635 1135 1682 religionis
1149 1646 1206 1672 se.-

144 1697 290 1734 quaces.
312 1695 348 1726 et
361 1689 504 1728 Ind-.eos
525 1703 665 1740 quoque
685 1693 821 1740 pudore
845 1695 1066 1734 sull‘underet
1085 1708 1094 1742 ;
1116 1699 1208 1745 quod

147 1749 228 1786 dum
249 1751 299 1787 illi
318 1752 476 1789 veritatis
490 1755 605 1791 lucem
627 1757 855 1802 respuebant,
877 1759 1038 1796 barbarae
1067 1770 1130 1806 per
1153 1767 1206 1796 to-

148 1817 217 1848 tum
233 1813 353 1850 orbem
374 1815 538 1852 nationes
555 1816 632 1854 sole
653 1817 876 1865 fulgidiorem
893 1820 1076 1867 Evangelii
1092 1822 1206 1858 lucem

149 1874 454 1920 amplecterentur.
471 1877 579 1914 Addit
597 1880 704 1916 etiam
727 1891 823 1926 eum,
843 1883 902 1928 qui
937 1883 972 1919 in
1000 1883 1119 1920 Veteri
1139 1883 1208 1922 Te-

150 1941 322 1972 stamento
342 1938 478 1984 primus
503 1947 652 1978 vocatus
671 1941 758 1985 fuit,
785 1954 914 1990 nempe
937 1945 1204 1990 Abrahamum,

149 1994 330 2034 barbarum
355 2000 463 2038 fuisse
495 2003 528 2038 in
563 2004 682 2041 medio
713 2005 948 2044 barbarorum
987 2016 1204 2047 versantem.

152 2055 318 2096 Barbaros
333 2061 441 2098 etiam
467 2063 577 2102 fuisse
603 2075 680 2109 eos,
706 2069 767 2114 qui
795 2068 928 2106 Christi
953 2077 1072 2107 ortum
1102 2072 1204 2119 primi

151 2123 412 2168 annuntiarunt,
432 2125 600 2163 nimirum
623 2127 756 2176 Magos,
785 2131 846 2176 qui
872 2142 916 2168 ex
936 2133 1082 2170 Oriente
1100 2145 1209 2172 vene-

150 2189 240 2220 rant.
281 2185 363 2223 Hmc
402 2194 521 2225 autem
561 2191 688 2227 c0neio
722 2191 841 2230 habita
881 2193 946 2230 fuit
983 2195 1018 2232 in
1054 2197 1206 2234 ecclesia

153 2244 304 2284 S.-Pauli
326 2249 418 2286 intra
435 2251 694 2290 hebdomadam
723 2255 908 2293 Paschalis
929 2258 1058 2294 festum
1076 2260 1206 2298 subse-

152 2313 324 2352 quentem,
344 2318 377 2347 et
403 2322 467 2358 per
493 2319 675 2358 octavant,
700 2322 738 2351 ut
762 2327 806 2352 ex
835 2319 1019 2365 sequentis
1049 2319 1208 2358 humilia:

154 2368 260 2412 titulo,
283 2372 326 2408 ab
341 2383 384 2409 eo
412 2373 473 2421 qui
500 2375 556 2412 bis
583 2378 817 2414 concienibus
850 2381 975 2418 aderat
1004 2384 1206 2428 prauuisso,

151 2429 313 2478 liquidum
347 2443 402 2472 est
437 2449 444 2473 :
477 2439 658 2484 etiamque
699 2442 934 2480 confirmatur
971 2454 1016 2482 ex
1053 2445 1097 2482 iis
1126 2457 1208 2493 qua:

152 2493 248 2532 initio
265 2500 448 2545 sequentis
473 2499 627 2539 humilia:
642 2502 823 2540 dicuntur.

197 2556 334 2594 Etenim
351 2569 432 2596 cum
463 2562 880 2612 Constantinopolitanos
907 2567 1002 2612 illos,
1032 2569 1092 2616 qui
1118 2581 1208 2607 cnn-

149 2616 310 2684 eiottibus
323 2620 396 2654 suis
410 2622 535 2660 adesse
556 2627 736 2672 solebant,
749 2629 961 2675 gravissime
983 2634 1208 2680 pupugisset,

150 2683 305 2742 ipsisque
322 2683 520 2720 molestiam
541 2697 696 2725 creasset
717 2691 751 2726 in
770 2692 825 2728 illa
841 2693 1028 2738 concione,
1049 2707 1154 2742 quam
1173 2697 1206 2732 in

153 2735 638 2805 licininica.[iesnrrectionis
665 2751 796 2789 Christi
823 2753 1016 2799 habuerat,
1037 2735 1082 2794 eo
1112 2754 1207 2805 quod

151 2799 186 2835 in
202 2801 259 2838 die
277 2801 490 2844 Parasccves
506 2809 549 2845 ad
567 2811 764 2857 circenses,
784 2821 819 2852 et
838 2817 872 2853 in
905 2819 1053 2856 sabbato
1083 2799 1208 2858 sancto

153 2861 193 2898 ad
213 2864 400 2904 theatrales
417 2869 520 2906 ludos
535 2882 574 2909 se
591 2876 842 2923 contulissent,
863 2880 934 2917 imo
959 2886 1208 2922 excommuni-

154 2927 295 2964 cationis
319 2934 533 2970 sententiam
559 2937 686 2974 saltem
711 2942 1022 2982 comminatoriant
1056 2947 1090 2984 in
1125 2949 1208 2985 illos

155 2989 371 3037 protulisset;
393 2994 442 3030 illi
465 3002 584 3034 tamen
617 3008 754 3048 postea,
782 3015 822 3042 re
849 3016 968 3044 secum
997 3010 1091 3046 serio
1123 3022 1208 3058 pcr-

157 3057 270 3117 pensa,
293 3065 360 3091 non
379 3057 454 3096 sine
472 3070 577 3098 causa
598 3074 638 3100 se
658 3067 788 3103 acriter
803 3067 984 3117 impetitos
1013 3057 1131 3109 fuisse
1154 3075 1208 3110 vi-

156 3109 284 3159 dentes,
304 3123 340 3153 et
353 3119 451 3165 plura
485 3121 540 3160 his
565 3123 610 3161 de
642 3127 748 3164 rebus
779 3121 1134 3179 audire'cnpientes,
1163 3137 1206 3172 :ul

155 3181 308 3222 magnam
329 3182 526 3230 ecclesiam,
548 3193 600 3239 qut
623 3191 784 3227 concioni
813 3192 1040 3240 interforeut,
1073 3197 1207 3244 ingenti

156 3245 308 3305 numero
328 3253 366 3280 se
401 3248 598 3286 contulere.
630 3251 760 3289 Verum
799 3257 930 3294 accidit
966 3265 1003 3294 ut
1036 3259 1098 3296 illo
1133 3260 1205 3305 die,

157 3305 274 3366 ttetnpe
292 3303 469 3366 pominica
487 3317 564 3355 post
583 3309 734 3358 Pascha,
756 3315 900 3362 quidam
921 3319 1064 3356 adeSSt-t
1080 3332 1122 3357 ex
1139 3303 1210 3358 Ca;

157 3355 230 3422 ¹ξ¹¹¹³¹
250 3363 448 3413 εβῖεευβιιε,
469 3372 522 3407 vir
541 3379 613 3410 tum
629 3385 670 3412 ex
697 3385 894 3422 senectute,
919 3388 991 3418 tum
1023 3393 1066 3419 ex
1097 3385 1208 3421 animi

147 3418 286 3493 'tlottbtts
311 3431 544 3493 venerandus,
565 3436 622 3472 etti
643 3439 876 3476 concionandi
917 3444 1030 3480 vicem
1049 3444 1209 3493 Chrysa-

140 3488 280 3541 v_‘tilnmus
297 3491 416 3526 Cessit.
437 3493 535 3538 Quod
561 3497 742 3536 auditores
761 3501 809 3536 illi
843 3505 1032 3550 :cgerrintc
1065 3488 1206 3548 tulere:

155 3553 284 3612 ιξυῖηῐηρ
301 3549 394 3587 enim
409 3553 651 3604 Cltrysostotni
681 3571 720 3598 se
749 3561 879 3599 iterum
909 3567 1103 3612 carpentis,
1137 3568 1208 3605 imo

155 3610 310 3668 έθθδηίίες
333 3618 371 3649 ut
395 3614 469 3662 ipse
487 3619 536 3656 ait
554 3621 701 3668 ibidem,
719 3625 886 3662 audiendi
905 3610 1086 3666 desiderio
1108 3637 1208 3668 tene-

158 3665 288 3707 bantur.

199 3728 412 3784 Q““Pt‘0pter
429 3741 490 3780 ille
510 3745 848 3796 Dominica(T.12.
875 3763 905 3786 c.
931 3751 1038 3800 5m,
1060 3759 1098 3790 ut.
1125 3766 1206 3794 cre-

157 3787 236 3864 dere
255 3805 318 3864 est,
337 3807 510 3850 sequenti,
531 3810 687 3846 secunda
713 3811 878 3849 videlicet
897 3821 977 3860 post
998 3787 1148 3864 Pascha,
1173 3819 1206 3856 in

158 3855 294 3920 “celeria
323 3862 438 3911 Magna
465 3872 674 3908 concionem
697 3872 788 3910 Itane
810 3875 930 3912 ltabnit
949 3906 958 3919 ,
992 3879 1049 3915 ubi
1087 3855 1206 3920 statim

160 3919 360 3960 auditoribus
375 3933 579 3980 gratulatur,
603 3937 697 3985 quod
721 3937 801 3975 licet
823 3947 892 3976 tam
915 3943 1070 3990 graviter
1097 3955 1205 3982 cxce-

921 253 1044 291 NUNC
1071 253 1248 292 ιιιιίιιωι
1278 255 1546 293 ΑῡΟῐίΝᾹΤᾹ.

2285 255 2352 292 174

1279 332 1329 378 pti
1357 333 1392 368 in
1419 333 1592 370 concione
1625 333 1682 370 illa
1714 335 1909 379 [)ominiea:
1942 335 2242 379 Resurrectionis,
2263 338 2355 371 adeo

1277 394 1457 430 ferventer
1477 402 1513 431 et
1535 402 1632 432 tanto
1649 407 1798 433 numero
1827 399 1954 434 iterum
1985 406 2231 447 compareant.
2264 399 2354 436 Tum

1277 466 1357 492 sese
1392 464 1553 499 excusat,
1593 458 1688 504 quod
1719 459 1901 496 Dontinica
1935 465 2148 506 prmcetlenti
2186 467 2356 511 episeopo

1277 516 1425 554 Galatia:
1445 518 1577 554 seniori
1597 519 1833 555 conciOnandi
1855 522 1970 556 locum
1984 523 2140 565 dederit;
2157 525 2358 572 iterumque

1277 585 1400 616 contra
1422 579 1605 616 circenses
1627 580 1744 622 ludos,
1765 581 1826 616 sed
1850 581 1970 616 mitius
1990 583 2281 632 niodcratiusqnc
2302 587 2358 622 lo-

1277 645 1418 690 quitur;
1439 654 1587 690 retnqne
1607 645 1718 690 tangit
1737 643 1886 680 omnino
1907 644 2164 690 deplorandam
2184 657 2262 692 qua:
2298 658 2358 684 su-

1278 707 1420 754 periere
1439 707 1497 743 die
1517 706 1700 748 hesterna,
1718 705 1847 752 inquit,
1866 705 1900 740 in
1933 704 2172 751 hippodromo
2197 709 2354 755 contige-

1277 775 1345 811 rat,
1361 779 1511 816 quatque
1525 768 1570 804 ab
1590 767 1794 814 hujusmodi
1817 766 1911 803 ludis
1933 767 2022 803 alios
2049 775 2218 804 avertere
2248 768 2359 807 debe-

1277 839 1346 870 ret.
1382 832 1532 877 Quidam
1565 832 1660 868 enim
1693 831 1752 878 qui
1791 830 1963 877 postridie
1995 841 2146 867 uxorem
2186 831 2358 870 ducturus

1277 891 1466 939 erat,du'm
1487 905 1566 930 cunt
1585 893 1663 930 aliis
1680 893 1888 930 cursoribus
1910 893 1946 928 itt
1970 893 2087 929 stadio
2113 901 2355 940 conccrtaret,

1277 958 1515 1004 interceptus.
1539 956 1734 993 miserabili
1766 966 1852 992 casn
1887 955 2005 1001 capite
2027 961 2227 1000 truncatus,
2245 964 2281 994 et
2301 967 2353 994 ex-

1278 1021 1404 1058 tremis
1425 1021 1596 1059 membris
1615 1020 1800 1064 abscissis,
1823 1019 1868 1056 ibi
1893 1026 2088 1055 manserat.

1328 1083 1464 1120 Deinde
1485 1083 1641 1130 explicat
1661 1083 1746 1119 illud
1768 1082 1954 1129 Evangelii
1973 1081 2124 1126 dictum,
2144 1081 2251 1118 Pater
2266 1093 2357 1118 mem

1279 1157 1385 1192 usque
1405 1145 1505 1181 modo
1521 1151 1694 1192 operatur,
1725 1151 1756 1180 et
1787 1155 1848 1192 ego
1875 1155 1998 1192 operor
2025 1155 2036 1181 :
2068 1145 2294 1192 Arianosque
2325 1151 2360 1180 et

1279 1209 1491 1252 Anommos,
1525 1207 1642 1248 tacitis
1672 1213 1789 1242 tamen
1813 1205 2030 1247 nominibus,
2053 1206 2231 1252 acerrime
2261 1206 2358 1242 ittSe-

1279 1277 1410 1313 ctatur.
1431 1267 1587 1316 probans
1606 1268 1736 1304 Filium
1751 1268 1844 1304 Patri
1863 1268 2052 1314 aequalem,
2069 1279 2150 1304 ctttn
2169 1268 2230 1304 illo
2247 1269 2359 1306 semel

1279 1333 1445 1379 operari;
1465 1333 1548 1379 quia
1567 1343 1653 1368 vero
1673 1331 1836 1378 operatio
1854 1331 1913 1366 illa
1935 1341 2148 1376 permanens
2169 1337 2238 1374 est,
2261 1339 2361 1379 putat

1279 1394 1574 1443 Chrysostomns,
1594 1393 1653 1430 hic
1675 1393 1952 1440 providentiam,
1976 1393 2093 1430 Patris
2110 1399 2146 1430 et
2165 1392 2247 1430 Filii
2274 1403 2347 1440 0pc:

1281 1459 1458 1495 rationem
1485 1457 1570 1494 dici.
2072 1494 2076 1496 .

1332 1519 1368 1555 In
1390 1529 1491 1556 more
1511 1524 1589 1555 erat
1607 1525 1644 1554 ut
1663 1517 1737 1555 bini
1759 1517 1814 1554 vel
1837 1517 1928 1555 terni
1943 1517 2071 1554 eodem
2090 1517 2148 1554 die
2171 1517 2360 1555 continen-

1283 1588 1337 1618 ter
1354 1581 1502 1619 verbum
1521 1581 1584 1618 Dei
1605 1581 1858 1628 prmdicarent.
1878 1580 2037 1627 ldipsum
2058 1581 2224 1618 videntns
2242 1581 2275 1617 in
2297 1580 2362 1616 lto-

1282 1645 1379 1680 milia
1399 1644 1552 1688 decima,
1574 1654 1654 1690 qua:
1683 1643 1800 1679 habita
1837 1642 1904 1679 fuit
1932 1643 1968 1679 in
1995 1643 2146 1680 ecclesia
2179 1642 2360 1690 Apostoli,

1283 1712 1470 1754 postquam
1486 1716 1597 1742 senex
1614 1705 1806 1752 episcopus
1828 1710 1912 1741 ante
1940 1703 2240 1752 ChrySostomum
2274 1714 2361 1741 cau-

1279 1770 1442 1806 cionatus
1469 1767 1586 1804 fuerat
1615 1779 1624 1802 ε
1655 1767 1822 1814 quodque
1851 1767 2116 1804 observandum
2146 1773 2228 1810 est,
2260 1767 2361 1804 illum

1279 1837 1474 1875 senem,et
1491 1841 1530 1867 se
1545 1831 1715 1878 juvenem
1737 1838 1854 1875 vocat,
1875 1831 1942 1868 etsi
1960 1841 2003 1867 ex
2026 1831 2170 1879 vulgata
2191 1831 2363 1878 Opinione

1278 1904 1411 1931 annum
1433 1893 1551 1950 artatis
1581 1893 1629 1930 5‘2.
1658 1896 1732 1940 jam
1765 1903 1935 1929 emensus
1962 1897 2054 1929 erat.
2095 1893 2360 1940 Argumentum

1277 1955 1464 1992 eoncionis
1477 1954 1641 1991 sumite:
1658 1954 1726 1991 ltoc
1746 1954 1929 2001 Evangelii
1947 1953 2058 1998 dicto,
2081 1954 2203 1990 Messi:
2223 1954 2362 2001 quidem

1277 2017 1400 2060 ntulla,
1421 2017 1569 2064 Operm-ii
1587 2023 1698 2052 autem
1717 2017 1832 2064 pauci.
1857 2015 1990 2052 Probat
2010 2023 2130 2053 autem
2151 2024 2186 2052 et
2201 2027 2310 2054 senes
2325 2022 2362 2054 et

1276 2080 1427 2127 juvenes
1461 2080 1648 2126 operarios
1685 2079 1857 2116 Ecclesia:
1888 2079 2082 2116 admodum
2125 2080 2230 2116 utiles
2263 2090 2360 2117 esse.

1279 2142 1478 2188 Messisquc
1499 2141 1705 2190 bujusntodi
1738 2143 1874 2178 fructus
1897 2142 2050 2179 eximios
2081 2141 2192 2179 fuisse
2219 2149 2360 2188 narrat,

1280 2210 1319 2240 ut
1336 2213 1416 2240 cum
1441 2204 1571 2240 Paulus
1589 2203 1742 2251 simplici
1761 2204 1870 2241 verbo
1890 2205 2149 2242 Proconsnlem
2171 2215 2236 2241 ceu
2254 2216 2360 2253 sage-

1281 2276 1324 2302 na
1362 2266 1484 2312 cepit,
1525 2273 1561 2303 et
1603 2277 1682 2303 eum
1718 2266 1907 2313 Philippus
1939 2267 2146 2304 eunuchum
2184 2267 2362 2305 Candacis

1281 2325 1478 2373 [Ethiopiac
1499 2328 1631 2373 regina:
1649 2327 1693 2363 ad
1714 2328 1819 2363 litlem
1841 2329 2034 2364 convertit.

1330 2389 1520 2424 llomiliam
1532 2399 1674 2435 qttoque
1691 2388 1915 2424 undecimam
1932 2389 2057 2425 [tabuit
2068 2395 2257 2437 postquam
2269 2391 2362 2428 alius

1281 2449 1475 2486 adtnodntn
1497 2460 1609 2486 senex
1643 2456 1825 2486 oraverat.
1853 2448 1903 2485 Ibi
1933 2449 2088 2496 primum
2120 2461 2160 2486 se
2193 2451 2362 2488 audiendi

1281 2512 1413 2558 cupido
1433 2511 1541 2548 coetui
1571 2511 1787 2558 gratulatur,
1809 2520 1851 2546 ac
1869 2509 1914 2547 de
1935 2511 2108 2546 Eleazaro
2136 2517 2173 2547 et
2198 2511 2244 2549 de
2273 2513 2365 2550 illac-

1281 2574 1413 2610 cabzteis
1431 2574 1516 2620 agit,
1538 2583 1693 2620 quorum
1715 2571 1846 2608 festum
1865 2573 1899 2608 in
1926 2573 2086 2609 Ecclesia
2113 2572 2363 2610 ConSIantino-

1282 2635 1441 2682 politana
1459 2635 1723 2678 celebrabatur,
1743 2641 1778 2671 et
1797 2645 1887 2682 quos
1908 2634 2037 2681 probat
2052 2635 2110 2670 ille
2132 2646 2196 2682 pro
2215 2635 2362 2673 Christo

1281 2709 1407 2746 passos
1421 2708 1516 2735 esse.
1538 2696 1575 2733 lu
1600 2697 1669 2734 line
1687 2697 1873 2734 concionis
1888 2708 2000 2743 pauca
2019 2696 2286 2734 desiderantur.

1330 2761 1512 2798 Hactenus
1547 2759 1705 2795 vidimus
1737 2759 1850 2806 (Anno
1868 2758 1954 2804 399)
1987 2759 2108 2794 omnia
2147 2759 2286 2804 placide
2323 2766 2362 2797 et

1282 2830 1412 2870 sponte
1432 2823 1593 2867 littentia,
1627 2821 1828 2858 Eudoxiam
1861 2822 2060 2867 Augustam
2094 2821 2164 2868 piis
2193 2823 2360 2868 operibus

1283 2886 1565 2929 incumbentem,
1587 2893 1623 2922 et
1655 2895 1674 2921 a
1703 2884 1966 2933 ΟΙιιγςοδιοιιιο
2001 2884 2164 2920 laudibus
2198 2885 2360 2937 celebra;

1283 2956 1354 2986 tam
1377 2947 1824 2995 :Constantinopolitanns
1849 2947 1896 2984 0b
1920 2947 2094 2983 circensia
2117 2953 2153 2982 et
2175 2946 2357 2986 theattalia

1281 3011 1486 3059 Spectacula
1501 3011 1716 3058 gravissime
1743 3011 1963 3056 inerepatos,
1986 3015 2166 3056 Optantes,
2201 3009 2273 3045 into
2305 3010 2357 3045 in-

1282 3081 1419 3112 stantes
1437 3074 1531 3121 apnd
1553 3074 1852 3122 Chrysostomutn
1871 3079 1908 3109 ut
1925 3083 1963 3108 se
1984 3073 2114 3109 talibus
2134 3078 2204 3108 tam
2221 3071 2361 3108 acerbis

1281 3138 1430 3174 monitis
1449 3137 1493 3173 ad
1521 3142 1658 3174 rectam
1694 3137 1788 3172 viam
1819 3135 2017 3172 deduceret
2037 3147 2044 3170 :
2068 3134 2236 3179 Gottltos,
2259 3135 2362 3180 jttssu

1282 3199 1360 3246 ejus
1375 3192 1543 3236 Gottbiee
1563 3198 1768 3243 Scriptnras
1790 3198 1951 3244 legentes
1967 3203 2004 3234 et
2028 3197 2196 3234 Gottltice
2227 3196 2360 3242 praedi-

1281 3267 1418 3298 cantes.
1437 3261 1515 3297 .latn
1538 3271 1624 3297 vero
1641 3260 1686 3296 ad
1712 3261 1826 3296 tristia
1849 3259 2028 3304 ducimur,
2051 3270 2132 3307 quas
2159 3265 2198 3296 ut
2229 3259 2364 3296 clarius

1281 3334 1520 3370 exponamus,
1541 3323 1650 3360 altius
1671 3323 1864 3368 repetenda
1883 3333 1940 3359 res
1958 3329 2026 3359 est.

1331 3385 1490 3433 Eutropii
1523 3384 1669 3421 eunuchi
1699 3385 1854 3422 historia.
1877 3405 1923 3412 -—
1945 3385 2136 3432 Eutropius
2170 3386 2363 3422 eunuchus

1281 3449 1395 3492 gratia
1411 3447 1503 3494 apttd
1519 3447 1772 3493 Imperamrcnt
1786 3448 1976 3484 Arcadium
1993 3448 2184 3495 pluriuunn
2201 3448 2358 3490 valebat,

1281 3509 1430 3556 ejusque
1451 3511 1601 3546 consilio
1628 3517 1664 3546 et
1692 3512 1904 3547 auctoritate
1931 3521 2082 3558 qumque
2112 3510 2266 3547 maxima
2293 3508 2362 3544 lm-

1283 3573 1370 3620 perii
1390 3572 1531 3620 negotia
1549 3573 1766 3619 gerebantur
1787 3573 1977 3621 (Chrysost.
1999 3574 2034 3608 in
2054 3571 2260 3616 Enn-apium
2279 3577 2303 3603 ι.
2321 3569 2360 3604 5.

1285 3645 1318 3668 ι’.
1339 3634 1440 3681 591).
1465 3633 1497 3670 Is
1515 3643 1595 3670 eum
1621 3633 1772 3671 Joannis
1791 3634 2038 3682 Chrysnstoml
2063 3634 2096 3668 itt
2119 3631 2240 3666 sedent
2263 3628 2358 3664 Cott-

1281 3697 1634 3742 stantinopolitanam
1664 3698 1898 3744 promovendi
1924 3692 2222 3732 auctor-fuissat.
2257 3689 2362 3725 initio

1281 3757 1359 3804 ejus
1387 3758 1531 3794 monitis
1555 3759 1765 3806 placitisque
1795 3758 1886 3794 ltaud
1914 3765 2010 3802 mgre
2035 3762 2172 3788 tnorem
2192 3750 2357 3796 gerebat.

1281 3821 1508 3869 Subintleqtte
1525 3829 1755 3859 accrescente
1775 3819 1934 3867 potentia
1951 3844 1962 3860 ,
1987 3823 2069 3850 cum
2094 3812 2186 3848 τιῗιοε
2207 3811 2357 3858 sitim“

1279 3883 1546 3930 assuntpsisset,
1561 3893 1631 3919 non
1642 3882 1835 3919 desistebat
1846 3873 2206 3924 Chrysostomus,sed
2215 3873 2359 3910 dicebat

1283 3945 1331 3982 illi
1353 3946 1514 3994 l'ngitivas
1534 3955 1614 3981 esse
1636 3944 1776 3980 divitias
1806 3940 2038 3987 bagilemque
2063 3937 2258 3985 potentiam
2287 3947 2353 3973 sa:-
