2694 4342
311 240 378 277 I75

310 317 484 354 cularem.
508 315 570 352 Illo
591 319 708 350 autem
731 322 806 350 rem
827 322 922 359 :egre
940 311 1092 357 ferente,
1110 310 1269 348 addebat
1283 309 1322 346 S.
1336 309 1401 346 do-

313 388 404 423 τιον,
427 389 468 416 se
487 378 548 425 qui
569 381 738 424 argueret
755 403 765 420 ,
786 385 871 412 vere
890 377 1070 418 amicum;
1093 380 1320 420 ca-terosque
1340 372 1400 419 qui

310 450 410 492 gesta
440 441 554 490 ipsius
586 439 800 486 laudarent,
834 437 1042 475 adulatores
1073 447 1170 474 esse.
1205 435 1404 483 Eutropius

314 516 402 542 vero
421 515 496 542 rem
520 503 666 552 indigne
694 502 796 546 tulit,
829 511 874 538 ac
901 500 1033 538 deinde
1053 499 1318 548 Chrysostomo
1336 497 1402 534 ad-

311 567 536 604 versabatur.

363 629 460 666 lutcr
479 628 548 665 alia
570 637 671 670 vero,
693 637 774 675 qua:
789 631 924 675 praeter
943 622 1194 674 Clirysostomi
1211 620 1404 659 consilium

312 699 350 730 et
372 691 594 729 voluntatem
621 689 825 738 designavit
845 688 1060 736 Eutropius,
1096 687 1212 734 legem
1235 684 1320 722 ferri
1342 693 1406 720 cu-

315 754 422 800 ravit,
445 759 486 790 ut
503 753 594 802 asyli
623 759 660 790 et
680 751 922 790 inununitatis
936 751 997 798 jus
1013 750 1178 788 ecclesiis
1200 749 1405 785 tolleretur.

317 818 451 855 Verum
473 817 508 854 id
530 817 592 854 ille
622 817 658 853 in
689 815 818 862 capitis
845 815 901 852 sui
933 813 1129 862 perniciem
1161 811 1308 848 molitus
1335 815 1404 847 est.

314 880 406 916 Cum
429 879 526 917 enim
546 883 672 926 postea
692 883 920 915 accresceret
939 877 1006 913 sibi
1027 874 1122 923 apud
1145 874 1405 922 Imperatorem

315 945 452 992 gratia,
487 942 634 981 Patricii
657 951 789 979 nomen
809 947 848 978 et
865 940 1092 978 consulatum
1114 938 1198 976 anni
1221 935 1410 984 undequa-

317 1005 592 1054 ilringentesimi
611 1010 858 1052 consequutus
875 1010 944 1040 est.
961 1003 1049 1049 Qum
1064 1011 1124 1040 res
1141 1000 1266 1038 multis
1281 997 1410 1046 displi-

317 1069 406 1106 cuit.
420 1067 580 1106 Tandem
596 1067 816 1114 Tribigildus
831 1066 999 1104 tribunus
1012 1065 1106 1102 clam
1122 1064 1266 1101 favente
1277 1060 1406 1105 Gaiua,

316 1136 444 1168 coacta
464 1130 617 1167 militum
639 1140 748 1166 manu
769 1139 788 1165 a
809 1127 1044 1166 formidoloso
1063 1125 1231 1173 Principe
1253 1123 1409 1163 Arcadio

321 1193 550 1241 impetravit,
580 1199 618 1230 ut
644 1191 756 1240 gradu
777 1191 998 1238 dejiceretur
1016 1187 1305 1236 Eutropius:qni
1325 1196 1408 1224 eum

321 1256 558 1304 Tribigildum
576 1255 742 1302 aliosque
762 1254 807 1292 ad
825 1263 954 1292 necem
973 1252 1042 1290 sibi
1062 1250 1289 1289 inferendam
1304 1259 1408 1298 para-

320 1326 377 1356 tos
391 1324 571 1360 cerneret.
586 1318 620 1355 in
637 1316 844 1362 ecclesiam,
857 1315 954 1364 quod
967 1314 1112 1352 unicum
1124 1313 1192 1350 sibi
1208 1311 1410 1361 perfugium

323 1387 528 1428 Supererat,
549 1390 588 1417 se
609 1379 760 1427 recepit.
780 1378 1000 1426 Tribigildus
1017 1383 1138 1414 autem
1151 1375 1212 1424 (Τ.
1225 1377 1262 1414 5,
1280 1375 1410 1422 ο.591)

321 1448 360 1479 et
378 1442 512 1479 milites
529 1441 630 1489 jussa
659 1441 890 1488 imperatoris
909 1439 1054 1477 Arcadii
1078 1448 1152 1486 pra:
1171 1447 1211 1475 se
1226 1437 1386 1475 ferentes
1399 1464 1410 1482 ,

324 1511 366 1541 ut
386 1504 454 1541 sibi
485 1503 682 1550 Eutropius
713 1502 920 1540 traderetur
937 1501 1176 1544 insistebant,
1207 1505 1245 1536 et
1277 1499 1413 1536 strictis

323 1564 454 1611 gladiis
481 1563 516 1600 in
545 1564 735 1600 ecclesiam
767 1564 970 1612 irrumpere
990 1562 1174 1600 volebant.
1200 1560 1334 1598 Verum
1355 1560 1412 1597 in—

324 1625 466 1672 trepide
476 1626 617 1663 obstitit
625 1623 922 1674 Chrysostomus,
934 1624 1084 1673 fugitivo
1097 1622 1260 1662 ecclesiae
1271 1621 1412 1671 asylum

325 1694 442 1725 tutum
463 1697 545 1724 esse
561 1687 695 1724 debere
715 1687 852 1724 dicens.

376 1749 478 1786 Licet
507 1755 626 1785 autem
654 1748 688 1784 id
718 1749 811 1795 apud
839 1749 1055 1795 scriptorem
1085 1747 1223 1784 nullum
1257 1747 1414 1792 feratur,

329 1810 526 1848 verisimile
545 1817 600 1847 est
618 1811 734 1858 ipsum
756 1811 813 1847 vel
835 1810 1092 1856 Imperatorem
1123 1809 1272 1854 adiisse,
1292 1809 1349 1845 vel
1370 1809 1414 1845 ad

329 1873 446 1920 ipsum
466 1872 826 1920 quempiam‘misisse
839 1877 1024 1918 rogantem
1044 1871 1243 1908 utmilitum
1257 1871 1416 1908 furorem

329 1941 593 1983 compesceret.
611 1935 715 1976 Nam.
736 1942 776 1971 ut
797 1935 874 1982 ipse
887 1932 1172 1982 ChrySostomus
1191 1933 1224 1970 in
1242 1933 1311 1970 hac
1329 1943 1418 1970 cou-

331 1999 437 2036 cione
455 1997 556 2042 dicit,
572 1997 788 2044 imperator,
809 1997 868 2044 qui
885 1997 1006 2032 statim
1022 1995 1191 2032 mandata
1206 1994 1358 2032 dederat
1378 1999 1417 2031 ut

333 2061 530 2108 Eutropius
544 2060 760 2102 traderetur,
777 2065 912 2096 mutata
928 2059 1106 2096 sententia
1126 2057 1184 2107 (Τ.
1201 2058 1238 2095 5.
1259 2067 1290 2092 c.
1307 2055 1415 2106 595);

335 2123 526 2170 Postquam
541 2122 697 2170 cognovit
709 2133 788 2158 eum
801 2122 848 2157 ad
861 2121 999 2168 asylum
1017 2121 1170 2158 ecclesia:
1185 2132 1221 2157 se
1233 2131 1416 2167 recepisse,

335 2185 491 2231 afﬂuente
517 2184 668 2220 exercitu
695 2190 727 2219 et
755 2183 924 2219 concitato
953 2183 994 2219 ob
1019 2183 1096 2230 ejus
1117 2183 1286 2228 crimina,
1309 2190 1417 2231 depo-

335 2251 512 2291 ICenteque
535 2233 706 2280 hominem
726 2245 772 2280 ad
795 2245 1021 2292 supplicium,
1042 2245 1319 2293 longamhabuit
1337 2258 1417 2283 ora-

336 2307 476 2352 tionem,
498 2317 566 2354 quo
591 2307 774 2344 militarent
800 2307 1070 2356 indignationem
1087 2317 1334 2356 compesceret,
1356 2321 1418 2357 po-

337 2369 470 2406 stulans
485 2377 520 2405 ut
539 2381 606 2406 non
623 2369 804 2418 culparum
819 2371 936 2413 modo,
949 2371 1008 2408 sed
1025 2373 1128 2408 etiam
1145 2380 1232 2409 recte
1249 2375 1420 2421 factorum

338 2431 506 2466 rationem
525 2431 708 2475 haberent;
729 2444 806 2468 nam
828 2445 891 2480 pro
910 2433 980 2470 illis
997 2435 1144 2481 gratiam
1165 2435 1231 2482 ipsi
1253 2436 1419 2481 habebat;

337 2493 368 2529 si
381 2493 464 2540 quid
484 2505 561 2530 vero
575 2505 672 2530 secus
687 2495 834 2542 fecisset,
855 2502 1017 2544 tanquam
1035 2497 1165 2534 homini
1182 2499 1248 2546 ipsi
1267 2499 1422 2547 ignosce-

339 2557 408 2592 bnt.
431 2557 517 2594 Cum
545 2564 660 2594 autem
687 2558 740 2594 illi
761 2559 804 2596 tle
829 2559 963 2608 integro
991 2567 1148 2608 urgerent
1167 2561 1213 2597 ad
1233 2562 1420 2598 vindictam

340 2619 413 2656 (tesi
440 2619 666 2666 Imperatoris
680 2649 688 2663 ,
718 2621 928 2665 clamantes,
961 2623 1168 2668 exsilientes,
1191 2624 1237 2660 ad
1256 2625 1422 2660 ultionem

339 2683 574 2730 deposcentes,
593 2685 712 2720 hastas
728 2684 896 2722 vibrantes
913 2696 926 2722 :
939 2692 1010 2722 tum
1030 2697 1108 2723 vero
1123 2689 1234 2735 fontes
1251 2688 1422 2736 lacryma-

339 2756 418 2782 rum
437 2745 708 2782 clementissimis
721 2748 793 2783 suis
809 2748 918 2784 oculis
934 2747 1134 2795 eﬂ'undcns,
1147 2756 1178 2786 et
1192 2757 1424 2788 sacrosancta:

340 2818 480 2851 mensae,
495 2809 540 2844 ad
556 2819 657 2854 quam
677 2811 900 2859 confugerat,
921 2811 1121 2860 religionem
1141 2811 1212 2849 illis
1230 2812 1418 2860 incutiens,

341 2879 432 2916 (egre
449 2870 585 2906 tandem
602 2870 690 2907 iram
707 2883 823 2908 eorum
841 2872 986 2910 sedavit.

391 2931 443 2968 Eo
463 2932 498 2969 in
519 2938 613 2970 statu
635 2944 695 2971 res
713 2941 836 2978 erant,
857 2945 938 2972 cum
967 2935 1274 2984 Chrysostomus,
1299 2939 1422 2985 paucis

340 2999 529 3042 postquam
551 2995 748 3042 Eutropius
769 2997 804 3033 in
826 2997 1015 3035 ecclesiam
1033 2999 1246 3048 confugerat
1265 2999 1394 3039 diebus
1409 3030 1419 3047 ,

343 3055 378 3091 in
398 3056 524 3094 eadem
544 3057 696 3095 ecclesia
715 3058 928 3096 concinnem
952 3059 1101 3104 habuit,
1133 3070 1314 3109 praesente
1347 3063 1423 3100 Eu-

342 3119 460 3166 tropio
483 3126 519 3156 et
535 3119 723 3157 innumera
744 3121 865 3169 populi
898 3123 1127 3161 multitudine
1143 3152 1152 3167 ,
1182 3135 1262 3172 qua:
1283 3125 1328 3162 ad
1351 3131 1422 3162 tam

343 3180 522 3227 singulare
551 3183 799 3228 spectaculum
827 3184 1064 3222 confluxerat.
1099 3185 1195 3224 Inter
1223 3197 1288 3225 eos
1321 3188 1423 3225 multi

343 3247 460 3284 erant,
482 3243 542 3288 qui
563 3243 776 3292 Entropimu
795 3248 1068 3291 aversabantur,
1088 3249 1279 3296 ipsumque
1298 3251 1424 3287 militi-

344 3301 412 3338 bus
427 3303 517 3340 tradi
535 3305 666 3343 debere
680 3307 891 3347 censebant.
911 3310 974 3347 llic
987 3312 1120 3348 oratori
1140 3319 1266 3349 nostro
1283 3319 1425 3349 extem-

292 3417 302 3432 r
345 3373 500 3432 poranea
518 3366 680 3404 oratione
697 3379 788 3416 opus
807 3370 892 3415 fuit;
923 3383 1004 3418 quae
1032 3380 1150 3410 tamen
1170 3373 1265 3411 inter
1279 3375 1424 3422 elegan-

346 3425 502 3464 tissimas
549 3430 788 3477 computanda
827 3438 897 3471 est.
935 3433 1014 3472 Non
1053 3437 1167 3473 semel
1205 3437 1421 3484 EutrOpium

286 3493 290 3496 ”
345 3489 552 3537 compellat,
573 3498 610 3528 et
629 3494 764 3532 monita
794 3495 840 3532 ab
866 3494 915 3534 se'
935 3497 1002 3544 ipsi
1024 3499 1104 3535 data
1126 3499 1162 3536 in
1183 3506 1338 3536 mentem
1367 3511 1418 3536 re-

346 3558 470 3596 vocat;
507 3551 590 3590 liinc
621 3554 666 3592 ad
699 3556 867 3603 populum
896 3561 1143 3603 couvertitur,
1172 3571 1278 3606 quem
1311 3567 1349 3596 ut
1379 3561 1423 3598 ad

344 3615 698 3654 commiserationem
718 3621 925 3667 compellat,
946 3622 1108 3669 Eutropii
1127 3622 1308 3660 fortunam
1331 3633 1424 3671 pra:-

349 3677 504 3723 teritam,
521 3683 709 3724 prmsentis
725 3691 810 3718 vero
824 3681 1084 3729 deplorandum
1100 3693 1225 3720 casum
1245 3691 1317 3721 tam
1331 3685 1426 3731 aptis

348 3740 466 3776 verbis
502 3750 766 3790 repraesentat,
805 3751 844 3782 ut
879 3746 934 3782 vel
968 3745 1209 3784 ferocioribus
1243 3747 1426 3795 lacrymas

345 3810 543 3842 excuteret.

364 3919 366 3922 ν
396 3863 536 3910 Elapsis
559 3875 640 3914 post
668 3867 761 3906 hanc
789 3868 947 3905 habitam
965 3867 1176 3906 concionem
1196 3869 1332 3918 aliquot
1347 3870 1425 3908 die-

351 3919 430 3970 Bus'
456 3927 644 3976 Eutropius
670 3937 708 3968 ut
727 3931 954 3968 inimicorum
975 3930 1144 3968 excubias
1163 3929 1303 3970 falleret
1323 3943 1421 3972 sese-

1047 231 1086 269 S.
1116 229 1306 270 ευΑῑγΝιέ
1325 223 1656 268 CiliﬂSGSrlOlil
1687 222 1810 269 V'l'i‘A,
2459 226 2516 262 176

1475 318 1546 356 que
1568 307 1793 356 proriperet,
1820 303 1866 340 ab
1885 302 2038 341 ecclesia
2065 300 2213 347 aufugit.
2246 301 2369 338 V‘ernm
2387 310 2510 348 captus,

1473 377 1583 418 atque
1603 371 1639 407 in
1655 371 1811 418 Cyprum
1826 365 2032 414 relegatus;
2053 363 2252 411 deindeque
2265 362 2354 400 baud
2369 363 2412 400 ita
2425 367 2518 402 multo

1474 433 1598 480 elapso
1625 438 1790 478 tempore
1808 428 2071 468 Cbalcedoucm
2091 426 2263 464 adductus
2279 431 2314 464 et
2331 425 2517 474 damnatus,

1475 497 1593 544 Capite
1609 495 1736 542 plexos
1750 499 1819 530 est.

1527 558 1594 595 Vix
1622 556 1756 604 elapsis
1790 553 1932 592 duobus
1957 551 2016 601 (Τ.
2037 552 2075 591 5.
2105 561 2137 588 c.
2153 547 2246 600 595)
2283 557 2361 599 post
2382 551 2518 600 Eutropif

1476 621 1597 668 fugam
1613 619 1742 658 diebus
1760 617 1974 656 concionem
1988 615 2098 652 aliam
2114 613 2238 651 habuit
2253 613 2518 663 Clirysostonms,

1477 683 1536 720 ubi
1553 681 1752 730 pra-missis
1769 677 1986 728 quibusdam
2003 676 2050 714 de
2067 675 2217 713 utilitate
2231 674 2390 713 lectionis
2407 675 2523 712 divina-

1477 756 1558 783 rum
1579 743 1850 792 Scripturarum
1867 769 1878 785 ,
1899 741 2088 778 obsessam
2109 737 2232 786 paucis
2250 743 2331 774 ante
2347 737 2460 774 diebus
2475 747 2523 775 et-

1476 809 1624 846 clesiam
1641 806 1752 844 fuisse
1769 809 1912 848 narrat,
1934 811 2052 850 neque
2069 807 2190 840 tamen
2208 799 2371 837 traditum
2388 799 2518 837 inimicis

1480 871 1710 919 Entropium,
1728 869 1806 917 qui,
1825 868 1854 904 si
1873 866 2063 904 ecclesiam
2085 874 2156 900 non
2174 862 2403 907 deseruisset,
2420 869 2521 910 captus

1479 943 1677 981 numquam
1693 931 1833 968 fuisset.
1849 929 1999 966 Fluxam
2014 927 2145 964 iterum
2161 925 2386 962 humanarum
2401 923 2521 962 faculta-

1480 1005 1555 1035 tum
1577 995 1860 1042 divitiarumque
1885 991 2130 1030 conditionem
2155 990 2202 1027 ob
2217 989 2337 1026 oculos
2353 987 2522 1036 ponitzde-

1478 1066 1688 1106 sertumqne
1707 1057 1794 1094 dicit
1812 1055 1858 1093 ab
1878 1053 2028 1098 amicis,
2061 1063 2080 1089 a
2102 1051 2329 1094 domesticis,
2357 1059 2376 1087 a
2398 1049 2522 1087 fortunis

1479 1123 1649 1159 omnibus
1679 1119 1910 1168 Eutropium.
1941 1116 2136 1164 Multisque
2153 1113 2281 1151 additis
2297 1112 2342 1150 de
2360 1122 2438 1149 vero
2453 1111 2524 1158 legi-

1481 1186 1642 1232 timoque
1657 1184 1864 1222 divitiarum
1886 1191 1954 1218 usu
1969 1208 1979 1224 ,
2010 1179 2128 1227 deque
2153 1177 2224 1214 vita
2251 1175 2422 1224 prazsenti,
2438 1183 2525 1222 quam

1479 1247 1809 1296 peregrinationem
1821 1254 1902 1282 esse
1913 1247 2187 1284 commonstrat,
2197 1239 2242 1276 ad
2252 1237 2413 1276 Ecclesia:
2424 1235 2525 1274 laudes

1481 1312 1633 1357 transit,
1654 1310 1804 1358 ejusque
1825 1307 1968 1354 nuptias
1985 1316 2068 1344 curn
2095 1303 2240 1342 Christo
2254 1301 2406 1352 pluribus
2423 1310 2526 1347 prose-

1480 1373 1627 1424 quitur,
1669 1372 1738 1410 hoc
1773 1371 1984 1418 frequenter
2015 1377 2103 1405 usus
2132 1365 2264 1404 Psalmi
2299 1361 2527 1412 quadragesimi

1482 1436 1601 1485 quatri
1618 1435 1813 1479 versiculo,
1834 1433 1976 1470 Adstitit
1996 1431 2115 1478 regina
2128 1441 2150 1466 α
2169 1428 2296 1466 dextris
2308 1427 2370 1463 luis
2382 1427 2414 1462 in
2429 1424 2528 1461 vestitu

1483 1500 1662 1542 deaurato,
1681 1504 1753 1536 etc.
1773 1498 1824 1534 De
1841 1496 1910 1533 hac
1930 1501 2113 1543 postrema
2129 1491 2285 1530 bomiliae
2299 1495 2392 1539 parte
2406 1494 2529 1526 senten-

1484 1563 1570 1600 tiam
1590 1567 1752 1598 nostram
1773 1559 1930 1596 diximus
1949 1560 1984 1594 in
2003 1557 2154 1594 Monito.

1533 1623 1655 1662 Gainw
1665 1623 1870 1672 petulantia.
1883 1619 2076 1658 ——Gainas
2094 1624 2174 1666 post
2191 1617 2406 1664 impetratam
2422 1611 2527 1660 partim

1483 1690 1532 1735 vi,
1552 1689 1681 1736 partim
1701 1687 1786 1725 dolo
1805 1685 1966 1734 Eutropii
1995 1685 2136 1722 ruinam
2168 1676 2526 1730 pertricieiiiquetT.3.

1484 1765 1516 1789 ε.
1537 1752 1642 1799 415),
1660 1751 1884 1798 petulantior
1901 1751 1934 1786 in
1954 1749 2032 1786 dies
2047 1747 2174 1791 evasit,
2192 1752 2297 1792 atque
2311 1754 2354 1781 eo
2371 1741 2529 1789 impuden-

1486 1814 1544 1851 tia:
1563 1813 1754 1860 processit,
1775 1818 1814 1849 ut
1831 1812 1944 1848 armis
1957 1811 2144 1858 copiisque
2157 1809 2362 1851 instructus,
2377 1802 2530 1842 Saturnini

1485 1882 1522 1913 et
1539 1875 1752 1919 Aureliani,
1785 1874 1845 1922 qui
1866 1875 1961 1911 inter
1982 1873 2125 1920 imperii
2153 1880 2318 1920 proceres
2335 1866 2530 1906 eminebant,

1485 1939 1603 1987 capita
1631 1937 1870 1986 deposceret,
1901 1948 1969 1975 nec
1997 1937 2067 1974 nisi
2095 1937 2163 1974 hac
2181 1933 2383 1973 conditione
2397 1941 2434 1968 se
2449 1938 2531 1966 artua

1487 2000 1688 2048 positurum
1709 2009 1790 2038 esse
1805 2000 2048 2037 minitaretur.

1536 2063 1747 2101 Saturninus
1766 2071 1797 2099 et
1815 2063 2022 2099 Aurelianus
2038 2062 2074 2098 in
2087 2060 2244 2098 exsilium
2273 2057 2372 2106 pulsi.
2386 2075 2430 2082 -
2441 2054 2532 2091 Arca-

1486 2125 1568 2163 dius
1585 2136 1672 2163 vero
1688 2126 1904 2173 Imperator,
1920 2126 1982 2174 qui
1998 2125 2044 2162 ob
2059 2123 2222 2162 inertiam
2237 2128 2432 2168 metumque
2442 2116 2534 2155 cuivis

1489 2189 1632 2236 injuria:
1651 2195 1880 2236 opportunus
1909 2195 2008 2232 erat,
2030 2197 2108 2224 rem
2138 2183 2362 2234 quantumvis
2379 2181 2532 2227 indignam

1487 2251 1668 2300 denegare
1687 2262 1757 2288 non
1779 2261 1903 2295 ausus,
1919 2257 2040 2288 tantos
2057 2251 2154 2286 viros
2173 2247 2217 2285 ad
2233 2256 2352 2284 necem
2369 2242 2534 2281 traditurus

1489 2322 1582 2360 erat,
1607 2314 1675 2351 nisi
1697 2313 1980 2362 Chrysostomus
1996 2339 2006 2356 ,
2033 2317 2157 2358 utpote
2177 2307 2374 2347 communis
2399 2301 2534 2340 omnium

1491 2384 1608 2423 pater,
1633 2376 1684 2413 sic
1706 2377 1788 2419 ille,
1807 2375 1959 2413 Gainam
1982 2373 2145 2417 adiisset,
2167 2370 2380 2409 obambulans
2394 2395 2402 2410 ,
2419 2363 2534 2411 inquit.

1489 2438 1695 2482 exhortans,
1717 2438 1890 2474 obtestans
1903 2465 1912 2482 ,
1934 2436 2154 2484 supplicans,
2185 2441 2222 2470 ut
2251 2444 2272 2468 a
2291 2429 2428 2468 dominis
2443 2438 2477 2462 ea
2491 2435 2536 2460 ca—

1491 2499 1628 2536 lamitas
1655 2500 1907 2547 depelleretur;
1935 2498 2042 2546 idque
2069 2497 2214 2534 domum
2235 2505 2254 2531 a
2272 2493 2416 2530 barbaro
2443 2489 2535 2532 impc-

1493 2568 1648 2607 lrasset,
1669 2569 1710 2598 ut
1723 2563 1809 2598 satis
1828 2561 1998 2604 haberet,
2019 2559 2048 2596 si
2071 2558 2284 2596 Saturninus
2298 2561 2334 2592 et
2351 2550 2536 2594 Aurelianus

1492 2625 1528 2662 iu
1547 2625 1714 2662 exsilium
1733 2625 1980 2661 mitterentur.

1539 2687 1578 2724 ld
1597 2697 1684 2724 vero
1704 2685 1837 2722 accidit
1860 2695 1956 2722 anno
1987 2685 2134 2722 ineunte
2159 2682 2230 2720 400
2247 2694 2254 2718 :
2272 2690 2340 2728 quo
2359 2677 2464 2726 posito
2479 2671 2536 2709 cal-

1491 2751 1573 2786 culo
1587 2759 1628 2786 ea
1644 2760 1725 2796 quae
1740 2748 1950 2795 prmceduut
1965 2754 2000 2784 et
2015 2758 2096 2795 qua:
2109 2747 2372 2793 subsequuntur
2384 2744 2536 2778 constare.

1491 2820 1528 2850 et
1548 2813 1666 2850 locum
1697 2817 1910 2859 tempusque
1938 2821 2042 2848 suum
2076 2818 2253 2856 occupare
2283 2805 2449 2842 videntur.
2479 2797 2538 2834 Iloc

1491 2880 1612 2911 autem
1640 2879 1787 2920 peracto
1814 2871 1958 2920 negotio
1978 2872 2189 2909 concionem
2215 2867 2336 2905 habuit
2351 2863 2538 2920 ChrySOSlOf

1493 2947 1588 2981 ntus,
1609 2919 1669 2974 ubi
1689 2935 1733 2974 de
1756 2919 2158 2983 Constantiiuipolitano
2187 2931 2350 2972 tumultu,
2371 2927 2413 2964 de
2427 2919 2540 2961 vicissi-

1495 3000 1619 3036 tudine
1637 2998 1877 3035 humanarum
1895 3007 2017 3034 rerum
2037 2996 2123 3044 agit.
2146 2995 2286 3038 Omnia,
2304 2990 2425 3038 inquit,
2443 2985 2540 3022 turba-

1492 3075 1569 3100 rum
1587 3073 1628 3098 ac
1648 3061 1858 3098 tumultuum
1882 3059 1984 3107 plena
2008 3066 2087 3095 sunt
2100 3086 2109 3101 ,
2139 3057 2254 3094 omnia
2273 3052 2398 3100 scopuli
2415 3059 2452 3086 ac
2469 3051 2542 3094 ρκ’

1493 3125 1626 3172 cipitia,
1646 3124 1762 3160 omnia
1779 3135 1882 3172 turpes
1899 3121 1961 3159 sub
1981 3122 2080 3168 aquis
2095 3120 2236 3158 latentes
2251 3130 2263 3155 :
2278 3117 2388 3154 omnia
2405 3115 2540 3149 terram,

1494 3187 1708 3228 discrimina,
1741 3185 1966 3233 suspiciones,
1993 3192 2176 3226 tremores,
2207 3189 2238 3218 et
2267 3188 2416 3228 angores.
2449 3170 2541 3208 Νεητθ

1493 3251 1653 3296 cniquant
1683 3249 1773 3294 ﬁdit,
1787 3274 1796 3283 .
1810 3274 1819 3283 .
1832 3274 1841 3283 .
1853 3273 1863 3282 .
1877 3273 1886 3283 .
1919 3258 1987 3283 non
2013 3253 2062 3283 est
2090 3245 2220 3281 amicus
2243 3249 2332 3280 tutus
2347 3267 2358 3285 ,
2377 3247 2438 3274 mm
2455 3233 2543 3296 illi”

1495 3312 1628 3355 ﬁrmus.
1661 3307 1845 3346 Sublatum
1879 3316 1926 3344 est
1963 3307 2118 3344 caritatis
2147 3304 2291 3348 bonum,
2324 3299 2415 3339 civile
2439 3293 2542 3332 bellant

1494 3381 1638 3422 occupat
1661 3373 1796 3417 omnia,
1816 3372 1912 3409 civile
1927 3401 1938 3418 ,
1958 3379 1990 3408 et
2009 3383 2076 3408 non
2107 3377 2261 3419 apertum
2275 3397 2286 3413 ,
2305 3366 2362 3404 sed
2379 3356 2542 3422 conmitti-1'

1495 3445 1579 3474 tum.
1601 3435 1799 3473 Innumerae
1819 3434 1940 3478 ubique
1965 3436 2090 3477 larvaa,
2125 3430 2294 3470 simulata:
2312 3427 2411 3476 facies
2427 3435 2439 3460 :
2455 3417 2544 3485 multa

1495 3500 1606 3536 ovium
1631 3498 1775 3542 vellera,
1799 3498 1968 3534 innumeri
1987 3496 2108 3544 ubique
2139 3495 2214 3542 lupi
2231 3493 2291 3531 sub
2315 3491 2364 3528 his
2383 3483 2546 3524 occultati:

1496 3569 1533 3598 ut
1558 3562 1636 3610 jam
1662 3561 1750 3598 inter
1775 3561 1886 3598 hostes
1909 3557 2034 3608 aliquis
2067 3559 2172 3595 tutius
2201 3556 2339 3598 ﬁxerit,
2366 3545 2546 3599 quanti!!!"

1496 3636 1554 3662 eos
1574 3625 1632 3672 qui
1650 3625 1808 3661 videntur
1823 3623 1937 3660 amici.
1955 3622 2020 3668 Qui
2031 3621 2105 3658 heri
2118 3619 2359 3660 adulabantur,
2377 3611 2431 3660 qui
2445 3611 2548 3672 inanti!

1497 3687 1755 3734 osculabantur,
1776 3685 1878 3724 hodie
1896 3692 2032 3734 repente
2052 3685 2214 3731 comperti
2234 3687 2310 3718 sunt
2329 3679 2447 3716 hostes,
2467 3667 2548 3712 πωσ-

1497 3752 1627 3800 ctisque
1653 3751 1756 3788 larvis
1771 3779 1780 3794 ,
1812 3750 1895 3797 facti
1918 3755 1998 3786 sunt
2027 3747 2183 3784 omnibus
2203 3737 2449 3781 accusatoribus
2467 3737 2550 3800 ιιι-ξτῖ

1497 3789 1605 3850 biores
1621 3823 1633 3849 :
1649 3823 1711 3860 pro
1739 3789 1860 3859 quibus
1886 3811 2042 3860 hesterna
2075 3809 2130 3845 die
2157 3806 2284 3856 gratias
2312 3798 2465 3860 agebant,
2481 3789 2548 3860 “me”

1495 3884 1587 3910 nunc
1614 3875 1772 3910 incusant
1793 3880 1826 3910 et
1844 3872 2111 3910 calumniantur.
2141 3865 2274 3907 Deinde
2298 3871 2382 3900 vero
2409 3857 2450 3893 de
2469 3853 2549 3917 tI'f‘"

1496 3935 1625 3974 tiarum
1667 3937 1822 3974 vanitate
1856 3936 2039 3984 eleganter
2070 3942 2134 3980 pro
2167 3939 2267 3967 more.
2302 3934 2364 3962 suo
2397 3916 2547 3957 disserui
