2694 4342
186 219 250 256 177

185 294 396 342 paupertatis
433 295 523 331 bona
559 293 800 342 deprzcdicat,
838 299 963 341 utpote
997 304 1078 343 quas
1107 300 1242 332 tantam

183 363 325 404 praestet
343 357 566 394 securitatem
581 385 591 402 ,
613 363 784 404 quantum
812 356 946 393 divitiae
963 357 1162 404 periculum
1182 369 1244 405 pa-

183 419 290 454 riunt.
318 419 462 455 Dcmntn
488 419 653 466 exc-inpio
669 417 748 456 Jubi
773 418 818 455 ad
847 417 1072 456 calamitates
1103 419 1243 456 fortiter

183 478 342 516 ferendas
359 479 532 517 hortatur.

227 540 351 578 (initia:
387 541 550 589 Magister
587 542 720 578 militite
747 541 960 579 constitutus.
977 541 1237 590 -—Postquam

178 601 386 638 Saturninus
413 609 450 638 et
478 603 692 640 Aurelianus
715 603 814 653 (Sos.
844 603 870 640 Ι.
900 603 939 642 8.
962 614 994 640 c.
1023 603 1075 652 4),
1110 612 1238 650 pacato

179 663 284 700 Gaina
299 692 307 704 ,
328 665 362 700 in
377 665 541 702 exsiliunt
560 666 628 703 acti
649 667 786 703 fuerant
805 666 921 714 (Auno
937 666 1022 715 400)
1038 694 1048 709 ,
1069 677 1150 703 cum
1170 669 1238 704 Ar-

179 725 274 760 cadio
298 725 513 772 lmperatore
532 727 664 764 Gainas
692 728 728 765 in
760 728 910 765 ecclesia
923 728 1020 775 juxta
1039 727 1238 766 Chalcedo-

179 796 254 822 netn
273 787 352 831 sita,
370 788 427 824 ubi
449 789 486 824 S.
509 789 715 836 Euphemiae
733 791 900 838 martyris
917 789 1123 837 sepulcrum
1141 796 1234 833 erat,

177 847 385 894 cnll0qnium
415 849 537 887 ltahuit
553 879 562 894 ,
583 861 734 900 cutuque
751 863 796 888 ex
817 858 921 900 pacto
937 857 1116 890 convento
1135 863 1235 890 arma

176 910 410 958 deposuisset,
431 919 465 949 ct
475 913 710 960 jurejurando
725 914 886 955 adhibito
902 915 1007 952 Iidem
1028 915 1236 962 Imperatori

175 971 358 1018 dedisset,
397 976 574 1021 equestris
616 976 864 1024 pedestrisque
904 977 1041 1014 militia:
1070 977 1238 1026 Magister

175 1035 388 1076 declaratur.
415 1038 532 1075 Tanto
557 1045 674 1076 autem
696 1039 840 1078 inﬂatus
859 1040 1019 1086 honore,
1049 1049 1108 1078 res
1125 1050 1236 1078 novas

175 1101 292 1139 moliri
315 1112 386 1138 non
415 1101 564 1139 distulit.
584 1101 672 1139 Erat
688 1102 749 1140 ille
767 1103 918 1140 Arianus
932 1131 941 1146 ,
961 1103 1110 1151 perinde
1129 1109 1236 1150 atque

175 1165 274 1202 tuulti
290 1165 352 1202 alii
367 1165 506 1212 Gotthi,
521 1165 582 1214 qui
598 1171 682 1204 tunc
699 1167 904 1214 episcopum
925 1165 1235 1214 Constantinopoli

175 1228 349 1266 habebant
367 1241 376 1266 :
394 1229 628 1267 suadentibus
645 1236 766 1267 autem
787 1229 949 1276 ejusdem
969 1235 1078 1268 secta:
1097 1231 1237 1278 cpisco-

177 1291 228 1336 pis
254 1290 508 1338 Imperatorem
539 1293 698 1341 rogavit,
734 1303 842 1330 unam
860 1303 904 1330 ex
921 1292 1086 1332 ecclesiis
1103 1294 1236 1332 urbicis

173 1362 244 1389 sua:
257 1359 364 1390 secta:
379 1354 556 1400 traderet;
575 1355 780 1394 indecorum
795 1367 877 1395 esse
893 1356 1016 1394 dicens
1027 1356 1234 1406 Magistrum

173 1413 340 1451 Romanae
361 1415 496 1453 militiae
513 1425 612 1454 extra
631 1417 756 1455 urbem
777 1419 902 1456 orandi
917 1430 1025 1457 causa
1042 1419 1233 1467 proﬁcisci.

172 1475 342 1514 Arcadius
357 1487 455 1522 vero,
475 1478 534 1525 qui
549 1477 699 1516 Gainam
714 1481 910 1526 metuebat,
928 1487 968 1518 ut
985 1488 1020 1519 et
1033 1481 1138 1519 aulici
1155 1477 1236 1529 ejus

171 1546 294 1574 Omnes
311 1567 319 1581 ,
338 1549 380 1575 ea
397 1540 443 1576 de
461 1551 500 1576 re
523 1540 798 1578 deliberaturum
818 1553 858 1580 se
875 1543 986 1588 dixit,
1014 1553 1236 1591 operamque

168 1599 333 1637 daturum
357 1607 394 1637 ιιι
422 1601 534 1648 ipsius
559 1601 740 1641 desiderio
770 1603 874 1641 fieret
901 1605 1003 1642 satis.
1036 1606 1236 1653 Imperator

169 1668 287 1699 autem
312 1662 487 1700 Joannem
517 1671 678 1702 nostrum
711 1665 884 1710 advocat,
917 1667 1040 1704 Gaiuaa
1071 1674 1232 1715 optatum

167 1725 296 1771 doct-t,
319 1726 398 1773 ejus
419 1728 612 1773 potentiam
635 1735 914 1775 commemorat,
943 1730 1058 1777 ipsum
1075 1731 1234 1780 tyranni-

167 1786 245 1823 dem
277 1788 441 1825 meditari
471 1800 542 1826 non
572 1789 726 1827 obscure
759 1790 904 1837 indicat,
932 1791 1166 1840 hortaturque
1194 1799 1233 1830 ut

169 1849 305 1886 barhari
327 1851 486 1888 animum
521 1852 554 1888 id
573 1852 804 1890 concedendo
823 1862 1031 1900 compescat
1051 1855 1229 1904 (Theodo-

167 1920 226 1948 ret.
251 1915 274 1948 t.
293 1913 328 1950 5.
359 1925 390 1949 ε.
421 1913 497 1962 32).
519 1915 716 1962 Respondit
737 1915 896 1954 Joannes
911 1943 922 1962 ,
945 1917 1154 1966 Imperatori
1175 1919 1228 1957 fas

166 1985 234 2010 non
261 1985 340 2012 esse
359 1975 440 2012 talia
469 1977 652 2024 polliceri,
681 1984 718 2016 et
745 1985 868 2016 sancta
893 1981 1044 2018 canibus
1059 1981 1228 2022 dare:se

167 2045 251 2072 vero
272 2037 472 2084 neutiquam
503 2048 607 2084 posse
637 2039 842 2078 Catholicos
869 2042 914 2079 ab
930 2042 1081 2079 ecclesia
1100 2044 1228 2090 quavis

166 2098 314 2144 ejicere,
335 2106 374 2136 ut
403 2100 547 2136 inducat
573 2101 726 2138 Arianos
741 2129 752 2147 ,
780 2103 840 2150 qtti
862 2103 898 2140 in
923 2103 1052 2140 Filium
1070 2105 1133 2141 Dei
1151 2105 1226 2140 bla-

166 2160 306 2206 spltetua
331 2162 544 2208 proferrent,
574 2173 690 2210 neque
710 2170 809 2200 metu
827 2164 973 2201 barbari
993 2164 1127 2202 debere
1147 2176 1226 2202 mo-

166 2223 234 2258 veri
249 2235 257 2259 :
272 2223 332 2260 sed
351 2225 474 2262 ambos
487 2225 666 2262 advocare
681 2232 796 2273 rogat,
811 2235 851 2262 se
865 2236 946 2263 nem
953 2236 995 2273 pe
1009 2232 1046 2262 ct
1059 2226 1226 2271 Gainant,

165 2295 373 2333 sperarcque
401 2297 441 2324 se
479 2286 577 2324 illum
611 2297 656 2325 eo
685 2287 926 2324 adducturum
955 2298 1060 2333 esse,
1097 2296 1133 2324 ut
1154 2299 1226 2325 non

165 2345 248 2383 ultra
270 2349 366 2395 paria
386 2350 596 2397 postularet.
623 2350 686 2387 His
707 2350 840 2388 auditis
854 2349 1060 2398 Imperator
1081 2363 1229 2398 magno-

164 2417 244 2452 pere
259 2410 400 2456 gavisus
417 2417 470 2448 est
485 2439 496 2458 ,
524 2418 560 2448 et
575 2412 752 2459 postridie
769 2418 962 2460 utrumque
978 2413 1086 2459 jussit
1103 2414 1226 2450 acciri.

163 2470 317 2508 Accessit
345 2471 477 2510 Gaiuas
504 2471 660 2523 (Sozam.
693 2474 720 2511 ι.
747 2474 784 2519 8.
815 2485 847 2510 ε.
875 2473 938 2523 4);
971 2474 1088 2511 adfuit
1117 2476 1226 2512 etiam

162 2531 430 2580 (lltrysostontus
447 2546 528 2573 cum
549 2537 730 2585 episcopis
749 2538 810 2585 qui
830 2537 1226 2587 tutuCoustantinopoli

161 2601 262 2629 erant
287 2594 504 2642 ('l‘lteodoret.
531 2598 555 2634 ι.
580 2599 617 2635 5.
644 2610 676 2635 c.
702 2599 778 2647 52).

207 2654 334 2692 Gaittas
367 2667 387 2691 α
421 2657 658 2706 Chrysostonto
695 2673 885 2708 repressus.
908 2681 954 2690 -—
973 2661 1064 2699 Tum
1093 2661 1226 2700 Gaiuas

161 2717 332 2761 promissa
358 2717 426 2755 sibi
454 2719 530 2756 dari
559 2719 751 2769 ﬂagitabat.
782 2723 1014 2762 Reclamabat
1044 2724 1222 2770 Joannes,

162 2791 228 2818 non
254 2782 360 2820 licere
387 2785 594 2832 Imperatori
617 2788 675 2834 qui
695 2788 787 2834 piam
806 2789 1017 2836 religionem
1033 2790 1224 2838 profitere-

163 2849 239 2887 tur,
268 2845 438 2884 adversus
463 2857 522 2884 res
555 2848 695 2886 divinas
719 2850 910 2898 quidquam
934 2857 1124 2889 attentare.
1154 2852 1224 2890 Re-

165 2908 257 2951 ponit
274 2909 449 2957 Gotthus,
479 2922 621 2960 mquum
654 2923 734 2952 esse
765 2920 805 2952 ut
833 2916 909 2964 ipse
937 2927 1080 2964 quoqne
1106 2917 1222 2954 aedem

163 2976 305 3016 Sacram,
324 2973 358 3010 iu
373 2985 440 3022 qua
458 2981 680 3022 precaretur,
703 2977 862 3016 haberet.
881 2979 970 3016 Tum
991 2991 1142 3028 magnus
1161 2980 1222 3018 ille

166 3028 328 3072 Joannes:
343 3035 468 3073 Omnes
483 3037 542 3073 tibi
557 3045 686 3086 apertae
702 3046 780 3076 sunt
797 3041 887 3078 ades
902 3053 1023 3086 sucrte,
1043 3053 1104 3079 nec
1125 3042 1218 3079 ullus

165 3092 284 3154 editum
310 3098 506 3144 prohibebit,
534 3101 565 3137 si
593 3103 724 3148 precari
749 3103 908 3140 uolueris.
935 3105 977 3140 At
998 3116 1080 3154 ego,
1107 3106 1222 3153 inquit

165 3152 298 3203 Gaiuas,
328 3160 466 3198 alterius
491 3173 566 3199 sunt
591 3171 712 3209 sectae,
741 3172 772 3202 et
798 3177 876 3202 cum
899 3169 1113 3206 consortibus
1137 3169 1220 3206 meis

164 3227 257 3254 unam
275 3222 445 3260 ecclesiam
463 3232 560 3272 peto;
581 3227 682 3275 idque
695 3229 776 3276 jure
788 3230 872 3266 mihi
886 3237 997 3279 petere
1008 3231 1143 3275 videor,
1163 3232 1220 3278 qui

163 3280 258 3316 multa
286 3295 346 3328 pro
377 3285 538 3324 Romanis
569 3288 735 3327 bellorum
773 3291 975 3330 discrimina
1008 3294 1217 3340 pertulerint.

164 3340 210 3377 Ad
229 3342 302 3381 haec
315 3344 470 3386 Joannes
485 3363 495 3386 :
509 3351 580 3388 Sed
599 3352 714 3397 habet,
735 3354 862 3402 inquit,
884 3357 1026 3401 prwntia
1046 3357 1219 3403 laboribus

163 3403 220 3438 tuis
237 3404 334 3454 longe
348 3410 478 3456 majora
491 3421 502 3447 :
515 3423 594 3448 num
617 3421 650 3450 et
669 3414 835 3464 Magister
856 3417 1006 3454 militum
1023 3425 1169 3464 creatus,
1187 3425 1218 3456 et

140 3466 322 3526 ἕδωηειιιανὶ
340 3477 426 3506 ueste
443 3481 579 3511 ornatus
598 3487 648 3512 es.
669 3476 871 3515 Consideres
883 3486 1014 3526 oportet
1034 3481 1117 3526 quid
1137 3482 1219 3518 olim

138 3519 258 3572 v[lteris
273 3537 304 3566 et
321 3533 402 3579 quid
421 3546 508 3572 nunc
524 3539 596 3582 sis;
621 3547 751 3587 quanta
770 3543 872 3587 fuerit
889 3543 983 3588 prior
997 3550 1126 3591 egestas
1144 3551 1216 3588 tua,

163 3600 278 3634 quanta
295 3607 383 3633 nunc
402 3609 512 3635 rerum
536 3603 657 3648 copia;
685 3603 806 3650 quibus
839 3605 1044 3642 uestimentis
1067 3617 1150 3644 usus
1171 3608 1218 3644 sis

163 3653 348 3701 priusquam
377 3658 506 3698 Istrum
541 3664 740 3708 trajiceres,
775 3665 897 3712 quibus
940 3677 1032 3704 nunc
1063 3668 1218 3708 induam

165 3711 309 3754 (Summ.
335 3719 360 3755 t.
386 3719 422 3756 8.
453 3732 485 3758 c.
514 3723 568 3770 4).
597 3724 634 3760 lu
655 3711 867 3762 memoriam
889 3729 1071 3766 revocavit
1087 3730 1216 3777 etiam,

165 3781 334 3818 ‘luotnodo
353 3792 434 3820 cum
452 3795 471 3822 a
492 3787 607 3833 patria
625 3786 823 3836 aufugisset
838 3801 859 3826 a
880 3789 1083 3829 Theodosro
1100 3793 1216 3842 Impe-

164 3846 274 3878 ratore
291 3849 326 3880 et
351 3845 490 3885 Arcadii
517 3855 619 3896 patre
635 3855 804 3892 servatus
820 3851 964 3899 fuisset,
990 3854 1217 3904 jurassetque

165 3907 198 3934 Ie
216 3900 375 3944 Romanis
393 3910 559 3958 amicum,
575 3911 716 3959 ipsique
729 3923 770 3950 ac
783 3912 904 3950 liberis
919 3915 994 3962 ejus
1009 3927 1050 3952 ac
1064 3916 1212 3965 legibus,

986 216 1108 254 NUNC
1135 216 1314 257 PRIMUM
1333 218 1603 262 ADORNATA.

2330 231 2396 271 I78

1320 305 1412 344 quas
1427 309 1524 336 nunc
1541 301 1714 349 abrogare
1735 305 1948 346 conabatur.
1970 307 2076 344 tldnm
2097 315 2269 356 perpetuo
2289 320 2392 346 man-

1316 370 1440 397 surttm
1461 371 1556 400 esse.
1585 363 1758 412 Tuncque
1775 367 1890 415 legem
1910 380 1929 405 a
1949 370 2154 408 Theodosio
2175 371 2282 408 latam
2311 383 2394 420 pro-

1317 423 1419 468 tulit,
1445 434 1526 471 qtue
1551 430 1716 462 vetuerat
1745 439 1790 464 ne
1819 428 1977 468 harreltei
2007 433 2099 470 itttra
2131 433 2230 470 urbis
2258 437 2392 472 tnwnia

1313 485 1483 522 collectas
1501 487 1743 525 celebrarent.
1765 489 1851 526 Post
1870 490 1947 528 haec
1965 494 2008 529 ad
2030 497 2287 544 Imperatorem
2303 507 2390 534 cou-

1311 557 1438 584 versus
1464 548 1579 584 suasit
1607 548 1674 596 ipsi
1703 557 1740 586 ut
1770 551 1909 598 legem,
1936 565 2016 600 qum
2037 557 2210 594 adversus
2233 559 2391 599 Itzereses

1311 608 1379 644 lata
1397 610 1526 653 fuerat,
1540 619 1654 647 ratam
1673 619 1856 650 serrarct:
1870 615 1983 651 satius
1999 627 2080 654 esse
2094 619 2219 656 dicens
2238 621 2390 668 imperio

1309 671 1460 716 cedere,
1480 683 1586 720 quam
1611 675 1749 721 prodita
1772 676 1835 712 Dei
1867 677 1975 714 domo
1998 679 2176 725 piacttlum
2199 683 2392 724 admittere

1309 731 1530 782 (Theodoret.
1550 734 1620 772 ιδ.
1640 747 1670 772 c.
1693 737 1772 786 59).
1785 738 1996 785 llujusmodi
2016 743 2246 781 sermonibus
2262 745 2391 784 docmr

1309 796 1368 834 ille
1387 797 1484 834 orbis
1503 803 1680 836 terrarum
1713 799 1777 848 (sic
1796 799 2062 852 Tlteodoretus),
2076 804 2199 842 Gainae
2221 816 2261 843 os
2279 809 2389 845 obtu-

1307 858 1412 902 ravit,
1435 867 1472 896 et
1493 867 1612 898 tacere
1629 871 1712 898 eum
1729 863 1906 912 compulit
1929 863 2086 913 (Sozam.
2104 866 2129 903 Ι.
2153 867 2185 910 8,
2209 880 2239 904 c.
2259 870 2313 916 λι).

1357 920 1478 958 (lanna
1497 929 1592 969 gesta
1607 929 1639 959 et
1652 935 1878 962 recessus.—
1901 925 1974 974 Spe
2011 926 2134 974 lapsus
2166 929 2298 968 Gainas
2312 959 2324 976 ,
2353 938 2388 970 et

1307 983 1410 1032 quasi
1443 985 1480 1022 in
1500 984 1658 1024 furorem
1677 993 1804 1034 actus,
1819 988 1926 1026 fidem
1946 989 2083 1028 violare
2103 999 2140 1028 et
2167 993 2292 1030 urbem
2325 994 2389 1031 de-

1307 1046 1460 1093 prtedari
1475 1047 1549 1095 jam
1566 1048 1822 1088 meditabatur.
1841 1051 1930 1098 Ejus
1947 1058 2068 1090 autem
2089 1053 2236 1092 insidias
2248 1083 2259 1100 ,
2273 1055 2389 1103 inquit

1307 1107 1552 1154 Sozomenus,
1573 1111 1832 1158 praenuntiavit
1855 1120 2040 1160 cometes,
2065 1115 2127 1163 qui
2163 1121 2249 1154 tunc
2277 1127 2387 1165 supra

1306 1169 1490 1208 civitatem
1508 1173 1686 1210 maximus
1705 1175 1893 1221 apparuit,
1930 1187 2045 1224 usque
2076 1177 2121 1214 ad
2151 1183 2284 1216 terram
2311 1179 2388 1218 fere

1307 1234 1535 1282 pertingens,
1551 1241 1588 1272 et
1604 1236 1720 1284 qualis
1735 1247 1931 1285 numquam
1947 1245 2052 1276 antea
2071 1240 2168 1278 risus
2179 1241 2290 1280 fuisse
2307 1253 2386 1281 me-

1307 1303 1481 1334 moratur.
1497 1299 1550 1335 Ac
1571 1299 1688 1345 primo
1725 1299 1872 1348 quidem
1905 1302 2191 1349 argentariorum
2223 1305 2386 1344 ofﬁcinas

1307 1358 1477 1398 invadere
1505 1360 1690 1405 tentabat,
1713 1363 1906 1400 maximam
1935 1375 1975 1401 se
2005 1365 2170 1412 pecuniae
2205 1377 2384 1405 summam

1306 1421 1389 1459 inde
1409 1423 1644 1460 collecturum
1665 1434 1831 1472 sperans.
1849 1425 1940 1462 Cum
1958 1433 2076 1464 autem
2092 1438 2238 1466 rumore
2258 1417 2386 1467 nuntio

1306 1484 1341 1522 in
1363 1485 1527 1523 notitiam
1549 1487 1708 1525 venisset
1724 1488 1824 1525 illum
1861 1489 1944 1526 talia
1980 1491 2170 1538 meditari,
2190 1495 2382 1540 argentarii

1306 1547 1340 1583 in
1357 1546 1505 1584 latebris
1523 1549 1644 1586 omnia
1667 1560 1843 1596 posuere:
1860 1551 1908 1588 ita
1923 1553 2042 1589 omnis
2058 1552 2148 1591 lucri
2187 1555 2272 1592 inde
2301 1566 2384 1602 per-

1305 1609 1460 1656 cipiendi
1473 1620 1559 1658 spes
1577 1610 1644 1659 ipsi
1659 1612 1828 1651 avolavit.
1853 1613 1944 1652 Tum
1971 1625 2036 1654 ceu
2068 1616 2166 1654 rabie
2195 1625 2384 1666 correptus

1305 1669 1438 1708 Gaiuas
1451 1701 1462 1716 ,
1477 1673 1552 1710 suis
1566 1673 1748 1712 mandavit
1766 1682 1804 1712 ut
1816 1676 2002 1724 imperiale
2016 1677 2186 1726 palatium
2208 1680 2382 1720 incende-

1303 1740 1396 1770 rent.
1414 1734 1478 1772 Hic
1495 1746 1579 1772 vero
1598 1747 1674 1774 rem
1695 1737 1858 1786 prodigio
1875 1739 2030 1777 similem
2059 1749 2183 1780 narrat
2206 1742 2380 1781 Sozome-

1285 1805 1392 1840 .nus;
1414 1807 1543 1844 nempe
1557 1797 1738 1846 ingentem
1757 1799 1910 1838 militum
1940 1813 2131 1840 numerum
2159 1811 2242 1841 ante
2279 1805 2381 1852 pala-

1301 1857 1388 1894 tium
1407 1859 1578 1898 divinitus
1594 1863 1841 1909 comparuisse
1854 1892 1864 1910 ,
1885 1864 2130 1914 barbarosque
2157 1873 2192 1903 et
2228 1867 2380 1905 Gaiuatn

1300 1921 1416 1968 ipsum
1433 1933 1478 1960 ue
1495 1931 1613 1970 coepta
1635 1926 1850 1971 perlicerent
1865 1927 2087 1966 deterruisse
2099 1956 2110 1974 ,
2127 1929 2267 1978 aliaque
2297 1941 2380 1967 nar-

1299 1990 1354 2020 rat
1369 1994 1449 2030 qua:
1473 1983 1628 2022 fabulam
1658 1997 1786 2033 sapere
1817 1988 2002 2026 videntur.
2019 1989 2130 2026 Addit
2155 1991 2380 2029 Sozomenus

1297 2055 1340 2082 ex
1363 2045 1526 2084 barbaris
1555 2047 1626 2084 illis
1645 2047 1738 2085 alios
1755 2049 1789 2086 in
1817 2049 1910 2088 urbe
1941 2051 2142 2097 mansisse,
2179 2053 2268 2090 alios
2295 2063 2377 2090 cum

1297 2108 1410 2147 Gaina
1429 2121 1594 2158 egressos
1605 2123 1686 2149 esse
1699 2141 1709 2158 ,
1729 2119 1767 2150 et
1781 2115 1982 2152 clanculum
2004 2126 2103 2154 arma
2131 2117 2167 2156 itt
2201 2119 2376 2157 vehiculis

1298 2171 1512 2210 feminarum
1530 2203 1540 2219 ,
1557 2181 1594 2212 et
1614 2175 1649 2212 in
1668 2175 1774 2214 doliis
1793 2177 1863 2214 tela
1893 2179 2155 2226 exportavisse.
2187 2179 2257 2218 Sed
2292 2192 2375 2220 cum

1297 2233 1513 2279 deprehensi
1531 2243 1676 2279 essent,
1699 2244 1884 2283 portarum
1917 2240 2115 2287 custodes,
2147 2242 2262 2290 inquit
2291 2244 2372 2287 ille,

1297 2295 1357 2341 qui
1377 2306 1422 2332 ne
1440 2306 1540 2332 artua
1559 2305 1792 2344 exportat-cut
1827 2301 2086 2348 prohibebant,
2104 2303 2374 2342 interfecerunt.

1299 2354 1428 2403 Ingens
1445 2362 1527 2393 tunc
1545 2359 1718 2394 tumultus
1735 2369 1778 2396 ac
1791 2365 1911 2398 terror
1941 2373 2068 2399 omnes
2099 2364 2227 2401 invasit
2240 2392 2250 2408 ,
2271 2367 2374 2412 quasi

1295 2416 1444 2465 jamjam
1457 2418 1544 2454 urbs
1561 2419 1734 2465 capienda
1755 2426 1790 2456 et
1804 2421 1996 2468 expilanda
2015 2429 2127 2462 esset.
2151 2426 2196 2460 At
2216 2426 2374 2472 Impera-

1297 2484 1355 2516 tor
1368 2477 1544 2516 Arcadius
1555 2507 1566 2524 ,
1584 2481 1718 2527 optimo
1735 2487 1824 2518 tunc
1836 2492 1926 2519 usus
1955 2484 2106 2521 consilio
2120 2513 2129 2528 ,
2142 2485 2290 2522 Gainatu
2313 2487 2375 2523 ho-

1295 2547 1389 2578 stem
1407 2540 1626 2588 declaravit,
1643 2542 1837 2589 barharos,
1857 2545 1917 2592 qui
1938 2545 1974 2582 in
1989 2546 2078 2582 urbe
2111 2553 2214 2583 erant
2227 2575 2238 2592 ,
2259 2549 2374 2600 occidi

1293 2603 1401 2651 jussit
1428 2615 1438 2642 :
1469 2603 1674 2652 militesque
1709 2605 1845 2653 impetu
1875 2607 1910 2644 in
1947 2607 2028 2645 illos
2053 2608 2148 2646 facto
2176 2611 2372 2648 maximam

1297 2667 1440 2704 illorum
1472 2675 1610 2716 partem
1643 2670 1887 2714 trucidavere;
1918 2671 2108 2708 ecclesiam
2143 2681 2253 2718 vero,
2291 2685 2374 2720 quae

1295 2729 1486 2768 dicebatur
1517 2730 1735 2770 Gottltorinn
1751 2759 1763 2776 ,
1784 2732 1950 2770 incendio
1969 2743 2296 2782 consumpserunt,
2335 2736 2372 2773 in

1294 2804 1364 2841 qua
1387 2793 1510 2832 Gotlhi
1527 2795 1628 2832 multi
1647 2793 1803 2832 ﬂammis
1823 2796 1944 2833 traditi
1963 2797 2116 2844 periere.
2137 2798 2266 2835 Postea
2287 2809 2374 2836 vero

1293 2855 1519 2893 Sozomenus
1537 2856 1660 2894 Gaiuze
1680 2863 1780 2904 gesta
1807 2864 1998 2904 recenset,
2033 2865 2070 2896 et
2100 2860 2220 2897 omnia
2251 2863 2372 2908 paucis

1294 2921 1525 2967 persequitur
1541 2919 1584 2956 ad
1605 2930 1720 2968 usque
1735 2920 1813 2968 ejus
1833 2921 1972 2959 cladem
2007 2928 2044 2960 et
2076 2933 2218 2960 necem.
2257 2922 2294 2960 in
2328 2924 2372 2961 iis

1291 2992 1379 3019 vero
1401 2993 1482 3030 quae
1500 2989 1646 3030 narrat,
1666 2984 1830 3032 qua-dam
1865 2995 1949 3022 vera
1985 2995 2066 3022 esse
2093 2985 2274 3030 videntur,
2307 2987 2371 3023 Sed

1292 3043 1392 3081 falsis
1413 3044 1630 3082 intermixta.

1341 3107 1420 3144 Alia
1439 3114 1562 3145 narrat
1578 3107 1830 3146 Theodoretus
1851 3109 2072 3156 (Tlieodoret.
2095 3111 2120 3147 Ι.
2143 3111 2180 3150 5.
2208 3123 2240 3149 ε.
2272 3112 2319 3150 32
2339 3120 2370 3149 et

1291 3167 1368 3217 35).
1391 3169 1481 3206 Cum
1501 3169 1635 3208 Gainas
1665 3170 1734 3208 sibi
1749 3177 1786 3208 et
1819 3171 1894 3208 suis
1930 3171 2120 3209 ecclesiam
2155 3175 2369 3222 postulans,

1289 3232 1371 3280 ejus
1388 3234 1572 3282 potiundae
1591 3244 1657 3281 spe
1674 3234 1796 3282 lapsus
1814 3240 1934 3280 esset,
1955 3236 2149 3283 aliquando
2171 3245 2250 3285 post
2280 3245 2370 3276 tetu-

1292 3305 1381 3342 pore
1402 3297 1436 3332 iu
1457 3302 1621 3342 apertam
1639 3297 1867 3345 tyrannidem
1886 3297 2024 3345 erupit,
2047 3300 2270 3348 collectoque
2305 3311 2370 3348 per

1289 3359 1480 3396 Thraciam
1500 3359 1685 3405 exercitu,
1704 3367 1846 3396 vastare
1866 3361 1986 3398 omnia
2003 3367 2039 3398 et
2058 3363 2210 3409 prtedari
2243 3364 2367 3410 coepit.

1291 3422 1366 3468 Qua
1384 3432 1424 3460 re
1443 3422 1620 3466 nuntiata,
1635 3427 1734 3459 metu
1750 3433 1877 3463 omnes
1892 3425 2046 3472 perculsi
2066 3433 2170 3463 sunt:
2187 3434 2258 3463 tam
2273 3427 2368 3472 Opti-

1289 3490 1426 3529 mates,
1459 3494 1568 3532 quam
1597 3485 1768 3532 populum
1798 3492 1915 3524 terror
1942 3487 2086 3524 invasit.
2119 3488 2245 3535 Neque
2275 3487 2369 3523 ullus

1287 3551 1368 3584 erat
1383 3546 1444 3594 qui
1462 3547 1589 3596 prmlio
1606 3558 1688 3585 cum
1720 3547 1782 3586 illo
1811 3549 1982 3598 congredi
2009 3551 2140 3595 vellet,
2164 3558 2270 3586 nemo
2306 3547 2366 3592 qui

1287 3608 1509 3657 legationem
1527 3610 1571 3647 ad
1593 3611 1692 3648 illum
1709 3611 1810 3650 obire
1829 3620 1943 3650 tutum
1964 3612 2150 3656 crederet,
2169 3609 2264 3654 quod
2287 3608 2368 3642 bar-

1289 3671 1417 3710 barum
1432 3672 1512 3719 ejus
1525 3673 1684 3710 animum
1705 3685 1832 3714 omnes
1851 3675 2142 3713 reformidarent.
2165 3670 2255 3706 Cum
2281 3678 2368 3715 ergo

1288 3733 1324 3772 id
1360 3735 1496 3782 negotii
1525 3747 1632 3774 nemo
1668 3738 1852 3784 suscipere
1869 3735 2042 3778 auderet,
2073 3732 2118 3768 ad
2149 3729 2367 3776 intrepidum

1287 3796 1586 3846 Chrysostomum
1606 3799 1690 3842 itur,
1709 3799 1770 3847 qui
1784 3826 1794 3842 ,
1819 3797 1887 3834 etsi
1921 3797 1998 3842 ipse
2016 3792 2194 3840 praecipua
2231 3790 2367 3829 irarum

1287 3868 1396 3896 causa
1417 3860 1553 3904 fuerat,
1580 3861 1616 3898 in
1632 3861 1824 3897 Thraciam
1857 3858 1926 3893 iter
1941 3853 2100 3900 suscepit
2113 3880 2123 3896 ,
2145 3851 2370 3900 Gainamque

1291 3920 1392 3958 adiit.
1416 3921 1480 3960 llic
1495 3933 1582 3959 vero
1597 3923 1710 3968 magis
1731 3930 1771 3956 ac
1793 3917 1906 3964 magis
1932 3915 2082 3962 enituit,
2109 3917 2286 3961 quantum
2306 3925 2368 3951 va-
