2694 4342
301 225 368 265 179
1019 216 1058 253 Β.
1085 213 1274 252 JOANNIS
1303 210 1628 250 CHRYSOSTOHI
1646 209 1780 251 'VITA.
2435 208 2494 250 180

301 310 372 346 teat
389 307 501 342 virtus
515 332 523 348 ,
542 307 716 350 quantum
739 299 880 336 sincera
900 280 1015 344 pietas
1029 324 1040 338 ,
1061 304 1146 341 erga
1163 293 1244 330 illos
1271 299 1380 328 ellttlll

300 380 391 418 quos
410 369 619 415 impugnare
631 362 784 410 cogitur.
801 360 934 398 Gainas
949 358 1124 395 barbarus
1138 362 1174 393 et
1190 362 1380 404 tyrannus,

300 417 380 480 ejus
418 431 604 478 pristinam
629 436 692 473 pro
723 424 866 472 pietatis
899 422 1112 460 defensioue
1143 417 1382 456 constantiam

302 479 474 530 memoria
495 498 687 537 repetens,
715 486 838 524 libenti
860 485 982 521 animo
1010 484 1046 520 itt
1079 491 1271 520 occursum
1305 479 1384 526 ejus

301 556 422 598 venit,
459 553 610 600 ejusque
643 551 828 587 dexteram
863 547 978 584 oculis
1013 545 1090 582 suis
1121 543 1312 592 Imposuit,
1348 546 1386 577 et

304 617 398 654 ﬁlios
420 625 506 651 suos
526 614 637 650 sacris
656 613 752 648 illius
772 609 924 657 genibus
943 607 1127 644 admovit:
1160 605 1251 641 adeo
1274 603 1386 639 virtus

303 674 360 715 vel
381 677 616 714 infestissimo
635 674 764 719 euique
782 671 1022 708 reverentiam
1042 679 1085 705 ac
1115 674 1291 703 terrorem
1327 665 1385 700 itt-

303 742 416 789 jicere
442 741 567 786 possit.
592 737 700 774 Addit
719 735 896 780 Georgius
933 731 1208 779 Alexandrinus
1233 728 1384 764 Gainam

305 813 392 842 tunc
409 814 508 840 artua
537 802 767 847 (lt‘pttsulSSO:
790 797 885 846 quod
909 796 1140 832 falsissimum
1159 798 1228 829 est.
1252 791 1384 826 Verum

305 866 484 904 fabulator
501 865 558 900 ille
575 862 663 898 nihil
675 872 802 897 sanum
815 860 922 902 dicit,
941 858 1008 894 nisi
1021 867 1152 898 canna:
1164 866 1206 891 ev
1223 855 1385 894 Socrate,

307 929 534 970 Sozomeno,
557 924 788 962 Theodoreto
806 928 841 958 et
880 919 1038 956 Palladio
1072 923 1270 960 mutuatur,
1305 925 1387 960 qua:

305 993 413 1030 etiam
430 1000 525 1036 sirpe
543 989 740 1035 depravare
757 986 870 1028 solet,
888 991 924 1019 ut
941 983 1044 1019 initio
1059 979 1231 1017 diximus.
1252 977 1388 1014 Gainas

307 1054 404 1091 enim
431 1053 465 1089 in
487 1059 606 1097 empto
628 1049 780 1096 perstitit
802 1058 869 1084 nee
893 1056 993 1082 arma
1023 1042 1165 1091 posuit,
1185 1041 1301 1078 denec
1334 1039 1387 1074 vi-

307 1123 387 1153 ctus
409 1125 596 1159 Ctt‘sttsqltt:
616 1113 693 1148 fuit.

356 1177 546 1212 Asiaticum
561 1174 746 1222 negotium.
775 1192 823 1198 —
848 1170 926 1207 Jam
961 1168 1005 1204 ad
1043 1165 1237 1203 Asiaticum
1277 1173 1389 1210 uego-

309 1239 398 1275 liunt
420 1239 629 1280 veniamus,
646 1235 741 1282 quod
764 1234 798 1270 iu
819 1233 968 1269 Oriente
990 1229 1162 1266 tumultus
1193 1226 1390 1262 dissensio-

311 1311 447 1348 nesque
475 1299 606 1334 multas
623 1296 818 1337 excitavit,
841 1295 1060 1338 domumque
1089 1291 1388 1336 Chrysostomum

316 1366 350 1400 iu
367 1364 488 1400 Asiam
506 1363 573 1398 iter
589 1360 705 1396 limere
719 1359 839 1405 ibique
857 1367 977 1394 moras
990 1355 1132 1392 trahere
1148 1353 1277 1399 coegit:
1295 1349 1391 1398 quod

309 1427 376 1475 ipsi
392 1436 634 1463 aerumnarum
651 1431 686 1460 et
704 1423 948 1460 calamitatum
985 1419 1124 1456 initium
1156 1416 1234 1453 fuit.
1273 1415 1393 1452 llisto-

312 1490 476 1535 riamqne
512 1494 676 1523 texcmus
705 1496 749 1522 ex
785 1490 934 1520 narratu
970 1481 1122 1518 Palladii
1158 1477 1392 1524 Helenopoli-

311 1551 386 1588 tani
405 1551 564 1596 episcopi
584 1578 592 1591 ,
615 1549 675 1596 qui
697 1549 910 1596 plerumque
932 1545 1040 1582 rebus
1057 1541 1342 1590 ipsis'interfuit.

359 1613 559 1665 Indictione
577 1611 718 1648 decitna
737 1611 843 1646 tertia
867 1609 1014 1656 (mense
1032 1606 1177 1642 circiter
1193 1603 1286 1640 Maio
1307 1602 1391 1655 antu

311 1664 422 1721 ιοοι
453 1673 789 1720 Constantinopolin
839 1675 1018 1708 venerunt
1068 1667 1190 1704 Asiani
1233 1664 1393 1712 epiSi-Opi

315 1737 328 1784 (
349 1735 531 1772 Palladius
549 1748 584 1782 p.
607 1735 690 1772 1:20.
713 1732 818 1780 δαίμ),
835 1732 998 1778 aliosque
1020 1731 1211 1776 episcopos
1230 1728 1290 1775 qui
1311 1734 1396 1762 tunc

317 1799 353 1834 in
375 1798 463 1835 urbe
477 1804 580 1834 erant
607 1800 878 1837 eonvenerunt,
896 1792 1094 1830 Palladium
1126 1801 1256 1838 nempe
1289 1789 1398 1826 Hele—

317 1860 588 1907 nopolitannut,
625 1857 855 1894 Theotimum
900 1865 945 1890 ex
969 1853 1141 1900 Scythia,
1178 1853 1394 1888 Ammonem

317 1922 522 1971 Aigyptium
540 1933 582 1958 ex
603 1920 776 1963 Thracia,
791 1917 1012 1955 Arabianum
1028 1927 1071 1952 ex
1087 1914 1224 1952 Galatia
1243 1913 1394 1956 ctalios,

317 1985 376 2032 qui
398 1993 524 2020 omnes
546 1982 668 2030 viginti
686 1981 757 2016 duo
777 1985 878 2016 erant
892 2006 902 2022 ,
925 1977 1054 2024 quibus
1071 1981 1225 2022 prmerat
1238 1973 1397 2011 Joannes

319 2036 444 2082 ti’ostcr
478 2042 897 2088 Coustantinopolitanus
937 2035 1204 2085 cpiscopuslis
1240 2047 1327 2072 vero
1361 2037 1396 2072 iu

317 2107 462 2154 Synodo
481 2107 708 2152 congregatis
725 2099 1280 2146 EusebiusValentinpolitanns
1296 2097 1398 2134 libel-

321 2168 376 2205 los
395 2169 564 2206 tradidit.
599 2174 723 2202 contra
755 2164 977 2200 Antoninum
1013 2161 1146 2208 Ephesi
1189 2161 1396 2208 episcopmn

320 2237 458 2276 septem
480 2230 596 2274 capita
617 2227 925 2274 complectentes:
949 2225 1066 2272 primo
1103 2223 1199 2271 quod
1235 2222 1400 2260 conﬂatis

321 2292 434 2328 sacris
454 2291 548 2325 vasis
567 2296 754 2336 argentum
770 2288 852 2324 inde
875 2287 1090 2334 provenit-ns
1129 2285 1162 2321 in
1192 2296 1295 2320 usum
1335 2283 1398 2320 ﬁlii

321 2353 374 2388 sui
397 2351 658 2388 convertisset:
681 2349 854 2390 secundo,
873 2348 967 2395 quod
980 2347 1158 2384 sublatum
1173 2357 1219 2384 ex
1236 2347 1398 2393 ingressu

327 2413 526 2460 baptisterii
559 2422 718 2448 marmor
739 2411 773 2447 in
803 2411 970 2446 balneum
998 2419 1102 2446 suum
1136 2407 1397 2444 transtulisset:

325 2477 430 2512 tertio
447 2504 456 2518 ,
473 2473 569 2522 quod
593 2473 764 2510 Ecclesi:e
791 2472 998 2514 columnas,
1021 2481 1041 2507 a
1071 2470 1192 2506 multis
1228 2469 1402 2514 annisja-

325 2544 464 2579 centes,
481 2538 572 2572 intra
593 2536 786 2572 triclinium
802 2545 905 2570 suum
920 2533 1100 2580 posuisset
1117 2545 1125 2568 :
1148 2537 1290 2578 quarto.
1307 2531 1402 2578 quod

327 2610 416 2646 puer
433 2599 511 2646 ejus
531 2597 665 2634 ca'dt‘m
687 2602 887 2644 pati-asset,
908 2607 1014 2644 quem
1033 2595 1150 2632 adlmc
1171 2594 1232 2630 ille
1258 2595 1292 2630 in
1333 2595 1402 2630 mi-

329 2661 478 2696 nisterio
507 2660 702 2695 retineret:
740 2659 888 2705 quinto,
929 2657 1024 2704 quod
1058 2657 1192 2704 praedia
1229 2657 1403 2694 Ecclesia:

328 2722 665 2759 relictaaBasilina
698 2721 829 2758 Juliani
866 2721 1096 2768 Imperatoris
1127 2725 1244 2756 matre
1279 2705 1406 2755 venili-

329 2785 462 2830 disset,
501 2786 729 2832 pretiumque
765 2784 834 2821 sibi
867 2783 1085 2820 vindicasset
1115 2795 1124 2820 :
1155 2777 1272 2825 sexto,
1309 2781 1404 2829 quod

330 2849 476 2884 dimissa
495 2859 605 2886 uxore
625 2859 688 2884 sua
706 2875 716 2892 ,
738 2858 818 2884 eum
837 2858 878 2884 ea
899 2857 1025 2883 rursus
1044 2855 1265 2892 congressus
1281 2852 1377 2882 esset
1394 2874 1404 2888 .

330 2911 492 2958 ﬁliosque
510 2918 759 2959 procreasset:
780 2911 934 2956 septimo
948 2938 957 2951 ,
973 2909 1067 2956 quod
1088 2910 1189 2956 quasi
1225 2909 1304 2954 lege
1339 2909 1406 2944 sibi

331 2976 565 3012 constitutum
586 2983 682 3012 esset
698 2981 736 3011 ιιι
751 2975 1000 3010 ordinationes
1032 2974 1309 3020 episcoporum,
1348 2983 1406 3008 se~

331 3039 488 3076 cundum
523 3039 702 3075 reditunm
730 3036 932 3078 rationem.
954 3036 1139 3072 venderet.
1174 3035 1312 3072 Adesse
1345 3046 1408 3071 au-

333 3107 402 3136 tem
421 3111 497 3142 eos,
511 3101 569 3146 qui
592 3100 706 3146 pretio
727 3097 880 3134 ordinati
897 3098 1010 3139 fuere,
1037 3107 1149 3144 seque
1164 3107 1240 3134 rem
1265 3097 1409 3133 aliunde

333 3164 488 3209 probare
504 3173 622 3210 posse.
643 3162 705 3198 liis
726 3161 857 3196 auditis
877 3160 1157 3209 Chrysostomus
1175 3188 1184 3204 ,
1207 3161 1410 3207 suspicatus

335 3223 412 3260 inec
429 3225 581 3261 crimina
601 3235 645 3260 ex
666 3223 749 3260 odio
769 3223 822 3258 vel
843 3223 1028 3259 inimicitia
1051 3222 1195 3258 Eusebii
1215 3222 1408 3268 proﬁcisci,

337 3283 435 3320 illum
458 3295 691 3330 compescere
706 3291 856 3320 conatus
881 3291 956 3326 est.
979 3284 1200 3331 Paulumque
1229 3283 1412 3320 Heracleae

339 3346 545 3392 rpiscopnm
561 3374 572 3387 ,
590 3346 650 3392 qui
672 3347 852 3382 Antonino
884 3345 1004 3382 favere
1023 3346 1227 3387 videbatur,
1248 3345 1412 3380 hortatus

341 3414 392 3444 Pst
407 3437 415 3450 ,
439 3415 476 3444 ttt
495 3419 618 3454 put-em
638 3409 730 3444 inter
750 3415 942 3456 utrumque
977 3408 1124 3446 faceret.
1165 3409 1292 3445 Postea
1328 3417 1412 3443 vero

1455 290 1594 337 rogavit
1608 317 1617 330 .
1633 287 1669 324 id
1686 287 1846 324 muneris
1863 285 2106 332 persolveret.
2125 284 2350 333 libellumque
2366 288 2498 335 recepit,

1455 358 1491 389 et
1508 363 1588 388 cum
1605 351 1746 387 ca'tcris
1763 349 1942 396 episcopis
1961 358 2127 395 egressus
2146 355 2213 384 est.
2229 349 2409 396 Postquam
2425 362 2501 388 vero

1454 415 1591 451 dimissi
1617 413 1739 460 populi
1758 411 1858 448 fuere
1871 439 1881 456 ,
1901 422 1982 448 cum
2004 411 2142 448 caeteris
2159 411 2332 458 episcopis
2349 413 2382 448 in
2398 413 2501 460 bapti-

1455 477 1565 513 sterio
1585 475 1746 512 consedit
1763 487 1770 510 :
1792 474 2016 520 Eusebioqne
2037 473 2138 514 dixit.
2152 483 2269 510 secum
2289 474 2504 520 perpenderel

1456 549 1501 575 an
1527 539 1621 574 dicta
1660 537 1814 584 probare
1847 543 1992 582 posset,
2028 535 2133 581 idque
2166 541 2350 582 antequam
2381 535 2504 574 libellus

1456 603 1662 650 legeretur;
1693 607 1880 648 postquam
1913 599 2009 635 enim
2043 597 2156 634 lectus
2187 597 2298 641 foret,
2328 609 2393 634 non
2425 599 2504 638 ultra

1459 673 1564 710 posse
1582 663 1680 699 illutn
1699 663 1794 699 dicta
1813 671 1996 698 revocare.
2017 661 2104 696 Cum
2121 666 2238 696 autem
2256 660 2312 696 ille
2329 659 2362 696 iu
2388 671 2503 708 propo-

1458 728 1528 762 sito
1549 731 1822 772 perseveraret,
1843 723 1958 760 lectus
1977 728 2032 758 est
2053 721 2194 757 libellus
2211 731 2314 768 supra
2349 733 2506 758 memora—

1459 796 1571 824 ratus.
1590 787 1693 823 Tttuc
1711 786 1874 823 seniores
1889 784 2048 830 episcopi
2069 783 2195 820 Joauui
2227 783 2405 826 dixerunt,
2433 794 2450 820 e
2473 794 2506 820 re

1460 850 1536 886 fore
1555 849 1719 885 ultimum
1752 853 1859 895 caput
1892 847 1936 882 de
1958 846 2113 882 venditis
2140 844 2413 880 ordinationibus
2441 845 2505 880 dis-

1459 911 1627 960 quirere:
1644 911 1726 958 quia
1739 938 1749 953 ,
1767 910 1795 946 si
1819 909 1904 945 illud
1926 909 2152 955 probaretur,
2171 913 2297 942 canora
2312 934 2322 950 ,
2344 917 2416 951 quae
2447 907 2504 943 mi-

1461 986 1548 1012 uora
1569 981 1688 1019 erant,
1703 973 1932 1010 eredibiliora
1944 978 1980 1008 et
2000 971 2147 1017 probatu
2165 969 2317 1006 faciliora
2333 967 2414 1005 fore.
2428 968 2505 1005 Tum

1459 1039 1619 1076 Joannes
1633 1036 1816 1074 Antonino
1835 1043 1918 1072 tunc
1936 1033 2104 1082 praesenti
2119 1060 2128 1076 ,
2151 1031 2240 1077 Quid
2255 1030 2298 1068 ad
2324 1030 2396 1066 lucc
2406 1029 2506 1066 dicis?

1461 1101 1606 1148 Negavit
1620 1105 1740 1135 autem
1760 1099 1821 1134 ille
1841 1097 1976 1132 outnia.
1989 1094 2198 1140 Interrogati
2211 1099 2291 1129 sunt
2303 1093 2400 1127 etiam
2413 1091 2445 1134 ii,
2455 1091 2507 1135 qui

1461 1173 1526 1209 pro
1547 1162 1754 1208 episcopatu
1777 1160 1967 1206 pecuniam
1999 1155 2145 1194 dedisse
2173 1152 2506 1198 accusabantur:qu

1462 1225 1628 1262 similiter
1647 1229 1835 1272 negarunt.
1851 1222 1926 1258 Sub
1947 1220 2023 1256 hinc
2047 1225 2190 1256 ventum
2207 1222 2262 1253 est
2275 1215 2318 1252 ad
2331 1221 2441 1257 testes;
2454 1213 2507 1250 sed

1463 1289 1550 1326 nulli
1571 1288 1742 1326 aderant:
1763 1286 1920 1324 Joannes
1936 1294 2037 1326 vero,
2057 1291 2091 1318 ut
2113 1293 2170 1318 res
2186 1279 2381 1316 accuratius
2399 1277 2507 1314 exami-

1465 1357 1626 1394 naretur,
1642 1350 1685 1385 ad
1704 1349 1898 1386 Asiaticum
1922 1346 1989 1383 iter
2006 1343 2269 1391 suscipiendum
2289 1350 2365 1378 sese
2381 1339 2502 1375 obtulit.

1512 1413 1677 1449 Antonini
1698 1411 1837 1458 Ephesii
1857 1416 1951 1458 gestu
1977 1415 2007 1445 et
2027 1408 2152 1443 obitus.
2181 1426 2227 1432 —
2254 1401 2440 1440 Antoninus
2453 1412 2508 1436 au-

1466 1482 1536 1512 tem
1553 1505 1562 1518 ,
1579 1475 1740 1523 pecunia:
1759 1484 1865 1521 quam
1883 1471 1992 1508 ofﬁcii
2014 1472 2120 1518 longe
2149 1468 2321 1516 cupidior,
2347 1467 2402 1514 qui
2418 1465 2510 1503 Joan-

1467 1539 1522 1576 nis
1541 1547 1576 1576 et
1597 1536 1854 1586 perspicaciant
1869 1543 1902 1572 et
1923 1535 2164 1582 integritatem
2193 1530 2386 1572 metuebat,
2403 1537 2511 1575 quent-

1467 1604 1548 1638 daut
1569 1613 1589 1640 e
1610 1600 1820 1648 proceribus
1833 1626 1842 1642 ,
1865 1598 1968 1645 cujus
1985 1596 2118 1644 praedia
2133 1623 2143 1638 ,
2165 1605 2243 1641 qua:
2261 1594 2294 1630 in
2310 1591 2386 1628 Asia
2405 1595 2509 1630 erant.

1467 1664 1638 1707 curabat,
1667 1663 1773 1705 adiit,
1793 1662 1839 1698 ab
1856 1669 1972 1707 eoque
1987 1657 2216 1704 impetravit,
2233 1663 2270 1692 ut
2286 1652 2458 1700 impediret
2471 1659 2508 1686 ne

1467 1728 1626 1764 Joannes
1637 1727 1671 1762 in
1685 1725 1806 1762 Asiam
1819 1721 2049 1760 concederet.
2069 1719 2129 1756 Ille
2144 1727 2230 1754 vero
2245 1716 2276 1753 id
2289 1714 2413 1758 ctl’ecit,
2428 1718 2460 1748 ut
2475 1721 2511 1748 et

1469 1789 1602 1837 palatio
1619 1787 1747 1824 Joanni
1771 1785 2060 1826 denuntiaretur,
2091 1779 2283 1817 absurdum
2313 1776 2386 1813 fore
2411 1774 2510 1814 illum.

1469 1835 1549 1887 eum
1571 1857 1692 1886 tantus
1709 1845 2023 1893 Constantinopoli
2039 1843 2214 1881 tumultus
2233 1844 2346 1883 esset,
2365 1843 2398 1874 et
2413 1835 2512 1872 adhuc

1469 1913 1593 1950 Gaium
1628 1910 1784 1948 formido
1817 1909 2048 1955 persisteret,
2085 1906 2119 1941 in
2155 1903 2274 1940 Asiam
2298 1896 2458 1948 proﬁcisci
2476 1893 2514 1931 ad

1471 1982 1580 2012 testes
1597 1972 1814 2022 quaerendos
1827 2000 1836 2016 ,
1856 1972 1914 2018 qui
1947 1969 2050 2007 facile
2070 1972 2214 2015 possent
2241 1960 2515 2002 Cortsmntinopo-

1470 2037 1520 2074 lin
1535 2021 1688 2074 adduci:
1709 2039 1928 2082 quapropter
1946 2043 1965 2067 a
1983 2029 2166 2079 proposito
2197 2025 2331 2064 destitit
2365 2021 2514 2059 Joannes.

1469 2100 1676 2138 Antoninus
1692 2097 1838 2136 interim
1859 2097 1894 2134 id
1909 2097 2072 2133 lucrattts
2086 2100 2155 2138 est,
2171 2101 2214 2128 ne
2233 2092 2340 2125 testes
2359 2083 2514 2120 venirent.

1471 2175 1562 2212 quos
1577 2165 1684 2200 etiam
1702 2167 1763 2197 aut
1794 2158 1946 2206 pecunia
1962 2160 2024 2192 aut
2059 2152 2216 2201 potentia
2253 2159 2315 2186 sua
2345 2157 2381 2182 se
2410 2143 2517 2212 fugare

1471 2201 1578 2272 posse
1590 2221 1770 2270 sperabat.
1785 2221 1869 2264 [huc
1881 2217 2039 2256 Joannes
2054 2213 2288 2262 prospiciens.
2303 2217 2378 2245 eum
2392 2201 2518 2253 Synodo

1473 2264 1649 2323 deliberat
1667 2282 1840 2330 quosdam
1861 2291 1904 2317 ex
1919 2277 2154 2326 pnesentibus
2170 2269 2344 2322 episcopis
2361 2269 2394 2304 in
2413 2264 2516 2302 Asiam

1473 2350 1616 2385 mittere
1642 2346 1687 2383 ad
1721 2340 1996 2390 interrogandus
2015 2346 2138 2376 testes.
2157 2337 2208 2373 Ad
2245 2344 2320 2371 eam
2353 2333 2519 2390 renntrcs

1473 2410 1578 2446 electi
1603 2415 1686 2446 sunt
1721 2387 1879 2453 episcopi
1895 2433 1904 2446 .
1921 2400 2124 2450 Syncletius
2152 2392 2404 2444 Trajanopolis,
2421 2387 2519 2432 llesy-

1473 2473 1578 2510 citius
1598 2470 1693 2508 Parii
1715 2449 1754 2506 et
1766 2449 2228 2508 Palladiusillelenopoleos
2244 2487 2254 2499 .
2273 2456 2330 2504 qui
2351 2449 2518 2500 Hypa2pi5.

1475 2547 1554 2580 qua:
1572 2534 1658 2570 urbs
1677 2531 1772 2568 Asiae
1791 2535 1891 2571 erat,
1917 2537 1991 2563 rem
2021 2523 2288 2564 examinarent,
2319 2513 2520 2552 mandatnm~

1475 2607 1545 2644 que
1565 2595 1741 2644 prolatqu
1759 2599 1834 2634 est,
1855 2597 1892 2626 ut
1907 2589 1966 2636 qui
1984 2589 2076 2624 intra
2096 2585 2186 2621 duos
2207 2589 2345 2618 menses
2361 2577 2393 2612 iu
2413 2573 2518 2609 urbem

1476 2659 1572 2696 illam
1587 2685 1596 2700 ,
1617 2667 1697 2704 quae
1715 2655 1830 2691 vicina
1845 2657 1922 2688 erat
1935 2679 1944 2696 ,
1962 2658 2107 2686 causam
2120 2643 2246 2682 dicturi
2262 2650 2330 2678 non
2344 2635 2518 2674 venissent.

1476 2717 1888 2758 excommunicarentur.

1527 2782 1612 2818 l’Ost
1631 2779 1708 2814 inec
1725 2778 1915 2823 Smyrnam
1936 2777 2111 2809 venerunt
2130 2764 2331 2816 Syncletius
2357 2767 2392 2797 et
2421 2753 2522 2823 Palla-

1477 2844 1579 2880 dius:
1601 2839 1800 2888 Ilesycltius
1814 2866 1822 2881 ,
1843 2837 1903 2884 qui
1921 2832 2092 2872 Antonini
2116 2833 2251 2867 amicus
2263 2831 2360 2866 erat,
2379 2817 2522 2888 morbii“?

1479 2903 1674 2943 simulavit.
1695 2902 1772 2937 Duo
1792 2906 1910 2934 autem
1933 2895 2062 2942 reliqui
2091 2903 2156 2940 per
2173 2891 2296 2928 literas
2324 2879 2468 2922 Eusebio
2493 2879 2524 2911 ει

1465 2967 1663 3006 Antonino
1683 2961 1932 3010 signiﬁearuut
1948 2964 2010 3002 ,ιιι
2026 2957 2204 3004 I-lyp:rpos
2217 2981 2228 2996 ,
2241 2950 2318 2997 quo
2337 2944 2400 2993 ipsi
2418 2946 2524 2988 μετιιεο

1481 3031 1641 3074 bant,se
1660 3025 1878 3064 conferrent.
1896 3020 1952 3058 llli
1975 3030 2062 3056 vero
2079 3027 2159 3054 eum
2181 3011 2371 3050 amicitiam
2404 3007 2527 3074 εοιιιιζξι·

1482 3060 1639 3074 .,....-,_-
2497 3060 2504 3068 _

1482 3094 1622 3130 xissent
1637 3090 1649 3138 (
1662 3099 1744 3125 nam
1764 3085 1966 3124 Antoninus
1985 3080 2178 3119 Eusebium
2200 3075 2257 3112 vel
2278 3080 2382 3112 auro,
2403 3064 2451 3102 vel
2464 3060 2526 3132 alto

1481 3154 1589 3192 modo
1608 3124 1816 3196 cdrt‘ltptttm
1832 3146 1898 3183 sibi
1927 3140 2174 3186 conciliarat),
2193 3143 2230 3175 et
2259 3134 2302 3171 ad
2338 3124 2528 3196 ιιῖιιιξερξηος

1483 3229 1560 3254 rum
1582 3215 1764 3252 civitatem
1792 3211 1842 3248 illi
1863 3218 2006 3256 quoque
2033 3205 2236 3244 venissent,
2253 3197 2386 3248 judices
2401 3187 2528 3228 eludere

1483 3279 1722 3317 conabantur,
1752 3260 1991 3317 dicebantque
2030 3274 2140 3304 testes
2179 3263 2398 3310 negotiorum
2439 3255 2528 3286 calls"

1486 3350 1636 3389 peregre
1663 3337 1843 3385 profectos
1877 3342 1972 3369 esse.
2005 3330 2148 3367 Judiees
2185 3324 2373 3364 Eusebium
2406 3314 2528 3359 τοῖό²¹¹¹¹σ

1485 3377 1588 3441 intra~
1597 3407 1684 3448 quot
1699 3399 1776 3435 dies
1796 3397 1856 3433 ille
1877 3402 1986 3432 testes
2003 3393 2222 3429 adducturus
2252 3389 2356 3424 esset.
2385 3378 2442 3416 Ille
2460 3377 2530 3448 vero

345 3470 616 3519 lltu-ysostonms
633 3471 676 3507 ad
693 3471 907 3508 sacriﬁcium
929 3471 1153 3508 offerendum
1183 3480 1266 3506 sese
1300 3479 1411 3516 appa-

349 3534 454 3572 nnbat.

387 3595 486 3632 Tunc
505 3595 680 3632 Eusebius
701 3596 751 3632 ira
773 3605 973 3633 succensus
987 3625 997 3640 ,
1014 3595 1190 3632 Joannem
1212 3592 1412 3638 adjnravit,

345 3656 528 3694 horrendis
547 3658 717 3694 adhibitis
731 3659 968 3695 sacramentis
985 3686 994 3702 ,
1015 3664 1052 3692 ut
1071 3657 1175 3692 dictis
1193 3656 1268 3691 suis
1293 3660 1413 3690 alten-

343 3719 462 3756 deret:
481 3727 634 3767 tuncque
651 3731 773 3757 coram
793 3720 890 3756 otnni
911 3719 1044 3767 populo
1073 3717 1234 3752 libellqu
1271 3714 1412 3751 obtulit.

347 3782 618 3830 llhrysostomus
637 3790 733 3819 tanta
756 3783 902 3820 Eusebii
925 3780 1094 3817 instantia
1110 3778 1416 3824 vehementiaque

346 3851 384 3878 se
405 3853 604 3888 permotum
627 3846 809 3887 sent-iens,
833 3843 947 3879 noluit
969 3843 1004 3876 in
1026 3840 1086 3876 tali
1105 3839 1214 3876 animi
1234 3846 1328 3874 statu
1360 3848 1418 3874 sa-

347 3903 516 3942 criﬁcium
531 3909 682 3950 oﬁerre;
705 3906 767 3944 scd
788 3903 1031 3952 Pansophium
1047 3900 1191 3940 Pisidia
1206 3899 1414 3948 episcopum

1485 3473 1636 3514 sperans
1654 3463 1688 3499 in
1711 3466 1820 3496 :estns
1839 3455 2062 3494 vehementia
2078 3454 2216 3499 judices
2233 3449 2315 3486 inde
2333 3438 2532 3514 rliscessttf:

1486 3498 1587 3568 esse,
1607 3529 1686 3561 erat
1699 3523 1830 3569 quippe
1844 3518 1980 3555 :estatis
1998 3523 2139 3560 tempus
2153 3540 2162 3555 ,
2185 3511 2315 3556 scripto
2336 3498 2485 3551 promisit
2499 3498 2534 3569 εἳ

1488 3553 1587 3568 es.-.
1608 3553 1828 3569 ν...-.,.-.,ν,.-
1846 3553 1866 3555 ρ
1887 3553 1907 3554 η
2076 3553 2082 3560 ,
2155 3553 2158 3555 _
2258 3553 2265 3556 _

1488 3589 1579 3624 intra
1595 3585 1828 3633 quadraginta
1848 3581 1924 3618 dies
1939 3607 1950 3624 ,
1972 3583 2033 3614 aut
2061 3583 2172 3613 testes
2201 3569 2467 3633 producturum:

1489 3658 1614 3696 pmnas
1645 3646 1842 3684 secundum
1873 3650 2030 3680 canones
2061 3639 2224 3674 daturum
2257 3639 2348 3669 esse.
2381 3621 2536 3696 [TIBlISSIl-l:

1489 3676 1614 3696 rw"..-
1877 3676 1957 3680 -..η
2507 3676 2512 3680 _

1489 3723 1574 3758 ergo
1610 3711 1670 3748 ille
1707 3710 1752 3745 ad
1789 3705 2022 3754 inquirendos
2055 3708 2186 3741 testes,
2223 3676 2536 3758 Consmntiqoi'ﬁllﬂ

1491 3769 1745 3820 venit,ibique
1763 3769 1916 3808 delituit.
1946 3756 2356 3812 Exspcetaruutlu‘llc“
2385 3746 2426 3782 ad
2461 3747 2538 3820 mi:

1491 3807 1732 3883 dragesimtim
1755 3829 1986 3878 usﬂuediem.
2010 3825 2052 3862 Et
2073 3833 2152 3861 cum
2168 3816 2356 3857 Eusebius
2371 3819 2391 3846 "
2407 3807 2540 3883 "'01::

1494 3867 1656 3944 parZrct,
1675 3888 2053 3932 excommunicationis
2073 3881 2284 3922 sentcntiam
2307 3877 2339 3912 in
2358 3878 2436 3908 eum
2465 3867 2537 3910 μεθ’
