2694 4342
149 244 206 282 181
939 238 1060 280 ΝυΝο
1088 238 1264 281 PRIMUM
1285 244 1548 282 ADORNATA.

147 323 321 367 tulerunt,
336 320 409 358 sive
422 324 460 356 ut
479 319 696 355 desertorem
712 346 721 362 ,
742 317 816 355 sive
829 324 868 354 ut
885 318 1194 355 calumniatorem.

148 383 330 428 Postquam
349 389 431 418 vero
451 378 590 426 triginta
605 377 680 416 dies
693 379 780 415 alios
795 378 960 426 Hypaepis
975 386 1194 421 manserant,

147 453 210 480 nec
241 449 457 488 compareret
487 440 566 484 ille,
586 440 651 486 ipsi
683 450 824 486 quoque
861 439 1194 486 Constantinopolin

146 505 331 540 redierunt.
353 501 437 538 Cum
469 509 586 538 autem
624 502 670 538 ibi
702 501 892 538 Eusebium
929 501 1190 544 offendissent,

147 572 274 600 tantum
292 564 339 600 illi
360 563 492 600 facinus
511 564 782 610 exprobrarant.
808 564 980 600 Eusebius
994 573 1077 599 vero
1095 563 1196 598 infir-

147 626 294 662 mitatem
323 625 483 670 eorporis
513 631 734 671 prmtexens,
755 629 865 660 testes
894 633 932 660 se
957 623 1192 659 adducturum

146 697 259 724 rursus
272 687 514 734 pollicebatur.
531 687 667 723 Interea
683 696 745 732 per
759 685 942 722 diuturnas
960 685 1040 722 illas
1057 695 1189 728 moras,

145 747 284 784 moritur
303 748 522 784 Antoninus:
542 747 662 792 sicque
681 756 797 782 rerum
817 745 923 783 facies
950 751 1118 782 mutatur.

186 807 256 844 Nec
271 809 381 844 multo
402 815 481 854 post
499 808 610 844 literze
629 807 671 844 ad
687 807 980 856 Chrysostomum
1015 813 1192 844 venerunt

145 870 262 916 partim
291 869 458 916 Ephesiui
491 869 607 914 Cleri,
643 871 768 915 partim
798 871 1070 916 episcoporum,
1098 869 1195 915 jura-

144 937 254 967 menta
268 940 346 967 cum
361 931 606 967 obsecratione
620 932 858 967 continentes.
877 930 1088 968 Testabatur
1109 930 1192 966 Cle-

142 1003 220 1037 rus,
239 992 387 1029 antehac
405 993 500 1039 leges
517 1001 641 1028 omnes
654 991 784 1038 Ephesi
805 991 1048 1038 pessumdatas
1065 991 1189 1035 fuisse,

139 1053 270 1100 jamdiu
292 1053 456 1090 afflictam
491 1052 702 1099 Ephesinam
737 1053 930 1090 Ecclesiam
961 1063 1038 1090 esse
1065 1053 1190 1100 partim

142 1115 182 1151 ab
201 1114 362 1158 Arianis,
381 1115 508 1160 partim
529 1114 574 1151 ab
590 1114 633 1150 iis
652 1115 710 1160 qui
730 1115 887 1152 avaritia:
919 1121 955 1152 et
985 1115 1191 1152 dominandi

141 1173 280 1211 libidine
302 1175 415 1221 capti,
454 1185 493 1211 se
522 1173 722 1211 Catholicos
741 1185 821 1212 esse
853 1176 1108 1223 gloriabantur,
1141 1177 1193 1213 sic

141 1236 350 1272 Antoninum
379 1235 582 1273 defunctqu
617 1237 901 1284 perstringebant
921 1239 992 1274 illi:
1019 1239 1194 1286 rogabant

142 1297 236 1334 illum
251 1299 456 1334 festinanter
474 1299 622 1342 veniret,
638 1299 719 1346 quia
739 1299 810 1346 lupi
826 1299 968 1346 quidam
1001 1306 1104 1336 erant
1133 1299 1192 1346 qui

141 1360 282 1404 pecunia
311 1359 544 1406 episcopalem
571 1359 691 1396 sedem
725 1371 851 1407 rapere
883 1361 1073 1398 tentabant.
1111 1361 1193 1398 llaec

141 1429 240 1456 causa
257 1420 510 1468 Chrysostomo
537 1420 601 1457 fuit
617 1421 830 1468 suscipiendi
850 1422 995 1458 Asiatici
1028 1421 1190 1467 itineris,

139 1482 180 1520 de
192 1494 260 1530 quo
279 1494 361 1520 mox
381 1483 533 1520 dicetur.

183 1543 342 1580 Homilies
359 1543 584 1591 Chrysostomi
599 1544 635 1579 in
656 1544 740 1580 Acta
758 1544 1012 1591 Apostolorum.
1032 1552 1057 1581 ι.
1091 1546 1126 1584 9.
1145 1565 1193 1573 ——

138 1604 222 1640 Dum
244 1605 320 1642 inec
339 1610 543 1651 agerentur,
566 1605 737 1642 llomilias
757 1605 793 1642 in
815 1606 904 1643 Acta
937 1607 1191 1653 Apostolorum

118 1665 258 1702 'lnabuit
273 1665 548 1714 Chrysostonms
563 1694 572 1710 ,
599 1677 687 1713 quas
706 1669 814 1714 erepit
849 1675 930 1716 post
955 1669 1192 1716 Quadragcsi-

141 1735 230 1760 mam
245 1752 255 1769 ,
278 1732 315 1762 ut
334 1727 408 1772 ipse
421 1726 626 1763 dicitllom.
643 1726 670 1772 1,
693 1735 727 1762 c.
749 1726 808 1770 25,
827 1735 934 1775 atque
949 1735 986 1765 ut
1000 1737 1165 1776 putamus
1178 1755 1188 1774 ,

139 1786 354 1834 diximusque
373 1787 409 1824 in
429 1788 564 1826 Monito
579 1815 589 1834 ,
607 1794 768 1835 tempore
785 1790 947 1827 Paschali
978 1791 1061 1828 anni
1093 1792 1185 1835 400,

139 1849 180 1884 ita
196 1854 232 1885 ut
251 1849 328 1886 illas
341 1849 492 1895 dixerit,
511 1861 593 1888 cum
621 1851 857 1889 Asiaticorum
889 1863 1008 1890 rerum
1047 1855 1188 1901 negotia

139 1909 230 1946 illum
248 1911 457 1948 distinerent
469 1940 478 1956 ,
499 1918 534 1949 et
551 1924 630 1950 cum
645 1923 665 1949 a
683 1914 794 1961 gratia
813 1914 982 1952 Eudoxia:
1001 1916 1184 1964 Augustzc,

138 1980 210 2016 quae
224 1971 322 2008 initio
341 1973 565 2020 episcopatus
583 1974 636 2010 sui
653 1975 769 2021 ipsum
790 1975 892 2012 valde
911 1975 1072 2019 colebat,
1091 1977 1188 2014 exci-

141 2031 254 2070 disset.
274 2033 362 2072 Hinc
379 2034 542 2072 fortassis
555 2036 682 2073 accidit
699 2043 738 2073 ut
749 2037 830 2073 aliis
843 2037 1017 2075 distentus
1032 2039 1186 2086 negotiis

139 2090 420 2140 Chrysostomus,
457 2097 574 2134 minus
600 2097 718 2143 culto,
750 2098 874 2144 jejuno
901 2105 938 2136 et
979 2100 1188 2146 plerumque

139 2153 292 2194 intricato
309 2158 399 2206 stylo
418 2159 481 2194 has
499 2159 692 2196 conciones
723 2161 906 2207 scripserit
919 2189 929 2205 ,
964 2161 1189 2208 maximeque

139 2216 232 2254 initio
246 2219 492 2268 homiliarum,
526 2222 586 2259 ubi
617 2222 779 2269 quzedam
810 2222 976 2259 videntur
1005 2223 1102 2260 olere
1128 2229 1190 2260 aut

139 2288 258 2318 sonare
276 2284 497 2330 peregrinum
514 2295 522 2318 :
539 2295 622 2320 nam
642 2285 674 2320 in
693 2284 808 2320 ethica
827 2285 1093 2330 adhortatione,
1110 2297 1190 2333 qum

139 2338 293 2379 homilias
312 2345 466 2389 claudit,
498 2345 557 2382 hic
592 2355 734 2392 semper
761 2346 816 2383 sui
849 2347 976 2384 similis
1007 2353 1084 2392 est,
1118 2348 1190 2385 imo

138 2402 234 2438 etiam
271 2405 357 2442 alias
387 2407 575 2443 conciones
609 2413 768 2454 supcrat.
798 2406 860 2443 lla:
875 2417 980 2452 vero,
1001 2419 1080 2454 qua:
1111 2415 1191 2454 post

139 2461 262 2501 Pascha
281 2466 362 2502 anni
380 2467 448 2504 400
465 2474 590 2514 empta:
619 2468 718 2504 fuere
738 2468 909 2513 homiliae,
929 2469 1072 2505 nonnisi
1096 2480 1190 2506 anno

138 2523 196 2560 401
214 2526 391 2564 terminari
407 2529 563 2575 potuisse
579 2529 755 2574 videntur,
771 2535 807 2566 et
827 2529 988 2566 fortassis
1002 2536 1190 2578 postquam

137 2594 175 2621 ex
192 2586 274 2622 Asia
293 2597 456 2625 reversus
473 2589 537 2626 fuit
555 2589 832 2638 Clu-ysostomus
845 2602 853 2626 :
867 2600 990 2628 verum
1010 2591 1086 2628 haec
1101 2602 1192 2628 nou-

137 2645 199 2681 nisi
232 2646 420 2684 divinando
439 2649 508 2686 dici
535 2657 693 2696 possunt.
715 2651 867 2693 Homilia
887 2659 1006 2690 autem
1033 2654 1189 2700 quadra-

137 2707 263 2752 gesima
297 2715 420 2756 quarta
434 2724 485 2754 ,c.
496 2713 606 2761 51w.
618 2715 675 2756 ⁸54.
687 2715 896 2752 testificatur
912 2716 1190 2764 Chrysostomus

139 2775 172 2802 se
188 2769 375 2806 triennium
396 2771 526 2808 habere
545 2777 578 2808 in
610 2773 817 2811 Pontificatu
839 2788 848 2811 ε
871 2777 964 2823 quod
985 2779 1014 2814 si
1031 2778 1075 2814 ad
1112 2778 1192 2815 lite-

139 2837 206 2864 ram
225 2832 430 2878 accipiatur,
444 2833 893 2880 significarevideturillum
909 2839 981 2885 jam
997 2840 1189 2876 triennium

139 2899 312 2929 emensum
328 2893 436 2930 fuisse
449 2923 459 2939 ,
478 2895 619 2942 quando
636 2896 680 2933 ad
697 2898 786 2934 hanc
803 2897 984 2936 homiliam
1011 2903 1186 2948 pervenit.

141 2951 182 2986 At
205 2960 432 3002 prmterquam
447 2957 540 3002 quod
555 2967 624 2994 non
641 2959 786 2996 omnino
795 2968 933 2998 constat
948 2961 1004 2999 hic
1023 2970 1188 3000 exactum

142 3013 319 3052 triennium
357 3018 502 3063 notari,
545 3019 618 3065 jam
654 3030 749 3067 srepe
785 3021 936 3060 vidimus
974 3024 1188 3074 Chrysosto-

141 3083 230 3112 mum
245 3088 312 3114 non
327 3089 405 3115 cum
425 3086 522 3116 tanto
549 3082 716 3128 scrupulo
734 3089 835 3120 notas
850 3090 1049 3132 temporum
1071 3088 1188 3124 consi-

141 3144 262 3183 gnare;
291 3147 404 3179 tamen
455 3145 619 3181 omnibus
652 3153 815 3185 accurate
865 3151 1052 3197 perpensis
1101 3151 1188 3188 nihil

143 3197 302 3258 absonum
315 3211 536 3251 sequeretur,
557 3207 586 3244 si
607 3205 889 3256 Chrysostomus
902 3240 912 3256 ,
933 3213 992 3258 qui
1012 3211 1186 3250 llomilias

134 3255 173 3292 ’in
187 3260 267 3298 Acta
286 3273 378 3300 anno
391 3265 460 3303 400
483 3275 642 3314 εωρθηιι
657 3297 667 3315 ,
686 3255 995 3318 quadragesimam
1025 3280 1188 3320 quartam

143 3324 173 3354 et
186 3328 376 3365 postremas
391 3327 447 3364 vel
465 3334 546 3366 ante
559 3357 569 3375 ,
589 3330 647 3368 vel
662 3337 742 3378 post
756 3333 906 3370 reditum
926 3345 1029 3371 suum
1045 3345 1087 3372 ex
1103 3336 1187 3374 Asia

147 3379 279 3419 dixerit.
296 3383 332 3420 In
348 3384 496 3423 llomilia
511 3397 596 3425 vero
619 3388 892 3437 quadragesima
920 3391 1034 3436 prima
1059 3400 1093 3428 c.
1109 3387 1198 3436 2'91,

147 3439 169 3478 l.
186 3443 240 3487 10,
255 3445 605 3495 aitChrysostomus,
625 3461 722 3488 anno
747 3453 937 3498 superiore
963 3456 1196 3490 concussisse

146 3502 246 3542 Deum
260 3508 458 3548 universam
469 3512 649 3552 civitatem
661 3513 702 3551 C.
715 3514 754 3551 P.
763 3541 771 3556 ,
785 3515 846 3562 qui
859 3521 964 3551 terrae
977 3522 1094 3552 motus
1105 3517 1194 3553 acci-

143 3564 229 3625 disse
255 3571 408 3609 creditur
433 3583 527 3612 anno
561 3576 654 3621 399,
681 3583 722 3613 ut
753 3576 910 3614 diximus
941 3588 1060 3625 supra.
1097 3579 1186 3616 Nam

145 3624 196 3662 illa
214 3639 276 3666 vox
295 3635 404 3679 ρει-αεὶ
427 3646 556 3674 annum
585 3639 750 3685 proxime
783 3624 1004 3685 superiorem
1031 3639 1185 3686 indicat;

145 3687 201 3724 sed
219 3698 285 3728 non
317 3695 362 3731 ita
390 3697 593 3745 accipienda
612 3705 668 3736 est
690 3705 730 3736 ut
747 3709 883 3736 annum
913 3700 1088 3748 integrum
1116 3703 1189 3740 ela-

147 3757 238 3794 psum
251 3753 519 3804 Clu-ysostomus
539 3761 740 3807 signiﬁcare
757 3761 854 3798 velit.

187 3811 310 3852 Ibidem
327 3825 440 3856 autem
467 3828 502 3857 et
520 3821 746 3858 continenter
784 3823 810 3860 l.
847 3822 893 3858 '56
909 3853 918 3868 ,
953 3823 1076 3862 eadem
1101 3836 1186 3864 voce

149 3876 248 3915 ρει-ιιεί
279 3877 547 3927 Chrysostomus
584 3884 696 3920 utitur
721 3883 766 3919 ad
794 3895 868 3920 rem
899 3885 1002 3922 aliam
1029 3889 1180 3935 carptim

341 3957 415 3999 ΡΜ
423 3971 515 4003 ROL.
547 3962 620 4002 Gn.
657 3960 824 4001 XLVII.

2275 249 2344 284 18%

1273 321 1501 357 iudicandum
1538 335 1546 358 :
1584 323 1669 366 Qua:
1705 325 1795 360 circa
1826 323 2042 361 Theodorum
2078 325 2330 371 ptrttsi,amm

1269 384 1422 428 proximo
1434 410 1442 424 ,
1465 391 1558 430 gesta
1573 391 1650 420 sunt
1665 411 1676 428 ,
1697 397 1793 431 quem
1812 397 1879 422 non
1899 387 2222 434 obstupefecerant?
2241 393 2273 422 et
2291 395 2336 422 tu-

1268 455 1342 480 men
1355 445 1442 480 nihil
1453 445 1601 491 amplius
1613 449 1740 493 factum
1751 455 1812 482 est.
1831 447 1920 492 Quis
1932 449 1991 484 ille
2003 449 2216 486 Theodorus
2230 457 2332 486 esset.

1266 512 1301 540 et
1319 506 1403 550 quid
1415 507 1462 542 illi
1481 507 1664 549 acciderit,
1679 508 1794 543 nullus
1809 508 1902 553 quod
1917 509 2024 544 sciam
2038 510 2193 556 scriptor
2205 510 2333 546 docuit.

1315 561 1378 597 Dic
1394 563 1546 608 septima
1566 563 1749 598 Februarii
1769 563 1850 598 anni
1874 563 1937 598 401
1965 563 2169 608 (Bollandus
2186 566 2233 602 26
2253 565 2336 601 Feb.

1265 633 1354 658 anno
1374 622 1457 660 401.
1481 635 1516 668 p.
1537 624 1620 659 65f.
1641 624 1658 658 ὁ
1693 625 1743 669 c.)
1761 624 1798 659 S.
1819 623 2053 670 Porphyrius,
2077 625 2181 662 Gazae
2200 628 2337 672 episco.

1265 693 1344 730 pus,
1365 683 1698 731 Constantinopolin
1718 686 1814 722 venit
1832 711 1842 728 ,
1862 695 1942 720 cum
1963 684 2102 721 Joanne
2121 686 2334 723 Caesariensi

1263 744 1432 791 episcopo
1463 745 1736 791 Metropolitauo
1755 755 1842 787 suo,
1875 745 1920 781 ab
1946 745 2099 780 Are.:dio
2117 745 2338 791 lmperatore

1264 807 1438 853 petiturus
1460 815 1495 843 ut
1515 807 1690 844 idolorum
1713 807 1866 853 templa,
1885 817 1964 852 quu‘
1985 806 2091 843 Gaza:
2109 813 2212 842 erant
2231 835 2240 850 ,
2265 819 2335 844 non

1260 869 1332 915 jam
1352 868 1602 905 clauderentur
1618 897 1626 910 ,
1647 869 1709 905 sed
1731 868 1889 904 funditus
1908 873 2168 904 everterentnr.
2207 867 2336 904 Rhodo

1262 935 1379 966 autem
1402 935 1651 974 transeuntes,
1682 929 1934 966 anachoretam
1953 928 2144 974 quemdam
2172 935 2335 964 sanctum

1262 990 1396 1034 virum,
1422 991 1633 1038 Procopium
1655 992 1800 1028 nomine
1815 1019 1823 1035 ,
1853 991 2042 1034 adierant,
2061 990 2122 1037 qui
2148 998 2337 1028 monuerat

1262 1059 1298 1089 ut
1316 1053 1580 1088 sanctissimum
1603 1053 1812 1100 episcopum
1830 1052 2004 1089 Joannem
2027 1052 2226 1088 invisereut
2243 1079 2253 1096 ,
2275 1054 2335 1100 qui

1263 1114 1349 1160 ipsis
1374 1113 1408 1150 id
1439 1115 1578 1152 consilii
1605 1115 1753 1151 daturus
1783 1123 1882 1159 erat,
1912 1114 2005 1161 quod
2025 1125 2043 1150 a
2067 1115 2139 1151 Deo
2159 1115 2236 1161 ipso
2257 1116 2334 1152 edi-

1262 1173 1422 1210 dicisset.
1457 1174 1546 1210 Cum
1579 1175 1613 1210 in
1647 1174 1770 1210 urbem
1805 1175 1855 1210 illi
1885 1174 2138 1217 advenissent,
2163 1175 2336 1222 postridie

1261 1235 1434 1272 Joannem
1471 1237 1662 1272 salutatum
1701 1241 1888 1272 venerunt.
1927 1235 2085 1272 Joannes
2119 1247 2206 1273 vero
2238 1238 2336 1283 ipsos

1263 1298 1461 1335 honorifice
1490 1298 1686 1335 admodum
1711 1299 1865 1344 excepit.
1888 1297 2048 1344 Cumque
2068 1299 2154 1334 tanti
2176 1300 2333 1344 suscepti

1262 1360 1402 1396 itineris
1421 1370 1564 1396 causam
1593 1359 1659 1406 ipsi
1685 1359 1934 1406 aperuissent;
1975 1358 2138 1394 hortatus
2159 1359 2218 1394 ille
2238 1359 2334 1394 \’il‘0s

1263 1426 1330 1466 est,
1357 1428 1394 1458 ut
1414 1421 1554 1458 felicem
1573 1421 1708 1458 exitum
1727 1431 1745 1456 a
1767 1421 1840 1457 Deo
1858 1426 2061 1466 sperarent.
2095 1419 2172 1456 Non
2195 1427 2336 1466 poterat

1263 1483 1322 1519 ille
1358 1483 1612 1530 imperatorem
1645 1483 1770 1527 adire,
1801 1483 1970 1530 quoniam
2004 1482 2188 1526 Eudoxia,
2220 1493 2261 1518 ea
2289 1482 2335 1519 de

1261 1554 1367 1581 causa
1382 1572 1392 1590 ,
1413 1556 1518 1592 quam
1534 1545 1662 1582 dicturi
1683 1556 1822 1591 sumus,
1844 1545 1974 1583 Joanni
1992 1545 2084 1583 male
2100 1545 2240 1590 affecta,
2261 1545 2333 1581 lm-

1262 1607 1438 1654 peratoris
1467 1608 1626 1644 animum
1661 1608 1834 1655 adversus
1866 1609 1964 1644 illum
1993 1614 2330 1656 prmoccupavcrat:

1261 1669 1324 1707 sed
1341 1671 1386 1706 ad
1409 1671 1634 1715 Amantium,
1657 1671 1886 1718 Imperatoris
1911 1671 2180 1708 Cambellanum
2196 1698 2206 1713 ,
2235 1671 2334 1717 ipsos

1261 1731 1416 1776 direxit,
1439 1733 1618 1769 hominem
1637 1743 1721 1770 vere
1742 1733 1982 1770 Christianum
2006 1746 2014 1769 :
2036 1734 2095 1779 qui
2111 1764 2120 1778 ,
2154 1734 2240 1770 nihil
2267 1733 2334 1770 ob-

1259 1800 1376 1831 stante
1394 1794 1598 1832 exulcerato
1611 1795 1777 1842 Augusta:
1788 1805 1871 1842 erga
1883 1795 2179 1844 Chrysiistomum
2193 1797 2330 1840 animo,

1259 1855 1422 1893 addictus
1453 1856 1519 1904 ipsi
1550 1867 1694 1904 semper
1715 1864 1809 1895 erat.
1853 1858 2056 1894 Amantimn
2079 1857 2238 1895 Joannes
2267 1867 2331 1904 po-

1257 1919 1382 1956 stridie
1397 1919 1442 1955 ad
1461 1929 1502 1956 se
1517 1920 1668 1956 vocavit.
1692 1919 1735 1955 Et
1753 1930 1834 1956 cum
1857 1929 1888 1964 e;
1903 1919 2014 1966 iscopi
2035 1919 2140 1955 ambo
2160 1920 2193 1954 in
2215 1919 2333 1966 Chry-

1259 1981 1408 2017 sostomi
1427 1973 1523 2017 ardes
1544 1980 1748 2024 venissent,
1767 1980 1974 2016 Amantium
2003 1981 2224 2017 invenerunt
2241 2007 2251 2023 ,
2272 1981 2332 2027 qui

1258 2051 1335 2078 rem
1353 2069 1361 2085 ,
1383 2042 1428 2079 de
1446 2052 1514 2089 qua
1535 2049 1617 2078 tunc
1635 2042 1806 2088 agebatur
1819 2069 1830 2088 ,
1851 2041 1917 2088 ipsi
1936 2047 2141 2089 aperuerat,
2159 2041 2333 2088 idipsum-

1258 2114 1326 2150 que
1361 2104 1520 2150 episcopi
1555 2104 1660 2141 ambo
1695 2103 1969 2141 confirmarunt.
2013 2103 2213 2152 Posteaque
2249 2114 2330 2141 cum

1259 2165 1484 2201 sanctissimo
1503 2165 1660 2202 Praesulc
1679 2165 1724 2202 de
1744 2165 1875 2203 divinis
1892 2165 2076 2212 sacrisque
2099 2165 2206 2202 rebus
2225 2165 2333 2203 verba

1260 2225 1449 2269 miscuere,
1468 2234 1504 2264 et
1521 2233 1708 2274 postquam
1727 2227 1886 2264 Joannes
1901 2227 1986 2275 ipsis
2005 2227 2099 2264 bona
2117 2234 2333 2275 apprecatus

1260 2285 1399 2328 fuerat,
1419 2287 1564 2323 domum
1591 2299 1630 2324 se
1651 2298 1834 2333 recepere.
1870 2287 1930 2326 Sic
1947 2289 2107 2334 quotidie
2133 2289 2233 2324 illum
2254 2287 2332 2324 adi-

1260 2347 1358 2389 bant,
1382 2354 1418 2382 ut
1436 2347 1512 2394 ejus
1531 2348 1682 2384 arumnis
1702 2348 1808 2384 simul
1825 2355 1859 2384 et
1876 2349 2010 2385 sanctis
2020 2349 2212 2396 colloquiis
2232 2349 2311 2385 frue
2325 2370 2333 2376 -

1261 2414 1398 2444 rentur.
1435 2407 1624 2444 Amantius
1651 2415 1772 2444 autem
1799 2408 1866 2444 sibi
1897 2409 2130 2444 commissum
2152 2408 2333 2454 negotium

1261 2469 1354 2516 apud
1375 2469 1568 2506 Eudoxiam
1588 2470 1784 2516 Augusmm
1805 2469 1959 2506 sollicite
1981 2471 2069 2506 ursit
2083 2499 2091 2513 ,
2116 2471 2334 2518 demumquo

1261 2530 1402 2567 favente
1431 2529 1498 2566 sibi
1527 2529 1722 2567 Theodosii
1747 2529 1902 2576 junioris
1921 2535 1957 2566 et
1983 2537 2066 2566 ortu
2085 2536 2120 2566 et
2141 2529 2333 2576 baptismo,

1261 2592 1319 2639 qui
1337 2591 1462 2628 diebus
1478 2591 1554 2628 istis
1571 2591 1734 2628 accidere
1747 2618 1756 2635 ,
1777 2596 1898 2638 optata
1917 2591 2133 2637 impetravit.

1309 2652 1548 2698 Theophanes
1575 2658 1611 2688 et
1639 2653 1787 2689 Cosmas
1814 2651 1972 2688 Vestitor
1998 2659 2146 2688 narrant
2167 2653 2334 2690 Theodo-

1261 2716 1351 2751 sium
1383 2715 1564 2761 juniorem
1593 2725 1613 2750 a
1641 2713 1781 2750 Joanne
1813 2714 2072 2762 Chrysostomo
2110 2715 2334 2762 baptizatum

1261 2776 1394 2821 fuisse;
1429 2777 1462 2813 id
1491 2786 1577 2813 vero
1602 2777 1698 2814 clare
1717 2776 1787 2812 diei
1818 2775 1959 2812 videtur
1983 2777 2030 2812 ab
2054 2775 2221 2814 Eudoxia
2242 2781 2332 2825 ipsa,

1260 2850 1340 2887 qua:
1359 2840 1393 2876 in
1414 2839 1560 2876 homilia
1579 2838 1827 2887 Chrysostomi
1857 2844 1936 2885 post
1961 2837 2116 2876 reditum
2144 2840 2189 2876 ab
2209 2841 2335 2878 exsilio

1259 2912 1345 2945 suo,
1365 2901 1418 2938 sic
1445 2901 1598 2948 loquens
1629 2901 1822 2944 inducitur,
1843 2899 2018 2936 Recordor
2040 2911 2100 2947 per
2120 2912 2242 2938 manus
2263 2909 2336 2938 tua:

1261 2965 1350 3009 ﬁlios
1367 2974 1458 2999 meos
1479 2963 1668 3009 baptizatos
1688 2962 1803 3009 fuisse.
1819 2961 1924 2998 Certe
1942 2962 2036 2999 inter
2055 2962 2148 2999 filios
2167 2972 2332 3010 compre-

1261 3025 1368 3062 hendi
1401 3025 1550 3061 omnino
1579 3023 1723 3060 videtur
1741 3023 1968 3060 Theodosius
1985 3023 2121 3070 junior.
2157 3025 2274 3071 Atque
2294 3035 2336 3060 ex

1261 3087 1302 3122 iis
1318 3115 1328 3130 ,
1361 3097 1440 3134 quae
1459 3086 1493 3122 in
1517 3085 1596 3123 Vita
1625 3085 1664 3122 S.
1688 3084 1877 3132 Porphyrii
1899 3085 2068 3122 dicuntur
2083 3114 2094 3129 ,
2116 3085 2338 3122 Theodosius

1256 3147 1378 3194 junior
1396 3148 1598 3194 baptizatus
1618 3146 1728 3183 fuisse
1748 3145 2033 3192 deprehenditur
2051 3146 2239 3194 lOAprilis
2253 3149 2336 3183 anui

1258 3209 1342 3246 401.
1377 3209 1549 3257 Tuncque
1567 3209 1846 3256 Chrysostomus
1867 3208 1901 3244 in
1921 3209 2005 3245 Asia
2026 3215 2104 3246 erat
2120 3237 2130 3253 ,
2159 3210 2334 3258 siquidem

1259 3283 1340 3309 cum
1359 3273 1588 3309 Tillemontio
1623 3272 1692 3308 iter
1720 3271 1799 3318 ejus
1829 3271 1863 3307 in
1893 3271 2016 3307 Asiam
2047 3272 2081 3308 in
2111 3283 2246 3310 annum
2266 3274 2334 3312 401

1259 3335 1534 3381 consignamus,
1563 3339 1600 3370 et
1627 3343 1732 3380 quam
1755 3333 1956 3370 tardissime
1974 3333 2236 3380 profectionem
2258 3337 2338 3383 ejus

1259 3405 1384 3432 mense
1402 3394 1598 3432 Februario
1616 3393 1778 3441 ejusdem
1799 3394 1883 3430 anni
1901 3400 2059 3432 statuere
2078 3405 2282 3442 possumus,
2299 3404 2338 3432 ut

1259 3467 1304 3494 ex
1321 3456 1553 3504 sequentibus
1574 3455 1690 3502 palam
1711 3455 1794 3492 erit.

1308 3517 1395 3554 Post
1423 3518 1594 3554 Antonini
1620 3517 1792 3564 Ephesiui
1815 3517 1972 3565 episcopi
2001 3523 2154 3554 mortem
2179 3517 2336 3564 (Pallad.

1261 3591 1294 3626 p.
1317 3579 1386 3616 155
1407 3586 1440 3615 ct
1465 3579 1574 3626 seqq.)
1593 3607 1602 3623 ,
1633 3580 1807 3627 urgebant
1833 3579 2132 3627 Chrysostomum
2171 3576 2332 3623 episcopi

1259 3641 1380 3686 vicini,
1403 3641 1551 3689 urgebat
1572 3641 1774 3688 Ephesinus
1789 3639 1914 3678 Clerus
1934 3646 1972 3676 ut
1990 3643 2157 3686 prompte
2175 3635 2332 3678 veniret,

1260 3714 1328 3740 nec
1348 3713 1468 3740 moras
1496 3703 1678 3748 traheret,
1707 3703 1804 3750 leges
1829 3700 1925 3748 apud
1946 3710 1985 3736 se
2011 3695 2262 3746 pessumdatas
2281 3694 2336 3730 di-

1259 3775 1358 3810 cens,
1379 3764 1574 3802 Ecclesiam
1595 3774 1696 3802 suam
1712 3765 1896 3804 afflictam,
1913 3762 2107 3796 tcmeratas
2119 3763 2178 3791 res
2193 3764 2332 3798 sacras,

1261 3833 1334 3864 lum
1355 3827 1399 3864 ab
1422 3828 1494 3864 Arii
1516 3827 1664 3864 asseclis
1681 3853 1690 3870 ,
1722 3831 1795 3860 tum
1815 3823 1860 3858 ab
1879 3821 1922 3856 iis
1943 3818 2003 3864 qui
2021 3816 2182 3852 avaritiae
2211 3819 2246 3850 et
2266 3814 2328 3850 do-

1260 3890 1418 3927 minandi
1445 3891 1611 3937 cupidine
1629 3887 1725 3934 capti
1744 3895 1783 3922 se
1801 3881 2008 3920 Catholicos
2027 3887 2107 3914 esse
2125 3877 2330 3926 gloriaban-

2042 3963 2091 4002 12
