  <div class='ocr_page' id='page_1' title='image "/cluster/home/n/w/nwhite01/storage/ocr_20150623/47/hvd.32044073501884/189.png"; bbox 0 0 2694 4342; ppageno 0'>
   <div class='ocr_carea' id='block_1_1' title="bbox 327 244 1430 310">
    <p class='ocr_par' dir='ltr' id='par_1_1' title="bbox 327 250 1428 310">
     <span class='ocr_line' id='line_1_1' title="bbox 327 250 1428 310; baseline -0.02 -2"><span class='ocrx_word' id='word_1_1' title='bbox 327 271 394 310; x_wconf 77' lang='grc'>183</span> <span class='ocrx_word' id='word_1_2' title='bbox 1065 254 1103 293; x_wconf 88' lang='lat' dir='ltr'>S.</span> <span class='ocrx_word' id='word_1_3' title='bbox 1135 250 1323 292; x_wconf 49' lang='lat' dir='ltr'>1031‘;le</span> <span class='ocrx_word' id='word_1_4' title='bbox 1349 251 1428 289; x_wconf 85' lang='lat' dir='ltr'>Clli</span> 
     </span>
    </p>
   </div>
   <div class='ocr_carea' id='block_1_2' title="bbox 1507 244 2522 310">
    <p class='ocr_par' dir='ltr' id='par_1_2' title="bbox 1507 244 2522 291">
     <span class='ocr_line' id='line_1_2' title="bbox 1507 244 2522 291; baseline -0.001 -4"><span class='ocrx_word' id='word_1_5' title='bbox 1507 247 1674 288; x_wconf 75' lang='lat' dir='ltr'>OSTOMI</span> <span class='ocrx_word' id='word_1_6' title='bbox 1704 244 1806 284; x_wconf 72' lang='grc' dir='ltr'>γιτιι</span> <span class='ocrx_word' id='word_1_7' title='bbox 1815 275 1824 291; x_wconf 84' lang='grc'><strong><em>,</em></strong></span> <span class='ocrx_word' id='word_1_8' title='bbox 2470 245 2522 287; x_wconf 57' lang='lat' dir='ltr'>lu</span> 
     </span>
    </p>
   </div>
   <div class='ocr_carea' id='block_1_3' title="bbox 339 329 1410 392">
    <p class='ocr_par' dir='ltr' id='par_1_3' title="bbox 339 329 1410 392">
     <span class='ocr_line' id='line_1_3' title="bbox 339 329 1410 392; baseline -0.015 -9"><span class='ocrx_word' id='word_1_9' title='bbox 339 359 382 384; x_wconf 87' lang='lat' dir='ltr'>nr</span> <span class='ocrx_word' id='word_1_10' title='bbox 410 360 417 383; x_wconf 90' lang='lat'><strong>:</strong></span> <span class='ocrx_word' id='word_1_11' title='bbox 443 338 570 392; x_wconf 77' lang='lat' dir='ltr'>quibus</span> <span class='ocrx_word' id='word_1_12' title='bbox 591 340 696 377; x_wconf 83' lang='lat' dir='ltr'>dictis</span> <span class='ocrx_word' id='word_1_13' title='bbox 717 338 938 374; x_wconf 82' lang='lat' dir='ltr'>Antoninum</span> <span class='ocrx_word' id='word_1_14' title='bbox 967 335 1178 382; x_wconf 88' lang='lat' dir='ltr'>episcopum</span> <span class='ocrx_word' id='word_1_15' title='bbox 1210 341 1326 379; x_wconf 84' lang='lat' dir='ltr'>nuper</span> <span class='ocrx_word' id='word_1_16' title='bbox 1345 329 1410 368; x_wconf 89' lang='lat' dir='ltr'>de—</span> 
     </span>
    </p>
   </div>
   <div class='ocr_carea' id='block_1_4' title="bbox 339 393 1414 446">
    <p class='ocr_par' dir='ltr' id='par_1_4' title="bbox 339 393 1414 446">
     <span class='ocr_line' id='line_1_4' title="bbox 339 393 1414 446; baseline -0.018 1"><span class='ocrx_word' id='word_1_17' title='bbox 339 414 495 446; x_wconf 90' lang='lat' dir='ltr'>nnctum</span> <span class='ocrx_word' id='word_1_18' title='bbox 525 402 722 442; x_wconf 85' lang='lat' dir='ltr'>notabant,</span> <span class='ocrx_word' id='word_1_19' title='bbox 759 399 854 446; x_wconf 88' lang='lat' dir='ltr'>apud</span> <span class='ocrx_word' id='word_1_20' title='bbox 885 408 994 446; x_wconf 83' lang='lat' dir='ltr'><strong>quem</strong></span> <span class='ocrx_word' id='word_1_21' title='bbox 1026 396 1167 434; x_wconf 78' lang='lat' dir='ltr'>venalia</span> <span class='ocrx_word' id='word_1_22' title='bbox 1203 393 1414 442; x_wconf 87' lang='lat' dir='ltr'>prostabant</span> 
     </span>
    </p>
   </div>
   <div class='ocr_carea' id='block_1_5' title="bbox 323 456 1416 508">
    <p class='ocr_par' dir='ltr' id='par_1_5' title="bbox 323 456 1416 508">
     <span class='ocr_line' id='line_1_5' title="bbox 323 456 1416 508; baseline -0.011 -6"><span class='ocrx_word' id='word_1_23' title='bbox 323 479 434 506; x_wconf 53' lang='lat' dir='ltr'>sacra</span> <span class='ocrx_word' id='word_1_24' title='bbox 466 465 601 504; x_wconf 87' lang='lat' dir='ltr'>omnia.</span> <span class='ocrx_word' id='word_1_25' title='bbox 641 463 831 501; x_wconf 79' lang='lat' dir='ltr'><strong>Addebam</strong></span> <span class='ocrx_word' id='word_1_26' title='bbox 861 470 1005 508; x_wconf 87' lang='lat' dir='ltr'>quoque</span> <span class='ocrx_word' id='word_1_27' title='bbox 1036 459 1169 496; x_wconf 76' lang='lat' dir='ltr'>multos</span> <span class='ocrx_word' id='word_1_28' title='bbox 1200 459 1333 494; x_wconf 90' lang='lat' dir='ltr'>instare</span> <span class='ocrx_word' id='word_1_29' title='bbox 1361 456 1416 491; x_wconf 89' lang='lat' dir='ltr'>Iu-</span> 
     </span>
    </p>
   </div>
   <div class='ocr_carea' id='block_1_6' title="bbox 329 519 1414 575">
    <p class='ocr_par' dir='ltr' id='par_1_6' title="bbox 329 519 1414 575">
     <span class='ocr_line' id='line_1_6' title="bbox 329 519 1414 575; baseline -0.011 -10"><span class='ocrx_word' id='word_1_30' title='bbox 329 538 425 572; x_wconf 89' lang='lat' dir='ltr'>nos,</span> <span class='ocrx_word' id='word_1_31' title='bbox 456 528 515 574; x_wconf 91' lang='lat' dir='ltr'>qui</span> <span class='ocrx_word' id='word_1_32' title='bbox 548 525 699 575; x_wconf 77' lang='lat' dir='ltr'>pecunia</span> <span class='ocrx_word' id='word_1_33' title='bbox 721 523 964 572; x_wconf 82' lang='lat' dir='ltr'>episcopalem</span> <span class='ocrx_word' id='word_1_34' title='bbox 990 521 1114 559; x_wconf 90' lang='lat' dir='ltr'>sedem</span> <span class='ocrx_word' id='word_1_35' title='bbox 1139 519 1312 556; x_wconf 74' lang='lat' dir='ltr'>invadere</span> <span class='ocrx_word' id='word_1_36' title='bbox 1333 523 1414 554; x_wconf 89' lang='lat' dir='ltr'>ten-</span> 
     </span>
    </p>
   </div>
   <div class='ocr_carea' id='block_1_7' title="bbox 327 596 470 632">
    <p class='ocr_par' dir='ltr' id='par_1_7' title="bbox 327 596 470 632">
     <span class='ocr_line' id='line_1_7' title="bbox 327 596 470 632; baseline -0.035 0"><span class='ocrx_word' id='word_1_37' title='bbox 327 596 470 632; x_wconf 85' lang='lat' dir='ltr'>labant.</span> 
     </span>
    </p>
   </div>
   <div class='ocr_carea' id='block_1_8' title="bbox 381 644 1418 698">
    <p class='ocr_par' dir='ltr' id='par_1_8' title="bbox 381 644 1418 698">
     <span class='ocr_line' id='line_1_8' title="bbox 381 644 1418 698; baseline -0.01 -10"><span class='ocrx_word' id='word_1_38' title='bbox 381 652 511 688; x_wconf 83' lang='lat' dir='ltr'>Joann.</span> <span class='ocrx_word' id='word_1_39' title='bbox 535 651 712 698; x_wconf 76' lang='lat' dir='ltr'>Chrysost.</span> <span class='ocrx_word' id='word_1_40' title='bbox 734 649 798 685; x_wconf 81' lang='lat' dir='ltr'>iter</span> <span class='ocrx_word' id='word_1_41' title='bbox 821 649 858 684; x_wconf 79' lang='lat' dir='ltr'>in</span> <span class='ocrx_word' id='word_1_42' title='bbox 878 648 996 685; x_wconf 77' lang='lat' dir='ltr'>Asiam</span> <span class='ocrx_word' id='word_1_43' title='bbox 1019 646 1174 694; x_wconf 77' lang='lat' dir='ltr'>suscipit.</span> <span class='ocrx_word' id='word_1_44' title='bbox 1193 665 1242 672; x_wconf 89' lang='lat'><strong>—</strong></span> <span class='ocrx_word' id='word_1_45' title='bbox 1260 644 1418 681; x_wconf 75' lang='lat' dir='ltr'>Joannes</span> 
     </span>
    </p>
   </div>
   <div class='ocr_carea' id='block_1_9' title="bbox 331 706 1416 760">
    <p class='ocr_par' dir='ltr' id='par_1_9' title="bbox 331 706 1416 760">
     <span class='ocr_line' id='line_1_9' title="bbox 331 706 1416 760; baseline -0.007 -12"><span class='ocrx_word' id='word_1_46' title='bbox 331 720 459 750; x_wconf 88' lang='lat' dir='ltr'>noster</span> <span class='ocrx_word' id='word_1_47' title='bbox 481 719 564 750; x_wconf 91' lang='lat' dir='ltr'>tunc</span> <span class='ocrx_word' id='word_1_48' title='bbox 581 712 682 760; x_wconf 84' lang='lat' dir='ltr'>gravi</span> <span class='ocrx_word' id='word_1_49' title='bbox 701 716 780 748; x_wconf 88' lang='lat' dir='ltr'>erat</span> <span class='ocrx_word' id='word_1_50' title='bbox 799 711 962 758; x_wconf 82' lang='lat' dir='ltr'>corporis</span> <span class='ocrx_word' id='word_1_51' title='bbox 990 709 1200 746; x_wconf 89' lang='lat' dir='ltr'>infirmitate</span> <span class='ocrx_word' id='word_1_52' title='bbox 1231 706 1416 747; x_wconf 88' lang='lat' dir='ltr'>detentus,</span> 
     </span>
    </p>
   </div>
   <div class='ocr_carea' id='block_1_10' title="bbox 336 770 1417 822">
    <p class='ocr_par' dir='ltr' id='par_1_10' title="bbox 336 770 1417 822">
     <span class='ocr_line' id='line_1_10' title="bbox 336 770 1417 822; baseline -0.007 -12"><span class='ocrx_word' id='word_1_53' title='bbox 336 775 487 812; x_wconf 83' lang='lat' dir='ltr'>hiberna</span> <span class='ocrx_word' id='word_1_54' title='bbox 523 784 668 822; x_wconf 87' lang='lat' dir='ltr'>quoque</span> <span class='ocrx_word' id='word_1_55' title='bbox 700 780 897 820; x_wconf 89' lang='lat' dir='ltr'>tempestas</span> <span class='ocrx_word' id='word_1_56' title='bbox 926 782 946 808; x_wconf 89' lang='lat' dir='ltr'>a</span> <span class='ocrx_word' id='word_1_57' title='bbox 981 777 1079 808; x_wconf 89' lang='lat' dir='ltr'>tanto</span> <span class='ocrx_word' id='word_1_58' title='bbox 1117 770 1248 806; x_wconf 84' lang='lat' dir='ltr'>itinere</span> <span class='ocrx_word' id='word_1_59' title='bbox 1281 777 1417 814; x_wconf 76' lang='lat' dir='ltr'>a‘grum</span> 
     </span>
    </p>
   </div>
   <div class='ocr_carea' id='block_1_11' title="bbox 337 827 1420 882">
    <p class='ocr_par' dir='ltr' id='par_1_11' title="bbox 337 827 1420 882">
     <span class='ocr_line' id='line_1_11' title="bbox 337 827 1420 882; baseline -0.008 -10"><span class='ocrx_word' id='word_1_60' title='bbox 337 841 502 873; x_wconf 79' lang='lat' dir='ltr'>avertere</span> <span class='ocrx_word' id='word_1_61' title='bbox 525 845 631 882; x_wconf 83' lang='lat' dir='ltr'>posse</span> <span class='ocrx_word' id='word_1_62' title='bbox 655 834 846 872; x_wconf 82' lang='lat' dir='ltr'>videbatur</span> <span class='ocrx_word' id='word_1_63' title='bbox 861 861 872 878; x_wconf 96' lang='lat'>,</span> <span class='ocrx_word' id='word_1_64' title='bbox 895 843 1019 870; x_wconf 81' lang='lat' dir='ltr'>verum</span> <span class='ocrx_word' id='word_1_65' title='bbox 1042 837 1141 868; x_wconf 87' lang='lat' dir='ltr'>tanto</span> <span class='ocrx_word' id='word_1_66' title='bbox 1159 831 1217 866; x_wconf 92' lang='lat' dir='ltr'>ille</span> <span class='ocrx_word' id='word_1_67' title='bbox 1237 827 1420 876; x_wconf 72' lang='lat' dir='ltr'>religionis</span> 
     </span>
    </p>
   </div>
   <div class='ocr_carea' id='block_1_12' title="bbox 339 890 1420 944">
    <p class='ocr_par' dir='ltr' id='par_1_12' title="bbox 339 890 1420 944">
     <span class='ocr_line' id='line_1_12' title="bbox 339 890 1420 944; baseline -0.007 -10"><span class='ocrx_word' id='word_1_68' title='bbox 339 897 458 934; x_wconf 81' lang='lat' dir='ltr'>studio</span> <span class='ocrx_word' id='word_1_69' title='bbox 478 897 666 944; x_wconf 74' lang='lat' dir='ltr'>flagrabat,</span> <span class='ocrx_word' id='word_1_70' title='bbox 687 902 726 933; x_wconf 93' lang='lat' dir='ltr'>ut</span> <span class='ocrx_word' id='word_1_71' title='bbox 743 895 862 932; x_wconf 88' lang='lat' dir='ltr'>omnia</span> <span class='ocrx_word' id='word_1_72' title='bbox 883 894 1114 942; x_wconf 82' lang='lat' dir='ltr'>postltabcret</span> <span class='ocrx_word' id='word_1_73' title='bbox 1130 903 1202 940; x_wconf 92' lang='lat' dir='ltr'>quo</span> <span class='ocrx_word' id='word_1_74' title='bbox 1220 898 1270 929; x_wconf 90' lang='lat' dir='ltr'>tot</span> <span class='ocrx_word' id='word_1_75' title='bbox 1292 890 1420 928; x_wconf 88' lang='lat' dir='ltr'>tantis-</span> 
     </span>
    </p>
   </div>
   <div class='ocr_carea' id='block_1_13' title="bbox 339 955 1421 1008">
    <p class='ocr_par' dir='ltr' id='par_1_13' title="bbox 339 955 1421 1008">
     <span class='ocr_line' id='line_1_13' title="bbox 339 955 1421 1008; baseline -0.006 -11"><span class='ocrx_word' id='word_1_76' title='bbox 339 971 409 1008; x_wconf 88' lang='lat' dir='ltr'>que</span> <span class='ocrx_word' id='word_1_77' title='bbox 434 959 540 997; x_wconf 88' lang='lat' dir='ltr'>malis</span> <span class='ocrx_word' id='word_1_78' title='bbox 568 970 714 996; x_wconf 90' lang='lat' dir='ltr'>manum</span> <span class='ocrx_word' id='word_1_79' title='bbox 745 958 921 995; x_wconf 86' lang='lat' dir='ltr'>medicam</span> <span class='ocrx_word' id='word_1_80' title='bbox 941 957 1074 994; x_wconf 82' lang='lat' dir='ltr'>afferre</span> <span class='ocrx_word' id='word_1_81' title='bbox 1095 961 1262 993; x_wconf 87' lang='lat' dir='ltr'>tentaret.</span> <span class='ocrx_word' id='word_1_82' title='bbox 1296 955 1421 1001; x_wconf 82' lang='lat' dir='ltr'>Neque</span> 
     </span>
    </p>
   </div>
   <div class='ocr_carea' id='block_1_14' title="bbox 340 1017 1422 1070">
    <p class='ocr_par' dir='ltr' id='par_1_14' title="bbox 340 1017 1422 1070">
     <span class='ocr_line' id='line_1_14' title="bbox 340 1017 1422 1070; baseline -0.006 -9"><span class='ocrx_word' id='word_1_83' title='bbox 340 1024 437 1062; x_wconf 90' lang='lat' dir='ltr'>cnim</span> <span class='ocrx_word' id='word_1_84' title='bbox 471 1023 602 1070; x_wconf 66' lang='lat' dir='ltr'>Ephesi</span> <span class='ocrx_word' id='word_1_85' title='bbox 633 1029 768 1058; x_wconf 82' lang='lat' dir='ltr'>tantum</span> <span class='ocrx_word' id='word_1_86' title='bbox 786 1049 796 1067; x_wconf 92' lang='lat'>,</span> <span class='ocrx_word' id='word_1_87' title='bbox 829 1021 892 1058; x_wconf 87' lang='lat' dir='ltr'>sed</span> <span class='ocrx_word' id='word_1_88' title='bbox 912 1020 1073 1057; x_wconf 86' lang='lat' dir='ltr'>etiamin</span> <span class='ocrx_word' id='word_1_89' title='bbox 1098 1019 1178 1056; x_wconf 92' lang='lat' dir='ltr'>aliis</span> <span class='ocrx_word' id='word_1_90' title='bbox 1199 1029 1270 1054; x_wconf 92' lang='lat' dir='ltr'>non</span> <span class='ocrx_word' id='word_1_91' title='bbox 1299 1017 1422 1064; x_wconf 83' lang='lat' dir='ltr'>paucis</span> 
     </span>
    </p>
   </div>
   <div class='ocr_carea' id='block_1_15' title="bbox 341 1079 1422 1131">
    <p class='ocr_par' dir='ltr' id='par_1_15' title="bbox 341 1079 1422 1131">
     <span class='ocr_line' id='line_1_15' title="bbox 341 1079 1422 1131; baseline -0.007 -9"><span class='ocrx_word' id='word_1_92' title='bbox 341 1087 437 1122; x_wconf 68' lang='lat' dir='ltr'>Asim</span> <span class='ocrx_word' id='word_1_93' title='bbox 454 1085 658 1122; x_wconf 81' lang='lat' dir='ltr'>civitatibus</span> <span class='ocrx_word' id='word_1_94' title='bbox 677 1085 744 1131; x_wconf 84' lang='lat' dir='ltr'>ipsi</span> <span class='ocrx_word' id='word_1_95' title='bbox 761 1084 934 1131; x_wconf 76' lang='lat' dir='ltr'>episcopi,</span> <span class='ocrx_word' id='word_1_96' title='bbox 964 1088 1148 1130; x_wconf 83' lang='lat' dir='ltr'>pastorum</span> <span class='ocrx_word' id='word_1_97' title='bbox 1168 1081 1314 1118; x_wconf 79' lang='lat' dir='ltr'>nomine</span> <span class='ocrx_word' id='word_1_98' title='bbox 1334 1079 1422 1116; x_wconf 86' lang='lat' dir='ltr'>falso</span> 
     </span>
    </p>
   </div>
   <div class='ocr_carea' id='block_1_16' title="bbox 343 1142 1422 1194">
    <p class='ocr_par' dir='ltr' id='par_1_16' title="bbox 343 1142 1422 1194">
     <span class='ocr_line' id='line_1_16' title="bbox 343 1142 1422 1194; baseline -0.007 -11"><span class='ocrx_word' id='word_1_99' title='bbox 343 1148 500 1194; x_wconf 83' lang='lat' dir='ltr'>insigniti</span> <span class='ocrx_word' id='word_1_100' title='bbox 519 1176 528 1192; x_wconf 97' lang='lat'>,</span> <span class='ocrx_word' id='word_1_101' title='bbox 559 1146 766 1183; x_wconf 83' lang='lat' dir='ltr'>Christiano</span> <span class='ocrx_word' id='word_1_102' title='bbox 795 1147 894 1193; x_wconf 89' lang='lat' dir='ltr'>gregi</span> <span class='ocrx_word' id='word_1_103' title='bbox 923 1145 1053 1181; x_wconf 86' lang='lat' dir='ltr'>damna</span> <span class='ocrx_word' id='word_1_104' title='bbox 1085 1142 1290 1180; x_wconf 90' lang='lat' dir='ltr'>inferebant</span> <span class='ocrx_word' id='word_1_105' title='bbox 1318 1142 1422 1177; x_wconf 88' lang='lat' dir='ltr'>innu-</span> 
     </span>
    </p>
   </div>
   <div class='ocr_carea' id='block_1_17' title="bbox 343 1204 1423 1254">
    <p class='ocr_par' dir='ltr' id='par_1_17' title="bbox 343 1204 1423 1254">
     <span class='ocr_line' id='line_1_17' title="bbox 343 1204 1423 1254; baseline -0.005 -10"><span class='ocrx_word' id='word_1_106' title='bbox 343 1219 454 1246; x_wconf 89' lang='lat' dir='ltr'>mera.</span> <span class='ocrx_word' id='word_1_107' title='bbox 481 1209 541 1245; x_wconf 91' lang='lat' dir='ltr'>llis</span> <span class='ocrx_word' id='word_1_108' title='bbox 567 1219 742 1245; x_wconf 82' lang='lat' dir='ltr'>accenStts</span> <span class='ocrx_word' id='word_1_109' title='bbox 769 1208 804 1244; x_wconf 89' lang='lat' dir='ltr'>in</span> <span class='ocrx_word' id='word_1_110' title='bbox 823 1208 943 1244; x_wconf 79' lang='lat' dir='ltr'>navim</span> <span class='ocrx_word' id='word_1_111' title='bbox 966 1206 1176 1254; x_wconf 78' lang='lat' dir='ltr'>ingreditur.</span> <span class='ocrx_word' id='word_1_112' title='bbox 1203 1204 1334 1241; x_wconf 74' lang='lat' dir='ltr'>Verum</span> <span class='ocrx_word' id='word_1_113' title='bbox 1355 1213 1423 1240; x_wconf 86' lang='lat' dir='ltr'>sac-</span> 
     </span>
    </p>
   </div>
   <div class='ocr_carea' id='block_1_18' title="bbox 343 1266 1422 1322">
    <p class='ocr_par' dir='ltr' id='par_1_18' title="bbox 343 1266 1422 1322">
     <span class='ocr_line' id='line_1_18' title="bbox 343 1266 1422 1322; baseline -0.006 -14"><span class='ocrx_word' id='word_1_114' title='bbox 343 1273 461 1309; x_wconf 89' lang='lat' dir='ltr'>viente</span> <span class='ocrx_word' id='word_1_115' title='bbox 492 1271 682 1322; x_wconf 80' lang='lat' dir='ltr'>aquilone,</span> <span class='ocrx_word' id='word_1_116' title='bbox 715 1281 796 1308; x_wconf 92' lang='lat' dir='ltr'>cum</span> <span class='ocrx_word' id='word_1_117' title='bbox 826 1276 1030 1307; x_wconf 85' lang='lat' dir='ltr'>metuerent</span> <span class='ocrx_word' id='word_1_118' title='bbox 1059 1275 1178 1304; x_wconf 77' lang='lat' dir='ltr'>nauta:</span> <span class='ocrx_word' id='word_1_119' title='bbox 1205 1279 1250 1304; x_wconf 90' lang='lat' dir='ltr'>ne</span> <span class='ocrx_word' id='word_1_120' title='bbox 1277 1267 1310 1303; x_wconf 91' lang='lat' dir='ltr'>in</span> <span class='ocrx_word' id='word_1_121' title='bbox 1331 1266 1422 1302; x_wconf 88' lang='lat' dir='ltr'>Pro-</span> 
     </span>
    </p>
   </div>
   <div class='ocr_carea' id='block_1_19' title="bbox 341 1332 1424 1384">
    <p class='ocr_par' dir='ltr' id='par_1_19' title="bbox 341 1332 1424 1384">
     <span class='ocr_line' id='line_1_19' title="bbox 341 1332 1424 1384; baseline -0.01 -8"><span class='ocrx_word' id='word_1_122' title='bbox 341 1351 538 1378; x_wconf 82' lang='lat' dir='ltr'>coanesum</span> <span class='ocrx_word' id='word_1_123' title='bbox 559 1339 790 1384; x_wconf 74' lang='lat' dir='ltr'>rjicercritttr,</span> <span class='ocrx_word' id='word_1_124' title='bbox 820 1334 939 1382; x_wconf 89' lang='lat' dir='ltr'>posito</span> <span class='ocrx_word' id='word_1_125' title='bbox 958 1333 1052 1376; x_wconf 74' lang='lat' dir='ltr'>velo,</span> <span class='ocrx_word' id='word_1_126' title='bbox 1075 1332 1234 1368; x_wconf 81' lang='lat' dir='ltr'>Tritonis</span> <span class='ocrx_word' id='word_1_127' title='bbox 1251 1340 1424 1378; x_wconf 82' lang='lat' dir='ltr'>promon—</span> 
     </span>
    </p>
   </div>
   <div class='ocr_carea' id='block_1_20' title="bbox 343 1394 1422 1448">
    <p class='ocr_par' dir='ltr' id='par_1_20' title="bbox 343 1394 1422 1448">
     <span class='ocr_line' id='line_1_20' title="bbox 343 1394 1422 1448; baseline -0.011 -8"><span class='ocrx_word' id='word_1_128' title='bbox 343 1407 472 1440; x_wconf 73' lang='lat' dir='ltr'>tornn’n</span> <span class='ocrx_word' id='word_1_129' title='bbox 495 1401 826 1448; x_wconf 56' lang='lat' dir='ltr'>praetervehuntur,</span> <span class='ocrx_word' id='word_1_130' title='bbox 843 1401 879 1432; x_wconf 85' lang='lat' dir='ltr'>et</span> <span class='ocrx_word' id='word_1_131' title='bbox 903 1396 948 1431; x_wconf 83' lang='lat' dir='ltr'>ibi</span> <span class='ocrx_word' id='word_1_132' title='bbox 965 1396 1072 1442; x_wconf 88' lang='lat' dir='ltr'>jactis</span> <span class='ocrx_word' id='word_1_133' title='bbox 1088 1394 1258 1430; x_wconf 77' lang='lat' dir='ltr'>anchoris</span> <span class='ocrx_word' id='word_1_134' title='bbox 1275 1401 1422 1428; x_wconf 86' lang='lat' dir='ltr'>manse-</span> 
     </span>
    </p>
   </div>
   <div class='ocr_carea' id='block_1_21' title="bbox 343 1456 1419 1509">
    <p class='ocr_par' dir='ltr' id='par_1_21' title="bbox 343 1456 1419 1509">
     <span class='ocr_line' id='line_1_21' title="bbox 343 1456 1419 1509; baseline -0.008 -11"><span class='ocrx_word' id='word_1_135' title='bbox 343 1471 438 1506; x_wconf 85' lang='lat' dir='ltr'>runt,</span> <span class='ocrx_word' id='word_1_136' title='bbox 461 1469 623 1499; x_wconf 84' lang='lat' dir='ltr'>austrum</span> <span class='ocrx_word' id='word_1_137' title='bbox 643 1466 898 1509; x_wconf 76' lang='lat' dir='ltr'>exspectantes</span> <span class='ocrx_word' id='word_1_138' title='bbox 913 1465 947 1493; x_wconf 91' lang='lat' dir='ltr'>nt</span> <span class='ocrx_word' id='word_1_139' title='bbox 962 1459 1157 1504; x_wconf 78' lang='lat' dir='ltr'>Apameam</span> <span class='ocrx_word' id='word_1_140' title='bbox 1179 1456 1419 1502; x_wconf 72' lang='lat' dir='ltr'>appellarent.</span> 
     </span>
    </p>
   </div>
   <div class='ocr_carea' id='block_1_22' title="bbox 345 1517 1424 1571">
    <p class='ocr_par' dir='ltr' id='par_1_22' title="bbox 345 1517 1424 1571">
     <span class='ocr_line' id='line_1_22' title="bbox 345 1517 1424 1571; baseline -0.009 -9"><span class='ocrx_word' id='word_1_141' title='bbox 345 1527 434 1563; x_wconf 73' lang='lat' dir='ltr'>Cum</span> <span class='ocrx_word' id='word_1_142' title='bbox 462 1535 548 1571; x_wconf 86' lang='lat' dir='ltr'>ergo</span> <span class='ocrx_word' id='word_1_143' title='bbox 580 1525 729 1561; x_wconf 88' lang='lat' dir='ltr'>biduum</span> <span class='ocrx_word' id='word_1_144' title='bbox 753 1520 870 1570; x_wconf 80' lang='lat' dir='ltr'>jejuni</span> <span class='ocrx_word' id='word_1_145' title='bbox 902 1520 1165 1566; x_wconf 66' lang='lat' dir='ltr'>perstitissent,</span> <span class='ocrx_word' id='word_1_146' title='bbox 1197 1517 1230 1554; x_wconf 95' lang='lat' dir='ltr'>in</span> <span class='ocrx_word' id='word_1_147' title='bbox 1262 1517 1424 1553; x_wconf 74' lang='lat' dir='ltr'>navicula</span> 
     </span>
    </p>
   </div>
   <div class='ocr_carea' id='block_1_23' title="bbox 344 1580 1425 1635">
    <p class='ocr_par' dir='ltr' id='par_1_23' title="bbox 344 1580 1425 1635">
     <span class='ocr_line' id='line_1_23' title="bbox 344 1580 1425 1635; baseline -0.008 -11"><span class='ocrx_word' id='word_1_148' title='bbox 344 1587 464 1635; x_wconf 81' lang='lat' dir='ltr'>agitati</span> <span class='ocrx_word' id='word_1_149' title='bbox 483 1615 494 1632; x_wconf 89' lang='lat'>,</span> <span class='ocrx_word' id='word_1_150' title='bbox 517 1588 621 1624; x_wconf 88' lang='lat' dir='ltr'>tertia</span> <span class='ocrx_word' id='word_1_151' title='bbox 641 1587 700 1624; x_wconf 89' lang='lat' dir='ltr'>die</span> <span class='ocrx_word' id='word_1_152' title='bbox 720 1587 917 1634; x_wconf 76' lang='lat' dir='ltr'>Apameam</span> <span class='ocrx_word' id='word_1_153' title='bbox 935 1583 1109 1630; x_wconf 68' lang='lat' dir='ltr'>appulere</span> <span class='ocrx_word' id='word_1_154' title='bbox 1127 1611 1136 1628; x_wconf 86' lang='lat'>,</span> <span class='ocrx_word' id='word_1_155' title='bbox 1170 1581 1228 1617; x_wconf 87' lang='lat' dir='ltr'>ubi</span> <span class='ocrx_word' id='word_1_156' title='bbox 1248 1580 1425 1617; x_wconf 81' lang='lat' dir='ltr'>Joannem</span> 
     </span>
    </p>
   </div>
   <div class='ocr_carea' id='block_1_24' title="bbox 345 1641 1426 1694">
    <p class='ocr_par' dir='ltr' id='par_1_24' title="bbox 345 1641 1426 1694">
     <span class='ocr_line' id='line_1_24' title="bbox 345 1641 1426 1694; baseline -0.008 -10"><span class='ocrx_word' id='word_1_157' title='bbox 345 1656 510 1684; x_wconf 89' lang='lat' dir='ltr'>nostrmn</span> <span class='ocrx_word' id='word_1_158' title='bbox 529 1648 788 1694; x_wconf 77' lang='lat' dir='ltr'>exspectabant</span> <span class='ocrx_word' id='word_1_159' title='bbox 806 1647 939 1683; x_wconf 84' lang='lat' dir='ltr'>Paulus</span> <span class='ocrx_word' id='word_1_160' title='bbox 959 1673 966 1686; x_wconf 91' lang='lat'>,</span> <span class='ocrx_word' id='word_1_161' title='bbox 997 1644 1151 1692; x_wconf 79' lang='lat' dir='ltr'>Cyrinus</span> <span class='ocrx_word' id='word_1_162' title='bbox 1170 1651 1205 1679; x_wconf 93' lang='lat' dir='ltr'>et</span> <span class='ocrx_word' id='word_1_163' title='bbox 1229 1641 1426 1678; x_wconf 79' lang='lat' dir='ltr'>Palladius.</span> 
     </span>
    </p>
   </div>
   <div class='ocr_carea' id='block_1_25' title="bbox 347 1707 1429 1753">
    <p class='ocr_par' dir='ltr' id='par_1_25' title="bbox 347 1707 1429 1753">
     <span class='ocr_line' id='line_1_25' title="bbox 347 1707 1429 1753; baseline -0.006 -7"><span class='ocrx_word' id='word_1_164' title='bbox 347 1711 419 1746; x_wconf 82' lang='lat' dir='ltr'>llos</span> <span class='ocrx_word' id='word_1_165' title='bbox 434 1710 529 1746; x_wconf 87' lang='lat' dir='ltr'>enim</span> <span class='ocrx_word' id='word_1_166' title='bbox 545 1710 612 1745; x_wconf 63' lang='lat' dir='ltr'>vim</span> <span class='ocrx_word' id='word_1_167' title='bbox 629 1709 778 1746; x_wconf 77' lang='lat' dir='ltr'>cantites</span> <span class='ocrx_word' id='word_1_168' title='bbox 794 1713 1046 1753; x_wconf 72' lang='lat' dir='ltr'>assumpserat</span> <span class='ocrx_word' id='word_1_169' title='bbox 1058 1707 1351 1753; x_wconf 81' lang='lat' dir='ltr'>Cbrysostomus.</span> <span class='ocrx_word' id='word_1_170' title='bbox 1367 1715 1429 1750; x_wconf 72' lang='lat' dir='ltr'>pe-</span> 
     </span>
    </p>
   </div>
   <div class='ocr_carea' id='block_1_26' title="bbox 347 1765 1430 1816">
    <p class='ocr_par' dir='ltr' id='par_1_26' title="bbox 347 1765 1430 1816">
     <span class='ocr_line' id='line_1_26' title="bbox 347 1765 1430 1816; baseline -0.006 -9"><span class='ocrx_word' id='word_1_171' title='bbox 347 1771 524 1816; x_wconf 77' lang='lat' dir='ltr'>dibttSqne</span> <span class='ocrx_word' id='word_1_172' title='bbox 555 1769 719 1806; x_wconf 60' lang='lat' dir='ltr'>contrecto</span> <span class='ocrx_word' id='word_1_173' title='bbox 749 1770 877 1806; x_wconf 88' lang='lat' dir='ltr'>itinere</span> <span class='ocrx_word' id='word_1_174' title='bbox 904 1767 1086 1814; x_wconf 77' lang='lat' dir='ltr'>Ephesum</span> <span class='ocrx_word' id='word_1_175' title='bbox 1119 1766 1346 1812; x_wconf 82' lang='lat' dir='ltr'>perveniunt.</span> <span class='ocrx_word' id='word_1_176' title='bbox 1385 1765 1430 1800; x_wconf 80' lang='lat' dir='ltr'>Et.</span> 
     </span>
    </p>
   </div>
   <div class='ocr_carea' id='block_1_27' title="bbox 347 1827 1428 1880">
    <p class='ocr_par' dir='ltr' id='par_1_27' title="bbox 347 1827 1428 1880">
     <span class='ocr_line' id='line_1_27' title="bbox 347 1827 1428 1880; baseline -0.007 -10"><span class='ocrx_word' id='word_1_177' title='bbox 347 1833 572 1880; x_wconf 75' lang='lat' dir='ltr'>congregatis</span> <span class='ocrx_word' id='word_1_178' title='bbox 591 1831 713 1880; x_wconf 80' lang='lat' dir='ltr'>Lydiae</span> <span class='ocrx_word' id='word_1_179' title='bbox 729 1859 738 1874; x_wconf 91' lang='lat'>,</span> <span class='ocrx_word' id='word_1_180' title='bbox 762 1831 857 1867; x_wconf 64' lang='lat' dir='ltr'>Asiie</span> <span class='ocrx_word' id='word_1_181' title='bbox 872 1859 881 1874; x_wconf 97' lang='lat'>,</span> <span class='ocrx_word' id='word_1_182' title='bbox 905 1837 1012 1876; x_wconf 82' lang='lat' dir='ltr'>atque</span> <span class='ocrx_word' id='word_1_183' title='bbox 1030 1828 1146 1864; x_wconf 78' lang='lat' dir='ltr'>Caria:</span> <span class='ocrx_word' id='word_1_184' title='bbox 1165 1827 1344 1873; x_wconf 83' lang='lat' dir='ltr'>episcopis</span> <span class='ocrx_word' id='word_1_185' title='bbox 1361 1837 1428 1862; x_wconf 93' lang='lat' dir='ltr'>nu-</span> 
     </span>
    </p>
   </div>
   <div class='ocr_carea' id='block_1_28' title="bbox 349 1889 1428 1942">
    <p class='ocr_par' dir='ltr' id='par_1_28' title="bbox 349 1889 1428 1942">
     <span class='ocr_line' id='line_1_28' title="bbox 349 1889 1428 1942; baseline -0.008 -9"><span class='ocrx_word' id='word_1_186' title='bbox 349 1907 451 1934; x_wconf 90' lang='lat' dir='ltr'>mero</span> <span class='ocrx_word' id='word_1_187' title='bbox 471 1895 696 1942; x_wconf 76' lang='lat' dir='ltr'>septuaginta</span> <span class='ocrx_word' id='word_1_188' title='bbox 711 1921 722 1938; x_wconf 89' lang='lat'>,</span> <span class='ocrx_word' id='word_1_189' title='bbox 743 1893 789 1930; x_wconf 88' lang='lat' dir='ltr'>de</span> <span class='ocrx_word' id='word_1_190' title='bbox 807 1890 1096 1930; x_wconf 82' lang='lat' dir='ltr'>ordinationibus</span> <span class='ocrx_word' id='word_1_191' title='bbox 1115 1889 1288 1925; x_wconf 77' lang='lat' dir='ltr'>faciendis</span> <span class='ocrx_word' id='word_1_192' title='bbox 1307 1889 1428 1924; x_wconf 87' lang='lat' dir='ltr'>statim</span> 
     </span>
    </p>
   </div>
   <div class='ocr_carea' id='block_1_29' title="bbox 349 1951 1429 1997">
    <p class='ocr_par' dir='ltr' id='par_1_29' title="bbox 349 1951 1429 1997">
     <span class='ocr_line' id='line_1_29' title="bbox 349 1951 1429 1997; baseline -0.008 -2"><span class='ocrx_word' id='word_1_193' title='bbox 349 1964 468 1996; x_wconf 87' lang='lat' dir='ltr'>actum</span> <span class='ocrx_word' id='word_1_194' title='bbox 499 1962 568 1995; x_wconf 89' lang='lat' dir='ltr'>est.</span> <span class='ocrx_word' id='word_1_195' title='bbox 606 1957 705 1993; x_wconf 87' lang='lat' dir='ltr'>Multi</span> <span class='ocrx_word' id='word_1_196' title='bbox 741 1962 828 1992; x_wconf 92' lang='lat' dir='ltr'>tunc</span> <span class='ocrx_word' id='word_1_197' title='bbox 857 1954 1100 1993; x_wconf 84' lang='lat' dir='ltr'>advenerant,</span> <span class='ocrx_word' id='word_1_198' title='bbox 1137 1951 1364 1997; x_wconf 84' lang='lat' dir='ltr'>maximeque</span> <span class='ocrx_word' id='word_1_199' title='bbox 1384 1959 1429 1986; x_wconf 87' lang='lat' dir='ltr'>ex</span> 
     </span>
    </p>
   </div>
   <div class='ocr_carea' id='block_1_30' title="bbox 351 2010 1428 2068">
    <p class='ocr_par' dir='ltr' id='par_1_30' title="bbox 351 2010 1428 2068">
     <span class='ocr_line' id='line_1_30' title="bbox 351 2010 1428 2068; baseline -0.01 -11"><span class='ocrx_word' id='word_1_200' title='bbox 351 2019 565 2068; x_wconf 81' lang='lat' dir='ltr'>Phrygibus,</span> <span class='ocrx_word' id='word_1_201' title='bbox 581 2029 653 2056; x_wconf 85' lang='lat' dir='ltr'>uno</span> <span class='ocrx_word' id='word_1_202' title='bbox 671 2017 840 2054; x_wconf 89' lang='lat' dir='ltr'>audiendi</span> <span class='ocrx_word' id='word_1_203' title='bbox 859 2014 1108 2063; x_wconf 85' lang='lat' dir='ltr'>Cbrysostomi</span> <span class='ocrx_word' id='word_1_204' title='bbox 1125 2011 1243 2049; x_wconf 85' lang='lat' dir='ltr'>studio</span> <span class='ocrx_word' id='word_1_205' title='bbox 1258 2010 1428 2058; x_wconf 89' lang='lat' dir='ltr'>permoti,</span> 
     </span>
    </p>
   </div>
   <div class='ocr_carea' id='block_1_31' title="bbox 351 2073 1430 2128">
    <p class='ocr_par' dir='ltr' id='par_1_31' title="bbox 351 2073 1430 2128">
     <span class='ocr_line' id='line_1_31' title="bbox 351 2073 1430 2128; baseline -0.008 -10"><span class='ocrx_word' id='word_1_206' title='bbox 351 2088 426 2119; x_wconf 88' lang='lat' dir='ltr'>tum</span> <span class='ocrx_word' id='word_1_207' title='bbox 447 2082 604 2120; x_wconf 83' lang='lat' dir='ltr'>maxime</span> <span class='ocrx_word' id='word_1_208' title='bbox 621 2081 702 2128; x_wconf 74' lang='lat' dir='ltr'>ejus</span> <span class='ocrx_word' id='word_1_209' title='bbox 721 2079 896 2126; x_wconf 89' lang='lat' dir='ltr'>sapientia</span> <span class='ocrx_word' id='word_1_210' title='bbox 916 2077 1059 2114; x_wconf 87' lang='lat' dir='ltr'>fruituri</span> <span class='ocrx_word' id='word_1_211' title='bbox 1075 2105 1084 2119; x_wconf 97' lang='lat'>,</span> <span class='ocrx_word' id='word_1_212' title='bbox 1105 2085 1186 2112; x_wconf 89' lang='lat' dir='ltr'>cum</span> <span class='ocrx_word' id='word_1_213' title='bbox 1207 2073 1349 2110; x_wconf 83' lang='lat' dir='ltr'>afﬂictis</span> <span class='ocrx_word' id='word_1_214' title='bbox 1371 2083 1430 2110; x_wconf 84' lang='lat' dir='ltr'>re-</span> 
     </span>
    </p>
   </div>
   <div class='ocr_carea' id='block_1_32' title="bbox 353 2136 1428 2186">
    <p class='ocr_par' dir='ltr' id='par_1_32' title="bbox 353 2136 1428 2186">
     <span class='ocr_line' id='line_1_32' title="bbox 353 2136 1428 2186; baseline -0.008 -6"><span class='ocrx_word' id='word_1_215' title='bbox 353 2144 420 2180; x_wconf 86' lang='lat' dir='ltr'>bus</span> <span class='ocrx_word' id='word_1_216' title='bbox 436 2143 604 2180; x_wconf 81' lang='lat' dir='ltr'>Asiaticis</span> <span class='ocrx_word' id='word_1_217' title='bbox 622 2169 632 2186; x_wconf 91' lang='lat'>,</span> <span class='ocrx_word' id='word_1_218' title='bbox 653 2148 689 2178; x_wconf 91' lang='lat' dir='ltr'>ct</span> <span class='ocrx_word' id='word_1_219' title='bbox 708 2152 728 2177; x_wconf 88' lang='lat' dir='ltr'>a</span> <span class='ocrx_word' id='word_1_220' title='bbox 747 2141 868 2176; x_wconf 91' lang='lat' dir='ltr'>multis</span> <span class='ocrx_word' id='word_1_221' title='bbox 886 2139 946 2185; x_wconf 87' lang='lat' dir='ltr'>qui</span> <span class='ocrx_word' id='word_1_222' title='bbox 968 2138 1104 2174; x_wconf 84' lang='lat' dir='ltr'>zizania</span> <span class='ocrx_word' id='word_1_223' title='bbox 1137 2138 1366 2172; x_wconf 85' lang='lat' dir='ltr'>inseruerant</span> <span class='ocrx_word' id='word_1_224' title='bbox 1394 2136 1428 2171; x_wconf 95' lang='lat' dir='ltr'>in</span> 
     </span>
    </p>
   </div>
   <div class='ocr_carea' id='block_1_33' title="bbox 353 2197 1430 2245">
    <p class='ocr_par' dir='ltr' id='par_1_33' title="bbox 353 2197 1430 2245">
     <span class='ocr_line' id='line_1_33' title="bbox 353 2197 1430 2245; baseline -0.006 -5"><span class='ocrx_word' id='word_1_225' title='bbox 353 2203 572 2240; x_wconf 88' lang='lat' dir='ltr'>deteriorem</span> <span class='ocrx_word' id='word_1_226' title='bbox 602 2208 734 2238; x_wconf 88' lang='lat' dir='ltr'>statum</span> <span class='ocrx_word' id='word_1_227' title='bbox 768 2200 925 2237; x_wconf 89' lang='lat' dir='ltr'>reductis</span> <span class='ocrx_word' id='word_1_228' title='bbox 951 2211 960 2235; x_wconf 92' lang='lat'><strong>:</strong></span> <span class='ocrx_word' id='word_1_229' title='bbox 991 2209 1074 2235; x_wconf 88' lang='lat' dir='ltr'>nam</span> <span class='ocrx_word' id='word_1_230' title='bbox 1107 2197 1346 2245; x_wconf 84' lang='lat' dir='ltr'>profluentem</span> <span class='ocrx_word' id='word_1_231' title='bbox 1383 2197 1430 2243; x_wconf 82' lang='lat' dir='ltr'>pii</span> 
     </span>
    </p>
   </div>
   <div class='ocr_carea' id='block_1_34' title="bbox 353 2259 1430 2311">
    <p class='ocr_par' dir='ltr' id='par_1_34' title="bbox 353 2259 1430 2311">
     <span class='ocr_line' id='line_1_34' title="bbox 353 2259 1430 2311; baseline -0.005 -11"><span class='ocrx_word' id='word_1_232' title='bbox 353 2264 514 2300; x_wconf 84' lang='lat' dir='ltr'>doctoris</span> <span class='ocrx_word' id='word_1_233' title='bbox 530 2262 770 2311; x_wconf 80' lang='lat' dir='ltr'>eloquentiam</span> <span class='ocrx_word' id='word_1_234' title='bbox 790 2262 898 2299; x_wconf 89' lang='lat' dir='ltr'>tantis</span> <span class='ocrx_word' id='word_1_235' title='bbox 915 2261 1018 2298; x_wconf 89' lang='lat' dir='ltr'>malis</span> <span class='ocrx_word' id='word_1_236' title='bbox 1031 2259 1198 2298; x_wconf 88' lang='lat' dir='ltr'>solatium</span> <span class='ocrx_word' id='word_1_237' title='bbox 1218 2259 1430 2296; x_wconf 80' lang='lat' dir='ltr'>atl‘erentem</span> 
     </span>
    </p>
   </div>
   <div class='ocr_carea' id='block_1_35' title="bbox 355 2325 679 2374">
    <p class='ocr_par' dir='ltr' id='par_1_35' title="bbox 355 2325 679 2374">
     <span class='ocr_line' id='line_1_35' title="bbox 355 2325 679 2374; baseline -0.009 -9"><span class='ocrx_word' id='word_1_238' title='bbox 355 2325 544 2374; x_wconf 83' lang='lat' dir='ltr'>excepturi</span> <span class='ocrx_word' id='word_1_239' title='bbox 563 2331 679 2363; x_wconf 87' lang='lat' dir='ltr'>erant.</span> 
     </span>
    </p>
   </div>
   <div class='ocr_carea' id='block_1_36' title="bbox 403 2385 1431 2432">
    <p class='ocr_par' dir='ltr' id='par_1_36' title="bbox 403 2385 1431 2432">
     <span class='ocr_line' id='line_1_36' title="bbox 403 2385 1431 2432; baseline -0.004 -8"><span class='ocrx_word' id='word_1_240' title='bbox 403 2387 542 2424; x_wconf 81' lang='lat' dir='ltr'>Interea</span> <span class='ocrx_word' id='word_1_241' title='bbox 560 2386 901 2424; x_wconf 87' lang='lat' dir='ltr'>accessitEusebius</span> <span class='ocrx_word' id='word_1_242' title='bbox 919 2386 980 2423; x_wconf 90' lang='lat' dir='ltr'>ille</span> <span class='ocrx_word' id='word_1_243' title='bbox 995 2385 1431 2432; x_wconf 79' lang='lat' dir='ltr'>Valentiuianopolitauus</span> 
     </span>
    </p>
   </div>
   <div class='ocr_carea' id='block_1_37' title="bbox 355 2449 1432 2498">
    <p class='ocr_par' dir='ltr' id='par_1_37' title="bbox 355 2449 1432 2498">
     <span class='ocr_line' id='line_1_37' title="bbox 355 2449 1432 2498; baseline -0.004 -11"><span class='ocrx_word' id='word_1_244' title='bbox 355 2451 545 2498; x_wconf 89' lang='lat' dir='ltr'>episcopus</span> <span class='ocrx_word' id='word_1_245' title='bbox 573 2449 741 2498; x_wconf 80' lang='lat' dir='ltr'>(Pallad.</span> <span class='ocrx_word' id='word_1_246' title='bbox 772 2450 914 2498; x_wconf 72' lang='lat' dir='ltr'>p.155.</span> <span class='ocrx_word' id='word_1_247' title='bbox 950 2449 1070 2496; x_wconf 81' lang='grc'><strong>156),</strong></span> <span class='ocrx_word' id='word_1_248' title='bbox 1101 2449 1147 2486; x_wconf 91' lang='lat' dir='ltr'>de</span> <span class='ocrx_word' id='word_1_249' title='bbox 1175 2460 1248 2496; x_wconf 92' lang='lat' dir='ltr'>quo</span> <span class='ocrx_word' id='word_1_250' title='bbox 1280 2449 1432 2495; x_wconf 86' lang='lat' dir='ltr'>plurima</span> 
     </span>
    </p>
   </div>
   <div class='ocr_carea' id='block_1_38' title="bbox 357 2508 1432 2559">
    <p class='ocr_par' dir='ltr' id='par_1_38' title="bbox 357 2508 1432 2559">
     <span class='ocr_line' id='line_1_38' title="bbox 357 2508 1432 2559; baseline -0.004 -11"><span class='ocrx_word' id='word_1_251' title='bbox 357 2512 515 2549; x_wconf 77' lang='lat' dir='ltr'>diximus</span> <span class='ocrx_word' id='word_1_252' title='bbox 533 2522 658 2559; x_wconf 86' lang='lat' dir='ltr'>supra,</span> <span class='ocrx_word' id='word_1_253' title='bbox 678 2511 738 2558; x_wconf 90' lang='lat' dir='ltr'>qui</span> <span class='ocrx_word' id='word_1_254' title='bbox 757 2522 820 2548; x_wconf 84' lang='lat' dir='ltr'>sex</span> <span class='ocrx_word' id='word_1_255' title='bbox 841 2511 1032 2558; x_wconf 82' lang='lat' dir='ltr'>episcOpos</span> <span class='ocrx_word' id='word_1_256' title='bbox 1051 2511 1141 2547; x_wconf 87' lang='lat' dir='ltr'>alios</span> <span class='ocrx_word' id='word_1_257' title='bbox 1157 2509 1364 2552; x_wconf 84' lang='lat' dir='ltr'>accusabat,</span> <span class='ocrx_word' id='word_1_258' title='bbox 1387 2508 1432 2544; x_wconf 88' lang='lat' dir='ltr'>ad</span> 
     </span>
    </p>
   </div>
   <div class='ocr_carea' id='block_1_39' title="bbox 362 2573 1431 2620">
    <p class='ocr_par' dir='ltr' id='par_1_39' title="bbox 362 2573 1431 2620">
     <span class='ocr_line' id='line_1_39' title="bbox 362 2573 1431 2620; baseline -0.004 -8"><span class='ocrx_word' id='word_1_259' title='bbox 362 2575 654 2612; x_wconf 90' lang='lat' dir='ltr'>communionem</span> <span class='ocrx_word' id='word_1_260' title='bbox 674 2574 814 2611; x_wconf 84' lang='lat' dir='ltr'>admitti</span> <span class='ocrx_word' id='word_1_261' title='bbox 845 2585 991 2620; x_wconf 88' lang='lat' dir='ltr'>rogans.</span> <span class='ocrx_word' id='word_1_262' title='bbox 1028 2573 1161 2610; x_wconf 89' lang='lat' dir='ltr'>Contra</span> <span class='ocrx_word' id='word_1_263' title='bbox 1181 2584 1268 2610; x_wconf 91' lang='lat' dir='ltr'>vero</span> <span class='ocrx_word' id='word_1_264' title='bbox 1287 2573 1431 2620; x_wconf 88' lang='lat' dir='ltr'>quidam</span> 
     </span>
    </p>
   </div>
   <div class='ocr_carea' id='block_1_40' title="bbox 357 2634 1434 2684">
    <p class='ocr_par' dir='ltr' id='par_1_40' title="bbox 357 2634 1434 2684">
     <span class='ocr_line' id='line_1_40' title="bbox 357 2634 1434 2684; baseline -0.004 -10"><span class='ocrx_word' id='word_1_265' title='bbox 357 2637 512 2684; x_wconf 87' lang='lat' dir='ltr'>episcopi</span> <span class='ocrx_word' id='word_1_266' title='bbox 533 2647 604 2674; x_wconf 90' lang='lat' dir='ltr'>non</span> <span class='ocrx_word' id='word_1_267' title='bbox 620 2637 880 2673; x_wconf 87' lang='lat' dir='ltr'>admittendum</span> <span class='ocrx_word' id='word_1_268' title='bbox 895 2635 1078 2681; x_wconf 86' lang='lat' dir='ltr'>dicebant,</span> <span class='ocrx_word' id='word_1_269' title='bbox 1094 2641 1218 2682; x_wconf 91' lang='lat' dir='ltr'>utpote</span> <span class='ocrx_word' id='word_1_270' title='bbox 1233 2634 1434 2682; x_wconf 66' lang='lat' dir='ltr'>sycophan-</span> 
     </span>
    </p>
   </div>
   <div class='ocr_carea' id='block_1_41' title="bbox 360 2697 1434 2746">
    <p class='ocr_par' dir='ltr' id='par_1_41' title="bbox 360 2697 1434 2746">
     <span class='ocr_line' id='line_1_41' title="bbox 360 2697 1434 2746; baseline -0.006 -10"><span class='ocrx_word' id='word_1_271' title='bbox 360 2707 446 2736; x_wconf 85' lang='lat' dir='ltr'>tam.</span> <span class='ocrx_word' id='word_1_272' title='bbox 482 2699 604 2746; x_wconf 84' lang='lat' dir='ltr'>Pcrgit</span> <span class='ocrx_word' id='word_1_273' title='bbox 625 2698 685 2735; x_wconf 89' lang='lat' dir='ltr'>ille</span> <span class='ocrx_word' id='word_1_274' title='bbox 703 2698 932 2745; x_wconf 87' lang='lat' dir='ltr'>supplicans,</span> <span class='ocrx_word' id='word_1_275' title='bbox 955 2698 1037 2745; x_wconf 86' lang='lat' dir='ltr'>quia</span> <span class='ocrx_word' id='word_1_276' title='bbox 1061 2700 1134 2744; x_wconf 85' lang='lat' dir='ltr'>jam</span> <span class='ocrx_word' id='word_1_277' title='bbox 1161 2697 1308 2734; x_wconf 88' lang='lat' dir='ltr'>biennio</span> <span class='ocrx_word' id='word_1_278' title='bbox 1326 2705 1434 2733; x_wconf 73' lang='lat' dir='ltr'>cauSa</span> 
     </span>
    </p>
   </div>
   <div class='ocr_carea' id='block_1_42' title="bbox 359 2758 1434 2806">
    <p class='ocr_par' dir='ltr' id='par_1_42' title="bbox 359 2758 1434 2806">
     <span class='ocr_line' id='line_1_42' title="bbox 359 2758 1434 2806; baseline -0.004 -8"><span class='ocrx_word' id='word_1_279' title='bbox 359 2762 589 2806; x_wconf 86' lang='lat' dir='ltr'>examinata,</span> <span class='ocrx_word' id='word_1_280' title='bbox 626 2768 663 2798; x_wconf 87' lang='lat' dir='ltr'>et</span> <span class='ocrx_word' id='word_1_281' title='bbox 696 2773 766 2798; x_wconf 89' lang='lat' dir='ltr'>non</span> <span class='ocrx_word' id='word_1_282' title='bbox 802 2760 1078 2798; x_wconf 85' lang='lat' dir='ltr'>advenientibus</span> <span class='ocrx_word' id='word_1_283' title='bbox 1111 2759 1262 2796; x_wconf 88' lang='lat' dir='ltr'>testibus</span> <span class='ocrx_word' id='word_1_284' title='bbox 1294 2758 1434 2806; x_wconf 87' lang='lat' dir='ltr'>longius</span> 
     </span>
    </p>
   </div>
   <div class='ocr_carea' id='block_1_43' title="bbox 358 2821 1434 2870">
    <p class='ocr_par' dir='ltr' id='par_1_43' title="bbox 358 2821 1434 2870">
     <span class='ocr_line' id='line_1_43' title="bbox 358 2821 1434 2870; baseline -0.004 -11"><span class='ocrx_word' id='word_1_285' title='bbox 358 2829 517 2860; x_wconf 84' lang='lat' dir='ltr'>extracta</span> <span class='ocrx_word' id='word_1_286' title='bbox 549 2822 690 2867; x_wconf 84' lang='lat' dir='ltr'>fuerat,</span> <span class='ocrx_word' id='word_1_287' title='bbox 725 2829 764 2859; x_wconf 92' lang='lat' dir='ltr'>ut</span> <span class='ocrx_word' id='word_1_288' title='bbox 795 2829 906 2859; x_wconf 77' lang='lat' dir='ltr'>testes</span> <span class='ocrx_word' id='word_1_289' title='bbox 937 2822 1212 2870; x_wconf 86' lang='lat' dir='ltr'>producantur:</span> <span class='ocrx_word' id='word_1_290' title='bbox 1233 2821 1302 2858; x_wconf 91' lang='lat' dir='ltr'>etsi</span> <span class='ocrx_word' id='word_1_291' title='bbox 1335 2821 1434 2856; x_wconf 84' lang='lat' dir='ltr'>enim</span> 
     </span>
    </p>
   </div>
   <div class='ocr_carea' id='block_1_44' title="bbox 359 2882 1435 2932">
    <p class='ocr_par' dir='ltr' id='par_1_44' title="bbox 359 2882 1435 2932">
     <span class='ocr_line' id='line_1_44' title="bbox 359 2882 1435 2932; baseline -0.005 -11"><span class='ocrx_word' id='word_1_292' title='bbox 359 2886 584 2930; x_wconf 86' lang='lat' dir='ltr'>Antoninus,</span> <span class='ocrx_word' id='word_1_293' title='bbox 605 2885 666 2932; x_wconf 90' lang='lat' dir='ltr'>qui</span> <span class='ocrx_word' id='word_1_294' title='bbox 683 2895 850 2922; x_wconf 92' lang='lat' dir='ltr'>nummos</span> <span class='ocrx_word' id='word_1_295' title='bbox 866 2890 1056 2932; x_wconf 87' lang='lat' dir='ltr'>acceperat</span> <span class='ocrx_word' id='word_1_296' title='bbox 1077 2892 1114 2920; x_wconf 88' lang='grc' dir='ltr'>ιιι</span> <span class='ocrx_word' id='word_1_297' title='bbox 1133 2883 1342 2926; x_wconf 87' lang='lat' dir='ltr'>ordinaret,</span> <span class='ocrx_word' id='word_1_298' title='bbox 1362 2882 1435 2928; x_wconf 88' lang='lat' dir='ltr'>jam</span> 
     </span>
    </p>
   </div>
   <div class='ocr_carea' id='block_1_45' title="bbox 361 2944 1437 2996">
    <p class='ocr_par' dir='ltr' id='par_1_45' title="bbox 361 2944 1437 2996">
     <span class='ocr_line' id='line_1_45' title="bbox 361 2944 1437 2996; baseline -0.005 -12"><span class='ocrx_word' id='word_1_299' title='bbox 361 2955 527 2986; x_wconf 89' lang='lat' dir='ltr'>mortuus</span> <span class='ocrx_word' id='word_1_300' title='bbox 541 2955 632 2993; x_wconf 88' lang='lat' dir='ltr'>erat,</span> <span class='ocrx_word' id='word_1_301' title='bbox 649 2958 842 2996; x_wconf 87' lang='lat' dir='ltr'>superesse</span> <span class='ocrx_word' id='word_1_302' title='bbox 863 2954 982 2984; x_wconf 87' lang='lat' dir='ltr'>tamen</span> <span class='ocrx_word' id='word_1_303' title='bbox 1003 2957 1080 2992; x_wconf 90' lang='lat' dir='ltr'>eos,</span> <span class='ocrx_word' id='word_1_304' title='bbox 1101 2947 1162 2994; x_wconf 91' lang='lat' dir='ltr'>qui</span> <span class='ocrx_word' id='word_1_305' title='bbox 1181 2946 1332 2992; x_wconf 88' lang='lat' dir='ltr'>pecunia</span> <span class='ocrx_word' id='word_1_306' title='bbox 1355 2944 1437 2980; x_wconf 84' lang='lat' dir='ltr'>data</span> 
     </span>
    </p>
   </div>
   <div class='ocr_carea' id='block_1_46' title="bbox 363 3007 1438 3060">
    <p class='ocr_par' dir='ltr' id='par_1_46' title="bbox 363 3007 1438 3060">
     <span class='ocr_line' id='line_1_46' title="bbox 363 3007 1438 3060; baseline -0.006 -13"><span class='ocrx_word' id='word_1_307' title='bbox 363 3012 515 3049; x_wconf 86' lang='lat' dir='ltr'>ordinati</span> <span class='ocrx_word' id='word_1_308' title='bbox 525 3012 680 3049; x_wconf 86' lang='lat' dir='ltr'>fuerant.</span> <span class='ocrx_word' id='word_1_309' title='bbox 693 3010 860 3060; x_wconf 88' lang='lat' dir='ltr'>Synodus</span> <span class='ocrx_word' id='word_1_310' title='bbox 870 3021 954 3046; x_wconf 85' lang='lat' dir='ltr'>vero</span> <span class='ocrx_word' id='word_1_311' title='bbox 965 3020 1042 3046; x_wconf 90' lang='lat' dir='ltr'>rem</span> <span class='ocrx_word' id='word_1_312' title='bbox 1060 3007 1341 3056; x_wconf 88' lang='lat' dir='ltr'>perquirendatn</span> <span class='ocrx_word' id='word_1_313' title='bbox 1357 3016 1438 3042; x_wconf 89' lang='lat' dir='ltr'>esse</span> 
     </span>
    </p>
   </div>
   <div class='ocr_carea' id='block_1_47' title="bbox 362 3069 1436 3118">
    <p class='ocr_par' dir='ltr' id='par_1_47' title="bbox 362 3069 1436 3118">
     <span class='ocr_line' id='line_1_47' title="bbox 362 3069 1436 3118; baseline -0.006 -8"><span class='ocrx_word' id='word_1_314' title='bbox 362 3075 516 3110; x_wconf 89' lang='lat' dir='ltr'>censuit.</span> <span class='ocrx_word' id='word_1_315' title='bbox 539 3074 661 3110; x_wconf 80' lang='lat' dir='ltr'>Primo</span> <span class='ocrx_word' id='word_1_316' title='bbox 681 3073 773 3110; x_wconf 88' lang='lat' dir='ltr'>lecta</span> <span class='ocrx_word' id='word_1_317' title='bbox 793 3079 877 3109; x_wconf 91' lang='lat' dir='ltr'>snnl.</span> <span class='ocrx_word' id='word_1_318' title='bbox 895 3078 974 3108; x_wconf 84' lang='lat' dir='ltr'>acta</span> <span class='ocrx_word' id='word_1_319' title='bbox 993 3081 1002 3115; x_wconf 90' lang='lat'><strong>;</strong></span> <span class='ocrx_word' id='word_1_320' title='bbox 1025 3069 1177 3118; x_wconf 88' lang='lat' dir='ltr'>ingressi</span> <span class='ocrx_word' id='word_1_321' title='bbox 1197 3075 1282 3105; x_wconf 90' lang='lat' dir='ltr'>sunt</span> <span class='ocrx_word' id='word_1_322' title='bbox 1302 3075 1436 3112; x_wconf 87' lang='lat' dir='ltr'>testes;</span> 
     </span>
    </p>
   </div>
   <div class='ocr_carea' id='block_1_48' title="bbox 365 3129 1438 3182">
    <p class='ocr_par' dir='ltr' id='par_1_48' title="bbox 365 3129 1438 3182">
     <span class='ocr_line' id='line_1_48' title="bbox 365 3129 1438 3182; baseline -0.003 -14"><span class='ocrx_word' id='word_1_323' title='bbox 365 3144 502 3172; x_wconf 90' lang='lat' dir='ltr'>necnon</span> <span class='ocrx_word' id='word_1_324' title='bbox 535 3145 599 3172; x_wconf 90' lang='lat' dir='ltr'>sex</span> <span class='ocrx_word' id='word_1_325' title='bbox 627 3135 676 3172; x_wconf 91' lang='lat' dir='ltr'>illi</span> <span class='ocrx_word' id='word_1_326' title='bbox 694 3163 704 3178; x_wconf 95' lang='lat'>,</span> <span class='ocrx_word' id='word_1_327' title='bbox 732 3134 794 3182; x_wconf 90' lang='lat' dir='ltr'>qui</span> <span class='ocrx_word' id='word_1_328' title='bbox 824 3133 976 3182; x_wconf 88' lang='lat' dir='ltr'>pecunia</span> <span class='ocrx_word' id='word_1_329' title='bbox 997 3132 1080 3169; x_wconf 89' lang='lat' dir='ltr'>data</span> <span class='ocrx_word' id='word_1_330' title='bbox 1097 3131 1254 3168; x_wconf 90' lang='lat' dir='ltr'>ordinati</span> <span class='ocrx_word' id='word_1_331' title='bbox 1280 3129 1438 3167; x_wconf 86' lang='lat' dir='ltr'>fuerant.</span> 
     </span>
    </p>
   </div>
   <div class='ocr_carea' id='block_1_49' title="bbox 367 3193 1439 3245">
    <p class='ocr_par' dir='ltr' id='par_1_49' title="bbox 367 3193 1439 3245">
     <span class='ocr_line' id='line_1_49' title="bbox 367 3193 1439 3245; baseline -0.004 -13"><span class='ocrx_word' id='word_1_332' title='bbox 367 3196 412 3232; x_wconf 81' lang='lat' dir='ltr'>Et</span> <span class='ocrx_word' id='word_1_333' title='bbox 427 3197 527 3234; x_wconf 91' lang='lat' dir='ltr'>initio</span> <span class='ocrx_word' id='word_1_334' title='bbox 545 3199 689 3245; x_wconf 90' lang='lat' dir='ltr'>quidem</span> <span class='ocrx_word' id='word_1_335' title='bbox 709 3199 908 3245; x_wconf 77' lang='lat' dir='ltr'>negabant;</span> <span class='ocrx_word' id='word_1_336' title='bbox 932 3196 1150 3234; x_wconf 89' lang='lat' dir='ltr'>instantibus</span> <span class='ocrx_word' id='word_1_337' title='bbox 1167 3205 1255 3232; x_wconf 89' lang='lat' dir='ltr'>vero</span> <span class='ocrx_word' id='word_1_338' title='bbox 1273 3193 1439 3237; x_wconf 90' lang='lat' dir='ltr'>testibus,</span> 
     </span>
    </p>
   </div>
   <div class='ocr_carea' id='block_1_50' title="bbox 367 3256 1444 3308">
    <p class='ocr_par' dir='ltr' id='par_1_50' title="bbox 367 3256 1444 3308">
     <span class='ocr_line' id='line_1_50' title="bbox 367 3256 1444 3308; baseline -0.002 -14"><span class='ocrx_word' id='word_1_339' title='bbox 367 3269 516 3302; x_wconf 65' lang='lat' dir='ltr'>qutirum</span> <span class='ocrx_word' id='word_1_340' title='bbox 536 3261 679 3306; x_wconf 87' lang='lat' dir='ltr'>quidam</span> <span class='ocrx_word' id='word_1_341' title='bbox 694 3261 773 3297; x_wconf 83' lang='lat' dir='ltr'>laici</span> <span class='ocrx_word' id='word_1_342' title='bbox 787 3267 904 3305; x_wconf 88' lang='lat' dir='ltr'>erant,</span> <span class='ocrx_word' id='word_1_343' title='bbox 920 3267 956 3298; x_wconf 93' lang='lat' dir='ltr'>et</span> <span class='ocrx_word' id='word_1_344' title='bbox 973 3259 1117 3308; x_wconf 89' lang='lat' dir='ltr'>quidam</span> <span class='ocrx_word' id='word_1_345' title='bbox 1133 3258 1348 3306; x_wconf 83' lang='lat' dir='ltr'>presbyteri,</span> <span class='ocrx_word' id='word_1_346' title='bbox 1365 3256 1444 3304; x_wconf 87' lang='lat' dir='ltr'>qui-</span> 
     </span>
    </p>
   </div>
   <div class='ocr_carea' id='block_1_51' title="bbox 369 3320 1441 3370">
    <p class='ocr_par' dir='ltr' id='par_1_51' title="bbox 369 3320 1441 3370">
     <span class='ocr_line' id='line_1_51' title="bbox 369 3320 1441 3370; baseline -0.001 -15"><span class='ocrx_word' id='word_1_347' title='bbox 369 3320 435 3356; x_wconf 89' lang='lat' dir='ltr'>bus</span> <span class='ocrx_word' id='word_1_348' title='bbox 455 3331 530 3357; x_wconf 93' lang='lat' dir='ltr'>rem</span> <span class='ocrx_word' id='word_1_349' title='bbox 561 3321 786 3360; x_wconf 80' lang='lat' dir='ltr'>confidenter</span> <span class='ocrx_word' id='word_1_350' title='bbox 818 3323 1002 3370; x_wconf 83' lang='lat' dir='ltr'>aperuisse</span> <span class='ocrx_word' id='word_1_351' title='bbox 1031 3321 1267 3365; x_wconf 88' lang='lat' dir='ltr'>videbantur,</span> <span class='ocrx_word' id='word_1_352' title='bbox 1299 3328 1441 3356; x_wconf 90' lang='lat' dir='ltr'>necnon</span> 
     </span>
    </p>
   </div>
   <div class='ocr_carea' id='block_1_52' title="bbox 369 3381 1442 3432">
    <p class='ocr_par' dir='ltr' id='par_1_52' title="bbox 369 3381 1442 3432">
     <span class='ocr_line' id='line_1_52' title="bbox 369 3381 1442 3432; baseline -0.002 -16"><span class='ocrx_word' id='word_1_353' title='bbox 369 3381 582 3418; x_wconf 87' lang='lat' dir='ltr'>mulieribus</span> <span class='ocrx_word' id='word_1_354' title='bbox 596 3383 794 3428; x_wconf 87' lang='lat' dir='ltr'>nonnullis,</span> <span class='ocrx_word' id='word_1_355' title='bbox 810 3394 890 3431; x_wconf 83' lang='lat' dir='ltr'>quae</span> <span class='ocrx_word' id='word_1_356' title='bbox 907 3391 944 3421; x_wconf 88' lang='lat' dir='ltr'>et</span> <span class='ocrx_word' id='word_1_357' title='bbox 957 3385 1147 3432; x_wconf 87' lang='lat' dir='ltr'>pignorum</span> <span class='ocrx_word' id='word_1_358' title='bbox 1169 3391 1232 3419; x_wconf 91' lang='lat' dir='ltr'>seu</span> <span class='ocrx_word' id='word_1_359' title='bbox 1249 3390 1442 3417; x_wconf 89' lang='lat' dir='ltr'>munerum</span> 
     </span>
    </p>
   </div>
   <div class='ocr_carea' id='block_1_53' title="bbox 370 3443 1443 3496">
    <p class='ocr_par' dir='ltr' id='par_1_53' title="bbox 370 3443 1443 3496">
     <span class='ocr_line' id='line_1_53' title="bbox 370 3443 1443 3496; baseline -0.002 -16"><span class='ocrx_word' id='word_1_360' title='bbox 370 3444 551 3491; x_wconf 72' lang='lat' dir='ltr'>speciem,</span> <span class='ocrx_word' id='word_1_361' title='bbox 579 3451 615 3482; x_wconf 90' lang='lat' dir='ltr'>et</span> <span class='ocrx_word' id='word_1_362' title='bbox 640 3446 715 3482; x_wconf 86' lang='lat' dir='ltr'>loca</span> <span class='ocrx_word' id='word_1_363' title='bbox 737 3452 775 3484; x_wconf 88' lang='lat' dir='ltr'>et</span> <span class='ocrx_word' id='word_1_364' title='bbox 794 3453 954 3495; x_wconf 88' lang='lat' dir='ltr'>tempora</span> <span class='ocrx_word' id='word_1_365' title='bbox 973 3454 1010 3484; x_wconf 89' lang='lat' dir='ltr'>et</span> <span class='ocrx_word' id='word_1_366' title='bbox 1037 3447 1274 3496; x_wconf 84' lang='lat' dir='ltr'>quantitatem</span> <span class='ocrx_word' id='word_1_367' title='bbox 1303 3443 1443 3480; x_wconf 82' lang='lat' dir='ltr'>indica-</span> 
     </span>
    </p>
   </div>
   <div class='ocr_carea' id='block_1_54' title="bbox 370 3506 1446 3554">
    <p class='ocr_par' dir='ltr' id='par_1_54' title="bbox 370 3506 1446 3554">
     <span class='ocr_line' id='line_1_54' title="bbox 370 3506 1446 3554; baseline 0 -12"><span class='ocrx_word' id='word_1_368' title='bbox 370 3507 472 3551; x_wconf 88' lang='lat' dir='ltr'>bant,</span> <span class='ocrx_word' id='word_1_369' title='bbox 492 3508 710 3548; x_wconf 85' lang='lat' dir='ltr'>reclamante</span> <span class='ocrx_word' id='word_1_370' title='bbox 731 3511 816 3548; x_wconf 85' lang='lat' dir='ltr'>item</span> <span class='ocrx_word' id='word_1_371' title='bbox 834 3511 1053 3548; x_wconf 85' lang='lat' dir='ltr'>conscientia</span> <span class='ocrx_word' id='word_1_372' title='bbox 1069 3539 1078 3554; x_wconf 93' lang='lat'>,</span> <span class='ocrx_word' id='word_1_373' title='bbox 1099 3511 1207 3551; x_wconf 88' lang='lat' dir='ltr'>ultro,</span> <span class='ocrx_word' id='word_1_374' title='bbox 1229 3517 1297 3544; x_wconf 89' lang='lat' dir='ltr'>nec</span> <span class='ocrx_word' id='word_1_375' title='bbox 1317 3506 1446 3552; x_wconf 88' lang='lat' dir='ltr'>majori</span> 
     </span>
    </p>
   </div>
   <div class='ocr_carea' id='block_1_55' title="bbox 371 3567 1445 3621">
    <p class='ocr_par' dir='ltr' id='par_1_55' title="bbox 371 3567 1445 3621">
     <span class='ocr_line' id='line_1_55' title="bbox 371 3567 1445 3621; baseline -0.005 -14"><span class='ocrx_word' id='word_1_376' title='bbox 371 3572 588 3610; x_wconf 85' lang='lat' dir='ltr'>necessitate</span> <span class='ocrx_word' id='word_1_377' title='bbox 610 3574 809 3621; x_wconf 87' lang='lat' dir='ltr'>compulsi,</span> <span class='ocrx_word' id='word_1_378' title='bbox 839 3575 995 3612; x_wconf 91' lang='lat' dir='ltr'>confessi</span> <span class='ocrx_word' id='word_1_379' title='bbox 1024 3581 1108 3611; x_wconf 89' lang='lat' dir='ltr'>sunt</span> <span class='ocrx_word' id='word_1_380' title='bbox 1134 3583 1173 3609; x_wconf 90' lang='lat' dir='ltr'>se</span> <span class='ocrx_word' id='word_1_381' title='bbox 1194 3579 1345 3608; x_wconf 90' lang='lat' dir='ltr'>munera</span> <span class='ocrx_word' id='word_1_382' title='bbox 1369 3567 1445 3604; x_wconf 90' lang='lat' dir='ltr'>sol-</span> 
     </span>
    </p>
   </div>
   <div class='ocr_carea' id='block_1_56' title="bbox 375 3633 1446 3684">
    <p class='ocr_par' dir='ltr' id='par_1_56' title="bbox 375 3633 1446 3684">
     <span class='ocr_line' id='line_1_56' title="bbox 375 3633 1446 3684; baseline -0.003 -15"><span class='ocrx_word' id='word_1_383' title='bbox 375 3633 470 3672; x_wconf 60' lang='lat' dir='ltr'>visse</span> <span class='ocrx_word' id='word_1_384' title='bbox 489 3662 500 3679; x_wconf 92' lang='lat'>,</span> <span class='ocrx_word' id='word_1_385' title='bbox 521 3635 628 3672; x_wconf 90' lang='lat' dir='ltr'>talem</span> <span class='ocrx_word' id='word_1_386' title='bbox 656 3646 736 3674; x_wconf 87' lang='lat' dir='ltr'>esse</span> <span class='ocrx_word' id='word_1_387' title='bbox 753 3637 1050 3674; x_wconf 80' lang='lat' dir='ltr'>consuetudinem</span> <span class='ocrx_word' id='word_1_388' title='bbox 1069 3640 1238 3684; x_wconf 87' lang='lat' dir='ltr'>putantes</span> <span class='ocrx_word' id='word_1_389' title='bbox 1253 3661 1262 3674; x_wconf 85' lang='lat'>.</span> <span class='ocrx_word' id='word_1_390' title='bbox 1295 3637 1331 3669; x_wconf 93' lang='lat' dir='ltr'>et</span> <span class='ocrx_word' id='word_1_391' title='bbox 1349 3639 1446 3667; x_wconf 90' lang='lat' dir='ltr'>nunc</span> 
     </span>
    </p>
   </div>
   <div class='ocr_carea' id='block_1_57' title="bbox 373 3695 1449 3742">
    <p class='ocr_par' dir='ltr' id='par_1_57' title="bbox 373 3695 1449 3742">
     <span class='ocr_line' id='line_1_57' title="bbox 373 3695 1449 3742; baseline -0.006 -9"><span class='ocrx_word' id='word_1_392' title='bbox 373 3705 478 3733; x_wconf 85' lang='lat' dir='ltr'>orare</span> <span class='ocrx_word' id='word_1_393' title='bbox 491 3725 501 3741; x_wconf 91' lang='lat'>,</span> <span class='ocrx_word' id='word_1_394' title='bbox 521 3697 551 3736; x_wconf 86' lang='lat' dir='ltr'>si</span> <span class='ocrx_word' id='word_1_395' title='bbox 570 3698 622 3734; x_wconf 73' lang='lat' dir='ltr'>fas</span> <span class='ocrx_word' id='word_1_396' title='bbox 641 3705 758 3736; x_wconf 86' lang='lat' dir='ltr'>tamen</span> <span class='ocrx_word' id='word_1_397' title='bbox 773 3706 883 3742; x_wconf 88' lang='lat' dir='ltr'>esset,</span> <span class='ocrx_word' id='word_1_398' title='bbox 907 3699 942 3735; x_wconf 91' lang='lat' dir='ltr'>in</span> <span class='ocrx_word' id='word_1_399' title='bbox 963 3699 1135 3735; x_wconf 59' lang='lat' dir='ltr'>Ecclesiae</span> <span class='ocrx_word' id='word_1_400' title='bbox 1149 3695 1352 3733; x_wconf 91' lang='lat' dir='ltr'>ministerio</span> <span class='ocrx_word' id='word_1_401' title='bbox 1371 3703 1449 3729; x_wconf 88' lang='lat' dir='ltr'>ser-</span> 
     </span>
    </p>
   </div>
   <div class='ocr_carea' id='block_1_58' title="bbox 375 3754 1447 3808">
    <p class='ocr_par' dir='ltr' id='par_1_58' title="bbox 375 3754 1447 3808">
     <span class='ocr_line' id='line_1_58' title="bbox 375 3754 1447 3808; baseline -0.004 -15"><span class='ocrx_word' id='word_1_402' title='bbox 375 3760 474 3803; x_wconf 77' lang='lat' dir='ltr'>vari;</span> <span class='ocrx_word' id='word_1_403' title='bbox 505 3762 561 3798; x_wconf 83' lang='lat' dir='ltr'>sin</span> <span class='ocrx_word' id='word_1_404' title='bbox 592 3763 734 3808; x_wconf 84' lang='lat' dir='ltr'>minus,</span> <span class='ocrx_word' id='word_1_405' title='bbox 768 3768 808 3799; x_wconf 89' lang='lat' dir='ltr'>ut</span> <span class='ocrx_word' id='word_1_406' title='bbox 837 3771 986 3804; x_wconf 88' lang='lat' dir='ltr'>aurum,</span> <span class='ocrx_word' id='word_1_407' title='bbox 1019 3759 1114 3805; x_wconf 91' lang='lat' dir='ltr'>quod</span> <span class='ocrx_word' id='word_1_408' title='bbox 1141 3759 1348 3800; x_wconf 88' lang='lat' dir='ltr'>solverant,</span> <span class='ocrx_word' id='word_1_409' title='bbox 1379 3754 1447 3791; x_wconf 87' lang='lat' dir='ltr'>sibi</span> 
     </span>
    </p>
   </div>
   <div class='ocr_carea' id='block_1_59' title="bbox 377 3816 1451 3873">
    <p class='ocr_par' dir='ltr' id='par_1_59' title="bbox 377 3816 1451 3873">
     <span class='ocr_line' id='line_1_59' title="bbox 377 3816 1451 3873; baseline -0.006 -16"><span class='ocrx_word' id='word_1_410' title='bbox 377 3821 586 3862; x_wconf 89' lang='lat' dir='ltr'>redderetur</span> <span class='ocrx_word' id='word_1_411' title='bbox 604 3837 612 3861; x_wconf 91' lang='lat'><strong>:</strong></span> <span class='ocrx_word' id='word_1_412' title='bbox 635 3827 778 3873; x_wconf 90' lang='lat' dir='ltr'>quidam</span> <span class='ocrx_word' id='word_1_413' title='bbox 796 3825 891 3862; x_wconf 87' lang='lat' dir='ltr'>enim</span> <span class='ocrx_word' id='word_1_414' title='bbox 912 3833 956 3860; x_wconf 86' lang='lat' dir='ltr'>ex</span> <span class='ocrx_word' id='word_1_415' title='bbox 976 3822 1046 3858; x_wconf 90' lang='lat' dir='ltr'>illis</span> <span class='ocrx_word' id='word_1_416' title='bbox 1065 3830 1218 3856; x_wconf 79' lang='lat' dir='ltr'>uxorum</span> <span class='ocrx_word' id='word_1_417' title='bbox 1245 3816 1451 3864; x_wconf 88' lang='lat' dir='ltr'>supellecti-</span> 
     </span>
    </p>
   </div>
   <div class='ocr_carea' id='block_1_60' title="bbox 377 3877 1451 3932">
    <p class='ocr_par' dir='ltr' id='par_1_60' title="bbox 377 3877 1451 3932">
     <span class='ocr_line' id='line_1_60' title="bbox 377 3877 1451 3932; baseline -0.007 -12"><span class='ocrx_word' id='word_1_418' title='bbox 377 3883 448 3920; x_wconf 84' lang='lat' dir='ltr'>lem</span> <span class='ocrx_word' id='word_1_419' title='bbox 465 3886 653 3925; x_wconf 83' lang='lat' dir='ltr'>dederant.</span> <span class='ocrx_word' id='word_1_420' title='bbox 683 3889 776 3925; x_wconf 87' lang='lat' dir='ltr'>Tum</span> <span class='ocrx_word' id='word_1_421' title='bbox 794 3887 952 3924; x_wconf 81' lang='lat' dir='ltr'>Joannes</span> <span class='ocrx_word' id='word_1_422' title='bbox 969 3883 1250 3932; x_wconf 82' lang='lat' dir='ltr'>Chrysostomus</span> <span class='ocrx_word' id='word_1_423' title='bbox 1271 3889 1292 3916; x_wconf 93' lang='lat' dir='ltr'>e</span> <span class='ocrx_word' id='word_1_424' title='bbox 1315 3888 1354 3914; x_wconf 90' lang='lat' dir='ltr'>re</span> <span class='ocrx_word' id='word_1_425' title='bbox 1375 3877 1451 3913; x_wconf 85' lang='lat' dir='ltr'>fore</span> 
     </span>
    </p>
   </div>
   <div class='ocr_carea' id='block_1_61' title="bbox 379 3939 1451 3998">
    <p class='ocr_par' dir='ltr' id='par_1_61' title="bbox 379 3939 1451 3998">
     <span class='ocr_line' id='line_1_61' title="bbox 379 3939 1451 3998; baseline -0.003 -19"><span class='ocrx_word' id='word_1_426' title='bbox 379 3945 450 3982; x_wconf 77' lang='lat' dir='ltr'>sibi</span> <span class='ocrx_word' id='word_1_427' title='bbox 461 3947 570 3984; x_wconf 84' lang='lat' dir='ltr'>videri</span> <span class='ocrx_word' id='word_1_428' title='bbox 583 3949 685 3996; x_wconf 82' lang='lat' dir='ltr'>dixit,</span> <span class='ocrx_word' id='word_1_429' title='bbox 699 3951 727 3986; x_wconf 89' lang='lat' dir='ltr'>si</span> <span class='ocrx_word' id='word_1_430' title='bbox 739 3951 879 3998; x_wconf 73' lang='lat' dir='ltr'>iuberet</span> <span class='ocrx_word' id='word_1_431' title='bbox 891 3946 1058 3997; x_wconf 88' lang='lat' dir='ltr'>Synodus</span> <span class='ocrx_word' id='word_1_432' title='bbox 1069 3943 1170 3982; x_wconf 87' lang='lat' dir='ltr'>reddi</span> <span class='ocrx_word' id='word_1_433' title='bbox 1184 3942 1252 3980; x_wconf 91' lang='lat' dir='ltr'>illis</span> <span class='ocrx_word' id='word_1_434' title='bbox 1267 3951 1394 3978; x_wconf 90' lang='lat' dir='ltr'>aurum</span> <span class='ocrx_word' id='word_1_435' title='bbox 1405 3939 1451 3976; x_wconf 84' lang='lat' dir='ltr'>ab</span> 
     </span>
    </p>
   </div>
   <div class='ocr_carea' id='block_1_62' title="bbox 1491 319 2525 372">
    <p class='ocr_par' dir='ltr' id='par_1_62' title="bbox 1491 319 2525 372">
     <span class='ocr_line' id='line_1_62' title="bbox 1491 319 2525 372; baseline -0.005 -5"><span class='ocrx_word' id='word_1_436' title='bbox 1491 327 1711 366; x_wconf 70' lang='lat' dir='ltr'>hazredibus.</span> <span class='ocrx_word' id='word_1_437' title='bbox 1727 323 1902 370; x_wconf 72' lang='lat' dir='ltr'>Przrcepit</span> <span class='ocrx_word' id='word_1_438' title='bbox 1921 331 2006 370; x_wconf 81' lang='lat' dir='ltr'>ergo</span> <span class='ocrx_word' id='word_1_439' title='bbox 2021 319 2198 370; x_wconf 83' lang='lat' dir='ltr'>Synodus,</span> <span class='ocrx_word' id='word_1_440' title='bbox 2215 320 2251 357; x_wconf 84' lang='lat' dir='ltr'>ut</span> <span class='ocrx_word' id='word_1_441' title='bbox 2265 320 2432 359; x_wconf 82' lang='lat' dir='ltr'>illicontra</span> <span class='ocrx_word' id='word_1_442' title='bbox 2445 323 2525 372; x_wconf 79' lang='lat' dir='ltr'>leges</span> 
     </span>
    </p>
   </div>
   <div class='ocr_carea' id='block_1_63' title="bbox 1490 383 2526 430">
    <p class='ocr_par' dir='ltr' id='par_1_63' title="bbox 1490 383 2526 430">
     <span class='ocr_line' id='line_1_63' title="bbox 1490 383 2526 430; baseline -0.005 -2"><span class='ocrx_word' id='word_1_443' title='bbox 1490 399 1612 428; x_wconf 86' lang='lat' dir='ltr'>sacras</span> <span class='ocrx_word' id='word_1_444' title='bbox 1629 387 1784 426; x_wconf 87' lang='lat' dir='ltr'>ordinati</span> <span class='ocrx_word' id='word_1_445' title='bbox 1803 395 1930 423; x_wconf 88' lang='lat' dir='ltr'>aurum</span> <span class='ocrx_word' id='word_1_446' title='bbox 1946 394 2050 422; x_wconf 88' lang='lat' dir='ltr'>suum</span> <span class='ocrx_word' id='word_1_447' title='bbox 2069 383 2270 430; x_wconf 89' lang='lat' dir='ltr'>reciperent</span> <span class='ocrx_word' id='word_1_448' title='bbox 2289 383 2332 420; x_wconf 88' lang='lat' dir='ltr'>ab</span> <span class='ocrx_word' id='word_1_449' title='bbox 2349 383 2526 424; x_wconf 82' lang='lat' dir='ltr'>baeredibus</span> 
     </span>
    </p>
   </div>
   <div class='ocr_carea' id='block_1_64' title="bbox 1491 446 2528 495">
    <p class='ocr_par' dir='ltr' id='par_1_64' title="bbox 1491 446 2528 495">
     <span class='ocr_line' id='line_1_64' title="bbox 1491 446 2528 495; baseline -0.006 -6"><span class='ocrx_word' id='word_1_450' title='bbox 1491 451 1664 490; x_wconf 82' lang='lat' dir='ltr'>Antonini</span> <span class='ocrx_word' id='word_1_451' title='bbox 1681 479 1690 495; x_wconf 97' lang='lat'>,</span> <span class='ocrx_word' id='word_1_452' title='bbox 1709 457 1745 486; x_wconf 90' lang='lat' dir='ltr'>et</span> <span class='ocrx_word' id='word_1_453' title='bbox 1763 447 2074 487; x_wconf 89' lang='lat' dir='ltr'>communicarent</span> <span class='ocrx_word' id='word_1_454' title='bbox 2092 447 2182 482; x_wconf 90' lang='lat' dir='ltr'>intra</span> <span class='ocrx_word' id='word_1_455' title='bbox 2200 446 2307 482; x_wconf 85' lang='lat' dir='ltr'>altare</span> <span class='ocrx_word' id='word_1_456' title='bbox 2326 458 2334 482; x_wconf 90' lang='lat'>:</span> <span class='ocrx_word' id='word_1_457' title='bbox 2350 453 2459 483; x_wconf 87' lang='lat' dir='ltr'>essent</span> <span class='ocrx_word' id='word_1_458' title='bbox 2475 457 2528 483; x_wconf 84' lang='lat' dir='ltr'>au-</span> 
     </span>
    </p>
   </div>
   <div class='ocr_carea' id='block_1_65' title="bbox 1493 508 2529 562">
    <p class='ocr_par' dir='ltr' id='par_1_65' title="bbox 1493 508 2529 562">
     <span class='ocr_line' id='line_1_65' title="bbox 1493 508 2529 562; baseline -0.005 -10"><span class='ocrx_word' id='word_1_459' title='bbox 1493 524 1564 552; x_wconf 92' lang='lat' dir='ltr'>tem</span> <span class='ocrx_word' id='word_1_460' title='bbox 1583 515 1660 562; x_wconf 86' lang='lat' dir='ltr'>jam</span> <span class='ocrx_word' id='word_1_461' title='bbox 1679 525 1750 551; x_wconf 91' lang='lat' dir='ltr'>non</span> <span class='ocrx_word' id='word_1_462' title='bbox 1772 511 1980 550; x_wconf 86' lang='lat' dir='ltr'>sacerdotes</span> <span class='ocrx_word' id='word_1_463' title='bbox 1994 538 2004 553; x_wconf 93' lang='lat'>,</span> <span class='ocrx_word' id='word_1_464' title='bbox 2029 509 2092 546; x_wconf 79' lang='lat' dir='ltr'>scd</span> <span class='ocrx_word' id='word_1_465' title='bbox 2111 519 2153 546; x_wconf 79' lang='lat' dir='ltr'>ex</span> <span class='ocrx_word' id='word_1_466' title='bbox 2172 508 2406 545; x_wconf 85' lang='lat' dir='ltr'>sacerdotibus</span> <span class='ocrx_word' id='word_1_467' title='bbox 2421 521 2429 544; x_wconf 86' lang='lat'><strong>:</strong></span> <span class='ocrx_word' id='word_1_468' title='bbox 2446 509 2490 546; x_wconf 86' lang='lat' dir='ltr'>Nc</span> <span class='ocrx_word' id='word_1_469' title='bbox 2505 513 2529 547; x_wconf 86' lang='lat' dir='ltr'>si</span> 
     </span>
    </p>
   </div>
   <div class='ocr_carea' id='block_1_66' title="bbox 1493 570 2527 619">
    <p class='ocr_par' dir='ltr' id='par_1_66' title="bbox 1493 570 2527 619">
     <span class='ocr_line' id='line_1_66' title="bbox 1493 570 2527 619; baseline -0.008 -3"><span class='ocrx_word' id='word_1_470' title='bbox 1493 579 1560 616; x_wconf 87' lang='lat' dir='ltr'>ista</span> <span class='ocrx_word' id='word_1_471' title='bbox 1572 577 1869 619; x_wconf 89' lang='lat' dir='ltr'>concederemus,</span> <span class='ocrx_word' id='word_1_472' title='bbox 1886 583 1966 611; x_wconf 88' lang='lat' dir='ltr'>mos</span> <span class='ocrx_word' id='word_1_473' title='bbox 1985 573 2084 610; x_wconf 86' lang='lat' dir='ltr'>fieret</span> <span class='ocrx_word' id='word_1_474' title='bbox 2103 571 2270 609; x_wconf 84' lang='lat' dir='ltr'>.ludaicus</span> <span class='ocrx_word' id='word_1_475' title='bbox 2285 578 2341 607; x_wconf 86' lang='lat' dir='ltr'>aut</span> <span class='ocrx_word' id='word_1_476' title='bbox 2352 570 2527 618; x_wconf 56' lang='lat' dir='ltr'>iEgyptitts,</span> 
     </span>
    </p>
   </div>
   <div class='ocr_carea' id='block_1_67' title="bbox 1493 631 2527 684">
    <p class='ocr_par' dir='ltr' id='par_1_67' title="bbox 1493 631 2527 684">
     <span class='ocr_line' id='line_1_67' title="bbox 1493 631 2527 684; baseline -0.007 -8"><span class='ocrx_word' id='word_1_477' title='bbox 1493 639 1672 676; x_wconf 84' lang='lat' dir='ltr'>vendendi</span> <span class='ocrx_word' id='word_1_478' title='bbox 1687 645 1794 684; x_wconf 89' lang='lat' dir='ltr'>atque</span> <span class='ocrx_word' id='word_1_479' title='bbox 1812 635 1956 673; x_wconf 89' lang='lat' dir='ltr'>emendi</span> <span class='ocrx_word' id='word_1_480' title='bbox 1977 633 2234 672; x_wconf 86' lang='lat' dir='ltr'>sacerdotium.</span> <span class='ocrx_word' id='word_1_481' title='bbox 2259 631 2438 669; x_wconf 89' lang='lat' dir='ltr'>Dicebatur</span> <span class='ocrx_word' id='word_1_482' title='bbox 2451 633 2527 670; x_wconf 85' lang='lat' dir='ltr'>enim</span> 
     </span>
    </p>
   </div>
   <div class='ocr_carea' id='block_1_68' title="bbox 1494 694 2529 746">
    <p class='ocr_par' dir='ltr' id='par_1_68' title="bbox 1494 694 2529 746">
     <span class='ocr_line' id='line_1_68' title="bbox 1494 694 2529 746; baseline -0.009 -8"><span class='ocrx_word' id='word_1_483' title='bbox 1494 701 1702 738; x_wconf 75' lang='lat' dir='ltr'>Judznorum</span> <span class='ocrx_word' id='word_1_484' title='bbox 1724 697 1964 746; x_wconf 77' lang='lat' dir='ltr'>patriarcham</span> <span class='ocrx_word' id='word_1_485' title='bbox 1986 695 2136 742; x_wconf 87' lang='lat' dir='ltr'>singulis</span> <span class='ocrx_word' id='word_1_486' title='bbox 2155 694 2256 730; x_wconf 88' lang='lat' dir='ltr'>annis</span> <span class='ocrx_word' id='word_1_487' title='bbox 2273 721 2282 736; x_wconf 87' lang='lat'><em>.</em></span> <span class='ocrx_word' id='word_1_488' title='bbox 2313 700 2370 730; x_wconf 88' lang='lat' dir='ltr'>aut</span> <span class='ocrx_word' id='word_1_489' title='bbox 2387 703 2470 730; x_wconf 89' lang='lat' dir='ltr'>anno</span> <span class='ocrx_word' id='word_1_490' title='bbox 2488 695 2529 730; x_wconf 92' lang='lat' dir='ltr'>in-</span> 
     </span>
    </p>
   </div>
   <div class='ocr_carea' id='block_1_69' title="bbox 1496 754 2530 809">
    <p class='ocr_par' dir='ltr' id='par_1_69' title="bbox 1496 754 2530 809">
     <span class='ocr_line' id='line_1_69' title="bbox 1496 754 2530 809; baseline -0.009 -9"><span class='ocrx_word' id='word_1_491' title='bbox 1496 762 1646 809; x_wconf 61' lang='lat' dir='ltr'>teriecto</span> <span class='ocrx_word' id='word_1_492' title='bbox 1661 789 1670 804; x_wconf 93' lang='lat'>,</span> <span class='ocrx_word' id='word_1_493' title='bbox 1699 771 1718 797; x_wconf 93' lang='lat' dir='ltr'>a</span> <span class='ocrx_word' id='word_1_494' title='bbox 1737 769 1928 807; x_wconf 63' lang='lat' dir='ltr'>synagoga:</span> <span class='ocrx_word' id='word_1_495' title='bbox 1947 756 2168 804; x_wconf 89' lang='lat' dir='ltr'>principibus</span> <span class='ocrx_word' id='word_1_496' title='bbox 2194 755 2344 800; x_wconf 88' lang='lat' dir='ltr'>mutari,</span> <span class='ocrx_word' id='word_1_497' title='bbox 2371 754 2410 792; x_wconf 90' lang='lat' dir='ltr'>ad</span> <span class='ocrx_word' id='word_1_498' title='bbox 2431 765 2530 792; x_wconf 80' lang='lat' dir='ltr'>corra-</span> 
     </span>
    </p>
   </div>
   <div class='ocr_carea' id='block_1_70' title="bbox 1497 823 1877 870">
    <p class='ocr_par' dir='ltr' id='par_1_70' title="bbox 1497 823 1877 870">
     <span class='ocr_line' id='line_1_70' title="bbox 1497 823 1877 870; baseline -0.013 -9"><span class='ocrx_word' id='word_1_499' title='bbox 1497 824 1652 862; x_wconf 90' lang='lat' dir='ltr'>deudam</span> <span class='ocrx_word' id='word_1_500' title='bbox 1673 823 1877 870; x_wconf 87' lang='lat' dir='ltr'>pecuniam.</span> 
     </span>
    </p>
   </div>
   <div class='ocr_carea' id='block_1_71' title="bbox 1543 882 2530 930">
    <p class='ocr_par' dir='ltr' id='par_1_71' title="bbox 1543 882 2530 930">
     <span class='ocr_line' id='line_1_71' title="bbox 1543 882 2530 930; baseline -0.006 -6"><span class='ocrx_word' id='word_1_501' title='bbox 1543 889 1682 925; x_wconf 47' lang='lat' dir='ltr'>&#39;llorum</span> <span class='ocrx_word' id='word_1_502' title='bbox 1701 888 1863 923; x_wconf 87' lang='lat' dir='ltr'>omnium</span> <span class='ocrx_word' id='word_1_503' title='bbox 1885 885 2076 922; x_wconf 80' lang='lat' dir='ltr'>exstabant</span> <span class='ocrx_word' id='word_1_504' title='bbox 2093 887 2170 920; x_wconf 90' lang='lat' dir='ltr'>acta</span> <span class='ocrx_word' id='word_1_505' title='bbox 2185 889 2220 920; x_wconf 91' lang='lat' dir='ltr'>et</span> <span class='ocrx_word' id='word_1_506' title='bbox 2245 882 2394 930; x_wconf 81' lang='lat' dir='ltr'>judicum</span> <span class='ocrx_word' id='word_1_507' title='bbox 2411 882 2530 919; x_wconf 88' lang='lat' dir='ltr'>nomina</span> 
     </span>
    </p>
   </div>
   <div class='ocr_carea' id='block_1_72' title="bbox 1498 943 2530 996">
    <p class='ocr_par' dir='ltr' id='par_1_72' title="bbox 1498 943 2530 996">
     <span class='ocr_line' id='line_1_72' title="bbox 1498 943 2530 996; baseline -0.008 -10"><span class='ocrx_word' id='word_1_508' title='bbox 1498 949 1658 996; x_wconf 80' lang='lat' dir='ltr'>(Pallad.</span> <span class='ocrx_word' id='word_1_509' title='bbox 1687 961 1721 996; x_wconf 82' lang='grc' dir='ltr'>ρ.</span> <span class='ocrx_word' id='word_1_510' title='bbox 1745 949 1828 995; x_wconf 75' lang='lat' dir='ltr'>l5?)</span> <span class='ocrx_word' id='word_1_511' title='bbox 1852 959 1860 983; x_wconf 94' lang='lat'><strong>:</strong></span> <span class='ocrx_word' id='word_1_512' title='bbox 1886 957 1929 982; x_wconf 91' lang='lat' dir='ltr'>ac</span> <span class='ocrx_word' id='word_1_513' title='bbox 1953 946 2013 993; x_wconf 89' lang='lat' dir='ltr'>qtti</span> <span class='ocrx_word' id='word_1_514' title='bbox 2045 945 2183 981; x_wconf 85' lang='lat' dir='ltr'>fuerant</span> <span class='ocrx_word' id='word_1_515' title='bbox 2215 943 2390 990; x_wconf 86' lang='lat' dir='ltr'>depositi,</span> <span class='ocrx_word' id='word_1_516' title='bbox 2421 943 2530 990; x_wconf 78' lang='lat' dir='ltr'>Synodi</span> 
     </span>
    </p>
   </div>
   <div class='ocr_carea' id='block_1_73' title="bbox 1495 1005 2531 1060">
    <p class='ocr_par' dir='ltr' id='par_1_73' title="bbox 1495 1005 2531 1060">
     <span class='ocr_line' id='line_1_73' title="bbox 1495 1005 2531 1060; baseline -0.007 -10"><span class='ocrx_word' id='word_1_517' title='bbox 1495 1013 1632 1060; x_wconf 86' lang='lat' dir='ltr'>judicio</span> <span class='ocrx_word' id='word_1_518' title='bbox 1650 1011 1911 1059; x_wconf 86' lang='lat' dir='ltr'>acquieveruut</span> <span class='ocrx_word' id='word_1_519' title='bbox 1928 1037 1937 1053; x_wconf 98' lang='lat'>,</span> <span class='ocrx_word' id='word_1_520' title='bbox 1968 1018 2131 1056; x_wconf 89' lang='lat' dir='ltr'>unusque</span> <span class='ocrx_word' id='word_1_521' title='bbox 2148 1018 2190 1044; x_wconf 82' lang='lat' dir='ltr'>ex</span> <span class='ocrx_word' id='word_1_522' title='bbox 2210 1007 2276 1043; x_wconf 80' lang='lat' dir='ltr'>illis</span> <span class='ocrx_word' id='word_1_523' title='bbox 2297 1005 2403 1043; x_wconf 82' lang='lat' dir='ltr'>factus</span> <span class='ocrx_word' id='word_1_524' title='bbox 2419 1013 2466 1042; x_wconf 84' lang='lat' dir='ltr'>est</span> <span class='ocrx_word' id='word_1_525' title='bbox 2481 1017 2531 1043; x_wconf 50' lang='lat' dir='ltr'>ne.</span> 
     </span>
    </p>
   </div>
   <div class='ocr_carea' id='block_1_74' title="bbox 1497 1069 2532 1123">
    <p class='ocr_par' dir='ltr' id='par_1_74' title="bbox 1497 1069 2532 1123">
     <span class='ocr_line' id='line_1_74' title="bbox 1497 1069 2532 1123; baseline -0.008 -11"><span class='ocrx_word' id='word_1_526' title='bbox 1497 1076 1678 1123; x_wconf 82' lang='lat' dir='ltr'>gotiorum</span> <span class='ocrx_word' id='word_1_527' title='bbox 1697 1073 1919 1120; x_wconf 89' lang='lat' dir='ltr'>publicorum</span> <span class='ocrx_word' id='word_1_528' title='bbox 1940 1071 2122 1108; x_wconf 74' lang='lat' dir='ltr'>defensor.</span> <span class='ocrx_word' id='word_1_529' title='bbox 2141 1069 2176 1105; x_wconf 91' lang='lat' dir='ltr'>lu</span> <span class='ocrx_word' id='word_1_530' title='bbox 2189 1069 2420 1116; x_wconf 84' lang='lat' dir='ltr'>depositorum</span> <span class='ocrx_word' id='word_1_531' title='bbox 2436 1074 2532 1104; x_wconf 80' lang='lat' dir='ltr'>autent</span> 
     </span>
    </p>
   </div>
   <div class='ocr_carea' id='block_1_75' title="bbox 1499 1131 2533 1180">
    <p class='ocr_par' dir='ltr' id='par_1_75' title="bbox 1499 1131 2533 1180">
     <span class='ocr_line' id='line_1_75' title="bbox 1499 1131 2533 1180; baseline -0.008 -7"><span class='ocrx_word' id='word_1_532' title='bbox 1499 1138 1616 1174; x_wconf 89' lang='lat' dir='ltr'>locum</span> <span class='ocrx_word' id='word_1_533' title='bbox 1633 1137 1762 1174; x_wconf 88' lang='lat' dir='ltr'>delecti</span> <span class='ocrx_word' id='word_1_534' title='bbox 1778 1141 1861 1172; x_wconf 91' lang='lat' dir='ltr'>sunt</span> <span class='ocrx_word' id='word_1_535' title='bbox 1875 1135 1933 1171; x_wconf 91' lang='lat' dir='ltr'>alii</span> <span class='ocrx_word' id='word_1_536' title='bbox 1949 1145 2021 1171; x_wconf 93' lang='lat' dir='ltr'>non</span> <span class='ocrx_word' id='word_1_537' title='bbox 2041 1133 2219 1180; x_wconf 74' lang='lat' dir='ltr'>coniugati</span> <span class='ocrx_word' id='word_1_538' title='bbox 2239 1161 2248 1176; x_wconf 94' lang='lat'>,</span> <span class='ocrx_word' id='word_1_539' title='bbox 2267 1133 2335 1168; x_wconf 84' lang='lat' dir='ltr'>vita</span> <span class='ocrx_word' id='word_1_540' title='bbox 2356 1131 2533 1168; x_wconf 82' lang='lat' dir='ltr'>etdoctrina</span> 
     </span>
    </p>
   </div>
   <div class='ocr_carea' id='block_1_76' title="bbox 1499 1193 2534 1242">
    <p class='ocr_par' dir='ltr' id='par_1_76' title="bbox 1499 1193 2534 1242">
     <span class='ocr_line' id='line_1_76' title="bbox 1499 1193 2534 1242; baseline -0.008 -5"><span class='ocrx_word' id='word_1_541' title='bbox 1499 1200 1630 1237; x_wconf 89' lang='lat' dir='ltr'>ornati.</span> <span class='ocrx_word' id='word_1_542' title='bbox 1666 1198 1892 1236; x_wconf 83' lang='lat' dir='ltr'>Heraclidem</span> <span class='ocrx_word' id='word_1_543' title='bbox 1913 1207 2000 1234; x_wconf 87' lang='lat' dir='ltr'>vero</span> <span class='ocrx_word' id='word_1_544' title='bbox 2025 1197 2058 1232; x_wconf 92' lang='lat' dir='ltr'>in</span> <span class='ocrx_word' id='word_1_545' title='bbox 2080 1195 2249 1232; x_wconf 80' lang='lat' dir='ltr'>Antonini</span> <span class='ocrx_word' id='word_1_546' title='bbox 2269 1196 2378 1231; x_wconf 88' lang='lat' dir='ltr'>locum</span> <span class='ocrx_word' id='word_1_547' title='bbox 2396 1193 2534 1242; x_wconf 73' lang='lat' dir='ltr'>Synntlus</span> 
     </span>
    </p>
   </div>
   <div class='ocr_carea' id='block_1_77' title="bbox 1500 1255 2535 1308">
    <p class='ocr_par' dir='ltr' id='par_1_77' title="bbox 1500 1255 2535 1308">
     <span class='ocr_line' id='line_1_77' title="bbox 1500 1255 2535 1308; baseline -0.011 -7"><span class='ocrx_word' id='word_1_548' title='bbox 1500 1263 1700 1305; x_wconf 87' lang='lat' dir='ltr'>constituit,</span> <span class='ocrx_word' id='word_1_549' title='bbox 1714 1262 1828 1298; x_wconf 84' lang='lat' dir='ltr'>virum</span> <span class='ocrx_word' id='word_1_550' title='bbox 1849 1259 2044 1308; x_wconf 86' lang='lat' dir='ltr'>cncyclieis</span> <span class='ocrx_word' id='word_1_551' title='bbox 2062 1257 2260 1304; x_wconf 87' lang='lat' dir='ltr'>disciplinis</span> <span class='ocrx_word' id='word_1_552' title='bbox 2274 1256 2398 1303; x_wconf 90' lang='lat' dir='ltr'>optime</span> <span class='ocrx_word' id='word_1_553' title='bbox 2415 1255 2535 1292; x_wconf 84' lang='lat' dir='ltr'>institu-</span> 
     </span>
    </p>
   </div>
   <div class='ocr_carea' id='block_1_78' title="bbox 1501 1319 2535 1370">
    <p class='ocr_par' dir='ltr' id='par_1_78' title="bbox 1501 1319 2535 1370">
     <span class='ocr_line' id='line_1_78' title="bbox 1501 1319 2535 1370; baseline -0.011 -7"><span class='ocrx_word' id='word_1_554' title='bbox 1501 1333 1597 1370; x_wconf 88' lang='lat' dir='ltr'>ttnn,</span> <span class='ocrx_word' id='word_1_555' title='bbox 1629 1331 1666 1362; x_wconf 91' lang='lat' dir='ltr'>et</span> <span class='ocrx_word' id='word_1_556' title='bbox 1691 1326 1724 1361; x_wconf 92' lang='lat' dir='ltr'>in</span> <span class='ocrx_word' id='word_1_557' title='bbox 1745 1323 1877 1360; x_wconf 85' lang='lat' dir='ltr'>divinis</span> <span class='ocrx_word' id='word_1_558' title='bbox 1898 1321 2094 1368; x_wconf 73' lang='lat' dir='ltr'>Scripturis</span> <span class='ocrx_word' id='word_1_559' title='bbox 2114 1320 2294 1367; x_wconf 85' lang='lat' dir='ltr'>peritum,</span> <span class='ocrx_word' id='word_1_560' title='bbox 2312 1319 2368 1366; x_wconf 91' lang='lat' dir='ltr'>qni</span> <span class='ocrx_word' id='word_1_561' title='bbox 2388 1319 2418 1354; x_wconf 92' lang='lat' dir='ltr'>in</span> <span class='ocrx_word' id='word_1_562' title='bbox 2435 1326 2535 1354; x_wconf 85' lang='lat' dir='ltr'>eremo</span> 
     </span>
    </p>
   </div>
   <div class='ocr_carea' id='block_1_79' title="bbox 1500 1379 2536 1432">
    <p class='ocr_par' dir='ltr' id='par_1_79' title="bbox 1500 1379 2536 1432">
     <span class='ocr_line' id='line_1_79' title="bbox 1500 1379 2536 1432; baseline -0.011 -7"><span class='ocrx_word' id='word_1_563' title='bbox 1500 1389 1737 1426; x_wconf 78' lang='lat' dir='ltr'>nimiasticam</span> <span class='ocrx_word' id='word_1_564' title='bbox 1759 1387 1865 1422; x_wconf 86' lang='lat' dir='ltr'>vitam</span> <span class='ocrx_word' id='word_1_565' title='bbox 1885 1389 2032 1432; x_wconf 87' lang='lat' dir='ltr'>egerat,</span> <span class='ocrx_word' id='word_1_566' title='bbox 2053 1388 2089 1420; x_wconf 91' lang='lat' dir='ltr'>et</span> <span class='ocrx_word' id='word_1_567' title='bbox 2109 1383 2167 1430; x_wconf 89' lang='lat' dir='ltr'>qui</span> <span class='ocrx_word' id='word_1_568' title='bbox 2191 1391 2253 1428; x_wconf 92' lang='lat' dir='ltr'>per</span> <span class='ocrx_word' id='word_1_569' title='bbox 2273 1387 2341 1416; x_wconf 82' lang='lat' dir='ltr'>tres</span> <span class='ocrx_word' id='word_1_570' title='bbox 2361 1389 2460 1416; x_wconf 87' lang='lat' dir='ltr'>annos</span> <span class='ocrx_word' id='word_1_571' title='bbox 2474 1379 2536 1414; x_wconf 81' lang='lat' dir='ltr'>dia-</span> 
     </span>
    </p>
   </div>
   <div class='ocr_carea' id='block_1_80' title="bbox 1502 1441 2535 1491">
    <p class='ocr_par' dir='ltr' id='par_1_80' title="bbox 1502 1441 2535 1491">
     <span class='ocr_line' id='line_1_80' title="bbox 1502 1441 2535 1491; baseline -0.013 -3"><span class='ocrx_word' id='word_1_572' title='bbox 1502 1460 1616 1488; x_wconf 89' lang='lat' dir='ltr'>conus</span> <span class='ocrx_word' id='word_1_573' title='bbox 1633 1449 1762 1486; x_wconf 87' lang='lat' dir='ltr'>fuerat.</span> <span class='ocrx_word' id='word_1_574' title='bbox 1785 1447 1966 1484; x_wconf 83' lang='lat' dir='ltr'>Palladius</span> <span class='ocrx_word' id='word_1_575' title='bbox 1985 1455 2074 1482; x_wconf 86' lang='lat' dir='ltr'>vero</span> <span class='ocrx_word' id='word_1_576' title='bbox 2091 1473 2098 1487; x_wconf 93' lang='lat'>,</span> <span class='ocrx_word' id='word_1_577' title='bbox 2117 1444 2177 1491; x_wconf 90' lang='lat' dir='ltr'>qui</span> <span class='ocrx_word' id='word_1_578' title='bbox 2199 1443 2278 1479; x_wconf 88' lang='lat' dir='ltr'>huic</span> <span class='ocrx_word' id='word_1_579' title='bbox 2296 1441 2429 1490; x_wconf 84' lang='lat' dir='ltr'>Synodo</span> <span class='ocrx_word' id='word_1_580' title='bbox 2446 1441 2535 1476; x_wconf 81' lang='lat' dir='ltr'>inter-</span> 
     </span>
    </p>
   </div>
   <div class='ocr_carea' id='block_1_81' title="bbox 1502 1501 2538 1555">
    <p class='ocr_par' dir='ltr' id='par_1_81' title="bbox 1502 1501 2538 1555">
     <span class='ocr_line' id='line_1_81' title="bbox 1502 1501 2538 1555; baseline -0.012 -7"><span class='ocrx_word' id='word_1_581' title='bbox 1502 1513 1636 1555; x_wconf 86' lang='lat' dir='ltr'>fuerat,</span> <span class='ocrx_word' id='word_1_582' title='bbox 1661 1511 1749 1548; x_wconf 87' lang='lat' dir='ltr'>dicit</span> <span class='ocrx_word' id='word_1_583' title='bbox 1766 1510 1943 1547; x_wconf 87' lang='lat' dir='ltr'>Joannem</span> <span class='ocrx_word' id='word_1_584' title='bbox 1975 1518 2042 1544; x_wconf 87' lang='lat' dir='ltr'>sex</span> <span class='ocrx_word' id='word_1_585' title='bbox 2064 1507 2251 1552; x_wconf 71' lang='lat' dir='ltr'>episcopos</span> <span class='ocrx_word' id='word_1_586' title='bbox 2280 1504 2315 1540; x_wconf 93' lang='lat' dir='ltr'>in</span> <span class='ocrx_word' id='word_1_587' title='bbox 2342 1504 2401 1538; x_wconf 85' lang='lat' dir='ltr'>hac</span> <span class='ocrx_word' id='word_1_588' title='bbox 2423 1501 2538 1538; x_wconf 80' lang='lat' dir='ltr'>scilicet</span> 
     </span>
    </p>
   </div>
   <div class='ocr_carea' id='block_1_82' title="bbox 1502 1562 2536 1623">
    <p class='ocr_par' dir='ltr' id='par_1_82' title="bbox 1502 1562 2536 1623">
     <span class='ocr_line' id='line_1_82' title="bbox 1502 1562 2536 1623; baseline -0.015 -11"><span class='ocrx_word' id='word_1_589' title='bbox 1502 1575 1686 1623; x_wconf 81' lang='lat' dir='ltr'>provincia</span> <span class='ocrx_word' id='word_1_590' title='bbox 1711 1579 1847 1609; x_wconf 86' lang='lat' dir='ltr'>tantum</span> <span class='ocrx_word' id='word_1_591' title='bbox 1873 1569 2111 1618; x_wconf 84' lang='lat' dir='ltr'>deposuisse,</span> <span class='ocrx_word' id='word_1_592' title='bbox 2135 1578 2204 1604; x_wconf 93' lang='lat' dir='ltr'>non</span> <span class='ocrx_word' id='word_1_593' title='bbox 2231 1573 2345 1602; x_wconf 86' lang='lat' dir='ltr'>autem</span> <span class='ocrx_word' id='word_1_594' title='bbox 2371 1562 2536 1604; x_wconf 87' lang='lat' dir='ltr'>sexdecim,</span> 
     </span>
    </p>
   </div>
   <div class='ocr_carea' id='block_1_83' title="bbox 1503 1627 2539 1680">
    <p class='ocr_par' dir='ltr' id='par_1_83' title="bbox 1503 1627 2539 1680">
     <span class='ocr_line' id='line_1_83' title="bbox 1503 1627 2539 1680; baseline -0.014 -6"><span class='ocrx_word' id='word_1_595' title='bbox 1503 1643 1542 1673; x_wconf 91' lang='lat' dir='ltr'>ut</span> <span class='ocrx_word' id='word_1_596' title='bbox 1560 1635 1801 1673; x_wconf 87' lang='lat' dir='ltr'>mentiebatur</span> <span class='ocrx_word' id='word_1_597' title='bbox 1816 1631 2054 1680; x_wconf 84' lang='lat' dir='ltr'>Theophilus,</span> <span class='ocrx_word' id='word_1_598' title='bbox 2071 1627 2315 1677; x_wconf 80' lang='lat' dir='ltr'>Cbrysostomi</span> <span class='ocrx_word' id='word_1_599' title='bbox 2335 1631 2498 1662; x_wconf 78' lang='lat' dir='ltr'>aecusator</span> <span class='ocrx_word' id='word_1_600' title='bbox 2511 1629 2539 1660; x_wconf 88' lang='lat' dir='ltr'>ct</span> 
     </span>
    </p>
   </div>
   <div class='ocr_carea' id='block_1_84' title="bbox 1505 1699 1684 1735">
    <p class='ocr_par' dir='ltr' id='par_1_84' title="bbox 1505 1699 1684 1735">
     <span class='ocr_line' id='line_1_84' title="bbox 1505 1699 1684 1735; baseline -0.011 -1"><span class='ocrx_word' id='word_1_601' title='bbox 1505 1699 1684 1735; x_wconf 89' lang='lat' dir='ltr'>inimicus.</span> 
     </span>
    </p>
   </div>
   <div class='ocr_carea' id='block_1_85' title="bbox 1553 1747 2539 1803">
    <p class='ocr_par' dir='ltr' id='par_1_85' title="bbox 1553 1747 2539 1803">
     <span class='ocr_line' id='line_1_85' title="bbox 1553 1747 2539 1803; baseline -0.014 -8"><span class='ocrx_word' id='word_1_602' title='bbox 1553 1759 1778 1796; x_wconf 89' lang='lat' dir='ltr'>Sozomenns</span> <span class='ocrx_word' id='word_1_603' title='bbox 1809 1767 1894 1794; x_wconf 85' lang='lat' dir='ltr'>vero</span> <span class='ocrx_word' id='word_1_604' title='bbox 1928 1755 2015 1792; x_wconf 89' lang='lat' dir='ltr'>dicit</span> <span class='ocrx_word' id='word_1_605' title='bbox 2049 1755 2205 1803; x_wconf 77' lang='lat' dir='ltr'>(Sozam.</span> <span class='ocrx_word' id='word_1_606' title='bbox 2227 1752 2251 1788; x_wconf 88' lang='grc' dir='ltr'>ι.</span> <span class='ocrx_word' id='word_1_607' title='bbox 2275 1751 2310 1788; x_wconf 88' lang='grc'>8.</span> <span class='ocrx_word' id='word_1_608' title='bbox 2339 1761 2368 1786; x_wconf 86' lang='lat' dir='ltr'>c.</span> <span class='ocrx_word' id='word_1_609' title='bbox 2389 1747 2423 1796; x_wconf 87' lang='lat'>6)</span> <span class='ocrx_word' id='word_1_610' title='bbox 2445 1748 2539 1794; x_wconf 88' lang='lat' dir='ltr'>ipsum</span> 
     </span>
    </p>
   </div>
   <div class='ocr_carea' id='block_1_86' title="bbox 1505 1809 2542 1866">
    <p class='ocr_par' dir='ltr' id='par_1_86' title="bbox 1505 1809 2542 1866">
     <span class='ocr_line' id='line_1_86' title="bbox 1505 1809 2542 1866; baseline -0.015 -8"><span class='ocrx_word' id='word_1_611' title='bbox 1505 1821 1680 1858; x_wconf 89' lang='lat' dir='ltr'>tredecim</span> <span class='ocrx_word' id='word_1_612' title='bbox 1714 1820 1904 1866; x_wconf 87' lang='lat' dir='ltr'>episcopos</span> <span class='ocrx_word' id='word_1_613' title='bbox 1932 1817 2146 1864; x_wconf 78' lang='lat' dir='ltr'>depoSuisse</span> <span class='ocrx_word' id='word_1_614' title='bbox 2179 1814 2304 1862; x_wconf 86' lang='lat' dir='ltr'>partim</span> <span class='ocrx_word' id='word_1_615' title='bbox 2335 1812 2367 1848; x_wconf 91' lang='lat' dir='ltr'>in</span> <span class='ocrx_word' id='word_1_616' title='bbox 2397 1809 2488 1857; x_wconf 77' lang='lat' dir='ltr'>Lycia</span> <span class='ocrx_word' id='word_1_617' title='bbox 2513 1813 2542 1843; x_wconf 86' lang='lat' dir='ltr'>et</span> 
     </span>
    </p>
   </div>
   <div class='ocr_carea' id='block_1_87' title="bbox 1505 1868 2540 1932">
    <p class='ocr_par' dir='ltr' id='par_1_87' title="bbox 1505 1868 2540 1932">
     <span class='ocr_line' id='line_1_87' title="bbox 1505 1868 2540 1932; baseline -0.017 -10"><span class='ocrx_word' id='word_1_618' title='bbox 1505 1884 1659 1932; x_wconf 74' lang='lat' dir='ltr'>Phrygia</span> <span class='ocrx_word' id='word_1_619' title='bbox 1675 1911 1684 1928; x_wconf 94' lang='lat'>,</span> <span class='ocrx_word' id='word_1_620' title='bbox 1719 1883 1849 1929; x_wconf 84' lang='lat' dir='ltr'>partim</span> <span class='ocrx_word' id='word_1_621' title='bbox 1871 1882 1905 1918; x_wconf 93' lang='lat' dir='ltr'>in</span> <span class='ocrx_word' id='word_1_622' title='bbox 1928 1882 2011 1918; x_wconf 86' lang='lat' dir='ltr'>Asia</span> <span class='ocrx_word' id='word_1_623' title='bbox 2030 1909 2038 1923; x_wconf 94' lang='lat'>,</span> <span class='ocrx_word' id='word_1_624' title='bbox 2062 1881 2110 1916; x_wconf 87' lang='lat' dir='ltr'>ita</span> <span class='ocrx_word' id='word_1_625' title='bbox 2137 1885 2174 1915; x_wconf 93' lang='lat' dir='ltr'>ut</span> <span class='ocrx_word' id='word_1_626' title='bbox 2197 1887 2275 1914; x_wconf 92' lang='lat' dir='ltr'>cum</span> <span class='ocrx_word' id='word_1_627' title='bbox 2305 1881 2390 1911; x_wconf 88' lang='lat' dir='ltr'>teste</span> <span class='ocrx_word' id='word_1_628' title='bbox 2407 1868 2540 1908; x_wconf 83' lang='lat' dir='ltr'>Palladio</span> 
     </span>
    </p>
   </div>
   <div class='ocr_carea' id='block_1_88' title="bbox 1507 1933 2541 1994">
    <p class='ocr_par' dir='ltr' id='par_1_88' title="bbox 1507 1933 2541 1994">
     <span class='ocr_line' id='line_1_88' title="bbox 1507 1933 2541 1994; baseline -0.016 -9"><span class='ocrx_word' id='word_1_629' title='bbox 1507 1955 1592 1984; x_wconf 92' lang='lat' dir='ltr'>tunc</span> <span class='ocrx_word' id='word_1_630' title='bbox 1609 1952 1786 1994; x_wconf 84' lang='lat' dir='ltr'>praesente</span> <span class='ocrx_word' id='word_1_631' title='bbox 1805 1956 1868 1982; x_wconf 90' lang='lat' dir='ltr'>scx</span> <span class='ocrx_word' id='word_1_632' title='bbox 1891 1945 1925 1981; x_wconf 94' lang='lat' dir='ltr'>in</span> <span class='ocrx_word' id='word_1_633' title='bbox 1949 1944 2034 1980; x_wconf 83' lang='lat' dir='ltr'>Asia</span> <span class='ocrx_word' id='word_1_634' title='bbox 2055 1940 2278 1989; x_wconf 87' lang='lat' dir='ltr'>deposuerit,</span> <span class='ocrx_word' id='word_1_635' title='bbox 2310 1942 2438 1983; x_wconf 87' lang='lat' dir='ltr'>septem</span> <span class='ocrx_word' id='word_1_636' title='bbox 2455 1933 2541 1968; x_wconf 85' lang='lat' dir='ltr'>etiam</span> 
     </span>
    </p>
   </div>
   <div class='ocr_carea' id='block_1_89' title="bbox 1506 1992 2543 2058">
    <p class='ocr_par' dir='ltr' id='par_1_89' title="bbox 1506 1992 2543 2058">
     <span class='ocr_line' id='line_1_89' title="bbox 1506 1992 2543 2058; baseline -0.019 -11"><span class='ocrx_word' id='word_1_637' title='bbox 1506 2011 1542 2046; x_wconf 92' lang='lat' dir='ltr'>in</span> <span class='ocrx_word' id='word_1_638' title='bbox 1563 1992 1669 2058; x_wconf 62' lang='lat' dir='ltr'>chia</span> <span class='ocrx_word' id='word_1_639' title='bbox 1688 2016 1724 2046; x_wconf 90' lang='lat' dir='ltr'>et</span> <span class='ocrx_word' id='word_1_640' title='bbox 1753 2007 1908 2056; x_wconf 78' lang='lat' dir='ltr'>Phrygia</span> <span class='ocrx_word' id='word_1_641' title='bbox 1944 2017 1989 2043; x_wconf 89' lang='lat' dir='ltr'>ex</span> <span class='ocrx_word' id='word_1_642' title='bbox 2017 2004 2164 2042; x_wconf 85' lang='lat' dir='ltr'>sedibus</span> <span class='ocrx_word' id='word_1_643' title='bbox 2195 1999 2354 2039; x_wconf 90' lang='lat' dir='ltr'>moverit.</span> <span class='ocrx_word' id='word_1_644' title='bbox 2384 1997 2468 2033; x_wconf 81' lang='lat' dir='ltr'>Inter</span> <span class='ocrx_word' id='word_1_645' title='bbox 2492 1992 2543 2058; x_wconf 72' lang='lat' dir='ltr'>llos</span> 
     </span>
    </p>
   </div>
   <div class='ocr_carea' id='block_1_90' title="bbox 1506 2051 2544 2111">
    <p class='ocr_par' dir='ltr' id='par_1_90' title="bbox 1506 2051 2544 2111">
     <span class='ocr_line' id='line_1_90' title="bbox 1506 2051 2544 2111; baseline -0.016 -3"><span class='ocrx_word' id='word_1_646' title='bbox 1506 2079 1625 2109; x_wconf 90' lang='lat' dir='ltr'>autem</span> <span class='ocrx_word' id='word_1_647' title='bbox 1644 2070 1857 2108; x_wconf 88' lang='lat' dir='ltr'>Ceroutium</span> <span class='ocrx_word' id='word_1_648' title='bbox 1877 2066 2190 2106; x_wconf 86' lang='lat' dir='ltr'>Nicomedienscm</span> <span class='ocrx_word' id='word_1_649' title='bbox 2209 2063 2408 2111; x_wconf 89' lang='lat' dir='ltr'>episcopum</span> <span class='ocrx_word' id='word_1_650' title='bbox 2425 2067 2461 2094; x_wconf 82' lang='lat' dir='ltr'>ex</span> <span class='ocrx_word' id='word_1_651' title='bbox 2476 2051 2544 2091; x_wconf 75' lang='lat' dir='ltr'>St‘dc</span> 
     </span>
    </p>
   </div>
   <div class='ocr_carea' id='block_1_91' title="bbox 1507 2123 2544 2181">
    <p class='ocr_par' dir='ltr' id='par_1_91' title="bbox 1507 2123 2544 2181">
     <span class='ocr_line' id='line_1_91' title="bbox 1507 2123 2544 2181; baseline -0.019 -10"><span class='ocrx_word' id='word_1_652' title='bbox 1507 2134 1657 2181; x_wconf 85' lang='lat' dir='ltr'>expulit.</span> <span class='ocrx_word' id='word_1_653' title='bbox 1680 2133 1746 2170; x_wconf 88' lang='lat' dir='ltr'>Hic</span> <span class='ocrx_word' id='word_1_654' title='bbox 1769 2139 1890 2169; x_wconf 85' lang='lat' dir='ltr'>autem</span> <span class='ocrx_word' id='word_1_655' title='bbox 1911 2142 1992 2168; x_wconf 90' lang='lat' dir='ltr'>cum</span> <span class='ocrx_word' id='word_1_656' title='bbox 2019 2127 2207 2167; x_wconf 82' lang='lat' dir='ltr'>Mediolani</span> <span class='ocrx_word' id='word_1_657' title='bbox 2226 2126 2390 2163; x_wconf 88' lang='lat' dir='ltr'>diaconus</span> <span class='ocrx_word' id='word_1_658' title='bbox 2409 2123 2511 2160; x_wconf 79' lang='lat' dir='ltr'>esset,</span> <span class='ocrx_word' id='word_1_659' title='bbox 2529 2125 2544 2150; x_wconf 74' lang='grc' dir='ltr'>ιι</span> 
     </span>
    </p>
   </div>
   <div class='ocr_carea' id='block_1_92' title="bbox 1507 2179 2545 2242">
    <p class='ocr_par' dir='ltr' id='par_1_92' title="bbox 1507 2179 2545 2242">
     <span class='ocr_line' id='line_1_92' title="bbox 1507 2179 2545 2242; baseline -0.021 -9"><span class='ocrx_word' id='word_1_660' title='bbox 1507 2195 1546 2234; x_wconf 90' lang='lat' dir='ltr'>S.</span> <span class='ocrx_word' id='word_1_661' title='bbox 1576 2194 1769 2232; x_wconf 81' lang='lat' dir='ltr'>Ambrosio</span> <span class='ocrx_word' id='word_1_662' title='bbox 1799 2193 1970 2242; x_wconf 87' lang='lat' dir='ltr'>episcopo</span> <span class='ocrx_word' id='word_1_663' title='bbox 1997 2198 2036 2228; x_wconf 92' lang='lat' dir='ltr'>ut</span> <span class='ocrx_word' id='word_1_664' title='bbox 2061 2199 2164 2228; x_wconf 88' lang='lat' dir='ltr'>sacro</span> <span class='ocrx_word' id='word_1_665' title='bbox 2186 2185 2378 2224; x_wconf 90' lang='lat' dir='ltr'>ministerio</span> <span class='ocrx_word' id='word_1_666' title='bbox 2405 2179 2545 2225; x_wconf 80' lang='lat' dir='ltr'>indignas</span> 
     </span>
    </p>
   </div>
   <div class='ocr_carea' id='block_1_93' title="bbox 1507 2239 2545 2304">
    <p class='ocr_par' dir='ltr' id='par_1_93' title="bbox 1507 2239 2545 2304">
     <span class='ocr_line' id='line_1_93' title="bbox 1507 2239 2545 2304; baseline -0.021 -8"><span class='ocrx_word' id='word_1_667' title='bbox 1507 2258 1678 2304; x_wconf 74' lang='lat' dir='ltr'>expulsus</span> <span class='ocrx_word' id='word_1_668' title='bbox 1711 2239 1841 2292; x_wconf 74' lang='lat' dir='ltr'>fuerat.</span> <span class='ocrx_word' id='word_1_669' title='bbox 1877 2254 1968 2292; x_wconf 83' lang='lat' dir='ltr'>Hinc</span> <span class='ocrx_word' id='word_1_670' title='bbox 1987 2263 2068 2289; x_wconf 89' lang='lat' dir='ltr'>cmn</span> <span class='ocrx_word' id='word_1_671' title='bbox 2093 2244 2420 2292; x_wconf 89' lang='lat' dir='ltr'>Constantinopolin</span> <span class='ocrx_word' id='word_1_672' title='bbox 2447 2239 2545 2276; x_wconf 85' lang='lat' dir='ltr'>venis-</span> 
     </span>
    </p>
   </div>
   <div class='ocr_carea' id='block_1_94' title="bbox 1508 2301 2545 2366">
    <p class='ocr_par' dir='ltr' id='par_1_94' title="bbox 1508 2301 2545 2366">
     <span class='ocr_line' id='line_1_94' title="bbox 1508 2301 2545 2366; baseline -0.021 -8"><span class='ocrx_word' id='word_1_673' title='bbox 1508 2327 1578 2366; x_wconf 88' lang='lat' dir='ltr'>set,</span> <span class='ocrx_word' id='word_1_674' title='bbox 1605 2327 1645 2356; x_wconf 90' lang='lat' dir='ltr'>ut</span> <span class='ocrx_word' id='word_1_675' title='bbox 1661 2325 1740 2357; x_wconf 87' lang='lat' dir='ltr'>erat</span> <span class='ocrx_word' id='word_1_676' title='bbox 1757 2319 1856 2355; x_wconf 87' lang='lat' dir='ltr'>vafer</span> <span class='ocrx_word' id='word_1_677' title='bbox 1876 2325 1912 2355; x_wconf 87' lang='lat' dir='ltr'>et</span> <span class='ocrx_word' id='word_1_678' title='bbox 1931 2322 2072 2353; x_wconf 89' lang='lat' dir='ltr'>astutus</span> <span class='ocrx_word' id='word_1_679' title='bbox 2089 2343 2098 2358; x_wconf 93' lang='lat'>,</span> <span class='ocrx_word' id='word_1_680' title='bbox 2121 2309 2357 2360; x_wconf 90' lang='lat' dir='ltr'>quorumdam</span> <span class='ocrx_word' id='word_1_681' title='bbox 2379 2314 2442 2352; x_wconf 87' lang='lat' dir='ltr'>ope</span> <span class='ocrx_word' id='word_1_682' title='bbox 2458 2301 2545 2338; x_wconf 81' lang='lat' dir='ltr'>Nico-</span> 
     </span>
    </p>
   </div>
   <div class='ocr_carea' id='block_1_95' title="bbox 1509 2367 2546 2428">
    <p class='ocr_par' dir='ltr' id='par_1_95' title="bbox 1509 2367 2546 2428">
     <span class='ocr_line' id='line_1_95' title="bbox 1509 2367 2546 2428; baseline -0.019 -8"><span class='ocrx_word' id='word_1_683' title='bbox 1509 2383 1732 2420; x_wconf 88' lang='lat' dir='ltr'>mediensem</span> <span class='ocrx_word' id='word_1_684' title='bbox 1750 2379 1991 2428; x_wconf 86' lang='lat' dir='ltr'>episcopalem</span> <span class='ocrx_word' id='word_1_685' title='bbox 2011 2377 2136 2415; x_wconf 88' lang='lat' dir='ltr'>sedem</span> <span class='ocrx_word' id='word_1_686' title='bbox 2153 2374 2301 2420; x_wconf 86' lang='lat' dir='ltr'>adeptus</span> <span class='ocrx_word' id='word_1_687' title='bbox 2315 2375 2380 2407; x_wconf 89' lang='lat' dir='ltr'>est.</span> <span class='ocrx_word' id='word_1_688' title='bbox 2401 2367 2448 2403; x_wconf 79' lang='lat' dir='ltr'>l&#39;te</span> <span class='ocrx_word' id='word_1_689' title='bbox 2464 2371 2546 2428; x_wconf 71' lang='lat' dir='ltr'>cont-</span> 
     </span>
    </p>
   </div>
   <div class='ocr_carea' id='block_1_96' title="bbox 1509 2422 2547 2494">
    <p class='ocr_par' dir='ltr' id='par_1_96' title="bbox 1509 2422 2547 2494">
     <span class='ocr_line' id='line_1_96' title="bbox 1509 2422 2547 2494; baseline -0.02 -10"><span class='ocrx_word' id='word_1_690' title='bbox 1509 2453 1610 2494; x_wconf 89' lang='lat' dir='ltr'>pcrta</span> <span class='ocrx_word' id='word_1_691' title='bbox 1632 2422 1846 2482; x_wconf 80' lang='lat' dir='ltr'>Ambrosius</span> <span class='ocrx_word' id='word_1_692' title='bbox 1864 2422 2032 2479; x_wconf 60' lang='lat' dir='ltr'>Nectario</span> <span class='ocrx_word' id='word_1_693' title='bbox 2050 2439 2220 2486; x_wconf 88' lang='lat' dir='ltr'>episcopo</span> <span class='ocrx_word' id='word_1_694' title='bbox 2249 2422 2547 2494; x_wconf 64' lang='lat' dir='ltr'>Constantinopoli-</span> 
     </span>
    </p>
   </div>
   <div class='ocr_carea' id='block_1_97' title="bbox 1509 2485 2548 2555">
    <p class='ocr_par' dir='ltr' id='par_1_97' title="bbox 1509 2485 2548 2555">
     <span class='ocr_line' id='line_1_97' title="bbox 1509 2485 2548 2555; baseline -0.014 -10"><span class='ocrx_word' id='word_1_695' title='bbox 1509 2485 1595 2545; x_wconf 71' lang='lat' dir='ltr'>tano</span> <span class='ocrx_word' id='word_1_696' title='bbox 1637 2507 1810 2555; x_wconf 83' lang='lat' dir='ltr'>scripsit,</span> <span class='ocrx_word' id='word_1_697' title='bbox 1845 2511 1882 2542; x_wconf 92' lang='lat' dir='ltr'>ut</span> <span class='ocrx_word' id='word_1_698' title='bbox 1913 2485 2128 2542; x_wconf 86' lang='lat' dir='ltr'>Gerontium</span> <span class='ocrx_word' id='word_1_699' title='bbox 2165 2510 2209 2536; x_wconf 85' lang='lat' dir='ltr'>ex</span> <span class='ocrx_word' id='word_1_700' title='bbox 2245 2490 2429 2544; x_wconf 66' lang='lat' dir='ltr'>episcopali</span> <span class='ocrx_word' id='word_1_701' title='bbox 2457 2485 2548 2555; x_wconf 56' lang='lat' dir='ltr'>gffld“</span> 
     </span>
    </p>
   </div>
   <div class='ocr_carea' id='block_1_98' title="bbox 1509 2549 2547 2618">
    <p class='ocr_par' dir='ltr' id='par_1_98' title="bbox 1509 2549 2547 2618">
     <span class='ocr_line' id='line_1_98' title="bbox 1509 2549 2547 2618; baseline -0.021 -10"><span class='ocrx_word' id='word_1_702' title='bbox 1509 2549 1823 2618; x_wconf 41' lang='lat' dir='ltr'>dejiceret..Niltil</span> <span class='ocrx_word' id='word_1_703' title='bbox 1856 2577 1927 2604; x_wconf 83' lang='lat' dir='ltr'>non</span> <span class='ocrx_word' id='word_1_704' title='bbox 1961 2565 2032 2613; x_wconf 83' lang='lat' dir='ltr'>egit</span> <span class='ocrx_word' id='word_1_705' title='bbox 2065 2561 2277 2603; x_wconf 85' lang='lat' dir='ltr'>Nectarius,</span> <span class='ocrx_word' id='word_1_706' title='bbox 2306 2563 2344 2594; x_wconf 87' lang='lat' dir='ltr'>ut</span> <span class='ocrx_word' id='word_1_707' title='bbox 2367 2549 2547 2616; x_wconf 65' lang='lat' dir='ltr'>Gerontium</span> 
     </span>
    </p>
   </div>
   <div class='ocr_carea' id='block_1_99' title="bbox 1511 2609 2547 2680">
    <p class='ocr_par' dir='ltr' id='par_1_99' title="bbox 1511 2609 2547 2680">
     <span class='ocr_line' id='line_1_99' title="bbox 1511 2609 2547 2680; baseline -0.022 -9"><span class='ocrx_word' id='word_1_708' title='bbox 1511 2635 1732 2680; x_wconf 87' lang='lat' dir='ltr'>deponeret;</span> <span class='ocrx_word' id='word_1_709' title='bbox 1762 2630 1826 2668; x_wconf 90' lang='lat' dir='ltr'>sed</span> <span class='ocrx_word' id='word_1_710' title='bbox 1858 2629 1989 2666; x_wconf 88' lang='lat' dir='ltr'>frustra</span> <span class='ocrx_word' id='word_1_711' title='bbox 2016 2635 2161 2664; x_wconf 86' lang='lat' dir='ltr'>cessere</span> <span class='ocrx_word' id='word_1_712' title='bbox 2187 2627 2334 2660; x_wconf 90' lang='lat' dir='ltr'>conatus</span> <span class='ocrx_word' id='word_1_713' title='bbox 2355 2609 2547 2679; x_wconf 65' lang='lat' dir='ltr'>:Gerontius</span> 
     </span>
    </p>
   </div>
   <div class='ocr_carea' id='block_1_100' title="bbox 1511 2671 2546 2736">
    <p class='ocr_par' dir='ltr' id='par_1_100' title="bbox 1511 2671 2546 2736">
     <span class='ocr_line' id='line_1_100' title="bbox 1511 2671 2546 2736; baseline -0.024 -4"><span class='ocrx_word' id='word_1_714' title='bbox 1511 2697 1607 2732; x_wconf 83' lang='lat' dir='ltr'>enim</span> <span class='ocrx_word' id='word_1_715' title='bbox 1619 2691 1955 2731; x_wconf 83' lang='lat' dir='ltr'>Nicomediensibus</span> <span class='ocrx_word' id='word_1_716' title='bbox 1967 2689 2162 2726; x_wconf 90' lang='lat' dir='ltr'>admodum</span> <span class='ocrx_word' id='word_1_717' title='bbox 2175 2690 2296 2734; x_wconf 86' lang='lat' dir='ltr'>gratus</span> <span class='ocrx_word' id='word_1_718' title='bbox 2307 2686 2394 2723; x_wconf 85' lang='lat' dir='ltr'>erat,</span> <span class='ocrx_word' id='word_1_719' title='bbox 2404 2671 2546 2736; x_wconf 59' lang='lat' dir='ltr'>quoniam</span> 
     </span>
    </p>
   </div>
   <div class='ocr_carea' id='block_1_101' title="bbox 1511 2738 2550 2802">
    <p class='ocr_par' dir='ltr' id='par_1_101' title="bbox 1511 2738 2550 2802">
     <span class='ocr_line' id='line_1_101' title="bbox 1511 2738 2550 2802; baseline -0.025 -7"><span class='ocrx_word' id='word_1_720' title='bbox 1511 2759 1546 2794; x_wconf 90' lang='lat' dir='ltr'>in</span> <span class='ocrx_word' id='word_1_721' title='bbox 1557 2757 1734 2794; x_wconf 90' lang='lat' dir='ltr'>medicina</span> <span class='ocrx_word' id='word_1_722' title='bbox 1750 2755 1900 2802; x_wconf 86' lang='lat' dir='ltr'>peritus,</span> <span class='ocrx_word' id='word_1_723' title='bbox 1922 2753 2020 2790; x_wconf 92' lang='lat' dir='ltr'>illam</span> <span class='ocrx_word' id='word_1_724' title='bbox 2035 2756 2148 2788; x_wconf 88' lang='lat' dir='ltr'>artem</span> <span class='ocrx_word' id='word_1_725' title='bbox 2163 2745 2362 2786; x_wconf 79' lang='lat' dir='ltr'>exercebat,</span> <span class='ocrx_word' id='word_1_726' title='bbox 2373 2750 2412 2777; x_wconf 85' lang='lat' dir='ltr'>ac</span> <span class='ocrx_word' id='word_1_727' title='bbox 2421 2738 2550 2775; x_wconf 85' lang='lat' dir='ltr'>dextcrl-</span> 
     </span>
    </p>
   </div>
   <div class='ocr_carea' id='block_1_102' title="bbox 1513 2803 2548 2864">
    <p class='ocr_par' dir='ltr' id='par_1_102' title="bbox 1513 2803 2548 2864">
     <span class='ocr_line' id='line_1_102' title="bbox 1513 2803 2548 2864; baseline -0.026 -6"><span class='ocrx_word' id='word_1_728' title='bbox 1513 2827 1585 2858; x_wconf 88' lang='lat' dir='ltr'>tate</span> <span class='ocrx_word' id='word_1_729' title='bbox 1601 2826 1638 2857; x_wconf 90' lang='lat' dir='ltr'>et</span> <span class='ocrx_word' id='word_1_730' title='bbox 1651 2819 1862 2862; x_wconf 88' lang='lat' dir='ltr'>sedulitate,</span> <span class='ocrx_word' id='word_1_731' title='bbox 1891 2816 2006 2864; x_wconf 89' lang='lat' dir='ltr'>inquit</span> <span class='ocrx_word' id='word_1_732' title='bbox 2025 2815 2247 2852; x_wconf 86' lang='lat' dir='ltr'>Sozomenus</span> <span class='ocrx_word' id='word_1_733' title='bbox 2262 2837 2271 2853; x_wconf 97' lang='lat'>,</span> <span class='ocrx_word' id='word_1_734' title='bbox 2289 2816 2370 2854; x_wconf 79' lang='lat' dir='ltr'>erga</span> <span class='ocrx_word' id='word_1_735' title='bbox 2389 2807 2500 2864; x_wconf 81' lang='lat' dir='ltr'>omnes</span> <span class='ocrx_word' id='word_1_736' title='bbox 2515 2803 2548 2830; x_wconf 79' lang='lat' dir='ltr'>cx</span> 
     </span>
    </p>
   </div>
   <div class='ocr_carea' id='block_1_103' title="bbox 1511 2863 2551 2932">
    <p class='ocr_par' dir='ltr' id='par_1_103' title="bbox 1511 2863 2551 2932">
     <span class='ocr_line' id='line_1_103' title="bbox 1511 2863 2551 2932; baseline -0.023 -11"><span class='ocrx_word' id='word_1_737' title='bbox 1511 2893 1630 2932; x_wconf 75' lang='lat' dir='ltr'>aequo,</span> <span class='ocrx_word' id='word_1_738' title='bbox 1655 2888 1726 2918; x_wconf 88' lang='lat' dir='ltr'>tam</span> <span class='ocrx_word' id='word_1_739' title='bbox 1742 2889 1919 2928; x_wconf 88' lang='lat' dir='ltr'>pauperes</span> <span class='ocrx_word' id='word_1_740' title='bbox 1937 2887 2044 2926; x_wconf 90' lang='lat' dir='ltr'>quam</span> <span class='ocrx_word' id='word_1_741' title='bbox 2064 2875 2208 2918; x_wconf 83' lang='lat' dir='ltr'>divites,</span> <span class='ocrx_word' id='word_1_742' title='bbox 2231 2870 2402 2908; x_wconf 89' lang='lat' dir='ltr'>utebatur.</span> <span class='ocrx_word' id='word_1_743' title='bbox 2421 2863 2551 2932; x_wconf 67' lang='lat' dir='ltr'>Joannth</span> 
     </span>
    </p>
   </div>
   <div class='ocr_carea' id='block_1_104' title="bbox 1515 2921 2550 2989">
    <p class='ocr_par' dir='ltr' id='par_1_104' title="bbox 1515 2921 2550 2989">
     <span class='ocr_line' id='line_1_104' title="bbox 1515 2921 2550 2989; baseline -0.026 -7"><span class='ocrx_word' id='word_1_744' title='bbox 1515 2956 1601 2982; x_wconf 89' lang='lat' dir='ltr'>vero</span> <span class='ocrx_word' id='word_1_745' title='bbox 1622 2944 1724 2980; x_wconf 91' lang='lat' dir='ltr'>illum</span> <span class='ocrx_word' id='word_1_746' title='bbox 1754 2941 1948 2989; x_wconf 88' lang='lat' dir='ltr'>deposuit,</span> <span class='ocrx_word' id='word_1_747' title='bbox 1983 2945 2019 2976; x_wconf 83' lang='lat' dir='ltr'>et</span> <span class='ocrx_word' id='word_1_748' title='bbox 2045 2939 2082 2976; x_wconf 91' lang='lat' dir='ltr'>in</span> <span class='ocrx_word' id='word_1_749' title='bbox 2107 2937 2226 2974; x_wconf 89' lang='lat' dir='ltr'>locum</span> <span class='ocrx_word' id='word_1_750' title='bbox 2243 2933 2320 2980; x_wconf 85' lang='lat' dir='ltr'>ejus</span> <span class='ocrx_word' id='word_1_751' title='bbox 2341 2921 2550 2989; x_wconf 74' lang='lat' dir='ltr'>Pansopbitnn</span> 
     </span>
    </p>
   </div>
   <div class='ocr_carea' id='block_1_105' title="bbox 1513 2979 2553 3048">
    <p class='ocr_par' dir='ltr' id='par_1_105' title="bbox 1513 2979 2553 3048">
     <span class='ocr_line' id='line_1_105' title="bbox 1513 2979 2553 3048; baseline -0.023 -4"><span class='ocrx_word' id='word_1_752' title='bbox 1513 3006 1706 3044; x_wconf 88' lang='lat' dir='ltr'>ordinavit.</span> <span class='ocrx_word' id='word_1_753' title='bbox 1723 3004 1810 3048; x_wconf 68' lang='lat' dir='ltr'>Qua:</span> <span class='ocrx_word' id='word_1_754' title='bbox 1825 3013 1884 3040; x_wconf 91' lang='lat' dir='ltr'>res</span> <span class='ocrx_word' id='word_1_755' title='bbox 1901 2997 2235 3038; x_wconf 85' lang='lat' dir='ltr'>Nicomediensibus</span> <span class='ocrx_word' id='word_1_756' title='bbox 2251 2991 2434 3031; x_wconf 87' lang='lat' dir='ltr'>admodum</span> <span class='ocrx_word' id='word_1_757' title='bbox 2453 2979 2553 3027; x_wconf 60' lang='lat' dir='ltr'>distill-</span> 
     </span>
    </p>
   </div>
   <div class='ocr_carea' id='block_1_106' title="bbox 1514 3047 2574 3113">
    <p class='ocr_par' dir='ltr' id='par_1_106' title="bbox 1514 3047 2574 3113">
     <span class='ocr_line' id='line_1_106' title="bbox 1514 3047 2574 3113; baseline -0.032 -7"><span class='ocrx_word' id='word_1_758' title='bbox 1514 3069 1602 3113; x_wconf 92' lang='lat' dir='ltr'>cuit,</span> <span class='ocrx_word' id='word_1_759' title='bbox 1625 3077 1692 3104; x_wconf 90' lang='lat' dir='ltr'>nec</span> <span class='ocrx_word' id='word_1_760' title='bbox 1709 3075 1814 3102; x_wconf 87' lang='lat' dir='ltr'>secus</span> <span class='ocrx_word' id='word_1_761' title='bbox 1835 3073 1942 3111; x_wconf 90' lang='lat' dir='ltr'>quam</span> <span class='ocrx_word' id='word_1_762' title='bbox 1967 3063 2002 3098; x_wconf 91' lang='lat' dir='ltr'>in</span> <span class='ocrx_word' id='word_1_763' title='bbox 2023 3059 2240 3099; x_wconf 85' lang='lat' dir='ltr'>calamitate,</span> <span class='ocrx_word' id='word_1_764' title='bbox 2267 3059 2328 3091; x_wconf 84' lang='lat' dir='ltr'>aut</span> <span class='ocrx_word' id='word_1_765' title='bbox 2349 3058 2444 3087; x_wconf 80' lang='lat' dir='ltr'>teme</span> <span class='ocrx_word' id='word_1_766' title='bbox 2461 3047 2574 3108; x_wconf 45' lang='lat' dir='ltr'>manu.</span> 
     </span>
    </p>
   </div>
   <div class='ocr_carea' id='block_1_107' title="bbox 1513 3108 2554 3174">
    <p class='ocr_par' dir='ltr' id='par_1_107' title="bbox 1513 3108 2554 3174">
     <span class='ocr_line' id='line_1_107' title="bbox 1513 3108 2554 3174; baseline -0.029 -6"><span class='ocrx_word' id='word_1_767' title='bbox 1513 3131 1572 3168; x_wconf 88' lang='lat' dir='ltr'>vel</span> <span class='ocrx_word' id='word_1_768' title='bbox 1589 3108 1764 3172; x_wconf 82' lang='lat' dir='ltr'>siccitate,</span> <span class='ocrx_word' id='word_1_769' title='bbox 1785 3108 2000 3174; x_wconf 40' lang='lat' dir='ltr'>per—plateas</span> <span class='ocrx_word' id='word_1_770' title='bbox 2021 3120 2174 3159; x_wconf 88' lang='lat' dir='ltr'>civitatis</span> <span class='ocrx_word' id='word_1_771' title='bbox 2193 3127 2267 3154; x_wconf 77' lang='lat' dir='ltr'>sua:</span> <span class='ocrx_word' id='word_1_772' title='bbox 2285 3119 2320 3150; x_wconf 91' lang='lat' dir='ltr'>et</span> <span class='ocrx_word' id='word_1_773' title='bbox 2334 3108 2554 3174; x_wconf 56' lang='lat' dir='ltr'>Constanbll&quot;:</span> 
     </span>
    </p>
   </div>
   <div class='ocr_carea' id='block_1_108' title="bbox 1516 3165 2556 3242">
    <p class='ocr_par' dir='ltr' id='par_1_108' title="bbox 1516 3165 2556 3242">
     <span class='ocr_line' id='line_1_108' title="bbox 1516 3165 2556 3242; baseline -0.014 -11"><span class='ocrx_word' id='word_1_774' title='bbox 1516 3194 1589 3242; x_wconf 90' lang='lat' dir='ltr'>poli</span> <span class='ocrx_word' id='word_1_775' title='bbox 1609 3165 1878 3230; x_wconf 73' lang='lat' dir='ltr'>circumeuntes</span> <span class='ocrx_word' id='word_1_776' title='bbox 1909 3185 2133 3233; x_wconf 86' lang='lat' dir='ltr'>psallebant,</span> <span class='ocrx_word' id='word_1_777' title='bbox 2166 3182 2310 3226; x_wconf 90' lang='lat' dir='ltr'>Deoquc</span> <span class='ocrx_word' id='word_1_778' title='bbox 2339 3165 2556 3242; x_wconf 53' lang='grc' dir='ltr'>εΡΡΡῙῖίξξΨῗῗί</span> 
     </span>
    </p>
   </div>
   <div class='ocr_carea' id='block_1_109' title="bbox 1517 3223 2557 3299">
    <p class='ocr_par' dir='ltr' id='par_1_109' title="bbox 1517 3223 2557 3299">
     <span class='ocr_line' id='line_1_109' title="bbox 1517 3223 2557 3299; baseline -0.029 -6"><span class='ocrx_word' id='word_1_779' title='bbox 1517 3223 1556 3294; x_wconf 57' lang='lat' dir='ltr'>bl</span> <span class='ocrx_word' id='word_1_780' title='bbox 1573 3256 1673 3292; x_wconf 85' lang='lat' dir='ltr'>illum</span> <span class='ocrx_word' id='word_1_781' title='bbox 1691 3253 1900 3299; x_wconf 88' lang='lat' dir='ltr'>episcopum</span> <span class='ocrx_word' id='word_1_782' title='bbox 1917 3248 2107 3284; x_wconf 85' lang='lat' dir='ltr'>baberent.</span> <span class='ocrx_word' id='word_1_783' title='bbox 2135 3243 2221 3280; x_wconf 76' lang='lat' dir='ltr'>Haec</span> <span class='ocrx_word' id='word_1_784' title='bbox 2244 3248 2330 3276; x_wconf 89' lang='lat' dir='ltr'>vero</span> <span class='ocrx_word' id='word_1_785' title='bbox 2345 3223 2557 3299; x_wconf 50' lang='lat' dir='ltr'>Gerontiirdf-</span> 
     </span>
    </p>
   </div>
   <div class='ocr_carea' id='block_1_110' title="bbox 1518 3286 2554 3366">
    <p class='ocr_par' dir='ltr' id='par_1_110' title="bbox 1518 3286 2554 3366">
     <span class='ocr_line' id='line_1_110' title="bbox 1518 3286 2554 3366; baseline -0.02 -11"><span class='ocrx_word' id='word_1_786' title='bbox 1518 3317 1648 3366; x_wconf 87' lang='lat' dir='ltr'>positio</span> <span class='ocrx_word' id='word_1_787' title='bbox 1674 3286 1742 3351; x_wconf 74' lang='lat' dir='ltr'>sui)</span> <span class='ocrx_word' id='word_1_788' title='bbox 1775 3313 1854 3348; x_wconf 70' lang='lat' dir='ltr'>bzee</span> <span class='ocrx_word' id='word_1_789' title='bbox 1883 3309 2015 3347; x_wconf 79' lang='lat' dir='ltr'>Joanni</span> <span class='ocrx_word' id='word_1_790' title='bbox 2042 3307 2302 3354; x_wconf 84' lang='lat' dir='ltr'>Cbrysostomo</span> <span class='ocrx_word' id='word_1_791' title='bbox 2331 3296 2470 3366; x_wconf 48' lang='lat' dir='ltr'>objeCm‘</span> 
     </span>
    </p>
   </div>
   <div class='ocr_carea' id='block_1_111' title="bbox 1517 3349 2558 3428">
    <p class='ocr_par' dir='ltr' id='par_1_111' title="bbox 1517 3349 2558 3428">
     <span class='ocr_line' id='line_1_111' title="bbox 1517 3349 2558 3428; baseline -0.002 -13"><span class='ocrx_word' id='word_1_792' title='bbox 1517 3349 1662 3428; x_wconf 54' lang='lat' dir='ltr'>iluando</span> <span class='ocrx_word' id='word_1_793' title='bbox 1681 3377 1742 3413; x_wconf 90' lang='lat' dir='ltr'>illa</span> <span class='ocrx_word' id='word_1_794' title='bbox 1766 3380 1864 3411; x_wconf 83' lang='lat' dir='ltr'>tanta</span> <span class='ocrx_word' id='word_1_795' title='bbox 1884 3371 2058 3408; x_wconf 85' lang='lat' dir='ltr'>adversus</span> <span class='ocrx_word' id='word_1_796' title='bbox 2083 3369 2200 3416; x_wconf 91' lang='lat' dir='ltr'>ipsum</span> <span class='ocrx_word' id='word_1_797' title='bbox 2221 3365 2408 3409; x_wconf 59' lang='lat' dir='ltr'>lemPcS!‘Is</span> 
     </span>
    </p>
   </div>
   <div class='ocr_carea' id='block_1_112' title="bbox 1519 3411 2559 3492">
    <p class='ocr_par' dir='ltr' id='par_1_112' title="bbox 1519 3411 2559 3492">
     <span class='ocr_line' id='line_1_112' title="bbox 1519 3411 2559 3492; baseline -0.014 -15"><span class='ocrx_word' id='word_1_798' title='bbox 1519 3411 1638 3492; x_wconf 51' lang='lat' dir='ltr'>(Socr.</span> <span class='ocrx_word' id='word_1_799' title='bbox 1661 3439 1688 3476; x_wconf 84' lang='grc' dir='ltr'>ι.</span> <span class='ocrx_word' id='word_1_800' title='bbox 1709 3437 1745 3474; x_wconf 91' lang='grc'>6.</span> <span class='ocrx_word' id='word_1_801' title='bbox 1761 3448 1792 3472; x_wconf 86' lang='lat' dir='ltr'>c.</span> <span class='ocrx_word' id='word_1_802' title='bbox 1813 3436 1872 3472; x_wconf 78' lang='lat' dir='ltr'>ll.</span> <span class='ocrx_word' id='word_1_803' title='bbox 1893 3440 1924 3470; x_wconf 87' lang='lat' dir='ltr'>et</span> <span class='ocrx_word' id='word_1_804' title='bbox 1946 3432 2021 3478; x_wconf 80' lang='lat' dir='ltr'>l9).</span> <span class='ocrx_word' id='word_1_805' title='bbox 2052 3411 2261 3468; x_wconf 77' lang='lat' dir='ltr'>Novatianis</span> <span class='ocrx_word' id='word_1_806' title='bbox 2285 3429 2398 3492; x_wconf 67' lang='lat' dir='ltr'>autem</span> <span class='ocrx_word' id='word_1_807' title='bbox 2413 3411 2559 3492; x_wconf 49' lang='lat' dir='ltr'>“ET:</span> 
     </span>
    </p>
   </div>
   <div class='ocr_carea' id='block_1_113' title="bbox 1519 3472 2557 3544">
    <p class='ocr_par' dir='ltr' id='par_1_113' title="bbox 1519 3472 2557 3544">
     <span class='ocr_line' id='line_1_113' title="bbox 1519 3472 2557 3544; baseline -0.03 -3"><span class='ocrx_word' id='word_1_808' title='bbox 1519 3472 1757 3541; x_wconf 61' lang='lat' dir='ltr'>iodecimanis</span> <span class='ocrx_word' id='word_1_809' title='bbox 1773 3497 1926 3544; x_wconf 87' lang='lat' dir='ltr'>aliisque</span> <span class='ocrx_word' id='word_1_810' title='bbox 1935 3492 2116 3530; x_wconf 72' lang='lat' dir='ltr'>hmrcticis</span> <span class='ocrx_word' id='word_1_811' title='bbox 2127 3489 2257 3526; x_wconf 88' lang='lat' dir='ltr'>multas</span> <span class='ocrx_word' id='word_1_812' title='bbox 2265 3472 2557 3544; x_wconf 76' lang='lat' dir='ltr'>ecclesias</span> 
     </span>
    </p>
   </div>
   <div class='ocr_carea' id='block_1_114' title="bbox 1520 3531 2561 3612">
    <p class='ocr_par' dir='ltr' id='par_1_114' title="bbox 1520 3531 2561 3612">
     <span class='ocr_line' id='line_1_114' title="bbox 1520 3531 2561 3612; baseline -0.027 -9"><span class='ocrx_word' id='word_1_813' title='bbox 1520 3567 1640 3612; x_wconf 89' lang='lat' dir='ltr'>Atque</span> <span class='ocrx_word' id='word_1_814' title='bbox 1658 3561 1790 3609; x_wconf 87' lang='lat' dir='ltr'>Ephesi</span> <span class='ocrx_word' id='word_1_815' title='bbox 1806 3531 1887 3597; x_wconf 79' lang='lat' dir='ltr'>cum</span> <span class='ocrx_word' id='word_1_816' title='bbox 1905 3562 2014 3601; x_wconf 90' lang='lat' dir='ltr'>esset,</span> <span class='ocrx_word' id='word_1_817' title='bbox 2037 3553 2151 3600; x_wconf 88' lang='lat' dir='ltr'>inquit</span> <span class='ocrx_word' id='word_1_818' title='bbox 2169 3548 2330 3588; x_wconf 88' lang='lat' dir='ltr'>Proclus,</span> <span class='ocrx_word' id='word_1_819' title='bbox 2351 3539 2447 3580; x_wconf 64' lang='lat' dir='ltr'>Midae</span> <span class='ocrx_word' id='word_1_820' title='bbox 2464 3531 2561 3612; x_wconf 40' lang='lat' dir='ltr'>cui“?</span> 
     </span>
    </p>
   </div>
   <div class='ocr_carea' id='block_1_115' title="bbox 1521 3599 2560 3666">
    <p class='ocr_par' dir='ltr' id='par_1_115' title="bbox 1521 3599 2560 3666">
     <span class='ocr_line' id='line_1_115' title="bbox 1521 3599 2560 3666; baseline -0.011 -2"><span class='ocrx_word' id='word_1_821' title='bbox 1521 3599 1700 3664; x_wconf 53' lang='lat' dir='ltr'>arcanum</span> <span class='ocrx_word' id='word_1_822' title='bbox 1723 3632 1832 3660; x_wconf 90' lang='lat' dir='ltr'>omne</span> <span class='ocrx_word' id='word_1_823' title='bbox 1857 3619 2014 3662; x_wconf 84' lang='lat' dir='ltr'>detexit;</span> <span class='ocrx_word' id='word_1_824' title='bbox 2041 3621 2077 3653; x_wconf 93' lang='lat' dir='ltr'>et</span> <span class='ocrx_word' id='word_1_825' title='bbox 2096 3624 2176 3652; x_wconf 92' lang='lat' dir='ltr'>cum</span> <span class='ocrx_word' id='word_1_826' title='bbox 2195 3612 2232 3648; x_wconf 91' lang='lat' dir='ltr'>in</span> <span class='ocrx_word' id='word_1_827' title='bbox 2255 3599 2560 3666; x_wconf 29' lang='lat' dir='ltr'>Phrygiﬂ&#39;ﬂ‘veiif:</span> 
     </span>
    </p>
   </div>
   <div class='ocr_carea' id='block_1_116' title="bbox 1523 3657 2562 3733">
    <p class='ocr_par' dir='ltr' id='par_1_116' title="bbox 1523 3657 2562 3733">
     <span class='ocr_line' id='line_1_116' title="bbox 1523 3657 2562 3733; baseline -0.032 -7"><span class='ocrx_word' id='word_1_828' title='bbox 1895 3657 2041 3728; x_wconf 72' lang='lat' dir='ltr'>Cybelae</span> <span class='ocrx_word' id='word_1_829' title='bbox 2061 3675 2154 3713; x_wconf 80' lang='lat' dir='ltr'>filios</span> <span class='ocrx_word' id='word_1_830' title='bbox 2172 3679 2299 3710; x_wconf 86' lang='lat' dir='ltr'>omnes</span> <span class='ocrx_word' id='word_1_831' title='bbox 2317 3659 2477 3702; x_wconf 76' lang='lat' dir='ltr'>abstulit,</span> <span class='ocrx_word' id='word_1_832' title='bbox 2495 3657 2562 3688; x_wconf 65' lang='lat' dir='ltr'>cui“</span> 
     </span>
    </p>
   </div>
   <div class='ocr_carea' id='block_1_117' title="bbox 1523 3741 2560 3794">
    <p class='ocr_par' dir='ltr' id='par_1_117' title="bbox 1523 3741 2560 3794">
     <span class='ocr_line' id='line_1_117' title="bbox 1523 3741 2560 3794; baseline -0.004 -8"><span class='ocrx_word' id='word_1_833' title='bbox 1523 3759 1649 3786; x_wconf 89' lang='lat' dir='ltr'>eorum</span> <span class='ocrx_word' id='word_1_834' title='bbox 1669 3747 1800 3794; x_wconf 88' lang='lat' dir='ltr'>templa</span> <span class='ocrx_word' id='word_1_835' title='bbox 1820 3741 2012 3781; x_wconf 82' lang='lat' dir='ltr'>destruxit.</span> <span class='ocrx_word' id='word_1_836' title='bbox 2371 3789 2392 3794; x_wconf 84' lang='lat'>_</span> <span class='ocrx_word' id='word_1_837' title='bbox 2487 3771 2560 3794; x_wconf 52' lang='lat' dir='ltr'>&quot;mi</span> 
     </span>
    </p>
   </div>
   <div class='ocr_carea' id='block_1_118' title="bbox 1573 3777 2566 3857">
    <p class='ocr_par' dir='ltr' id='par_1_118' title="bbox 1573 3777 2566 3857">
     <span class='ocr_line' id='line_1_118' title="bbox 1573 3777 2566 3857; baseline -0.004 -7"><span class='ocrx_word' id='word_1_838' title='bbox 1573 3777 1764 3851; x_wconf 60' lang='lat' dir='ltr'>lieversusr</span> <span class='ocrx_word' id='word_1_839' title='bbox 1782 3777 2062 3857; x_wconf 83' lang='lat' dir='ltr'>Cbrysostomus</span> <span class='ocrx_word' id='word_1_840' title='bbox 2083 3802 2166 3850; x_wconf 83' lang='lat' dir='ltr'>(Jo.</span> <span class='ocrx_word' id='word_1_841' title='bbox 2183 3799 2305 3844; x_wconf 69' lang='lat' dir='ltr'>Ch&#39;y&quot;</span> <span class='ocrx_word' id='word_1_842' title='bbox 2327 3789 2405 3857; x_wconf 64' lang='lat'>&quot;_5‘</span> <span class='ocrx_word' id='word_1_843' title='bbox 2440 3795 2477 3857; x_wconf 37' lang='grc' dir='ltr'>ᾗ</span> 
     </span>
    </p>
   </div>
   <div class='ocr_carea' id='block_1_119' title="bbox 1525 3836 2568 3920">
    <p class='ocr_par' dir='ltr' id='par_1_119' title="bbox 1525 3836 2568 3920">
     <span class='ocr_line' id='line_1_119' title="bbox 1573 3836 2268 3851; baseline -0.026 1"><span class='ocrx_word' id='word_1_844' title='bbox 1573 3836 1756 3851; x_wconf 68' lang='grc' dir='ltr'>Ιίΰῐυιῦυο</span> <span class='ocrx_word' id='word_1_845' title='bbox 1783 3836 1847 3848; x_wconf 74' lang='lat' dir='ltr'>vn-</span> <span class='ocrx_word' id='word_1_846' title='bbox 1881 3836 2060 3844; x_wconf 55' lang='lat' dir='ltr'>uvu.v...-.-</span> <span class='ocrx_word' id='word_1_847' title='bbox 2085 3836 2119 3850; x_wconf 38' lang='grc' dir='ltr'>Χ,</span> <span class='ocrx_word' id='word_1_848' title='bbox 2136 3836 2165 3838; x_wconf 52' lang='grc' dir='ltr'>ν-</span> <span class='ocrx_word' id='word_1_849' title='bbox 2252 3836 2268 3844; x_wconf 57' lang='grc' dir='ltr'><strong><em>ν</em></strong></span> 
     </span>
     <span class='ocr_line' id='line_1_120' title="bbox 1525 3836 2568 3920; baseline -0.03 -8"><span class='ocrx_word' id='word_1_850' title='bbox 1525 3885 1570 3912; x_wconf 89' lang='lat' dir='ltr'>ex</span> <span class='ocrx_word' id='word_1_851' title='bbox 1592 3875 1676 3911; x_wconf 86' lang='lat' dir='ltr'>Asia</span> <span class='ocrx_word' id='word_1_852' title='bbox 1704 3873 1808 3920; x_wconf 84' lang='lat' dir='ltr'>quasi</span> <span class='ocrx_word' id='word_1_853' title='bbox 1827 3836 1874 3908; x_wconf 57' lang='lat' dir='ltr'>ex</span> <span class='ocrx_word' id='word_1_854' title='bbox 1892 3870 1998 3916; x_wconf 82' lang='lat' dir='ltr'>longa</span> <span class='ocrx_word' id='word_1_855' title='bbox 2029 3859 2336 3913; x_wconf 86' lang='lat' dir='ltr'>peregrinatione,</span> <span class='ocrx_word' id='word_1_856' title='bbox 2357 3851 2479 3918; x_wconf 57' lang='lat' dir='ltr'>inqua</span> <span class='ocrx_word' id='word_1_857' title='bbox 2502 3836 2568 3920; x_wconf 42' lang='lat' dir='ltr'>vi“:</span> 
     </span>
    </p>
   </div>
   <div class='ocr_carea' id='block_1_120' title="bbox 1526 3901 2568 3986">
    <p class='ocr_par' dir='ltr' id='par_1_120' title="bbox 1526 3901 2568 3986">
     <span class='ocr_line' id='line_1_121' title="bbox 1526 3901 2568 3920; baseline -0.019 3"><span class='ocrx_word' id='word_1_858' title='bbox 1526 3901 1570 3912; x_wconf 75' lang='grc' dir='ltr'>ν⁴⁵</span> <span class='ocrx_word' id='word_1_859' title='bbox 1592 3901 1676 3911; x_wconf 63' lang='grc' dir='ltr'>ηδ’-*-</span> <span class='ocrx_word' id='word_1_860' title='bbox 1704 3901 1808 3920; x_wconf 62' lang='grc' dir='ltr'>ιιι-ἠ-</span> <span class='ocrx_word' id='word_1_861' title='bbox 1829 3901 1874 3908; x_wconf 81' lang='grc' dir='ltr'>ν-</span> <span class='ocrx_word' id='word_1_862' title='bbox 1893 3901 1998 3916; x_wconf 57' lang='lat' dir='ltr'>&quot;mir</span> <span class='ocrx_word' id='word_1_863' title='bbox 2031 3901 2068 3913; x_wconf 51' lang='lat' dir='ltr'>I’</span> <span class='ocrx_word' id='word_1_864' title='bbox 2116 3901 2136 3910; x_wconf 85' lang='grc' dir='ltr'><em>υ</em></span> <span class='ocrx_word' id='word_1_865' title='bbox 2402 3911 2409 3918; x_wconf 79' lang='lat'><em>_</em></span> <span class='ocrx_word' id='word_1_866' title='bbox 2560 3912 2568 3918; x_wconf 47' lang='lat' dir='ltr'><strong>I</strong></span> 
     </span>
     <span class='ocr_line' id='line_1_122' title="bbox 1526 3901 2559 3986; baseline -0.036 -10"><span class='ocrx_word' id='word_1_867' title='bbox 1526 3947 1632 3986; x_wconf 86' lang='lat' dir='ltr'>quam</span> <span class='ocrx_word' id='word_1_868' title='bbox 1643 3943 1786 3974; x_wconf 87' lang='lat' dir='ltr'>centum</span> <span class='ocrx_word' id='word_1_869' title='bbox 1800 3934 1876 3971; x_wconf 89' lang='lat' dir='ltr'>dies</span> <span class='ocrx_word' id='word_1_870' title='bbox 1886 3918 2313 3978; x_wconf 83' lang='lat' dir='ltr'>insumpserat,postridie</span> <span class='ocrx_word' id='word_1_871' title='bbox 2323 3913 2508 3952; x_wconf 74' lang='lat' dir='ltr'>orationem</span> <span class='ocrx_word' id='word_1_872' title='bbox 2521 3901 2559 3934; x_wconf 74' lang='grc' dir='ltr'>ιιλ</span> 
     </span>
    </p>
   </div>
  </div>
