2694 4342
186 232 249 271 185
951 238 1073 276 NUNC
1101 240 1234 278 PRlMl

1309 242 1572 282 ADORNATA.
1610 261 1629 273 κ
2329 244 2393 282 136

185 313 257 349 buit
273 311 314 348 ad
335 313 498 360 populum
517 324 636 359 suum,
655 325 760 362 quem
779 316 928 353 summis
947 317 1112 353 laudibus
1129 319 1246 354 extol-

187 373 224 410 iit
246 373 336 420 quod
356 384 434 410 cum
457 381 554 412 tanto
577 375 706 423 gaudio
735 376 835 413 illum
857 377 1066 414 redeuntem
1086 387 1243 424 excepe-

186 437 266 481 rint,
285 435 376 483 quod
391 437 569 474 civitatem
589 443 698 475 totam
717 439 751 475 itt
770 438 960 476 ecclesiam
981 441 1239 481 converterint,

185 497 274 544 quod
289 507 366 534 cum
383 498 558 536 haereticis
575 499 754 536 colluctati
769 501 854 537 sint.
872 501 1051 548 Nusquam
1065 511 1150 538 vero
1165 507 1244 538 tan-

185 565 253 595 tum
273 559 388 606 gaudii
407 560 590 604 exhibuit,
611 567 782 607 quantum
811 562 846 598 in
867 561 934 598 hac
959 562 1134 599 concione
1148 588 1160 605 ,
1181 562 1241 598 ubi

181 626 274 657 certe
291 619 346 658 vel
371 622 486 668 primo
505 621 635 658 intuitu
653 623 870 671 percipitur,
889 633 959 660 non
979 624 1118 661 minore
1138 623 1240 660 illum

181 683 354 720 desiderio
370 683 415 720 ad
437 684 574 730 plebem
594 685 798 721 revertendi
826 690 968 732 captum
989 686 1112 730 fuisse,
1131 696 1238 732 quam

181 755 188 789 ι
202 743 327 789 opulus
343 751 436 780 totus
451 745 602 792 pastoris
616 745 669 782 sui
687 744 850 784 absentis
865 746 1059 794 recipiendi
1073 747 1239 794 cupidine

180 805 373 843 tenebatur.

223 867 419 914 Regressus
439 880 524 907 vero
553 869 790 918 deprehendit
817 872 1053 910 Severianum
1083 873 1236 911 Gabalo-

178 939 254 965 rttm
283 931 504 978 episcopum,
527 933 584 969 cui
612 934 646 970 in
665 934 884 981 profectione
897 946 960 973 sua
978 947 1122 984 gregem
1134 947 1236 973 suum

177 991 510 1037 commendaverat,
537 994 623 1030 nihil
654 1005 724 1032 non
753 996 870 1043 egisse
901 1004 937 1033 ut
967 998 1160 1044 populum,
1180 999 1238 1035 cui

176 1063 270 1098 sepe
285 1053 573 1100 concionabatur,
588 1056 653 1094 sibi
669 1059 884 1103 conciliaret,
899 1066 934 1096 et
951 1070 968 1095 a
982 1060 1236 1108 Chrysostomo

177 1122 374 1156 averteret:
396 1123 524 1164 atque,
549 1125 587 1156 ut
615 1121 822 1166 putabatur.
847 1127 884 1158 ut
911 1122 1008 1158 illum
1029 1133 1048 1160 a
1069 1133 1131 1159 Sua
1151 1124 1236 1160 sede

177 1175 392 1221 deturbaret,
414 1189 524 1226 seque
543 1182 576 1218 in
597 1182 673 1232 eius
694 1184 810 1219 locutn
829 1184 1074 1228 substitueret,
1091 1185 1236 1232 jamque

178 1248 195 1274 a
220 1237 414 1286 Serapione
444 1241 594 1278 diacono
633 1245 788 1282 menitus
821 1245 1124 1294 Chrysostomus,
1152 1247 1234 1283 dum

177 1299 302 1336 absens
313 1307 420 1346 esset,
433 1309 514 1348 post
527 1304 677 1341 reditum
693 1317 768 1342 rem
783 1308 983 1345 neeuratius
997 1310 1234 1353 examinavit;

176 1370 217 1396 ac
227 1371 345 1398 veram
358 1372 438 1400 esse
457 1366 634 1412 cognovit.
655 1367 738 1403 Erat
751 1373 869 1404 autem
881 1368 1095 1408 Severianus
1106 1382 1236 1418 genere

177 1421 285 1469 Syrus
298 1451 308 1467 ,
328 1424 541 1471 eloquentia:
567 1427 714 1464 studens
728 1457 737 1473 ,
759 1429 861 1475 cujus
883 1430 1047 1468 homilias
1064 1434 1234 1480 quasdam

176 1481 358 1527 habemus,
368 1495 518 1532 quarum
529 1488 641 1536 stylus
651 1489 782 1537 aliquid
795 1492 1008 1530 inventionis
1019 1504 1092 1540 [περ
1104 1504 1142 1532 se
1155 1496 1234 1540 fert,

176 1544 238 1581 sed
249 1546 422 1592 strigosus
441 1556 474 1584 et
491 1559 596 1595 astter
610 1557 664 1588 est
679 1563 689 1594 ;
710 1553 755 1589 ita
766 1561 804 1590 ut
821 1555 1059 1601 eloquentiam
1073 1557 1149 1601 ejus
1167 1557 1239 1594 fer-

176 1617 272 1643 ream
293 1615 396 1645 vocet
415 1609 580 1648 Savilius.
601 1612 631 1650 is
652 1614 769 1662 itaque
789 1623 824 1653 et
842 1618 934 1654 alius
949 1620 1138 1666 ορὶεεομυε
1156 1620 1239 1656 Ρω-

176 1666 362 1714 letnaidis,
385 1671 579 1710 Antiochus
610 1677 776 1720 nomine,
797 1679 854 1724 qui
885 1679 1100 1726 eloquentia:
1129 1684 1234 1718 etiatn

173 1729 352 1775 studebat,
374 1732 464 1770 inter
484 1736 719 1782 pritnipilares
735 1739 882 1778 Joannis
908 1741 1150 1790 ChrysostOnti
1171 1746 1235 1782 ini-

175 1789 286 1828 micos
309 1793 475 1841 deinceps
489 1799 782 1836 numerabuntur.
804 1789 1020 1841 Severianus
1037 1815 1105 1842 nou
1120 1808 1234 1852 plebis

175 1853 278 1891 modo
289 1855 692 1906 Constantinopolitanae
708 1863 872 1902 affectum
893 1874 928 1902 et
947 1867 1230 1906 benevolentiam

175 1914 239 1952 sibi
256 1923 398 1963 captare
415 1921 603 1967 studebat,
627 1923 688 1960 sed
717 1926 822 1962 etiam
843 1926 876 1962 in
895 1927 1123 1974 lmperatoria
1150 1932 1232 1968 anla

174 1975 238 2012 sibi
257 1977 422 2016 Eudoxize
438 1982 767 2031 Augustmgratiant
781 1989 1046 2034 conciliaverat,
1065 1993 1233 2030 ambitio-

175 2037 226 2073 nis
240 2039 355 2076 studio
373 2049 566 2088 permotus.
587 2045 686 2082 Ca-ca
703 2048 795 2084 enim
815 2056 850 2086 et
867 2054 1052 2089 temeraria
1071 2054 1234 2091 domina-

177 2099 258 2136 Irice
273 2103 381 2139 animi
400 2106 592 2152 cupiditate
613 2109 812 2146 stimulatus
833 2113 968 2149 nullum
992 2113 1142 2160 lapidem
1162 2128 1232 2154 non

175 2170 341 2200 tttoverat.

218 2225 319 2262 Aliud
330 2226 374 2264 de
390 2227 586 2268 Severiano
601 2232 708 2268 refert
721 2233 884 2272 Socrates
897 2235 1016 2284 (Socr.
1033 2239 1058 2276 Ι.
1075 2239 1110 2276 6.
1126 2251 1157 2277 c.
1177 2241 1232 2276 11.

176 2285 306 2322 Sozam.
323 2289 349 2324 ι.
369 2289 404 2326 8.
423 2301 454 2326 c.
476 2290 559 2338 10),
577 2294 672 2339 quod
691 2305 820 2342 nempe
837 2297 986 2344 Serapio
999 2326 1009 2343 ,
1025 2300 1070 2336 de
1088 2311 1159 2348 quo
1177 2311 1236 2338 su-

177 2356 246 2392 pra,
261 2361 340 2387 cum
358 2352 499 2390 sederet
517 2355 722 2402 aliquando,
741 2360 937 2396 transeunti
959 2361 1152 2399 Severiano
1169 2364 1234 2400 lto-

175 2419 290 2447 norcm
309 2413 476 2461 episeopo
495 2415 654 2454 debitum
676 2429 746 2456 non
769 2421 990 2467 praestiterit,
1011 2425 1074 2461 sed
1093 2425 1128 2461 in
1149 2427 1236 2463 sede

173 2482 232 2508 sua
246 2478 490 2520 permanserit.
513 2479 587 2524 Qua
609 2491 647 2517 re
666 2489 847 2527 permotus
867 2485 1094 2531 Severianus,
1115 2498 1236 2526 coram

171 2535 332 2572 omnibus
350 2537 437 2574 dixit
457 2551 466 2574 :
488 2539 527 2576 St'
549 2540 694 2590 Serapio
711 2545 876 2581 moriatur
885 2545 1120 2594 Christianus,
1138 2549 1238 2586 Chri-

171 2595 351 2658 stus/como
369 2609 435 2634 non
456 2602 564 2646 factus
583 2610 645 2640 est.
665 2605 739 2643 lloc
752 2605 886 2644 dictum
903 2616 1001 2648 certe
1016 2611 1235 2658 impietatem

170 2655 261 2719 sapit
275 2667 286 2719 ;_
297 2655 448 2719 Serapio
463 2667 581 2699 autem
605 2665 769 2714 maligne,
781 2669 936 2717 demptis
955 2655 1134 2719 prioribus
1154 2686 1235 2712 ver-

171 2715 238 2761 bis,
249 2717 448 2784 affirmabat
463 2723 692 2766 Severianum
706 2730 780 2768 haec
795 2715 987 2780 protulisse
1001 2739 1122 2784 verba,
1136 2739 1235 2776 Citri-

171 2784 238 2816 atua
256 2781 356 2818 homo
375 2785 486 2830 factus
505 2799 572 2824 non
593 2797 642 2826 est
658 2820 668 2836 ,
689 2795 889 2844 multosque
909 2809 982 2836 suae
1001 2781 1165 2838 factionis
1184 2808 1235 2839 tc-

173 2846 242 2877 stes
259 2844 492 2892 producebat,
513 2851 572 2897 qui
591 2851 659 2890 hoe
677 2863 716 2891 se
734 2866 754 2892 a
770 2856 963 2898 Severiano
979 2862 1112 2900 dictum
1132 2866 1234 2902 audi-

175 2903 262 2942 visse
277 2907 511 2956 affirmarent,
533 2913 745 2956 Severianus
765 2931 864 2966 vero,
883 2934 923 2960 se
943 2935 1013 2962 non
1035 2927 1080 2963 ita
1099 2928 1234 2966 dixisse

173 2971 406 3017 asseverabat,
425 2975 488 3012 sed
505 2983 613 3014 lotam
629 2984 857 3030 sententiam,
875 2993 913 3023 ut
929 2999 1035 3035 supra
1049 2990 1229 3029 diximus:

175 3036 246 3103 ante
259 3035 375 3070 tamen
389 3041 424 3072 et
438 3036 512 3083 ipsa
526 3039 632 3087 impia
647 3052 726 3080 cum
741 3053 848 3090 esset,
858 3047 1072 3088 Severianus
1085 3064 1103 3088 a
1119 3053 1233 3103 Chry-

175 3095 323 3153 sost_omo
338 3105 381 3132 ex
409 3098 497 3136 urbe
518 3101 639 3146 pulsus
657 3105 748 3149 fuit,
768 3115 807 3144 ut
824 3109 873 3146 ait
890 3111 1071 3152 Socrates.
1099 3095 1230 3153 Verum

175 3159 213 3184 ex
230 3151 583 3202 Chrysostomidictis
598 3173 694 3212 patet
706 3168 938 3211 Severianum
956 3187 974 3212 a
992 3151 1121 3224 populo

173 3221 294 3290 sumite
309 3221 491 3290 expulsum
512 3224 621 3266 fuisse
639 3229 776 3280 (Chrys.
799 3239 824 3270 t.
843 3237 880 3272 5.
907 3244 974 3278 col.
990 3221 1088 3290 Εὖ).

217 3276 412 3343 Severianus
429 3286 506 3332 ﬁcte
518 3299 593 3326 cum
610 3292 852 3341 Chrysostomo
867 3276 1231 3343 reconciliatum—Sic

172 3341 332 3412 expulsus
356 3344 568 3389 Severianus
592 3353 858 3396 Chalcedonem
877 3365 1139 3412 commigravit.
1164 3369 1230 3406 Ve-

173 3409 242 3472 rum
252 3403 406 3472 ξξιᾱφχίᾳ
422 3411 678 3466 Augusta,apud
686 3433 793 3470 quam
800 3425 906 3472 gratia
917 3403 1054 3466 valebat
1065 3403 1230 3470 Severia-

173 3471 246 3539 tttls,
253 3464 476 3539 'Chalcedone
488 3477 602 3524 ipsum
616 3464 921 3525 revocavitTMulti
934 3490 1228 3539 Chrysostomum

173 3527 334 3600 fugiebant
351 3559 362 3576 ,
384 3533 612 3600 Severianum
633 3552 671 3582 ut
702 3547 801 3594 prius
830 3551 864 3586 in
887 3527 1164 3594 familiaritatem
1193 3567 1230 3597 et

395 3598 608 3662 admitteret,
630 3618 744 3656 neque
764 3611 798 3646 id
816 3612 1008 3658 impetrare
1023 3626 1226 3662 potuerunt.

601 3644 608 3650 ,
893 3644 1007 3652 ν.....ν
1047 3644 1160 3657 sum.
1218 3651 1226 3658 .

173 3644 310 3718 bellium
328 3655 483 3699 Eudoxia
498 3665 658 3713 Augusta
675 3671 792 3716 ipsum
813 3644 914 3717 adiit,
935 3683 971 3711 et
988 3644 1226 3718 Tiieodosiiiiit

173 3713 329 3790 ﬁtfit-um
349 3719 459 3790 filium
473 3728 623 3772 genibus
639 3713 717 3777 ejus
734 3713 911 3779 admovit,
927 3747 990 3783 per

170 3770 352 3842 Ῠμθξίτιῐξξι
373 3789 410 3819 ιιι
438 3785 668 3827 Severianum
690 3793 724 3828 in
744 3770 937 3834 amicitiani
965 3809 1064 3837 suam
1097 3770 1226 3842 admyit:

172 3835 410 3908 ff'fttjf'que
441 3846 608 3895 demum,
641 3863 739 3900 :rgre
771 3862 888 3894 tamen
919 3860 1134 3908 impetravit.
1168 3868 1227 3906 Sic

173 3893 270 3931 ambo
285 3899 331 3936 illi
349 3904 459 3948 palam
475 3912 620 3955 quidem
636 3918 856 3956 reconciliati
873 3929 955 3959 sunt
968 3893 1092 3969 intus
1109 3893 1224 3969 tamen

1319 321 1410 356 alter
1426 321 1602 358 adversus
1627 323 1780 359 alterum
1808 324 2014 360 exulcerato
2032 323 2151 360 animo
2169 324 2364 369 permansit
2381 350 2392 366 ,

1317 381 1430 428 inquit
1449 381 1628 418 Socrates.
1651 383 1686 419 Id
1714 393 1824 427 vero,
1847 385 1942 432 quod
1973 393 2156 432 postremo
2179 385 2324 432 adjicit,
2349 385 2392 419 de

1315 441 1509 478 Severiano
1523 443 1666 489 quidem
1689 443 1790 480 facile
1808 444 1998 486 credatur;
2021 447 2114 492 qttod
2131 457 2216 484 vero
2235 446 2393 492 ChrySo-

1315 509 1452 539 stomus
1472 510 1552 550 post
1580 505 1914 542 reconciliationem
1933 507 2142 544 exulcerato
2169 509 2290 545 animo
2308 519 2391 555 per-

1313 565 1500 607 manserit,
1521 565 1602 612 quis
1622 565 1771 602 credere
1788 565 1929 614 possit?
1947 567 2014 602 nisi
2033 567 2123 604 forte
2143 569 2195 604 sic
2213 569 2390 616 intelliga-

1313 633 1388 669 tur.
1411 628 1709 676 Chrysostomum
1729 657 1739 674 ,
1773 639 1904 676 nempe
1934 639 2015 664 cum
2051 636 2172 666 nosset
2203 631 2390 668 Sevel'iuni

1311 688 1449 726 vafrum
1468 696 1502 726 et
1520 689 1750 726 ambitiosum
1769 689 1944 734 animum,
1967 700 2038 726 non
2059 696 2205 736 putasse
2226 691 2326 728 illttm
2345 704 2390 728 ex

1310 752 1452 788 sincero
1471 752 1580 788 corde
1599 752 1794 788 amicitiam
1815 761 1916 789 suam
1936 753 2142 798 expetiisse,
2165 763 2232 789 nec
2247 753 2387 790 firmam

1309 813 1386 851 fore
1419 813 1749 850 reconciliationem
1781 813 2058 850 existimavisse.
2105 813 2209 850 Nulla
2241 815 2387 852 demum

1309 883 1427 922 potest
1441 877 1701 924 Chrysostomo
1715 877 1873 914 adscribi
1893 876 1985 914 fietre
2007 877 2248 914 reconciliatae
2263 880 2387 925 gratia:

1309 939 1480 986 suspicio.
1503 939 1673 977 Restabat
1692 947 1811 976 autem
1842 947 1879 977 ut
1899 940 2046 988 populi,
2069 941 2128 988 qui
2151 941 2387 980 Severianum

1309 1003 1508 1049 expulerat,
1523 1003 1708 1041 iracundia
1723 1004 1924 1042 sedaretur.
1941 1003 1978 1040 Id
1993 1010 2111 1042 autem
2125 1004 2388 1054 Chrysostmno

1309 1064 1406 1102 dicto
1431 1066 1636 1104 audientem
1664 1067 1836 1114 pepulum
1864 1067 2009 1105 habenti
2032 1078 2102 1104 non
2131 1067 2277 1105 difficile
2307 1070 2384 1104 t'nit.

1309 1127 1527 1166 Concionem
1551 1130 1690 1176 habuit,
1712 1131 1755 1167 ad
1785 1142 1908 1177 pacem
1930 1143 2011 1168 cutn
2033 1132 2229 1170 Severiano
2250 1133 2385 1169 facien-

1309 1190 1390 1227 dam
1413 1192 1581 1238 populum
1602 1192 1819 1235 coltortans;
1838 1200 1945 1240 utque
1964 1205 1982 1228 a
2001 1195 2176 1240 principio
2193 1194 2298 1231 dictis
2312 1195 2386 1230 suis

1311 1253 1550 1300 obsequentes
1565 1255 1747 1292 auditores
1761 1256 2031 1300 animadvertit,
2053 1259 2088 1292 in
2106 1257 2246 1294 laudem
2261 1269 2385 1294 eorum

1309 1325 1518 1360 conversus,
1535 1317 1629 1364 quod
1650 1324 1766 1354 tantas
1786 1320 1918 1354 irarum
1939 1328 2064 1354 causas
2085 1329 2122 1354 se
2142 1318 2306 1355 hortante
2325 1319 2387 1355 de-

1312 1378 1527 1422 posuissent,
1543 1389 1666 1426 pacem
1685 1387 1892 1429 perpetuam
1909 1380 2090 1426 precando
2104 1381 2238 1417 claudit
2249 1381 2387 1417 brevis-

1309 1440 1436 1476 simam
1467 1441 1696 1478 concionem.
1731 1443 1817 1478 Post
1849 1443 1947 1478 illntn
1978 1443 2196 1480 Severianus
2227 1443 2272 1480 de
2301 1454 2386 1490 ριι-ίε

1309 1503 1555 1547 coucionatur,
1571 1515 1677 1550 quam
1693 1510 1814 1550 postea
1835 1514 1958 1552 pacem
1977 1505 2052 1551 ipse
2073 1505 2307 1551 perturbavit,
2321 1517 2387 1542 nec

1311 1563 1420 1600 multo
1442 1561 1602 1611 tempore
1622 1576 1641 1601 a
1661 1566 1774 1604 turbis
1795 1567 1983 1602 movendis
2003 1567 2188 1603 abstinuit.

1358 1625 1409 1661 Ex
1427 1627 1469 1662 iis
1483 1653 1492 1670 ,
1515 1637 1595 1674 qum
1615 1628 1724 1664 tnodo
1745 1628 1899 1664 diximus
1914 1657 1923 1674 ,
1945 1628 2058 1666 facile-
2071 1629 2251 1674 conjicere
2269 1630 2386 1678 possis

1311 1699 1475 1734 magnam
1497 1695 1580 1726 tunc
1600 1689 1710 1728 fuisse
1729 1691 2035 1738 Constantinopoli
2051 1697 2086 1728 et
2105 1692 2138 1727 itt
2156 1691 2282 1728 vicinis
2300 1692 2383 1728 civi-

1310 1751 1440 1788 tatibus
1457 1763 1593 1788 mortnn
1611 1754 1867 1799 corruptelam.
1891 1754 2015 1790 Vidisti
2032 1754 2222 1801 episcopos
2237 1755 2387 1802 presby-

1307 1818 1496 1859 terosque,
1521 1814 1579 1860 qui
1603 1815 1680 1850 auri
1709 1817 1824 1862 pretio
1852 1823 1887 1852 et
1915 1816 1989 1853 fere
2011 1817 2126 1864 palam
2148 1817 2192 1853 ad
2212 1817 2386 1854 ecclesia-

1307 1875 1415 1910 sticas
1436 1875 1628 1922 dignitates
1648 1877 1890 1914 convolabant
1906 1906 1915 1920 ,
1937 1878 2088 1925 aliisque
2108 1879 2202 1914 vitiis
2221 1878 2293 1914 imo
2311 1887 2385 1915 see

1305 1935 1438 1973 let-ibus
1465 1937 1610 1974 obnoxii
1640 1946 1769 1983 erant,
1798 1947 1833 1976 et
1861 1940 2006 1986 quidem
2040 1951 2170 1987 magno
2199 1949 2351 1977 numero
2375 1953 2384 1977 :

1307 1999 1401 2034 inter
1419 2000 1613 2036 sccculares
1632 2011 1717 2036 vero
1739 2001 1841 2036 multi
1863 2008 1969 2037 erant
1987 2002 2130 2046 divites,
2153 2002 2380 2039 adulatorum

1305 2062 1617 2108 parasitorumque
1637 2063 1781 2110 agmine
1809 2063 1973 2107 obsessi,
1993 2064 2052 2110 qtti
2075 2064 2222 2110 inepnm
2244 2069 2385 2110 egesta-

1307 2130 1378 2161 tetn
1392 2124 1481 2162 nihil
1499 2131 1668 2162 curarent
1685 2138 1693 2162 :
1709 2127 1769 2162 alii
1787 2127 1864 2163 auri
1881 2126 2051 2176 cupidine
2067 2126 2164 2163 ducti
2183 2126 2298 2163 nullas
2313 2136 2384 2163 non

1306 2185 1506 2224 ditescendi
1527 2188 1602 2224 vias
1630 2188 1819 2224 tentabant
1842 2202 1849 2224 :
1874 2189 1920 2226 ita
1942 2195 2004 2234 ut,
2027 2188 2122 2236 quod
2153 2199 2264 2236 supra
2288 2190 2386 2226 diee-

1307 2247 1448 2291 bamus,
1464 2259 1544 2286 cum
1565 2257 1668 2286 terrae
1683 2257 1803 2286 motus
1820 2251 1959 2298 ingens,
1980 2251 2111 2288 multos
2128 2251 2387 2288 Constantino-

1308 2309 1548 2356 politanorum
1566 2317 1704 2348 terrore
1721 2319 1907 2358 correptos
1925 2313 1968 2348 ad
1987 2312 2106 2358 fugam
2127 2313 2384 2360 capessendam

1310 2372 1522 2418 impulisset,
1546 2378 1584 2408 ιιι
1604 2373 1638 2408 in
1661 2373 1864 2420 longinquis
1884 2375 2090 2420 regionibus
2110 2375 2189 2410 vita:
2209 2376 2385 2411 securita-

1311 2439 1380 2468 tettt
1401 2432 1470 2468 sibi
1499 2439 1688 2478 pararent;
1706 2443 1786 2468 cum
1809 2439 1933 2479 postea
1956 2439 2052 2470 metu
2073 2441 2236 2470 cessante
2257 2435 2300 2470 ad
2323 2445 2385 2471 sua

1309 2495 1567 2538 revertissent,
1598 2504 1637 2532 se
1667 2495 1775 2532 rebus
1805 2495 1972 2531 omnibus
1996 2505 2128 2532 vacuos
2157 2505 2236 2532 esse
2268 2498 2386 2534 mirati

1308 2564 1390 2593 sunt
1413 2567 1422 2592 :
1445 2567 1526 2592 nam
1554 2557 1614 2604 qui
1641 2557 1677 2593 in
1708 2557 1798 2594 urbe
1825 2563 2094 2602 remanserant,
2115 2557 2206 2596 boita
2224 2560 2386 2595 omnium

1307 2621 1511 2658 absentium
1537 2621 1741 2657 invaserant
1761 2626 1796 2657 et
1822 2620 1956 2667 prmdia
1983 2627 2261 2668 occupaverant.
2285 2621 2384 2658 Vidi-

1307 2693 1390 2720 mus
1415 2689 1537 2720 autem
1566 2693 1676 2730 supra
1699 2683 1996 2732 Chrysostomum
2027 2692 2122 2718 anno
2151 2682 2223 2720 598
2255 2684 2387 2720 acriter

1307 2752 1471 2783 orantem
1487 2747 1522 2782 in
1539 2755 1614 2790 eos,
1632 2747 1690 2793 qui
1713 2752 1866 2791 tantum,
1881 2752 1952 2782 tam
1969 2745 2182 2782 Christianis
2201 2745 2384 2792 indignum

1308 2809 1446 2846 facinus
1461 2813 1725 2856 perpetrarent.
1745 2807 1869 2854 Neque
1887 2807 1982 2844 enim
2003 2807 2032 2844 is
2051 2813 2129 2843 erat
2145 2807 2302 2844 Joannes
2318 2818 2384 2843 tto-

1307 2876 1395 2914 ster,
1417 2870 1478 2917 qui
1497 2869 1668 2916 frequens
1687 2869 1983 2912 concionabatur,
2007 2874 2046 2905 ut
2062 2867 2140 2906 hate
2159 2874 2196 2906 et
2215 2869 2282 2905 alia
2301 2870 2384 2906 vitia

1307 2940 1465 2978 taceret;
1489 2933 1553 2971 scd
1581 2933 1714 2970 acriter
1731 2933 1977 2971 insectabatur
1995 2933 2146 2970 divitum
2169 2933 2384 2978 avaritiam,

1305 2998 1518 3044 optimatum
1534 2997 1791 3045 arrogantiam,
1805 2997 2020 3034 feminarum
2037 2997 2229 3033 illustrium
2246 2997 2384 3041 luxum,

1306 3060 1494 3096 viduarum
1514 3059 1704 3096 mollitiem
1722 3059 1906 3105 vitamque
1922 3059 2110 3103 lascivam,
2126 3058 2384 3095 monachorum

1305 3122 1449 3170 indigna
1465 3129 1566 3170 gesta
1585 3150 1594 3166 ,
1617 3131 1699 3168 quae
1719 3131 1791 3157 non
1817 3120 1931 3157 semel
1951 3120 2066 3167 carpit
2085 3120 2120 3156 in
2150 3121 2386 3158 concionibus

1305 3185 1340 3222 in
1361 3185 1558 3232 Epistulam
1577 3185 1620 3221 ad
1643 3183 1839 3221 llaebraaos.
1862 3181 2096 3231 Clericosque
2113 3189 2149 3220 et
2167 3183 2386 3220 ecclesiasti-

1304 3256 1367 3284 cos
1383 3247 1538 3284 maxime
1555 3246 1832 3294 perstringebat,
1849 3251 1934 3282 tunc
1948 3246 2116 3283 omnibus
2133 3245 2276 3284 deditos
2291 3247 2384 3284 vitiis

1305 3315 1342 3348 et
1355 3310 1612 3358 voluptatibus.
1632 3309 1780 3346 Plebem
1801 3319 1944 3357 quoque
1963 3309 2140 3347 acerrime
2160 3311 2386 3358 increpabat.

1303 3372 1399 3420 quod
1420 3372 1644 3409 circensibus
1671 3377 1708 3408 et
1736 3371 1973 3409 theatralibus
1999 3371 2094 3410 ludis
2119 3372 2240 3410 dedita
2255 3401 2264 3416 ,
2287 3373 2320 3410 in
2343 3383 2383 3408 ea

1303 3444 1383 3480 quae
1398 3445 1440 3470 ex
1458 3433 1514 3469 bis
1528 3433 1744 3480 spectaculis
1764 3433 1972 3471 oriebantur
1985 3441 2204 3483 erumperet.
2225 3436 2272 3471 At
2287 3434 2383 3480 quod

1303 3497 1435 3533 mirum
1461 3497 1614 3534 fortasse
1635 3497 1812 3543 videatur,
1833 3498 1911 3536 haec
1931 3499 2056 3536 infima
2071 3505 2108 3536 et
2141 3508 2292 3536 numero
2314 3507 2381 3532 ma-

1299 3559 1359 3604 jor
1375 3569 1457 3605 pars
1471 3559 1692 3606 auditorum,
1707 3560 1805 3597 illum
1822 3571 1861 3598 se
1878 3562 2130 3610 obiurgantem
2146 3557 2382 3596 libentissime

1303 3619 1472 3658 audiebat
1489 3649 1498 3665 ,
1520 3629 1560 3657 ut
1578 3621 1735 3660 vidimus
1751 3651 1761 3668 ,
1779 3630 1864 3671 post
1893 3625 2030 3661 Pascha
2049 3623 2133 3658 anni
2153 3620 2224 3657 589
2240 3647 2249 3661 ,
2275 3623 2312 3653 et
2331 3617 2380 3653 illi

1301 3692 1448 3729 semper
1473 3684 1613 3721 addicta
1649 3685 1732 3728 fuit;
1765 3693 1872 3733 atque
1906 3681 2207 3722 invalesccntibus
2233 3679 2380 3715 demum

1302 3744 1552 3793 Chrysostomi
1585 3747 1739 3784 inimicis
1755 3775 1766 3792 ,
1787 3747 1876 3784 nihil
1905 3755 1976 3782 non
2005 3744 2100 3789 egit,
2127 3747 2165 3777 ut
2191 3750 2237 3778 ne
2259 3747 2379 3786 pastor

1302 3817 1388 3844 suus
1408 3809 1443 3845 in
1465 3810 1630 3847 exsilium
1651 3811 1856 3858 pelleretur.

1351 3871 1564 3919 Theophilus
1582 3874 1682 3910 Alex.
1703 3879 1734 3908 et
1752 3871 1814 3906 alii
1828 3870 1905 3904 dira
1923 3867 2114 3902 moliuntur
2129 3865 2164 3900 in
2179 3864 2374 3911 Chrysosm-

1305 3945 1407 3970 mum.
1428 3955 1475 3961 —
1493 3935 1651 3972 Joannes
1667 3943 1710 3970 ex
1736 3930 1891 3967 Asiatico
1911 3928 2038 3963 itinere
2065 3936 2254 3973 reversus,
2278 3934 2373 3972 Ιπιδι·
