3932 6190
453 304 548 359 187

446 431 600 484 quam
633 427 810 482 pacem
842 407 1036 462 fecerat
1065 423 1184 460 cum
1217 406 1528 472 Severiano,
1561 408 1839 477 tranquille
1860 409 2021 462 vitam

447 509 639 560 dueere
660 517 812 572 posse
833 500 1128 555 videbatur.
1156 500 1351 554 Verum
1377 515 1471 555 nec
1495 501 1657 554 multo
1680 510 1796 568 post
1813 501 2025 570 plurimi

449 597 737 667 perniciem
791 595 906 662 ejus
950 593 1235 647 machinati
1282 601 1424 646 sunt.
1473 593 1830 661 Primipilares
1877 603 2028 647 erant

445 685 770 755 Theophilus
795 683 1203 746 Alexandrinus,
1232 682 1456 736 Aeacius
1484 682 1706 747 Beraaae,
1735 681 2028 736 Antiochus

400 779 402 783 ’
448 773 811 839 l‘tolo—maidis,
846 784 898 827 et
937 771 1255 827 Severianus
1283 771 1624 836 Gabalorum,
1654 773 1740 840 qui
1770 787 1936 841 nuper
1965 773 2028 826 si-

447 867 645 920 mulato
681 881 802 919 cum
851 865 965 933 ipso
1011 878 1194 933 pacem
1242 863 1450 917 inierat.
1494 863 1819 931 Theophilus
1850 871 2026 916 autem

444 958 856 1023 Alexandrinus,
893 956 979 1026 qui
1006 956 1106 1009 sibi
1137 954 1278 1010 dicto
1305 955 1580 1010 audientes
1608 956 1800 1024 ubique
1825 955 2028 1026 episco-

449 1065 542 1117 pos
575 1063 694 1102 esse
720 1047 983 1114 cupiebat,
1013 1044 1120 1115 jam
1149 1046 1262 1115 ejus
1301 1045 1619 1101 ordinationi
1643 1046 1942 1111 obstiterat,
1975 1052 2028 1099 et

452 1140 568 1194 loco
597 1138 815 1192 Joannis
843 1137 1007 1189 nostri
1036 1137 1292 1190 lsidorum
1321 1137 1602 1206 quemdam
1644 1138 1695 1189 in
1723 1136 2027 1190 Constanti-

449 1231 810 1298 uopolitanum
841 1230 1143 1298 epise0pum
1173 1229 1424 1284 inducere
1453 1238 1761 1291 tentaverat,
1787 1238 1843 1283 ut
1866 1243 2027 1298 supra

448 1322 696 1384 vidimus,
723 1334 820 1372 nec
843 1320 998 1371 linem
1024 1319 1146 1373 fecit
1167 1329 1350 1388 postea
1381 1319 1687 1373 occasiones
1709 1318 1952 1386 captandi
1971 1326 2029 1371 ut

450 1411 593 1463 illum
617 1427 642 1461 a
667 1409 790 1462 sede
812 1408 1138 1462 deturbaret.
1165 1408 1387 1462 Aeacius
1409 1418 1584 1462 autem
1607 1409 1691 1475 qui
1715 1407 1804 1460 diu
1827 1409 2028 1462 Bercete

450 1503 808 1570 episcopatum
835 1516 952 1554 cum
986 1500 1140 1554 laude
1185 1509 1441 1570 gesserat,
1467 1501 1602 1553 hanc
1640 1500 1739 1554 sibi
1769 1501 2028 1554 maculam

457 1593 641 1646 inussit
663 1633 676 1656 ,
708 1600 756 1644 et
786 1601 1086 1644 sanctorum
1119 1591 1388 1643 hominum
1416 1591 1593 1643 odium
1621 1591 1672 1643 in
1720 1604 1777 1644 se
1799 1592 2032 1644 concita-

451 1686 543 1746 vit,
575 1700 694 1738 cum
725 1684 790 1737 ad
823 1693 926 1736 tam
956 1690 1196 1737 sanetum
1225 1682 1533 1736 Pontilieem
1569 1697 1598 1734 a
1624 1683 1750 1736 sede
1777 1682 2032 1751 dejicien-

450 1775 573 1827 duin
606 1773 803 1826 nullam
833 1788 937 1826 non
969 1771 1266 1826 machinam
1308 1771 1552 1825 intendit.
1587 1772 1878 1826 Antiochus
1905 1787 2030 1828 vero

452 1862 810 1923 l‘mlemaidis,
836 1863 914 1914 vir
942 1861 1184 1929 petulans
1205 1868 1259 1915 et
1279 1876 1412 1915 nova
1441 1862 1614 1915 moliri
1639 1862 1874 1931 CUpiens,
1895 1863 2032 1933 jam-

450 1950 538 2003 diu
567 1961 748 2004 contra
783 1950 1220 2022 Chrysostomum
1261 1953 1640 2006 insurrexerat.

524 2041 576 2092 lu
606 2040 762 2094 Clcro
791 2051 967 2095 autem
996 2043 1142 2094 multi
1183 2052 1367 2106 erant,
1399 2044 1486 2112 qui
1521 2042 1886 2114 Chrysostomi
1924 2059 2028 2097 non

452 2130 625 2180 minus
648 2131 804 2182 vitam
834 2140 1090 2192 sanctam,
1122 2141 1322 2185 arctam
1348 2142 1401 2186 ct
1428 2133 1763 2200 inculpatum,
1783 2133 2026 2199 oderant,

453 2233 607 2286 quam
638 2219 753 2286 ejus
779 2219 987 2275 dicendi
1018 2223 1338 2288 libertatem,
1369 2232 1425 2277 et
1453 2225 1648 2277 monita
1679 2224 1820 2278 Cleri
1848 2226 1926 2279 sui
1957 2226 2043 2278 vi-

454 2308 543 2359 liis
569 2309 924 2362 emendandis
941 2323 1235 2379 opportuna
1267 2313 1585 2375 volentibus,
1613 2315 1912 2384 importuna
1943 2315 2034 2368 ob-

454 2398 660 2450 stinatis
681 2411 852 2453 erant.
883 2401 944 2454 lli
969 2417 1097 2456 vero
1129 2405 1378 2470 postremi
1409 2405 1559 2474 longe
1583 2407 1782 2473 majore
1811 2421 2032 2461 numero

457 2487 600 2542 fuere
627 2487 859 2560 (Pallad.
888 2509 940 2558 p.
965 2492 1032 2545 55
1050 2494 1086 2558 ).
1112 2491 1252 2546 lnter
1272 2491 1368 2546 hos
1390 2503 1564 2546 autem
1587 2493 1692 2546 duo
1714 2495 2028 2565 presbyteri,

454 2588 508 2634 et
533 2581 764 2650 quinque
798 2582 1003 2635 diaconi
1036 2590 1384 2636 numerantur
1405 2624 1420 2648 ,
1460 2585 1547 2652 qui
1590 2584 1952 2639 vehementius
1979 2586 2031 2640 in

453 2673 709 2728 Joannem
742 2675 1078 2728 insurrexere
1111 2671 1278 2746 (Anno
1305 2675 1429 2744 409.)
1451 2716 1464 2737 ,
1500 2675 1589 2728 alii
1618 2691 1678 2728 ra:
1706 2677 1992 2745 inipuritatc
2015 2718 2028 2740 ,

423 2821 432 2830 _
455 2766 543 2818 alii
569 2782 634 2819 ea:
663 2766 876 2819 obnoxio
904 2783 1107 2819 numero
1125 2767 1415 2820 consociati.
1447 2766 1568 2820 llzcc
1585 2781 1743 2834 porro
1766 2767 1922 2820 verba
1950 2782 2034 2821 sa-

455 2869 520 2908 tis
549 2856 772 2911 obscuro
814 2857 948 2911 hanc
991 2857 1183 2912 efferre
1225 2858 1540 2912 sententiam
1585 2856 1831 2910 videntur
1866 2874 1877 2908 :
1913 2857 2032 2911 illos

455 2963 644 3015 nempe
673 2963 738 3001 ex
764 2947 940 3014 Clero,
971 2949 1059 3017 qui
1089 2957 1272 3002 contra
1301 2947 1556 3002 Joannem
1584 2949 1888 3017 episcopum
1917 2947 2030 3001 dira

455 3036 738 3089 machinati
768 3047 910 3102 sunt,
942 3040 1134 3106 partim
1167 3054 1231 3090 ex
1259 3052 1444 3091 eorum
1477 3053 1698 3091 numero
1727 3037 1907 3101 fuisse,
1942 3039 2029 3105 qui

454 3126 712 3192 impuram
740 3141 887 3179 suam
913 3127 1072 3180 vitam
1094 3127 1161 3179 ab
1187 3128 1276 3180 illo
1301 3127 1648 3181 concionaute
1675 3128 1816 3196 carpi
1839 3139 1892 3182 et
1915 3144 2033 3194 per—

452 3215 635 3284 stringi
665 3215 802 3269 ferre
828 3231 931 3270 non
965 3225 1239 3284 poterant;
1272 3218 1462 3285 partim
1499 3232 1562 3271 ex
1594 3232 1777 3270 eorum
1799 3259 1815 3281 ,
1847 3219 1935 3287 qui
1966 3218 2031 3273 de

453 3316 598 3361 tanto
629 3318 842 3375 pastore
872 3309 1154 3378 malignam
1181 3318 1537 3377 conceperant
1561 3309 1884 3377 opinionem.

523 3398 602 3451 Ex
634 3399 969 3466 imperatoria
995 3400 1111 3452 aula
1141 3400 1246 3453 duo
1271 3401 1354 3454 vel
1379 3410 1484 3454 tres
1506 3409 1708 3456 tantum
1731 3401 2029 3471 Theophilo

452 3500 651 3558 przesto
681 3492 826 3544 l'uere
859 3489 1099 3558 (Pallad.
1133 3510 1184 3556 p.
1218 3491 1322 3558 55)
1351 3533 1364 3554 ,
1395 3507 1457 3546 ac
1501 3492 1749 3547 militaris
1794 3493 2030 3562 praesidis

450 3594 604 3645 opem
635 3579 732 3646 ipsi
762 3579 947 3644 tulere,
980 3595 1099 3633 cum
1126 3580 1191 3634 ad
1223 3580 1658 3652 Cbrysostomum
1686 3597 1717 3636 e
1741 3582 1906 3651 gradu
1931 3583 2027 3637 de-

449 3667 731 3737 jiciendum
771 3685 982 3724 omnem
1033 3670 1259 3739 lapidem
1303 3680 1560 3727 moveret.
1603 3673 1682 3725 Ex
1722 3673 2028 3728 mulieribus

449 3773 577 3812 vero
601 3799 615 3822 ,
651 3760 815 3828 inquit
861 3759 1157 3824 Palladius,
1190 3770 1384 3828 prseter
1411 3761 1526 3817 illas
1553 3776 1672 3830 qua:
1704 3762 1860 3831 vulgo
1891 3773 2028 3818 nota:

451 3865 595 3918 sunt,
626 3863 732 3908 tres
759 3856 930 3909 vidu:e
954 3897 968 3921 ,
1001 3858 1149 3925 queis
1177 3858 1273 3910 viri
1305 3858 1536 3913 defuncti
1571 3861 1846 3928 pecuniam
1871 3877 2028 3930 gran-

449 3944 570 3996 dem
601 3960 664 3998 ex
695 3947 896 4014 rapinis
935 3955 1138 4014 partam
1178 3949 1499 4017 reliquerant
1525 3990 1537 4011 ,
1567 3966 1686 4005 cum
1727 3953 1852 4021 ipsae
1885 3954 1948 4006 iis
1976 3953 2026 4006 in

449 4036 676 4103 propria:
699 4035 882 4090 salutis
899 4037 1186 4104 perniciem
1209 4039 1396 4105 Opibus
1413 4040 1476 4093 ad
1503 4054 1562 4095 se
1583 4056 1686 4095 non
1715 4043 2025 4110 pertinenti-

449 4121 546 4175 bus
570 4132 861 4189 utcrentur,
886 4139 983 4179 nec
1008 4124 1206 4181 ferrent
1231 4137 1497 4195 pastorem
1522 4144 1676 4184 suum
1700 4139 1882 4185 contra
1907 4147 2027 4184 nsu-

450 4214 639 4280 rarios,
669 4230 860 4270 avaros
889 4225 941 4270 et
970 4227 1209 4284 raptores
1231 4219 1617 4275 declamantem
1640 4262 1654 4286 ,
1685 4223 1939 4277 tumultus
1964 4238 2026 4278 ac

453 4305 728 4360 seditionis
747 4309 873 4376 ipsa:
889 4322 1096 4378 quoque
1115 4323 1290 4364 causa:
1309 4310 1710 4367 fuerunt.Erant
1726 4323 1903 4369 autem
1923 4315 2025 4370 illa:

450 4395 618 4450 Marsa
648 4397 880 4453 Promoti
912 4412 1076 4465 uxor,
1101 4398 1357 4456 Castricia
1387 4400 1658 4456 Saturnini
1711 4404 1903 4472 eonjux
1930 4445 1944 4468 ,
1973 4414 2027 4460 et

448 4484 744 4554 Eugraphia
795 4487 1034 4556 quaedam
1055 4530 1069 4554 ,
1101 4505 1220 4559 quae
1275 4489 1488 4546 furiosae
1528 4493 1696 4547 instar
1722 4493 1930 4564 agebat.
1961 4495 2023 4549 iii

450 4589 655 4642 omnes,
685 4586 795 4632 tum
833 4580 932 4634 viri
964 4590 1072 4634 tum
1104 4581 1355 4637 mulieres
1379 4623 1393 4646 ,
1423 4598 1525 4637 una
1557 4585 1928 4654 conSpiraruut
1967 4597 2026 4642 ut

449 4663 595 4718 illum
623 4668 835 4735 egradu
861 4667 1168 4736 dcjicerent,
1197 4673 1313 4740 ejus
1350 4671 1681 4741 disciplinam
1713 4689 1819 4728 non
1848 4675 2022 4729 feren-

449 4760 550 4806 tes.
581 4754 762 4823 Neque
805 4757 998 4812 mirum
1024 4767 1105 4814 est
1124 4799 1140 4825 ,
1181 4775 1300 4814 cum
1331 4770 1434 4816 tam
1465 4763 1708 4818 dissoluti
1738 4779 1916 4820 mores
1941 4779 2025 4820 es-

445 4852 582 4908 sent,
615 4851 721 4898 tam
748 4861 923 4901 acrem
953 4863 1227 4903 censorem
1257 4853 1492 4920 plurimis
1519 4853 1870 4922 displicuisse.

510 4935 639 5004 Quze
666 4951 790 4991 vero
815 4948 1000 4993 contra
1034 4941 1178 4996 illum
1201 4943 1510 5011 jactitabant
1539 4947 1714 5000 :emuli
1741 4955 1796 5000 et
1825 4947 2021 5002 inimici

439 5029 554 5096 ejus
584 5028 884 5097 hujusmodi
913 5042 1082 5099 erant,
1112 5034 1251 5103 quod
1275 5037 1542 5090 neminem
1570 5037 1636 5090 ad
1661 5052 1899 5092 mensam
1925 5053 2022 5091 vo-

438 5130 602 5189 earet,
630 5122 722 5177 sed
750 5139 962 5194 semper
987 5127 1134 5180 solus
1172 5128 1373 5183 ederet.
1407 5129 1665 5183 Nimirum
1697 5130 1816 5199 quia
1846 5145 1910 5184 ex
1941 5131 2024 5184 in-

439 5213 690 5270 firmitate
716 5216 996 5283 stomachi,
1028 5218 1078 5272 in
1110 5219 1324 5274 morbos
1355 5236 1498 5288 saapc
1527 5220 1763 5275 incidere
1793 5221 2015 5286 solebat,

439 5313 494 5358 ut
524 5308 717 5374 passim
740 5307 848 5376 jam
877 5310 1136 5373 vidimus;
1169 5312 1312 5365 tenui
1345 5327 1526 5364 mensa
1558 5313 1630 5364 uti
1662 5312 1885 5375 solebat,
1919 5328 2017 5364 ne-

439 5407 538 5458 que
560 5396 700 5449 lauta
729 5398 828 5452 sbi
857 5400 1050 5468 apponi
1078 5401 1268 5454 fercula
1299 5400 1614 5467 patiebatur,
1641 5401 1689 5454 id
1717 5402 2016 5470 postulante

439 5497 548 5536 tum
587 5487 823 5555 corporis
866 5487 1082 5553 habitu,
1125 5499 1234 5543 tum
1279 5489 1474 5558 pietate
1519 5503 1623 5558 qua
1659 5489 1928 5558 apostolos
1963 5497 2019 5544 et

439 5569 633 5626 Christi
657 5575 946 5644 discipulos
975 5580 1211 5644 imitans,
1233 5578 1442 5633 modico
1463 5580 1706 5634 utebatur
1722 5580 1857 5634 cibo.
1884 5579 2017 5646 Qua-

445 5670 656 5727 propter
684 5667 860 5718 statim
889 5677 1047 5737 atque
1070 5669 1135 5723 ad
1163 5669 1798 5740 Coustautinopolitanam
1831 5672 2009 5726 sedem

1507 298 1562 353 S.
1602 297 1876 355 JOANNIS
1915 299 2384 358 CHRYSOSTOMI
2429 303 2602 364 VITA.

3572 313 3650 371 l88

2129 424 2342 468 evecms
2369 424 2469 479 est,
2501 414 2703 484 amplos
2730 417 2856 470 tanti
2885 416 3217 484 episcopatus
3244 419 3427 476 reditus
3455 421 3501 476 in
3522 439 3652 480 noso-

2129 503 2299 557 comia
2321 515 2372 558 et
2403 504 2453 558 in
2482 520 2770 575 pauperum
2802 492 3216 560 sustentaculum
3247 507 3413 564 inferri
3435 512 3590 580 jussit,
3612 525 3653 570 et

2131 607 2265 646 nova
2293 609 2502 664 quoque
2530 597 2642 664 ipse
2690 597 2992 650 nosocomia
3040 598 3355 663 construxit;
3387 601 3450 654 ita
3479 613 3527 655 ut
3557 620 3654 674 qua:

2131 682 2338 737 laudem
2369 695 2550 738 sancto
2579 685 2691 740 viro
2718 700 2905 756 parere
2930 687 3281 754 meruissent,
3312 687 3361 742 in
3385 690 3656 760 vituperium

2131 772 2228 842 ipsi
2257 773 2324 826 ab
2344 774 2570 829 inimicis
2599 783 2949 829 verterentur.

2202 864 2451 918 Dicebant
2493 866 2706 936 insuper
2741 867 2911 935 ipsum
2953 881 3071 922 esse
3109 865 3293 920 durum
3333 875 3383 922 et
3425 883 3655 940 asperum,

2131 969 2228 1008 nec
2267 954 2411 1008 aditu
2459 954 2688 1021 facilem,
2721 957 2843 1025 quia
2889 971 3078 1025 nempe
3118 959 3261 1026 gregi
3292 960 3549 1026 pascendo,
3584 961 3660 1016 do-

2129 1045 2328 1111 cendo,
2383 1046 2706 1101 instituendo
2754 1061 2964 1116 semper
3020 1049 3288 1114 intentus,
3346 1065 3444 1103 non
3489 1051 3662 1110 facilem

2131 1136 2329 1190 aditum
2362 1139 2626 1206 priebebat
2655 1138 2925 1192 inurilibus
2952 1140 3263 1208 colloquiis;
3295 1155 3494 1210 semper
3519 1154 3662 1200 tamen

2133 1233 2346 1292 paratus
2375 1225 2439 1278 ad
2467 1241 2526 1280 ea
2559 1226 2818 1280 audienda
2858 1236 3015 1296 atque
3052 1227 3306 1292 curanda,
3345 1245 3454 1297 qum.
3483 1233 3554 1286 vel
3580 1232 3664 1287 Eo-

2131 1316 2306 1369 clesia:
2332 1317 2565 1385 regimen
2598 1318 2680 1370 vel
2710 1332 2997 1386 pauperum
3027 1326 3080 1371 et
3106 1317 3381 1372 viduarum
3406 1335 3566 1373 curam
3591 1335 3664 1391 pa-

2133 1406 2522 1476 trociniumque
2556 1414 2872 1476 spectarent.
2917 1406 3097 1476 Neque
3143 1407 3366 1461 deerant
3404 1409 3485 1478 qui
3525 1409 3665 1478 ipsum

2133 1497 2475 1566 petulantem,
2505 1498 2971 1559 contumeliosum,
3006 1497 3318 1552 iracundum
3349 1506 3399 1552 et
3426 1500 3665 1568 superbum

2132 1587 2402 1652 dicerent;
2449 1595 2608 1658 atque
2653 1589 2851 1642 odiosis
2890 1588 3211 1652 nominibus,
3258 1588 3370 1657 ejus
3413 1588 3460 1642 in
3501 1589 3665 1658 przetli-

2132 1677 2296 1731 eauda
2324 1679 2516 1732 virtute
2539 1679 2906 1742 constantiam,
2931 1687 3116 1732 contra
3143 1679 3436 1742 avaritiam,
3472 1680 3665 1748 rapinas,

2133 1769 2387 1823 adulteria
2439 1772 2736 1839 czeteraque
2785 1770 2906 1823 vitia
2951 1770 3365 1824 declamationes
3413 1770 3667 1825 detrectare

2133 1868 2470 1912 Conarentur.

2204 1950 2450 2004 Socrates
2477 1964 2602 2004 vero
2623 1949 2768 2019 (Sac.
2791 1950 2827 2002 ι.
2847 1949 2899 2004 6.
2920 1967 2968 2002 c.
2991 1950 3067 2018 5),
3097 1950 3188 2019 qui
3212 1950 3276 2004 iis
3294 1965 3411 2020 quae
3430 1949 3490 2004 de
3504 1948 3669 2004 Joanne

2135 2049 2315 2093 nostro
2341 2039 2647 2094 ferebantur
2673 2055 2776 2094 non
2805 2040 3061 2093 absimilia
3087 2040 3351 2105 audierat,
3387 2040 3479 2093 hoc
3503 2038 3562 2092 de
3599 2038 3670 2091 illo

2135 2128 2336 2198 profert
2373 2130 2670 2197 judicium:
2709 2147 2727 2180 ι
2759 2129 2877 2182 Fuit
2919 2137 3121 2193 autem,
3168 2138 3228 2182 ut
3273 2128 3460 2190 ferunt,
3498 2127 3558 2179 ob
3602 2126 3668 2177 ui-

2137 2221 2297 2272 mium
2337 2221 2698 2290 temperantia:
2728 2220 2958 2273 studium
2995 2221 3260 2283 acerbior,
3289 2229 3341 2273 et
3368 2219 3491 2272 sicut
3519 2217 3664 2270 aiebat

2135 2311 2367 2380 quidam,
2417 2311 2506 2381 qui
2545 2327 2664 2364 cum
2709 2312 2797 2365 illo
2826 2311 2903 2376 ab
2930 2312 3142 2365 ineunte
3187 2320 3342 2364 actate
3378 2308 3666 2362 familiariter

2136 2405 2354 2468 vixerat,
2387 2403 2477 2456 ira:
2505 2404 2668 2472 magis
2695 2403 2920 2462 deditus,
2950 2419 3106 2472 quam
3133 2403 3486 2458 verecundiae.
3525 2401 3580 2454 Et
3615 2400 3666 2453 ob

2136 2495 2256 2547 vita:
2281 2494 2494 2562 quidem
2529 2493 2930 2547 sanctimoniam
2959 2494 3204 2548 incautus
3237 2494 3482 2547 adversus
3504 2491 3664 2553 futura,

2135 2585 2203 2640 ob
2238 2585 2626 2654 simplicitatem
2674 2601 2801 2638 vero
2843 2593 3058 2654 apertus
3100 2595 3156 2639 et
3201 2585 3388 2640 facilis.
3433 2581 3672 2637 Immodicl

2135 2677 2292 2730 etiam
2322 2677 2565 2746 loquendi
2599 2677 2840 2731 libertate
2865 2691 2986 2746 erga
3025 2691 3218 2732 omnes
3246 2678 3499 2731 utebatur.
3540 2675 3594 2727 Et
3629 2673 3670 2726 in

2134 2765 2375 2820 docendo
2421 2767 2632 2836 quidem
2685 2767 2732 2820 id
2782 2770 3044 2836 praecipue
3093 2769 3392 2836 spectabat,
3435 2776 3486 2820 ut
3531 2769 3672 2820 mores

2137 2857 2463 2910 audientium
2493 2857 2800 2911 emendaret
2830 2874 2842 2910 :
2874 2858 2926 2910 in
2952 2859 3332 2926 congressibus
3369 2866 3530 2910 autem
3553 2866 3674 2907 arro-

2136 2947 2342 3014 gantior
2364 2947 2636 3001 videbatur
2678 2947 2762 3011 iis,
2789 2947 2878 3016 qui
2907 2963 3082 3002 mores
3111 2949 3284 3016 ipsius
3327 2947 3626 3016 ignorabant.
3653 2958 3670 2992 ι

2139 3037 2213 3093 Ex
2242 3038 2324 3091 his
2351 3053 2477 3092 vero
2511 3039 2659 3107 argui
2691 3053 2846 3106 posse
2877 3037 3104 3100 videtur,
3154 3054 3222 3093 ex
3267 3048 3415 3107 gestu
3457 3047 3505 3091 et
3531 3051 3586 3090 ex
3612 3035 3674 3086 loc

2133 3129 2327 3196 quendi
2359 3129 2536 3190 modo,
2564 3143 2629 3182 ex
2655 3128 2829 3182 vultus
2856 3129 2978 3192 situ,
3009 3138 3060 3181 et
3088 3129 3215 3183 aliis
3241 3144 3356 3198 qua:
3396 3137 3563 3180 natura
3587 3125 3674 3192 ipsa

2133 3219 2371 3283 dederat,
2415 3219 2848 3290 Chrysostomum
2889 3221 3159 3288 aliquibus
3197 3223 3354 3274 etiam
3392 3234 3453 3274 ex
3500 3219 3570 3279 iis,
3607 3214 3675 3282 qui

2134 3312 2317 3356 contra
2346 3305 2514 3372 ipsmn
2545 3303 2845 3356 inimicitias
2874 3317 2976 3356 non
3000 3313 3370 3373 susceperant,
3397 3299 3673 3370 asperitatis,

2136 3394 2239 3450 imo
2288 3396 2601 3465 arrogantia:
2626 3394 2893 3464 quidpiam
2924 3410 3033 3463 pra:
3075 3409 3139 3448 se
3175 3395 3382 3448 tulisse.
3413 3394 3478 3446 At
3501 3387 3674 3445 etiamsi

2134 3488 2186 3543 id
2217 3489 2392 3558 specie
2423 3497 2623 3542 tantum
2649 3496 2803 3541 tenus
2844 3486 3046 3550 fuisset,
3079 3487 3219 3539 nihil
3249 3487 3371 3540 hinc
3394 3491 3561 3538 coatra
3586 3492 3676 3532 mo.

2133 3581 2457 3636 derationem
2484 3591 2536 3634 et
2564 3579 2909 3634 humilitatem
2931 3577 3308 3648 Chrysostomi
3330 3575 3557 3631 concludi
3582 3584 3677 3640 pos-

2133 3681 2234 3726 set.
2290 3671 2484 3725 Verum
2542 3670 2787 3724 Socrates
2844 3670 3164 3738 plerumque
3219 3669 3287 3724 de
3341 3668 3675 3735 Cbrysostumo

2131 3763 2373 3832 qumdam
2413 3762 2605 3816 similia
2650 3761 2832 3824 refert,
2866 3777 2981 3830 quae
3012 3762 3284 3830 tantisper
3322 3761 3586 3814 alienatum
3625 3752 3676 3803 ab

2133 3854 2223 3908 illo
2252 3854 2485 3906 animum
2513 3851 2865 3918 subindiceut,
2896 3866 2958 3906 ac
2985 3866 3102 3906 cum
3141 3854 3351 3908 cmteris
3375 3847 3676 3918 scriptoribus

2132 3959 2236 3998 non
2261 3945 2619 3998 consentiunt.

2201 4035 2528 4090 Sozomenus
2566 4047 2694 4088 vero
2722 4031 2954 4102 (Sozam.
2988 4034 3025 4086 ι.
3066 4033 3126 4086 8.
3157 4050 3207 4087 c.
3241 4035 3300 4099 9)
3329 4033 3468 4086 illum
3492 4039 3672 4099 prorsus

2130 4125 2197 4177 ab
2251 4124 2332 4178 his
2382 4122 2839 4178 criminationibus
2900 4121 3169 4190 vindicat,
3227 4133 3504 4190 narratque
3554 4116 3672 4171 illum

2132 4213 2429 4286 Olympiadi
2472 4214 2673 4268 monita
2696 4213 2929 4278 dedisse,
2962 4229 3080 4282 qua:
3127 4215 3231 4269 etsi
3262 4215 3486 4267 salubria
3528 4213 3668 4267 erant,

2129 4307 2358 4360 inimicis
2385 4315 2561 4360 tamen
2587 4305 2702 4374 ejus
2726 4303 3083 4359 calumniandi
3124 4319 3315 4358 ausam
3343 4302 3546 4358 dedere.
3572 4297 3672 4351 Erat

2129 4395 2270 4450 enim
2323 4394 2595 4466 Olympias
2647 4403 2889 4448 matrona
2936 4394 3276 4448 nobilissimo
3320 4407 3508 4464 genere
3550 4397 3668 4447 orta.

2130 4489 2384 4558 piissima,
2413 4504 2530 4557 quae
2561 4496 2837 4557 postquam
2869 4487 2920 4540 in
2941 4485 3166 4555 juvenili
3190 4495 3352 4542 mtate
3377 4484 3526 4539 vidua
3546 4493 3671 4534 man-

2128 4580 2304 4644 sisset,
2327 4594 2359 4634 a
2384 4576 2630 4633 Nectario
2654 4577 2953 4632 diaconissa
2983 4577 3230 4632 ordinata
3260 4579 3448 4639 fuerat,
3473 4588 3578 4644 qua:
3611 4568 3672 4620 fa-

2127 4671 2350 4724 cultates
2398 4684 2522 4723 suas
2553 4669 2854 4738 petentibus
2902 4668 3118 4736 copiose
3159 4668 3498 4738 largiebatur,
3530 4658 3671 4718 omni-

2126 4761 2330 4830 busque
2373 4759 2831 4815 indiscriminatim
2863 4776 2875 4812 :
2903 4759 3098 4814 divinis
3143 4761 3293 4815 enim
3342 4761 3542 4814 addicta
3576 4762 3669 4807 stu-

2127 4852 2247 4916 diis,
2278 4859 2488 4906 terrena
2517 4853 2653 4906 bona
2680 4852 2750 4905 ita
2776 4865 2960 4919 parum
2991 4849 3242 4916 curabat,
3271 4860 3330 4904 ut
3360 4865 3424 4904 ne
3451 4845 3668 4916 c03itaret

2127 4942 2339 5013 quidem
2365 4957 2431 4995 an
2460 4941 2710 4996 divitibus
2737 4956 2804 4994 an
2827 4941 3154 5010 pauperibus
3181 4955 3244 4993 ea
3264 4940 3552 5007 largiretur.
3577 4931 3666 4996 Qua

2126 5033 2191 5088 de
2223 5049 2277 5087 rc
2299 5034 2500 5086 monuit
2520 5047 2636 5086 eam
2659 5030 3068 5103 Chrysostomus
3088 5029 3330 5099 dixitque
3357 5028 3448 5088 illi,
3470 5026 3537 5077 sic
3557 5021 3667 5073 bona

2126 5127 2390 5195 Opulentis
2427 5125 2576 5189 dare,
2606 5124 2824 5195 perinde
2851 5138 2970 5178 esse
2999 5133 3165 5191 atque
3195 5124 3239 5176 si
3277 5123 3328 5176 iu
3371 5134 3507 5173 mare
3533 5113 3667 5169 ellun-

2125 5219 2406 5281 dereutur;
2435 5217 2526 5270 sed
2551 5217 2730 5285 egenis
2757 5215 2924 5268 solum
2946 5212 3245 5280 eroganda,
3285 5220 3340 5264 et
3364 5211 3437 5261 sic
3467 5200 3667 5274 pluribus

2125 5307 2267 5361 illam
2305 5306 2559 5361 beneficia
2589 5303 2939 5372 priestituram
2978 5314 3122 5355 esse.
3147 5301 3438 5354 Consilium
3469 5293 3574 5363 ejus
3600 5301 3663 5340 se-

2124 5406 2283 5467 quuta
2316 5407 2397 5450 cst
2440 5395 2728 5466 Olympias.
2768 5392 2846 5446 llli
2889 5407 3035 5456 vero,
3067 5405 3299 5459 quorum
3330 5385 3516 5441 divitia:
3540 5375 3667 5477 donli

2122 5487 2444 5559 Olympiadis
2473 5483 2899 5546 cumulabantur,
2929 5483 3046 5550 ejus
3087 5489 3344 5533 mutatam
3387 5475 3667 5559 sententiam

2123 5557 2382 5640 videntes,
2428 5585 2610 5630 contra
2636 5572 3079 5644 Chrysostomnm
3113 5570 3190 5622 rei
3219 5578 3482 5622 auctorem
3506 5557 3668 5614 debac-

2124 5669 2261 5723 chali
2292 5678 2430 5720 sunt.
