2694 4342
189 241 252 281 [39
957 235 1079 274 NUNC
1100 235 1277 273 PRIMUM
1303 234 1573 272 ADORNATA.

168 321 174 362 i
233 321 378 360 Maxime
406 319 562 357 omnium
583 325 702 356 autem
735 319 770 354 in
797 318 896 354 illum
926 324 1136 364 exasperata
1165 325 1243 355 erat

169 375 341 446 (Eudoxii:
367 381 536 428 Augusta,
574 379 1130 446 refei‘entibusmSocrate_(b:ocr.

171 441 216 491 ξε.
244 443 304 491 5),
340 443 538 481 Sozomeno
571 448 608 480 et
635 441 779 478 Zosiino
807 441 962 489 (Sozam.
993 442 1017 478 ι.
1047 441 1082 478 8.
1114 453 1145 477 c.
1180 442 1239 479 16.

169 485 274 544 ⁴Ζοεί
349 503 448 553 799).
480 505 676 542 Ambitiosa
696 505 790 541 enim
814 485 898 541 cum
919 510 1014 541 esset
1031 511 1138 552 atque
1164 506 1242 542 auri

186 567 321 614 cupida,
341 577 410 604 non
427 573 567 614 poterat
582 577 685 614 aequo
699 567 819 604 animo
838 567 931 604 ferre
941 578 1022 604 eum
1043 570 1101 614 qui
1115 575 1242 606 contra

185 629 380 676 hujusmodi
399 631 480 666 vitia
502 636 678 678 perpetuo
689 629 918 667 declamaret.
937 629 1102 668 Zosimus
1119 639 1240 669 autem

183 690 267 727 dicit
291 691 386 727 illam
418 691 452 728 in
471 691 644 728 Joannem
671 692 935 737 succensuisse,
955 693 1051 740 quod
1075 703 1154 730 eam
1177 703 1242 741 pu-

183 751 284 789 blicis
305 752 340 790 in
367 754 602 790 conventibus
619 754 874 802 perstringere,
905 757 1060 792 mordere
1089 765 1244 793 consue-

181 813 302 850 visset.
332 814 370 850 In
398 814 476 852 Vita
501 821 618 852 autem
651 815 688 852 S.
723 815 912 863 Porphyrii
944 815 1054 863 (Bell.
1069 815 1116 852 26
1137 816 1239 854 Febr.

182 885 216 920 p.
235 875 378 922 652.”
407 881 570 912 narratur
598 875 773 913 Joannem
803 876 1003 912 Endoxiam
1044 877 1242 924 reprehen-

180 936 286 979 disse,
313 937 407 983 quod
435 943 565 973 terram
587 937 775 984 quamdam
805 937 837 974 vi
865 937 1071 974 abstulisset
1101 939 1240 985 sibique

179 999 357 1046 propriam
373 997 526 1035 fecisset.
546 999 722 1045 Additque
742 999 933 1044 Palladius,
954 999 1116 1037 inimicos
1131 1001 1238 1038 Joan-

180 1061 234 1097 nis
261 1060 455 1098 Eudoxiam
475 1061 642 1098 adversus
665 1062 762 1098 illurn
789 1063 1038 1108 concitavisse,
1070 1064 1157 1100 falsa
1181 1077 1238 1102 re-

179 1121 323 1158 ferendo
347 1122 391 1159 de
418 1124 650 1160 concionibus
679 1124 801 1171 ipsius,
834 1125 882 1160 ita
912 1131 950 1161 ut
969 1125 1126 1162 dicerent
1145 1128 1238 1174 quod

180 1183 253 1230 ipse
287 1183 484 1221 Eudoxiam
517 1185 718 1222 Jezabclem
755 1187 986 1233 appellasset.
1028 1188 1065 1224 In
1103 1191 1237 1226 crimen

179 1244 284 1280 etiam
303 1247 498 1284 vocabatur
517 1257 535 1283 a
555 1249 734 1285 nonnullis
753 1249 868 1295 (Socr.
893 1249 917 1286 l.
944 1249 981 1286 6.
1009 1261 1040 1286 ι’.
1069 1250 1121 1299 5),
1143 1251 1238 1298 quod

179 1305 383 1354 Eutropium
408 1309 626 1355 eunuchum,
646 1311 704 1357 qui
736 1310 771 1346 in
803 1311 991 1348 ecclesiam
1022 1313 1238 1360 perquisitus

177 1367 369 1416 aufugerat,
399 1371 630 1408 vehementer
655 1372 927 1420 objurgavisset,
959 1375 1126 1422 quodque
1156 1376 1238 1414 Gai-

177 1439 255 1466 nam
285 1436 367 1468 tunc
387 1431 592 1479 Magistrum
622 1433 774 1470 militum
795 1436 1055 1474 coatumeliose
1075 1437 1238 1486 alloqnu~

178 1496 233 1526 tus
263 1490 390 1529 fuisset
417 1504 426 1528 :
457 1495 504 1530 ita
539 1505 667 1543 nempe
703 1497 866 1534 solemne
903 1499 1134 1546 sye0pliantis
1167 1508 1236 1546 est,

175 1553 306 1598 optima
325 1565 475 1602 quaeque
493 1562 606 1603 gesta,
629 1567 694 1594 suo
725 1569 824 1596 more
851 1567 1124 1607 reprmscntata,
1150 1562 1238 1600 vitio

175 1620 314 1651 vertere
335 1616 391 1660 iis,
413 1626 564 1663 quorum
581 1619 776 1664 perniciem
794 1621 1004 1658 moliuntur.

222 1675 346 1714 Refert
369 1678 545 1716 Palladius
565 1680 722 1728 (Pallad.
743 1695 776 1730 p.
799 1683 876 1729 66.)
892 1683 1138 1729 Severianum,
1161 1688 1236 1724 An-

173 1735 344 1781 tiochum,
369 1743 404 1774 ct
428 1739 598 1776 Acacium
629 1741 785 1780 infensos
815 1743 925 1781 fuisse
941 1745 1068 1782 Joanni
1090 1755 1236 1796 propter

173 1797 350 1836 modestas
381 1801 458 1848 ejus
494 1803 783 1855 admonitiones;
820 1817 934 1854 neque
961 1809 1038 1846 haec
1071 1821 1139 1847 una
1168 1811 1235 1848 fuit

173 1859 298 1896 Acacio
325 1861 457 1899 irarum
477 1874 606 1910 causa;
631 1866 695 1903 sed
715 1867 822 1904 etiam
840 1868 936 1916 quod
954 1880 1034 1907 cum
1056 1870 1233 1910 Constan-

173 1919 339 1966 tinopolin
359 1924 531 1970 venisset,
550 1935 618 1962 non
640 1926 772 1964 bonum
790 1929 998 1977 hospitium,
1016 1933 1135 1970 aiebat
1155 1935 1228 1982 ille,

173 1981 260 2028 apud
282 1981 575 2031 Chrysostomum
603 1995 729 2026 nactus
755 1999 864 2028 esset.
887 1991 1114 2041 Quapropter
1141 2007 1230 2034 mce-

173 2051 250 2080 rcns
275 2044 534 2085 intnmescebat
564 2050 665 2096 quasi
691 2053 876 2098 neglectus
898 2063 918 2090 a
939 2054 1090 2100 Joanne,
1120 2065 1229 2106 atque

171 2115 246 2142 cum
262 2107 500 2166 iram_frcuare
515 2121 586 2148 non
605 2120 740 2159 posset,
761 2117 998 2160 praesentibus
1013 2119 1228 2166 quibusdam

171 2167 310 2207 Joannis
327 2160 480 2216 clericis,
501 2174 643 2220 dignam
675 2185 740 2211 suo
767 2177 888 2213 animo
912 2180 1058 2224 protulit
1081 2188 1228 2218 senten-

171 2230 249 2266 tiam
269 2232 402 2279 dicens,
424 2233 498 2282 Ego
519 2236 571 2271 illi
589 2237 693 2272 ollam
711 2249 881 2284 prteparo.
901 2239 1001 2277 Tunc
1014 2248 1132 2278 autem
1149 2253 1230 2282 sese

171 2292 324 2340 adjuuxit
351 2296 563 2343 Severiano,
584 2300 775 2344 Antiocho,
794 2309 827 2338 et
847 2301 969 2340 lsaaco
989 2303 1080 2352 Syro
1102 2317 1228 2344 mona-

169 2352 311 2392 chorum
343 2360 546 2405 prmposito,
577 2361 636 2408 qui
669 2369 844 2410 perpetuo
875 2365 1017 2403 solebat
1041 2368 1229 2417 episcopos

167 2416 346 2456 calumniis
365 2421 551 2468 impetere.

213 2477 251 2514 lli
273 2491 356 2526 ergo
376 2490 529 2529 quatuor
545 2493 668 2523 contra
697 2487 872 2524 Joannem
892 2491 1104 2536 conSpirant
1124 2491 1228 2539 (Pal-

166 2538 231 2575 lad.
257 2552 290 2587 ρ.
311 2542 384 2590 49).
407 2545 617 2593 Mittuntque
648 2549 802 2596 primum
827 2551 1070 2598 Antiochiam,
1093 2538 1152 2601 qui
1183 2556 1227 2593 de

165 2601 401 2640 adolescentia
431 2607 508 2652 ejus
533 2611 784 2656 perquirerent
804 2625 813 2648 :
830 2623 956 2651 verum
988 2616 1124 2653 inutilis
1145 2629 1228 2665 per-

163 2663 308 2708 qnisitio
339 2664 418 2710 fuit,
449 2679 514 2706 nec
539 2672 732 2719 quidquam
769 2676 1048 2722 reprehensione
1079 2679 1226 2728 dignum

164 2721 343 2762 Inventum
359 2733 426 2763 est.
447 2729 578 2767 Deinde
592 2733 734 2770 mittunt
756 2735 800 2772 ad
811 2721 1053 2786 Theophilum
1070 2721 1227 2779 Alexan-

165 2787 319 2832 drinnm,
344 2791 403 2838 qui
425 2795 607 2832 cothurnus
630 2797 836 2836 vocabatur.
868 2800 956 2845 Quis
985 2809 1082 2840 esset
1108 2805 1227 2842 Theo-

166 2848 244 2892 phili
261 2851 400 2889 animus
413 2864 496 2901 erga
511 2855 682 2894 Joannem
695 2859 768 2906 jam
781 2861 946 2909 vidimus,
961 2876 1040 2902 cum
1057 2867 1100 2904 de
1116 2869 1226 2915 ipsius

165 2908 304 2948 Joannis
324 2915 547 2954 ordinatione
564 2919 598 2956 in
627 2921 833 2969 episcopum
861 2908 1224 2977 Constantinopolita-

167 2980 244 3008 num
270 2983 454 3022 ageremus
476 2990 484 3015 :
513 2980 666 3018 vidimus
699 2983 798 3020 illum
827 2985 974 3024 inritum
1001 2989 1225 3029 ordinavisse

167 3031 346 3082 Joannem,
363 3039 462 3085 cujus
477 3047 512 3078 et
531 3043 640 3080 animi
657 3045 858 3084 lirrnitatem
875 3054 911 3085 et
930 3049 1096 3098 loquendi
1117 3053 1224 3090 liber-

169 3099 266 3134 tatem
291 3103 481 3148 metuebat,
503 3116 619 3154 neque
647 3120 813 3158 umquam
835 3113 1014 3152 destitisse
1033 3117 1224 3162 putabatur

168 3167 191 3222 a
201 3163 373 3208 proposito
389 3166 484 3205 illum
505 3180 524 3205 a
545 3171 632 3208 sede
652 3172 879 3222 deturbandi,
900 3178 1012 3214 sicubi
1026 3189 1105 3216 sese
1119 3191 1222 3217 occa-

167 3220 214 3256 sio
231 3223 380 3264 offerret.

209 3284 340 3324 Accidit
353 3297 469 3330 autem
484 3293 551 3332 hoc
566 3297 710 3336 circiter
725 3306 883 3349 tempore
902 3285 1066 3342 Fratrum
1083 3307 1223 3356 Longo—

166 3351 236 3412 :um
267 3353 458 3398 negotium,
483 3357 576 3403 quod
611 3361 781 3399 tumultus
807 3374 955 3412 magnos
983 3367 1018 3403 in
1049 3351 1222 3407 Uricniali

167 3405 317 3478 Ecclesia
334 3417 532 3465 concitavit,
554 3428 588 3458 et
601 3423 684 3462 inde
699 3424 918 3474 Theophilus
933 3439 1056 3467 ansam
1073 3433 1223 3478 arripuit

167 3475 200 3504 ut
224 3471 255 3508 in
284 3473 570 3522 Chrysostomum
601 3487 754 3524 saeviret.
782 3489 914 3526 Verum
943 3501 1001 3528 res
1031 3492 1085 3529 est
1116 3495 1222 3532 altius

167 3535 361 3576 repetenda.

209 3592 328 3662 Narrat
349 3601 522 3643 Palladius
551 3607 709 3652 (Pallad.
733 3623 768 3658 ν.
790 3613 836 3650 50
854 3620 884 3649 et
909 3616 1014 3662 δίη),
1046 3615 1218 3656 lsidornm

167 3660 342 3726 quemdam
371 3666 612 3716 presbyterum
645 3660 991 3720 octogenariumpa
1022 3678 1220 3726 Theoplilo

167 3715 392 3760 Alexandrino
412 3732 560 3774 prmsule
587 3733 706 3781 inique
736 3744 915 3781 vexatura,
951 3738 995 3775 ad
1025 3743 1220 3780 monachos

167 3783 289 3844 tuentis
316 3785 433 3827 Nitrim
464 3794 680 3843 confugisse.
711 3797 950 3846 Theophilum
982 3812 1082 3845 vero,
1113 3815 1218 3851 quem

167 3847 237 3883 Ipse
255 3851 290 3880 nt
303 3852 456 3889 omnium
476 3856 705 3894 vaferrimum
727 3867 761 3896 et
781 3861 1072 3900 scelestissimnm
1091 3865 1218 3914 depin-

168 3908 225 3947 κη,
249 3916 281 3941 tn
297 3914 486 3953 monachos
508 3919 587 3956 illos
607 3922 778 3969 s;cviissc,
806 3924 1025 3973 jnssisscqne
1043 3929 1215 3976 quosdam

2323 236 2394 275 190

1317 323 1338 350 e
1357 312 1537 360 primariis
1563 322 1607 349 ex
1636 311 1807 350 interiore
1825 322 1948 350 eremo
1968 312 2114 361 depelli.
2133 313 2184 350 llli
2211 324 2296 351 vero
2315 325 2396 352 mo-

1316 372 1422 409 nachi
1445 382 1527 408 cum
1558 373 1750 410 Ammonio
1767 375 1938 420 quodam,
1960 376 2038 412 viro
2057 375 2249 422 grandaeva
2275 382 2310 414 et
2329 387 2394 414 ve-

1317 435 1484 479 nerabili,
1505 434 1742 482 Theophilum
1762 436 1908 478 adeunt,
1931 443 1966 473 et
1985 447 2055 484 qua
2071 437 2116 475 de
2130 449 2238 476 causa
2259 439 2395 486 pellan-

1316 502 1374 533 tur
1399 503 1550 544 rogant;
1581 502 1654 532 tum
1689 496 1748 533 ille
1781 498 2012 534 Ammonium
2042 499 2156 546 plagis
2186 494 2326 546 onerat,
2357 508 2394 538 et

1315 559 1512 596 monachos
1531 559 1633 606 quasi
1659 559 1825 606 Origenis
1853 560 2038 598 erroribus
2064 563 2216 600 infectos
2236 565 2394 612 repellit.

1316 621 1376 658 Illi.
1389 631 1475 659 vero
1492 621 1536 658 ad
1558 621 1697 659 Montes
1724 621 1893 667 redeunt,
1910 629 1947 659 et
1967 625 2202 662 monasticam
2223 628 2333 664 vitam
2354 635 2394 666 ut

1314 684 1412 731 prius
1442 690 1626 722 exercent.
1659 684 1761 721 Tunc
1793 683 2016 732 Theophilus
2051 686 2234 725 advocatis
2266 691 2394 727 vicinis

1313 745 1490 792 episcopis
1516 744 1700 794 Synodmn
1728 745 1900 790 celebrat,
1930 745 2127 784 monachos
2157 758 2226 785 nec
2252 751 2394 788 auditos

1311 806 1482 852 damnat;
1513 813 1584 844 tres
1609 817 1694 844 vero
1717 817 1760 844 ex
1783 808 1985 854 praecipuis,
2013 819 2168 856 quorum
2195 821 2288 848 unus
2306 814 2394 850 Am-

1313 869 1455 906 monius
1473 876 1564 913 erat,
1587 870 1888 906 excommunicat.
1906 870 2012 906 Mittit
2026 871 2085 918 qui
2107 873 2304 910 monachos
2322 877 2396 920 pel-

1312 931 1386 968 lant
1403 942 1449 968 ex
1468 931 1568 969 cellis
1587 939 1622 968 el
1644 933 1872 970 tltOtIaslul'iiS
1894 935 1982 970 suis.
2000 933 2054 970 Illi
2071 945 2156 972 vero
2177 936 2210 972 in
2233 937 2395 974 l’ala-sti-

1313 1003 1393 1029 natn
1417 993 1570 1040 primtun
1589 995 1735 1041 profecti
1755 1002 1851 1032 sunt.

1361 1057 1446 1094 lude
1456 1068 1542 1094 vero
1560 1057 1898 1104 Constantimqiolin
1919 1067 2108 1105 venerunt,
2135 1062 2194 1098 ubi
2215 1063 2388 1110 quinqua-

1311 1119 1408 1165 ginta
1440 1129 1590 1156 numero
1622 1120 1666 1156 ad
1687 1119 1836 1156 Joannis
1868 1123 2030 1169 episcopi
2066 1135 2180 1170 genua
2213 1127 2393 1172 provoluti

1310 1187 1454 1226 rogant,
1485 1192 1524 1218 se
1553 1193 1634 1218 cum
1666 1183 1868 1230 Tlieopbilo
1896 1186 2066 1232 episcopo
2101 1189 2324 1234 reconciliet,
2357 1199 2394 1227 ut

1311 1250 1453 1281 montes
1472 1251 1507 1281 et
1525 1244 1600 1281 loca
1619 1255 1682 1281 sua
1701 1251 1869 1292 repetere
1890 1248 2025 1293 pttSsiltl
2045 1261 2052 1284 :
2071 1250 2226 1296 alioquin
2247 1263 2333 1289 vero
2354 1264 2394 1290 se

1311 1305 1566 1353 Imperatorem
1596 1307 1780 1352 adituros,
1817 1315 1855 1346 ut
1888 1320 1998 1356 prava
2031 1312 2124 1348 illitis
2158 1314 2191 1350 in
2223 1315 2394 1353 Ecclesia:

1309 1368 1566 1405 contumeliam
1596 1369 1753 1406 facinora
1773 1379 1968 1418 exponant.
1997 1372 2087 1408 Tum
2109 1373 2393 1423 Chrysostomus

1309 1429 1392 1466 illos
1423 1430 1578 1468 libenter
1607 1433 1762 1479 excepit,
1797 1440 1908 1480 seque
1940 1434 2140 1482 Theophilo
2173 1437 2393 1484 scripturum

1310 1493 1490 1540 pollicitus
1508 1500 1562 1531 est
1600 1495 1652 1532 De
1672 1502 1804 1532 ett-tero
1825 1497 2024 1536 monachos
2046 1499 2140 1544 illos,
2163 1501 2224 1548 qui
2247 1500 2393 1539 Fratres

1312 1556 1424 1604 Longi
1445 1568 1462 1593 a
1481 1565 1617 1595 statura
1643 1566 1830 1604 vocantur,
1865 1563 2004 1599 mauult
2027 1568 2065 1599 ut
2082 1573 2157 1600 rem
2176 1564 2320 1602 silentio
2339 1571 2392 1603 te-

1309 1625 1449 1665 gerent,
1466 1619 1581 1657 donec
1599 1621 1684 1668 quid
1703 1621 1736 1657 in
1755 1628 1875 1660 mente
1891 1623 2038 1661 haberet
2055 1625 2278 1672 Theophilus
2292 1638 2393 1665 com-

1311 1681 1513 1726 perissent:
1537 1682 1730 1728 hospitium
1757 1690 1876 1721 antem
1897 1685 1970 1722 illis
1997 1686 2194 1734 assignavit
2216 1688 2251 1724 in
2272 1690 2390 1727 ecclev

1306 1742 1385 1786 sia,
1423 1754 1502 1790 qua:
1538 1744 1725 1780 Anastasia
1767 1746 1974 1782 vocabatur.
2011 1747 2065 1784 Ad
2103 1749 2233 1786 victum
2270 1757 2390 1788 autem

1307 1804 1511 1840 necessaria
1529 1805 1614 1851 ipsis
1626 1806 1906 1852 suppeditabant
1925 1808 2096 1847 mulieres
2114 1811 2278 1858 quaedam
2301 1815 2386 1848 reli—

1305 1867 1439 1912 giosae;
1477 1868 1543 1916 ipsi
1571 1879 1713 1916 quaque
1741 1871 1905 1907 nonnihil
1939 1873 2174 1910 conferebant
2205 1885 2250 1911 ex
2281 1886 2391 1922 opere

1303 1940 1485 1966 manuum.
1523 1931 1636 1968 Erant
1655 1937 1738 1968 tunc
1763 1931 2076 1982 Constantinopoli
2105 1937 2248 1984 quidam
2271 1937 2390 1975 Theo-

1303 1991 1393 2039 phili
1413 1989 1552 2036 clerici,
1577 1993 1655 2040 ejus
1678 1995 1819 2042 negotia
1846 2003 2026 2042 gerentes.
2051 1997 2114 2035 His
2133 2000 2258 2036 accitis
2277 1999 2388 2036 Joan-

1302 2065 1366 2090 nes
1386 2062 1614 2102 percontatus
1631 2063 1699 2100 est,
1716 2067 1760 2093 an
1780 2057 1976 2094 monachos
1995 2059 2082 2095 istos
2102 2069 2262 2098 nossent.
2282 2061 2333 2098 Ilii
2348 2073 2392 2100 se

1301 2116 1414 2164 probe
1435 2118 1514 2154 illos
1536 2119 1680 2156 novisse
1709 2119 1890 2165 dixerunt,
1921 2126 1959 2157 et
1981 2121 2188 2159 violentiam
2220 2133 2386 2171 magnam

1303 2189 1494 2226 perpessos
1519 2190 1598 2217 esse
1629 2181 1712 2218 faSsi
1743 2189 1839 2218 sunt.
1864 2183 1914 2220 De
1943 2190 2076 2221 cmtero
2103 2185 2278 2223 Joannem
2306 2197 2386 2224 mo-

1302 2250 1426 2284 nuere.
1451 2248 1489 2276 ut
1516 2253 1560 2278 ne
1589 2242 1670 2278 illos
1697 2243 1740 2279 ad
1769 2245 2062 2283 communionem
2085 2247 2306 2293 admitteret,
2340 2261 2387 2288 ne

1301 2299 1540 2347 Theophilum
1567 2305 1826 2348 exacerbarct;
1861 2317 1941 2343 cum
1976 2308 2045 2344 illis
2075 2316 2192 2347 tamen
2229 2312 2386 2360 benigne

1300 2371 1436 2412 ageret,
1458 2373 1496 2402 ut
1509 2366 1660 2403 decebat
1674 2367 1898 2414 episcopum.

1349 2428 1410 2464 Sic
1434 2427 1592 2464 Joannes
1619 2429 1700 2465 illos
1722 2429 1768 2465 ad
1797 2431 2089 2468 communionem
2118 2444 2189 2469 nou
2215 2435 2383 2480 admisit;

1299 2491 1364 2528 sed
1398 2491 1442 2528 ad
1472 2491 1712 2539 Theophilum
1750 2493 1907 2540 scripsit,
1946 2505 1986 2531 se
2021 2495 2132 2532 filium
2167 2506 2203 2534 ct
2237 2501 2384 2536 fratrem

1300 2553 1412 2600 ipsius
1431 2553 1570 2598 dicens,
1591 2565 1722 2602 rogans
1743 2555 1823 2591 illos
1842 2555 1989 2593 demum
2009 2557 2218 2596 admitteret
2247 2567 2282 2596 et
2312 2571 2385 2597 arn-

1301 2615 1529 2660 plecteretttr.
1548 2615 1584 2652 ld
1605 2616 1748 2664 negavit
1766 2617 2014 2664 Theophilus;
2037 2618 2099 2655 sed
2121 2620 2296 2666 quosdam
2319 2622 2386 2659 trti-

1299 2678 1346 2712 sit
1362 2677 1404 2714 ad
1427 2679 1672 2715 contentiosas
1692 2680 1884 2716 verborum
1912 2691 2048 2728 pugnas
2073 2683 2302 2727 exercitatos,
2324 2686 2385 2732 qui

1299 2740 1458 2777 libellum
1479 2751 1625 2787 precum
1643 2741 1771 2778 Joanni
1792 2741 1934 2786 darent,
1963 2744 2160 2782 mendaciis
2179 2751 2214 2782 et
2243 2746 2384 2782 calum-

1298 2802 1369 2838 niis
1381 2802 1554 2840 adversus
1573 2803 1770 2840 monachos
1794 2804 2056 2850 plenissimum,
2079 2813 2116 2842 ut
2138 2807 2304 2844 monachi
2333 2809 2384 2845 illi

1299 2865 1334 2901 in
1367 2865 1503 2902 Palatio
1522 2866 1622 2913 quasi
1645 2866 1926 2913 praestigiatores
1946 2867 2058 2915 digito
2078 2875 2381 2908 monstrarentur.

1297 2927 1462 2966 Monachi
1481 2939 1583 2972 vero,
1600 2935 1638 2965 ut
1659 2930 1826 2966 viderunt
1846 2929 1982 2966 nullam
2004 2931 2070 2968 sibi
2093 2931 2284 2979 Theophili
2305 2935 2382 2980 pla-

1297 2991 1402 3028 candi
1431 2991 1525 3028 viam
1561 3001 1765 3038 superesse,
1799 3001 1839 3029 se
1869 2999 2012 3038 paratos
2038 3003 2120 3030 esse
2145 2994 2306 3031 dicentes
2337 2997 2383 3033 ad

1297 3065 1441 3091 omnem
1462 3054 1590 3092 falsam
1611 3055 1812 3092 doctrinam
1832 3055 2214 3100 anathematizandam;
2243 3059 2382 3106 suppli-

1296 3127 1356 3154 ces
1389 3117 1530 3154 libellos
1557 3117 1688 3155 Joanni
1716 3117 1886 3162 oﬂ'erunt,
1919 3119 1976 3156 ubi
2004 3119 2194 3167 Theophili
2221 3123 2382 3170 tyranni-

1296 3179 1378 3216 dem
1406 3180 1528 3217 multis
1554 3181 1823 3228 exprimebant,
1849 3181 1992 3229 aliaque
2021 3183 2276 3232 adjungehant,
2299 3197 2380 3233 qua.

1298 3243 1433 3281 referre
1462 3243 1606 3291 pudeat.
1637 3244 1729 3281 Tum
1757 3243 1917 3282 Joannes
1935 3251 1971 3283 ct
1992 3257 2056 3293 per
2082 3257 2121 3285 se
2152 3255 2188 3286 et
2207 3259 2270 3297 per
2289 3250 2378 3288 alios

1295 3309 1484 3356 episcopos
1500 3308 1665 3345 hortatur
1682 3309 1764 3346 illos
1783 3315 1821 3346 ut
1841 3310 1922 3346 talia
1939 3309 1986 3348 de
2005 3311 2206 3360 'l‘heophilo
2221 3315 2382 3352 scribere

1295 3371 1476 3417 desinant,
1498 3378 1670 3420 quantum
1693 3372 1776 3410 hinc
1808 3373 1893 3410 mali
1918 3383 2224 3423 conscquuturum
2249 3379 2296 3416 sit
2315 3379 2380 3415 tle-

1295 3434 1437 3471 clarans
1454 3446 1462 3469 :
1483 3433 1755 3482 Theophiloquc
1773 3436 1961 3484 rescripsit
1979 3448 2131 3476 narrans
2147 3439 2195 3476 illi
2213 3449 2378 3487 quaenam

1295 3498 1462 3534 monachi
1496 3497 1541 3535 de
1571 3499 1650 3545 ipso
1681 3498 1898 3546 proferrent,
1931 3501 2202 3549 testificansque
2231 3512 2270 3538 sc
2298 3501 2378 3536 illos

1297 3559 1431 3597 frustra
1465 3560 1648 3597 hortatum
1683 3571 1764 3599 esse
1799 3569 1837 3600 ut
1867 3562 2178 3610 Constantinopoli
2211 3561 2370 3598 discede-

1295 3630 1396 3668 rent;
1430 3631 1601 3662 cacterum
1631 3635 1710 3672 qua:
1741 3626 1808 3663 sibi
1840 3627 2012 3674 expedire
2046 3625 2254 3661 viderentur
2288 3621 2376 3658 indi-

1293 3693 1402 3723 caret.

1341 3749 1561 3796 Theophilus
1579 3762 1677 3794 vero,
1699 3752 1758 3799 qui
1780 3751 1910 3788 Joanni
1931 3756 2000 3786 tam
2019 3747 2218 3787 moderato.
2237 3745 2320 3790 quin
2342 3752 2378 3782 ει

1290 3811 1408 3847 amico
1424 3811 1545 3848 animo
1563 3822 1685 3850 secum
1703 3812 1837 3860 agenti,
1857 3812 2007 3857 gratiam
2030 3807 2164 3842 habere
2183 3806 2318 3851 debuit,
2340 3807 2375 3843 in

1295 3871 1450 3910 lnrorcm
1481 3880 1598 3918 actus,
1629 3875 1751 3910 statim
1783 3873 1828 3908 ab
1849 3871 2008 3907 Ecclesia
2041 3868 2198 3905 excludit
2227 3867 2376 3905 Diosco-

1295 3943 1373 3970 l'Utll
1396 3935 1619 3982 episcopum,
1643 3944 1752 3981 quem
1775 3939 1878 3969 vocat
1905 3929 2100 3974 Palladius,
2124 3928 2272 3966 fratrem
2300 3939 2378 3967 mo-
