  <div class='ocr_page' id='page_1' title='image "/cluster/home/n/w/nwhite01/storage/ocr_20150623/47/hvd.32044073501884/193.png"; bbox 0 0 2694 4342; ppageno 0'>
   <div class='ocr_carea' id='block_1_1' title="bbox 320 232 2508 288">
    <p class='ocr_par' dir='ltr' id='par_1_1' title="bbox 320 232 2508 288">
     <span class='ocr_line' id='line_1_1' title="bbox 320 232 2508 288; baseline -0.004 0"><span class='ocrx_word' id='word_1_1' title='bbox 320 251 379 288; x_wconf 67' lang='grc'><strong>191</strong></span> <span class='ocrx_word' id='word_1_2' title='bbox 1063 236 1101 270; x_wconf 88' lang='lat' dir='ltr'><strong>S.</strong></span> <span class='ocrx_word' id='word_1_3' title='bbox 1129 235 1317 273; x_wconf 19' lang='lat' dir='ltr'><strong>JOAN‘NlS</strong></span> <span class='ocrx_word' id='word_1_4' title='bbox 1343 232 1664 272; x_wconf 76' lang='lat' dir='ltr'><strong>CllRYSOSTOMI</strong></span> <span class='ocrx_word' id='word_1_5' title='bbox 1694 233 1817 281; x_wconf 81' lang='lat' dir='ltr'><strong>VITA,</strong></span> <span class='ocrx_word' id='word_1_6' title='bbox 2455 241 2508 279; x_wconf 64' lang='grc'><strong>152</strong></span> 
     </span>
    </p>
   </div>
   <div class='ocr_carea' id='block_1_2' title="bbox 319 312 1394 368">
    <p class='ocr_par' dir='ltr' id='par_1_2' title="bbox 319 312 1394 368">
     <span class='ocr_line' id='line_1_2' title="bbox 319 312 1394 368; baseline -0.017 -4"><span class='ocrx_word' id='word_1_7' title='bbox 319 327 530 368; x_wconf 87' lang='lat' dir='ltr'><strong>nachorum,</strong></span> <span class='ocrx_word' id='word_1_8' title='bbox 551 321 610 368; x_wconf 88' lang='lat' dir='ltr'><strong>qui</strong></span> <span class='ocrx_word' id='word_1_9' title='bbox 640 322 674 356; x_wconf 90' lang='lat' dir='ltr'><strong>in</strong></span> <span class='ocrx_word' id='word_1_10' title='bbox 706 317 868 356; x_wconf 80' lang='lat' dir='ltr'><strong>Ecclesia</strong></span> <span class='ocrx_word' id='word_1_11' title='bbox 895 321 1078 356; x_wconf 80' lang='lat' dir='ltr'><strong>senucrat,</strong></span> <span class='ocrx_word' id='word_1_12' title='bbox 1105 313 1286 350; x_wconf 81' lang='lat' dir='ltr'><strong>etJoauni</strong></span> <span class='ocrx_word' id='word_1_13' title='bbox 1319 312 1394 358; x_wconf 87' lang='lat' dir='ltr'><strong>cpi-</strong></span> 
     </span>
    </p>
   </div>
   <div class='ocr_carea' id='block_1_3' title="bbox 317 377 1398 436">
    <p class='ocr_par' dir='ltr' id='par_1_3' title="bbox 317 377 1398 436">
     <span class='ocr_line' id='line_1_3' title="bbox 317 377 1398 436; baseline -0.016 -9"><span class='ocrx_word' id='word_1_14' title='bbox 317 399 428 436; x_wconf 76' lang='lat' dir='ltr'><strong>scopo</strong></span> <span class='ocrx_word' id='word_1_15' title='bbox 447 387 524 423; x_wconf 65' lang='lat' dir='ltr'><strong>haec</strong></span> <span class='ocrx_word' id='word_1_16' title='bbox 543 383 668 420; x_wconf 85' lang='lat' dir='ltr'><strong>scribit</strong></span> <span class='ocrx_word' id='word_1_17' title='bbox 691 395 700 419; x_wconf 92' lang='lat'><strong>:</strong></span> <span class='ocrx_word' id='word_1_18' title='bbox 723 381 879 418; x_wconf 76' lang='lat' dir='ltr'><strong>Arbitror</strong></span> <span class='ocrx_word' id='word_1_19' title='bbox 907 379 1062 427; x_wconf 81' lang='lat' dir='ltr'><strong>equidem</strong></span> <span class='ocrx_word' id='word_1_20' title='bbox 1091 388 1160 413; x_wconf 85' lang='lat' dir='ltr'><strong>non</strong></span> <span class='ocrx_word' id='word_1_21' title='bbox 1189 377 1350 424; x_wconf 84' lang='lat' dir='ltr'><strong>ignorare</strong></span> <span class='ocrx_word' id='word_1_22' title='bbox 1366 381 1398 410; x_wconf 85' lang='lat' dir='ltr'><strong>te</strong></span> 
     </span>
    </p>
   </div>
   <div class='ocr_carea' id='block_1_4' title="bbox 325 437 1397 489">
    <p class='ocr_par' dir='ltr' id='par_1_4' title="bbox 325 437 1397 489">
     <span class='ocr_line' id='line_1_4' title="bbox 325 437 1397 489; baseline -0.014 -3"><span class='ocrx_word' id='word_1_23' title='bbox 325 461 485 489; x_wconf 65' lang='lat' dir='ltr'><strong>rationum</strong></span> <span class='ocrx_word' id='word_1_24' title='bbox 505 447 728 484; x_wconf 68' lang='lat' dir='ltr'><strong>Nicanorum</strong></span> <span class='ocrx_word' id='word_1_25' title='bbox 749 445 935 487; x_wconf 83' lang='lat' dir='ltr'><strong>decretum,</strong></span> <span class='ocrx_word' id='word_1_26' title='bbox 957 452 1022 489; x_wconf 89' lang='lat' dir='ltr'><strong>quo</strong></span> <span class='ocrx_word' id='word_1_27' title='bbox 1053 440 1218 483; x_wconf 79' lang='lat' dir='ltr'><strong>sancitur,</strong></span> <span class='ocrx_word' id='word_1_28' title='bbox 1252 448 1296 474; x_wconf 84' lang='lat' dir='ltr'><strong>ne</strong></span> <span class='ocrx_word' id='word_1_29' title='bbox 1325 437 1397 483; x_wconf 81' lang='lat' dir='ltr'><strong>epi-</strong></span> 
     </span>
    </p>
   </div>
   <div class='ocr_carea' id='block_1_5' title="bbox 317 501 1395 559">
    <p class='ocr_par' dir='ltr' id='par_1_5' title="bbox 317 501 1395 559">
     <span class='ocr_line' id='line_1_5' title="bbox 317 501 1395 559; baseline -0.015 -10"><span class='ocrx_word' id='word_1_30' title='bbox 317 524 440 559; x_wconf 71' lang='lat' dir='ltr'><strong>rrapns</strong></span> <span class='ocrx_word' id='word_1_31' title='bbox 457 510 550 547; x_wconf 81' lang='lat' dir='ltr'><strong><em>litem</em></strong></span> <span class='ocrx_word' id='word_1_32' title='bbox 570 515 666 546; x_wconf 71' lang='lat' dir='ltr'><strong>extra</strong></span> <span class='ocrx_word' id='word_1_33' title='bbox 684 508 770 554; x_wconf 77' lang='lat' dir='ltr'><strong>ﬁnes</strong></span> <span class='ocrx_word' id='word_1_34' title='bbox 789 517 868 542; x_wconf 77' lang='lat' dir='ltr'><strong>suos</strong></span> <span class='ocrx_word' id='word_1_35' title='bbox 883 505 1015 553; x_wconf 73' lang='lat' dir='ltr'><strong>judice:</strong></span> <span class='ocrx_word' id='word_1_36' title='bbox 1035 503 1089 540; x_wconf 85' lang='lat' dir='ltr'><strong>:si</strong></span> <span class='ocrx_word' id='word_1_37' title='bbox 1109 508 1223 538; x_wconf 81' lang='lat' dir='ltr'><strong>autem</strong></span> <span class='ocrx_word' id='word_1_38' title='bbox 1242 501 1395 547; x_wconf 84' lang='lat' dir='ltr'><strong>ignoras,</strong></span> 
     </span>
    </p>
   </div>
   <div class='ocr_carea' id='block_1_6' title="bbox 319 559 1400 615">
    <p class='ocr_par' dir='ltr' id='par_1_6' title="bbox 319 559 1400 615">
     <span class='ocr_line' id='line_1_6' title="bbox 319 559 1400 615; baseline -0.014 -6"><span class='ocrx_word' id='word_1_39' title='bbox 319 575 422 615; x_wconf 73' lang='lat' dir='ltr'><strong>disce,</strong></span> <span class='ocrx_word' id='word_1_40' title='bbox 444 579 474 609; x_wconf 82' lang='lat' dir='ltr'><strong>ct</strong></span> <span class='ocrx_word' id='word_1_41' title='bbox 492 583 513 607; x_wconf 93' lang='lat' dir='ltr'><strong>a</strong></span> <span class='ocrx_word' id='word_1_42' title='bbox 534 571 656 608; x_wconf 81' lang='lat' dir='ltr'><strong>libellis</strong></span> <span class='ocrx_word' id='word_1_43' title='bbox 674 568 836 605; x_wconf 78' lang='lat' dir='ltr'><strong>adversus</strong></span> <span class='ocrx_word' id='word_1_44' title='bbox 854 578 907 602; x_wconf 86' lang='lat' dir='ltr'><strong>me</strong></span> <span class='ocrx_word' id='word_1_45' title='bbox 923 565 1065 602; x_wconf 84' lang='lat' dir='ltr'><strong>abstine.</strong></span> <span class='ocrx_word' id='word_1_46' title='bbox 1088 563 1181 600; x_wconf 87' lang='lat' dir='ltr'><strong>Nam</strong></span> <span class='ocrx_word' id='word_1_47' title='bbox 1202 563 1232 598; x_wconf 82' lang='lat' dir='ltr'><strong>si</strong></span> <span class='ocrx_word' id='word_1_48' title='bbox 1246 559 1400 609; x_wconf 84' lang='lat' dir='ltr'><strong>judicari</strong></span> 
     </span>
    </p>
   </div>
   <div class='ocr_carea' id='block_1_7' title="bbox 318 626 1402 684">
    <p class='ocr_par' dir='ltr' id='par_1_7' title="bbox 318 626 1402 684">
     <span class='ocr_line' id='line_1_7' title="bbox 318 626 1402 684; baseline -0.015 -10"><span class='ocrx_word' id='word_1_49' title='bbox 318 649 372 674; x_wconf 80' lang='lat' dir='ltr'><strong>me</strong></span> <span class='ocrx_word' id='word_1_50' title='bbox 385 641 566 684; x_wconf 84' lang='lat' dir='ltr'><strong>oporteret,</strong></span> <span class='ocrx_word' id='word_1_51' title='bbox 584 633 624 670; x_wconf 86' lang='lat' dir='ltr'><strong>ab</strong></span> <span class='ocrx_word' id='word_1_52' title='bbox 638 632 818 681; x_wconf 80' lang='lat' dir='ltr'><strong>/Egypliis</strong></span> <span class='ocrx_word' id='word_1_53' title='bbox 833 629 999 676; x_wconf 75' lang='lat' dir='ltr'><strong>episcopis</strong></span> <span class='ocrx_word' id='word_1_54' title='bbox 1007 626 1219 676; x_wconf 82' lang='lat' dir='ltr'><strong>judicandus</strong></span> <span class='ocrx_word' id='word_1_55' title='bbox 1231 635 1320 666; x_wconf 84' lang='lat' dir='ltr'><strong>sum,</strong></span> <span class='ocrx_word' id='word_1_56' title='bbox 1333 634 1402 659; x_wconf 85' lang='lat' dir='ltr'><strong>non</strong></span> 
     </span>
    </p>
   </div>
   <div class='ocr_carea' id='block_1_8' title="bbox 318 686 1400 746">
    <p class='ocr_par' dir='ltr' id='par_1_8' title="bbox 318 686 1400 746">
     <span class='ocr_line' id='line_1_8' title="bbox 318 686 1400 746; baseline -0.013 -9"><span class='ocrx_word' id='word_1_57' title='bbox 318 711 340 736; x_wconf 89' lang='lat' dir='ltr'><strong>a</strong></span> <span class='ocrx_word' id='word_1_58' title='bbox 363 707 405 742; x_wconf 79' lang='lat' dir='ltr'><strong>te,</strong></span> <span class='ocrx_word' id='word_1_59' title='bbox 426 699 484 746; x_wconf 85' lang='lat' dir='ltr'><strong>qui</strong></span> <span class='ocrx_word' id='word_1_60' title='bbox 511 697 724 746; x_wconf 79' lang='lat' dir='ltr'><strong>septuaginta</strong></span> <span class='ocrx_word' id='word_1_61' title='bbox 743 695 891 743; x_wconf 85' lang='lat' dir='ltr'><strong>quinque</strong></span> <span class='ocrx_word' id='word_1_62' title='bbox 911 693 1042 729; x_wconf 85' lang='lat' dir='ltr'><strong>dierum</strong></span> <span class='ocrx_word' id='word_1_63' title='bbox 1067 691 1188 727; x_wconf 82' lang='lat' dir='ltr'><strong>itinere</strong></span> <span class='ocrx_word' id='word_1_64' title='bbox 1207 689 1286 725; x_wconf 77' lang='lat' dir='ltr'><strong>hinc</strong></span> <span class='ocrx_word' id='word_1_65' title='bbox 1308 686 1400 723; x_wconf 82' lang='lat' dir='ltr'><strong>abes.</strong></span> 
     </span>
    </p>
   </div>
   <div class='ocr_carea' id='block_1_9' title="bbox 369 749 1401 804">
    <p class='ocr_par' dir='ltr' id='par_1_9' title="bbox 369 749 1401 804">
     <span class='ocr_line' id='line_1_9' title="bbox 369 749 1401 804; baseline -0.012 -6"><span class='ocrx_word' id='word_1_66' title='bbox 369 762 422 798; x_wconf 80' lang='lat' dir='ltr'><strong>Ex</strong></span> <span class='ocrx_word' id='word_1_67' title='bbox 445 761 500 797; x_wconf 97' lang='lat' dir='ltr'><strong>his</strong></span> <span class='ocrx_word' id='word_1_68' title='bbox 518 769 604 797; x_wconf 90' lang='lat' dir='ltr'><strong>vero</strong></span> <span class='ocrx_word' id='word_1_69' title='bbox 630 759 744 796; x_wconf 88' lang='lat' dir='ltr'><strong>literis</strong></span> <span class='ocrx_word' id='word_1_70' title='bbox 763 757 881 804; x_wconf 88' lang='lat' dir='ltr'><strong>palam</strong></span> <span class='ocrx_word' id='word_1_71' title='bbox 911 762 966 792; x_wconf 87' lang='lat' dir='ltr'><strong>est</strong></span> <span class='ocrx_word' id='word_1_72' title='bbox 987 765 1112 792; x_wconf 91' lang='lat' dir='ltr'><strong>verum</strong></span> <span class='ocrx_word' id='word_1_73' title='bbox 1141 761 1223 790; x_wconf 86' lang='lat' dir='ltr'><strong>esse</strong></span> <span class='ocrx_word' id='word_1_74' title='bbox 1254 750 1290 787; x_wconf 92' lang='lat' dir='ltr'><strong>id</strong></span> <span class='ocrx_word' id='word_1_75' title='bbox 1306 749 1401 797; x_wconf 86' lang='lat' dir='ltr'><strong>quod</strong></span> 
     </span>
    </p>
   </div>
   <div class='ocr_carea' id='block_1_10' title="bbox 322 814 1405 869">
    <p class='ocr_par' dir='ltr' id='par_1_10' title="bbox 322 814 1405 869">
     <span class='ocr_line' id='line_1_10' title="bbox 322 814 1405 869; baseline -0.013 -7"><span class='ocrx_word' id='word_1_76' title='bbox 322 825 491 862; x_wconf 88' lang='lat' dir='ltr'><strong>Socrates</strong></span> <span class='ocrx_word' id='word_1_77' title='bbox 521 821 630 859; x_wconf 87' lang='lat' dir='ltr'><strong>refert</strong></span> <span class='ocrx_word' id='word_1_78' title='bbox 664 820 780 869; x_wconf 87' lang='lat' dir='ltr'><strong>(Socr.</strong></span> <span class='ocrx_word' id='word_1_79' title='bbox 803 819 828 855; x_wconf 84' lang='grc' dir='ltr'>ι.</span> <span class='ocrx_word' id='word_1_80' title='bbox 855 819 888 855; x_wconf 83' lang='lat'><strong>6.</strong></span> <span class='ocrx_word' id='word_1_81' title='bbox 910 830 941 854; x_wconf 79' lang='grc' dir='ltr'><em>ε.</em></span> <span class='ocrx_word' id='word_1_82' title='bbox 962 817 1016 864; x_wconf 83' lang='grc'><strong>9),</strong></span> <span class='ocrx_word' id='word_1_83' title='bbox 1040 825 1169 862; x_wconf 83' lang='lat' dir='ltr'><strong><em>nempe</em></strong></span> <span class='ocrx_word' id='word_1_84' title='bbox 1196 814 1323 850; x_wconf 89' lang='lat' dir='ltr'><strong>falsum</strong></span> <span class='ocrx_word' id='word_1_85' title='bbox 1345 822 1405 848; x_wconf 91' lang='lat' dir='ltr'><strong>ru-</strong></span> 
     </span>
    </p>
   </div>
   <div class='ocr_carea' id='block_1_11' title="bbox 329 873 1405 929">
    <p class='ocr_par' dir='ltr' id='par_1_11' title="bbox 329 873 1405 929">
     <span class='ocr_line' id='line_1_11' title="bbox 329 873 1405 929; baseline -0.011 -7"><span class='ocrx_word' id='word_1_86' title='bbox 329 896 468 923; x_wconf 88' lang='lat' dir='ltr'><strong>morem</strong></span> <span class='ocrx_word' id='word_1_87' title='bbox 502 884 547 921; x_wconf 86' lang='lat' dir='ltr'><strong>ad</strong></span> <span class='ocrx_word' id='word_1_88' title='bbox 571 893 678 921; x_wconf 88' lang='lat' dir='ltr'><strong>aures</strong></span> <span class='ocrx_word' id='word_1_89' title='bbox 713 881 904 929; x_wconf 79' lang='lat' dir='ltr'><strong>Theophili</strong></span> <span class='ocrx_word' id='word_1_90' title='bbox 941 880 1117 928; x_wconf 89' lang='lat' dir='ltr'><strong>perlatum</strong></span> <span class='ocrx_word' id='word_1_91' title='bbox 1149 877 1274 919; x_wconf 90' lang='lat' dir='ltr'><strong>fuisse,</strong></span> <span class='ocrx_word' id='word_1_92' title='bbox 1308 873 1405 922; x_wconf 88' lang='lat' dir='ltr'><strong>quod</strong></span> 
     </span>
    </p>
   </div>
   <div class='ocr_carea' id='block_1_12' title="bbox 330 939 1404 996">
    <p class='ocr_par' dir='ltr' id='par_1_12' title="bbox 330 939 1404 996">
     <span class='ocr_line' id='line_1_12' title="bbox 330 939 1404 996; baseline -0.011 -11"><span class='ocrx_word' id='word_1_93' title='bbox 330 959 458 996; x_wconf 87' lang='lat' dir='ltr'><strong>nempe</strong></span> <span class='ocrx_word' id='word_1_94' title='bbox 476 948 634 985; x_wconf 80' lang='lat' dir='ltr'><strong>Joannes</strong></span> <span class='ocrx_word' id='word_1_95' title='bbox 654 947 735 983; x_wconf 87' lang='lat' dir='ltr'><strong>illos</strong></span> <span class='ocrx_word' id='word_1_96' title='bbox 756 945 800 981; x_wconf 88' lang='lat' dir='ltr'><strong>ad</strong></span> <span class='ocrx_word' id='word_1_97' title='bbox 821 954 921 980; x_wconf 78' lang='lat' dir='ltr'><strong>sacra</strong></span> <span class='ocrx_word' id='word_1_98' title='bbox 942 942 1160 984; x_wconf 87' lang='lat' dir='ltr'><strong>admisisset,</strong></span> <span class='ocrx_word' id='word_1_99' title='bbox 1181 945 1218 976; x_wconf 89' lang='lat' dir='ltr'><strong>et</strong></span> <span class='ocrx_word' id='word_1_100' title='bbox 1235 939 1280 975; x_wconf 90' lang='lat' dir='ltr'><strong>ad</strong></span> <span class='ocrx_word' id='word_1_101' title='bbox 1300 947 1404 984; x_wconf 88' lang='lat' dir='ltr'><strong>opem</strong></span> 
     </span>
    </p>
   </div>
   <div class='ocr_carea' id='block_1_13' title="bbox 328 999 1404 1056">
    <p class='ocr_par' dir='ltr' id='par_1_13' title="bbox 328 999 1404 1056">
     <span class='ocr_line' id='line_1_13' title="bbox 328 999 1404 1056; baseline -0.013 -8"><span class='ocrx_word' id='word_1_102' title='bbox 328 1013 398 1048; x_wconf 81' lang='lat' dir='ltr'><strong>illis</strong></span> <span class='ocrx_word' id='word_1_103' title='bbox 419 1010 606 1048; x_wconf 85' lang='lat' dir='ltr'><strong>ferendum</strong></span> <span class='ocrx_word' id='word_1_104' title='bbox 629 1015 776 1056; x_wconf 87' lang='lat' dir='ltr'><strong>paratus</strong></span> <span class='ocrx_word' id='word_1_105' title='bbox 793 1011 902 1043; x_wconf 84' lang='lat' dir='ltr'><strong>esset.</strong></span> <span class='ocrx_word' id='word_1_106' title='bbox 919 1003 1178 1050; x_wconf 80' lang='lat' dir='ltr'><strong>Quamobrem,</strong></span> <span class='ocrx_word' id='word_1_107' title='bbox 1199 1000 1313 1048; x_wconf 79' lang='lat' dir='ltr'><strong>pergit</strong></span> <span class='ocrx_word' id='word_1_108' title='bbox 1329 999 1404 1042; x_wconf 89' lang='lat' dir='ltr'><strong>ille,</strong></span> 
     </span>
    </p>
   </div>
   <div class='ocr_carea' id='block_1_14' title="bbox 323 1065 1408 1121">
    <p class='ocr_par' dir='ltr' id='par_1_14' title="bbox 323 1065 1408 1121">
     <span class='ocr_line' id='line_1_14' title="bbox 323 1065 1408 1121; baseline -0.013 -10"><span class='ocrx_word' id='word_1_109' title='bbox 323 1073 547 1121; x_wconf 79' lang='lat' dir='ltr'><strong>Theophilus</strong></span> <span class='ocrx_word' id='word_1_110' title='bbox 578 1078 675 1109; x_wconf 90' lang='lat' dir='ltr'><strong>totus</strong></span> <span class='ocrx_word' id='word_1_111' title='bbox 706 1071 740 1107; x_wconf 93' lang='lat' dir='ltr'><strong>in</strong></span> <span class='ocrx_word' id='word_1_112' title='bbox 772 1070 841 1107; x_wconf 90' lang='lat' dir='ltr'><strong>hoc</strong></span> <span class='ocrx_word' id='word_1_113' title='bbox 868 1069 978 1115; x_wconf 86' lang='lat' dir='ltr'><strong>coepit</strong></span> <span class='ocrx_word' id='word_1_114' title='bbox 1011 1065 1232 1108; x_wconf 83' lang='lat' dir='ltr'><strong>incumbere,</strong></span> <span class='ocrx_word' id='word_1_115' title='bbox 1267 1068 1304 1098; x_wconf 89' lang='lat' dir='ltr'><strong>ut</strong></span> <span class='ocrx_word' id='word_1_116' title='bbox 1336 1071 1408 1098; x_wconf 73' lang='lat' dir='ltr'><strong>non</strong></span> 
     </span>
    </p>
   </div>
   <div class='ocr_carea' id='block_1_15' title="bbox 323 1129 1408 1175">
    <p class='ocr_par' dir='ltr' id='par_1_15' title="bbox 323 1129 1408 1175">
     <span class='ocr_line' id='line_1_15' title="bbox 323 1129 1408 1175; baseline -0.014 0"><span class='ocrx_word' id='word_1_117' title='bbox 323 1138 432 1175; x_wconf 89' lang='lat' dir='ltr'><strong>modo</strong></span> <span class='ocrx_word' id='word_1_118' title='bbox 467 1137 677 1174; x_wconf 90' lang='lat' dir='ltr'><strong>Dioscorum</strong></span> <span class='ocrx_word' id='word_1_119' title='bbox 715 1139 752 1171; x_wconf 86' lang='lat' dir='ltr'><strong>et</strong></span> <span class='ocrx_word' id='word_1_120' title='bbox 783 1132 958 1169; x_wconf 76' lang='lat' dir='ltr'><strong>lsidorum</strong></span> <span class='ocrx_word' id='word_1_121' title='bbox 996 1129 1248 1170; x_wconf 89' lang='lat' dir='ltr'><strong>ulcisceretur,</strong></span> <span class='ocrx_word' id='word_1_122' title='bbox 1279 1134 1408 1162; x_wconf 87' lang='lat' dir='ltr'><strong>verum</strong></span> 
     </span>
    </p>
   </div>
   <div class='ocr_carea' id='block_1_16' title="bbox 326 1189 1410 1243">
    <p class='ocr_par' dir='ltr' id='par_1_16' title="bbox 326 1189 1410 1243">
     <span class='ocr_line' id='line_1_16' title="bbox 326 1189 1410 1243; baseline -0.013 -5"><span class='ocrx_word' id='word_1_123' title='bbox 326 1202 436 1238; x_wconf 87' lang='lat' dir='ltr'><strong>etiam</strong></span> <span class='ocrx_word' id='word_1_124' title='bbox 455 1200 630 1237; x_wconf 74' lang='lat' dir='ltr'><strong>Joannem</strong></span> <span class='ocrx_word' id='word_1_125' title='bbox 652 1209 694 1234; x_wconf 86' lang='lat' dir='ltr'><strong>cx</strong></span> <span class='ocrx_word' id='word_1_126' title='bbox 717 1195 913 1243; x_wconf 78' lang='lat' dir='ltr'><strong>episcopali</strong></span> <span class='ocrx_word' id='word_1_127' title='bbox 934 1193 1019 1230; x_wconf 85' lang='lat' dir='ltr'><strong>sede</strong></span> <span class='ocrx_word' id='word_1_128' title='bbox 1035 1191 1226 1239; x_wconf 82' lang='lat' dir='ltr'><strong>dejiceret.</strong></span> <span class='ocrx_word' id='word_1_129' title='bbox 1245 1189 1410 1235; x_wconf 79' lang='lat' dir='ltr'><strong>Misitque</strong></span> 
     </span>
    </p>
   </div>
   <div class='ocr_carea' id='block_1_17' title="bbox 325 1253 1410 1310">
    <p class='ocr_par' dir='ltr' id='par_1_17' title="bbox 325 1253 1410 1310">
     <span class='ocr_line' id='line_1_17' title="bbox 325 1253 1410 1310; baseline -0.013 -9"><span class='ocrx_word' id='word_1_130' title='bbox 325 1265 496 1310; x_wconf 88' lang='lat' dir='ltr'><strong>epistolas</strong></span> <span class='ocrx_word' id='word_1_131' title='bbox 516 1261 560 1298; x_wconf 89' lang='lat' dir='ltr'><strong>ad</strong></span> <span class='ocrx_word' id='word_1_132' title='bbox 592 1260 813 1308; x_wconf 78' lang='lat' dir='ltr'><strong>singularum</strong></span> <span class='ocrx_word' id='word_1_133' title='bbox 837 1258 1022 1294; x_wconf 88' lang='lat' dir='ltr'><strong>civitatum</strong></span> <span class='ocrx_word' id='word_1_134' title='bbox 1051 1256 1256 1302; x_wconf 89' lang='lat' dir='ltr'><strong>episcopos,</strong></span> <span class='ocrx_word' id='word_1_135' title='bbox 1285 1253 1410 1289; x_wconf 90' lang='lat' dir='ltr'><strong>consi-</strong></span> 
     </span>
    </p>
   </div>
   <div class='ocr_carea' id='block_1_18' title="bbox 329 1315 1412 1372">
    <p class='ocr_par' dir='ltr' id='par_1_18' title="bbox 329 1315 1412 1372">
     <span class='ocr_line' id='line_1_18' title="bbox 329 1315 1412 1372; baseline -0.01 -10"><span class='ocrx_word' id='word_1_136' title='bbox 329 1328 414 1363; x_wconf 87' lang='lat' dir='ltr'><strong>lium</strong></span> <span class='ocrx_word' id='word_1_137' title='bbox 435 1324 582 1372; x_wconf 82' lang='lat' dir='ltr'><strong>quidem</strong></span> <span class='ocrx_word' id='word_1_138' title='bbox 617 1333 720 1359; x_wconf 88' lang='lat' dir='ltr'><strong>smun</strong></span> <span class='ocrx_word' id='word_1_139' title='bbox 753 1319 953 1364; x_wconf 83' lang='lat' dir='ltr'><strong>occultans,</strong></span> <span class='ocrx_word' id='word_1_140' title='bbox 981 1319 1102 1367; x_wconf 82' lang='lat' dir='ltr'><strong>palam</strong></span> <span class='ocrx_word' id='word_1_141' title='bbox 1119 1327 1207 1355; x_wconf 79' lang='lat' dir='ltr'><strong>vero</strong></span> <span class='ocrx_word' id='word_1_142' title='bbox 1228 1317 1262 1352; x_wconf 93' lang='lat' dir='ltr'><strong>in</strong></span> <span class='ocrx_word' id='word_1_143' title='bbox 1290 1315 1334 1352; x_wconf 91' lang='lat' dir='ltr'><strong>iis</strong></span> <span class='ocrx_word' id='word_1_144' title='bbox 1352 1325 1412 1352; x_wconf 82' lang='lat' dir='ltr'><strong>re-</strong></span> 
     </span>
    </p>
   </div>
   <div class='ocr_carea' id='block_1_19' title="bbox 326 1377 1412 1437">
    <p class='ocr_par' dir='ltr' id='par_1_19' title="bbox 326 1377 1412 1437">
     <span class='ocr_line' id='line_1_19' title="bbox 326 1377 1412 1437; baseline -0.009 -14"><span class='ocrx_word' id='word_1_145' title='bbox 326 1388 558 1437; x_wconf 79' lang='lat' dir='ltr'><strong>prehendens</strong></span> <span class='ocrx_word' id='word_1_146' title='bbox 573 1387 686 1424; x_wconf 89' lang='lat' dir='ltr'><strong>libros</strong></span> <span class='ocrx_word' id='word_1_147' title='bbox 703 1385 882 1433; x_wconf 80' lang='lat' dir='ltr'><strong>Origenis,</strong></span> <span class='ocrx_word' id='word_1_148' title='bbox 899 1392 1050 1430; x_wconf 89' lang='lat' dir='ltr'><strong>quorum</strong></span> <span class='ocrx_word' id='word_1_149' title='bbox 1069 1387 1187 1417; x_wconf 88' lang='lat' dir='ltr'><strong>tamen</strong></span> <span class='ocrx_word' id='word_1_150' title='bbox 1205 1377 1412 1416; x_wconf 85' lang='lat' dir='ltr'><strong>testimonio</strong></span> 
     </span>
    </p>
   </div>
   <div class='ocr_carea' id='block_1_20' title="bbox 328 1441 1412 1490">
    <p class='ocr_par' dir='ltr' id='par_1_20' title="bbox 328 1441 1412 1490">
     <span class='ocr_line' id='line_1_20' title="bbox 328 1441 1412 1490; baseline -0.008 -2"><span class='ocrx_word' id='word_1_151' title='bbox 328 1454 388 1490; x_wconf 89' lang='lat' dir='ltr'><strong>diu</strong></span> <span class='ocrx_word' id='word_1_152' title='bbox 409 1459 492 1490; x_wconf 86' lang='lat' dir='ltr'><strong>ante</strong></span> <span class='ocrx_word' id='word_1_153' title='bbox 523 1452 622 1488; x_wconf 92' lang='lat' dir='ltr'><strong>illum</strong></span> <span class='ocrx_word' id='word_1_154' title='bbox 645 1449 864 1489; x_wconf 77' lang='lat' dir='ltr'><strong>Athanasius</strong></span> <span class='ocrx_word' id='word_1_155' title='bbox 890 1452 1015 1486; x_wconf 88' lang='lat' dir='ltr'><strong>coutra</strong></span> <span class='ocrx_word' id='word_1_156' title='bbox 1043 1445 1198 1482; x_wconf 83' lang='lat' dir='ltr'><strong>Arianos</strong></span> <span class='ocrx_word' id='word_1_157' title='bbox 1228 1453 1314 1480; x_wconf 91' lang='lat' dir='ltr'><strong>usus</strong></span> <span class='ocrx_word' id='word_1_158' title='bbox 1333 1441 1412 1480; x_wconf 84' lang='lat' dir='ltr'><strong>fuc-</strong></span> 
     </span>
    </p>
   </div>
   <div class='ocr_carea' id='block_1_21' title="bbox 329 1505 1414 1560">
    <p class='ocr_par' dir='ltr' id='par_1_21' title="bbox 329 1505 1414 1560">
     <span class='ocr_line' id='line_1_21' title="bbox 329 1505 1414 1560; baseline -0.012 -7"><span class='ocrx_word' id='word_1_159' title='bbox 329 1524 399 1554; x_wconf 86' lang='lat' dir='ltr'><strong>rat.</strong></span> <span class='ocrx_word' id='word_1_160' title='bbox 427 1517 513 1553; x_wconf 73' lang='lat' dir='ltr'><strong>llzec</strong></span> <span class='ocrx_word' id='word_1_161' title='bbox 542 1516 724 1557; x_wconf 75' lang='lat' dir='ltr'><strong>Socrates,</strong></span> <span class='ocrx_word' id='word_1_162' title='bbox 757 1513 912 1560; x_wconf 83' lang='lat' dir='ltr'><strong>idipsunt</strong></span> <span class='ocrx_word' id='word_1_163' title='bbox 945 1509 1020 1547; x_wconf 86' lang='lat' dir='ltr'><strong>fere</strong></span> <span class='ocrx_word' id='word_1_164' title='bbox 1049 1509 1272 1546; x_wconf 86' lang='lat' dir='ltr'><strong>Sozomenus</strong></span> <span class='ocrx_word' id='word_1_165' title='bbox 1307 1505 1414 1542; x_wconf 86' lang='lat' dir='ltr'><strong>habet</strong></span> 
     </span>
    </p>
   </div>
   <div class='ocr_carea' id='block_1_22' title="bbox 331 1575 862 1624">
    <p class='ocr_par' dir='ltr' id='par_1_22' title="bbox 331 1575 862 1624">
     <span class='ocr_line' id='line_1_22' title="bbox 331 1575 862 1624; baseline -0.006 -9"><span class='ocrx_word' id='word_1_166' title='bbox 331 1579 490 1624; x_wconf 71' lang='lat' dir='ltr'><strong>(Sozam.</strong></span> <span class='ocrx_word' id='word_1_167' title='bbox 515 1578 539 1614; x_wconf 84' lang='grc' dir='ltr'>ι.</span> <span class='ocrx_word' id='word_1_168' title='bbox 563 1577 598 1614; x_wconf 90' lang='lat'><strong>8.</strong></span> <span class='ocrx_word' id='word_1_169' title='bbox 619 1589 651 1614; x_wconf 78' lang='grc' dir='ltr'><strong>ε.</strong></span> <span class='ocrx_word' id='word_1_170' title='bbox 675 1577 720 1614; x_wconf 73' lang='grc'><strong>12</strong></span> <span class='ocrx_word' id='word_1_171' title='bbox 733 1583 764 1613; x_wconf 83' lang='lat' dir='ltr'><strong>et</strong></span> <span class='ocrx_word' id='word_1_172' title='bbox 786 1575 862 1624; x_wconf 83' lang='grc'><strong>15).</strong></span> 
     </span>
    </p>
   </div>
   <div class='ocr_carea' id='block_1_23' title="bbox 379 1631 1413 1686">
    <p class='ocr_par' dir='ltr' id='par_1_23' title="bbox 379 1631 1413 1686">
     <span class='ocr_line' id='line_1_23' title="bbox 379 1631 1413 1686; baseline -0.01 -8"><span class='ocrx_word' id='word_1_173' title='bbox 379 1641 536 1678; x_wconf 80' lang='lat' dir='ltr'><strong>Joannes</strong></span> <span class='ocrx_word' id='word_1_174' title='bbox 557 1651 640 1678; x_wconf 89' lang='lat' dir='ltr'><strong>vero</strong></span> <span class='ocrx_word' id='word_1_175' title='bbox 661 1645 808 1686; x_wconf 77' lang='lat' dir='ltr'><strong>accepta</strong></span> <span class='ocrx_word' id='word_1_176' title='bbox 833 1639 998 1684; x_wconf 86' lang='lat' dir='ltr'><strong>lectaque</strong></span> <span class='ocrx_word' id='word_1_177' title='bbox 1019 1635 1208 1682; x_wconf 78' lang='lat' dir='ltr'><strong>Theophili</strong></span> <span class='ocrx_word' id='word_1_178' title='bbox 1237 1631 1388 1681; x_wconf 88' lang='lat' dir='ltr'><strong>epistola</strong></span> <span class='ocrx_word' id='word_1_179' title='bbox 1404 1659 1413 1674; x_wconf 91' lang='lat'><strong>,</strong></span> 
     </span>
    </p>
   </div>
   <div class='ocr_carea' id='block_1_24' title="bbox 333 1695 1423 1751">
    <p class='ocr_par' dir='ltr' id='par_1_24' title="bbox 333 1695 1423 1751">
     <span class='ocr_line' id='line_1_24' title="bbox 333 1695 1423 1751; baseline -0.008 -12"><span class='ocrx_word' id='word_1_180' title='bbox 333 1714 544 1751; x_wconf 72' lang='lat' dir='ltr'><strong>cam-penes</strong></span> <span class='ocrx_word' id='word_1_181' title='bbox 563 1713 602 1740; x_wconf 85' lang='lat' dir='ltr'><strong>se</strong></span> <span class='ocrx_word' id='word_1_182' title='bbox 619 1703 790 1740; x_wconf 78' lang='lat' dir='ltr'><strong>servavit.</strong></span> <span class='ocrx_word' id='word_1_183' title='bbox 813 1701 860 1738; x_wconf 88' lang='lat' dir='ltr'><strong>Et</strong></span> <span class='ocrx_word' id='word_1_184' title='bbox 877 1701 959 1748; x_wconf 88' lang='lat' dir='ltr'><strong>quia</strong></span> <span class='ocrx_word' id='word_1_185' title='bbox 978 1699 1200 1746; x_wconf 87' lang='lat' dir='ltr'><strong>Theophilus</strong></span> <span class='ocrx_word' id='word_1_186' title='bbox 1220 1695 1423 1734; x_wconf 88' lang='lat' dir='ltr'><strong>mouachos.</strong></span> 
     </span>
    </p>
   </div>
   <div class='ocr_carea' id='block_1_25' title="bbox 335 1759 1418 1809">
    <p class='ocr_par' dir='ltr' id='par_1_25' title="bbox 335 1759 1418 1809">
     <span class='ocr_line' id='line_1_25' title="bbox 335 1759 1418 1809; baseline -0.008 -7"><span class='ocrx_word' id='word_1_187' title='bbox 335 1767 425 1803; x_wconf 84' lang='lat' dir='ltr'><strong>alios</strong></span> <span class='ocrx_word' id='word_1_188' title='bbox 445 1766 512 1802; x_wconf 91' lang='lat' dir='ltr'><strong>sibi</strong></span> <span class='ocrx_word' id='word_1_189' title='bbox 533 1765 696 1802; x_wconf 80' lang='lat' dir='ltr'><strong>addictos</strong></span> <span class='ocrx_word' id='word_1_190' title='bbox 713 1761 1052 1809; x_wconf 87' lang='lat' dir='ltr'><strong>Constantinopolin</strong></span> <span class='ocrx_word' id='word_1_191' title='bbox 1077 1761 1226 1796; x_wconf 90' lang='lat' dir='ltr'><strong>miserat</strong></span> <span class='ocrx_word' id='word_1_192' title='bbox 1245 1759 1305 1806; x_wconf 90' lang='lat' dir='ltr'><strong>qui</strong></span> <span class='ocrx_word' id='word_1_193' title='bbox 1335 1767 1418 1794; x_wconf 87' lang='lat' dir='ltr'><strong>snas</strong></span> 
     </span>
    </p>
   </div>
   <div class='ocr_carea' id='block_1_26' title="bbox 336 1819 1418 1875">
    <p class='ocr_par' dir='ltr' id='par_1_26' title="bbox 336 1819 1418 1875">
     <span class='ocr_line' id='line_1_26' title="bbox 336 1819 1418 1875; baseline -0.01 -10"><span class='ocrx_word' id='word_1_194' title='bbox 336 1835 457 1875; x_wconf 85' lang='lat' dir='ltr'><strong>partes</strong></span> <span class='ocrx_word' id='word_1_195' title='bbox 478 1833 665 1865; x_wconf 86' lang='lat' dir='ltr'><strong>tuerentur</strong></span> <span class='ocrx_word' id='word_1_196' title='bbox 679 1855 688 1870; x_wconf 91' lang='lat'><strong>,</strong></span> <span class='ocrx_word' id='word_1_197' title='bbox 709 1825 898 1863; x_wconf 75' lang='lat' dir='ltr'><strong>monachis</strong></span> <span class='ocrx_word' id='word_1_198' title='bbox 920 1823 1107 1870; x_wconf 89' lang='lat' dir='ltr'><strong>utriusque</strong></span> <span class='ocrx_word' id='word_1_199' title='bbox 1132 1821 1246 1868; x_wconf 86' lang='lat' dir='ltr'><strong>partis</strong></span> <span class='ocrx_word' id='word_1_200' title='bbox 1265 1819 1418 1855; x_wconf 82' lang='lat' dir='ltr'><strong>suadere</strong></span> 
     </span>
    </p>
   </div>
   <div class='ocr_carea' id='block_1_27' title="bbox 336 1883 1417 1937">
    <p class='ocr_par' dir='ltr' id='par_1_27' title="bbox 336 1883 1417 1937">
     <span class='ocr_line' id='line_1_27' title="bbox 336 1883 1417 1937; baseline -0.009 -10"><span class='ocrx_word' id='word_1_201' title='bbox 336 1897 488 1928; x_wconf 82' lang='lat' dir='ltr'><strong>conatus</strong></span> <span class='ocrx_word' id='word_1_202' title='bbox 505 1896 560 1927; x_wconf 86' lang='lat' dir='ltr'><strong>est</strong></span> <span class='ocrx_word' id='word_1_203' title='bbox 577 1889 860 1937; x_wconf 86' lang='lat' dir='ltr'><strong>Chrysostomus</strong></span> <span class='ocrx_word' id='word_1_204' title='bbox 884 1895 921 1924; x_wconf 88' lang='lat' dir='ltr'><strong>ut</strong></span> <span class='ocrx_word' id='word_1_205' title='bbox 949 1895 1074 1934; x_wconf 88' lang='lat' dir='ltr'><strong>pacem</strong></span> <span class='ocrx_word' id='word_1_206' title='bbox 1095 1885 1189 1921; x_wconf 89' lang='lat' dir='ltr'><strong>inter</strong></span> <span class='ocrx_word' id='word_1_207' title='bbox 1205 1894 1244 1920; x_wconf 88' lang='lat' dir='ltr'><strong>se</strong></span> <span class='ocrx_word' id='word_1_208' title='bbox 1272 1883 1417 1920; x_wconf 89' lang='lat' dir='ltr'><strong>inirent.</strong></span> 
     </span>
    </p>
   </div>
   <div class='ocr_carea' id='block_1_28' title="bbox 337 1946 1418 1999">
    <p class='ocr_par' dir='ltr' id='par_1_28' title="bbox 337 1946 1418 1999">
     <span class='ocr_line' id='line_1_28' title="bbox 337 1946 1418 1999; baseline -0.008 -10"><span class='ocrx_word' id='word_1_209' title='bbox 337 1953 476 1999; x_wconf 82' lang='lat' dir='ltr'><strong>Quibus</strong></span> <span class='ocrx_word' id='word_1_210' title='bbox 503 1951 634 1988; x_wconf 86' lang='lat' dir='ltr'><strong>auditis</strong></span> <span class='ocrx_word' id='word_1_211' title='bbox 662 1951 710 1987; x_wconf 89' lang='lat' dir='ltr'><strong>illi</strong></span> <span class='ocrx_word' id='word_1_212' title='bbox 738 1951 920 1996; x_wconf 85' lang='lat' dir='ltr'><strong>utrimque</strong></span> <span class='ocrx_word' id='word_1_213' title='bbox 948 1948 1061 1995; x_wconf 81' lang='lat' dir='ltr'><strong>magis</strong></span> <span class='ocrx_word' id='word_1_214' title='bbox 1084 1946 1285 1993; x_wconf 77' lang='lat' dir='ltr'><strong>exasperati</strong></span> <span class='ocrx_word' id='word_1_215' title='bbox 1307 1951 1392 1983; x_wconf 87' lang='lat' dir='ltr'><strong>sunt</strong></span> <span class='ocrx_word' id='word_1_216' title='bbox 1409 1973 1418 1986; x_wconf 83' lang='lat'><strong>,</strong></span> 
     </span>
    </p>
   </div>
   <div class='ocr_carea' id='block_1_29' title="bbox 337 2009 1423 2062">
    <p class='ocr_par' dir='ltr' id='par_1_29' title="bbox 337 2009 1423 2062">
     <span class='ocr_line' id='line_1_29' title="bbox 337 2009 1423 2062; baseline -0.008 -9"><span class='ocrx_word' id='word_1_217' title='bbox 337 2016 484 2053; x_wconf 88' lang='lat' dir='ltr'><strong>Fratres</strong></span> <span class='ocrx_word' id='word_1_218' title='bbox 503 2015 648 2062; x_wconf 86' lang='lat' dir='ltr'><strong>quidem</strong></span> <span class='ocrx_word' id='word_1_219' title='bbox 668 2014 780 2062; x_wconf 80' lang='lat' dir='ltr'><strong>Longi</strong></span> <span class='ocrx_word' id='word_1_220' title='bbox 798 2020 835 2050; x_wconf 92' lang='lat' dir='ltr'><strong>ut</strong></span> <span class='ocrx_word' id='word_1_221' title='bbox 853 2011 1045 2060; x_wconf 88' lang='lat' dir='ltr'><strong>Theophili</strong></span> <span class='ocrx_word' id='word_1_222' title='bbox 1063 2009 1254 2059; x_wconf 81' lang='lat' dir='ltr'><strong>tyrannide</strong></span> <span class='ocrx_word' id='word_1_223' title='bbox 1272 2018 1423 2055; x_wconf 87' lang='lat' dir='ltr'><strong>oppres-</strong></span> 
     </span>
    </p>
   </div>
   <div class='ocr_carea' id='block_1_30' title="bbox 338 2071 1421 2120">
    <p class='ocr_par' dir='ltr' id='par_1_30' title="bbox 338 2071 1421 2120">
     <span class='ocr_line' id='line_1_30' title="bbox 338 2071 1421 2120; baseline -0.006 -7"><span class='ocrx_word' id='word_1_224' title='bbox 338 2078 393 2120; x_wconf 82' lang='lat' dir='ltr'><strong>si;</strong></span> <span class='ocrx_word' id='word_1_225' title='bbox 413 2077 473 2113; x_wconf 91' lang='lat' dir='ltr'><strong>alii</strong></span> <span class='ocrx_word' id='word_1_226' title='bbox 493 2087 578 2114; x_wconf 86' lang='lat' dir='ltr'><strong>vero</strong></span> <span class='ocrx_word' id='word_1_227' title='bbox 595 2075 786 2118; x_wconf 83' lang='lat' dir='ltr'><strong>dicebant,</strong></span> <span class='ocrx_word' id='word_1_228' title='bbox 808 2084 848 2111; x_wconf 88' lang='lat' dir='ltr'><strong>sc</strong></span> <span class='ocrx_word' id='word_1_229' title='bbox 870 2074 1006 2120; x_wconf 86' lang='lat' dir='ltr'><strong>absque</strong></span> <span class='ocrx_word' id='word_1_230' title='bbox 1025 2071 1214 2118; x_wconf 81' lang='lat' dir='ltr'><strong>Theophili</strong></span> <span class='ocrx_word' id='word_1_231' title='bbox 1243 2080 1421 2108; x_wconf 77' lang='lat' dir='ltr'><strong>consensu</strong></span> 
     </span>
    </p>
   </div>
   <div class='ocr_carea' id='block_1_31' title="bbox 340 2132 1423 2184">
    <p class='ocr_par' dir='ltr' id='par_1_31' title="bbox 340 2132 1423 2184">
     <span class='ocr_line' id='line_1_31' title="bbox 340 2132 1423 2184; baseline -0.005 -11"><span class='ocrx_word' id='word_1_232' title='bbox 340 2145 374 2173; x_wconf 83' lang='lat' dir='ltr'><strong>et</strong></span> <span class='ocrx_word' id='word_1_233' title='bbox 393 2139 498 2184; x_wconf 84' lang='lat' dir='ltr'><strong>jussu</strong></span> <span class='ocrx_word' id='word_1_234' title='bbox 525 2137 727 2173; x_wconf 80' lang='lat' dir='ltr'><strong>facultatem</strong></span> <span class='ocrx_word' id='word_1_235' title='bbox 750 2147 821 2171; x_wconf 91' lang='lat' dir='ltr'><strong>non</strong></span> <span class='ocrx_word' id='word_1_236' title='bbox 841 2135 975 2170; x_wconf 86' lang='lat' dir='ltr'><strong>habere</strong></span> <span class='ocrx_word' id='word_1_237' title='bbox 1000 2132 1166 2169; x_wconf 70' lang='lat' dir='ltr'><strong>ineunda:</strong></span> <span class='ocrx_word' id='word_1_238' title='bbox 1189 2133 1300 2179; x_wconf 85' lang='lat' dir='ltr'><strong>pacis.</strong></span> <span class='ocrx_word' id='word_1_239' title='bbox 1323 2132 1423 2168; x_wconf 90' lang='lat' dir='ltr'><strong>Tunc</strong></span> 
     </span>
    </p>
   </div>
   <div class='ocr_carea' id='block_1_32' title="bbox 341 2195 1252 2244">
    <p class='ocr_par' dir='ltr' id='par_1_32' title="bbox 341 2195 1252 2244">
     <span class='ocr_line' id='line_1_32' title="bbox 341 2195 1252 2244; baseline -0.008 -8"><span class='ocrx_word' id='word_1_240' title='bbox 341 2199 500 2236; x_wconf 81' lang='lat' dir='ltr'><strong>Joannes</strong></span> <span class='ocrx_word' id='word_1_241' title='bbox 521 2199 670 2244; x_wconf 88' lang='lat' dir='ltr'><strong>hujusce</strong></span> <span class='ocrx_word' id='word_1_242' title='bbox 690 2198 743 2234; x_wconf 84' lang='lat' dir='ltr'><strong>rei</strong></span> <span class='ocrx_word' id='word_1_243' title='bbox 763 2207 885 2234; x_wconf 87' lang='lat' dir='ltr'><strong>curam</strong></span> <span class='ocrx_word' id='word_1_244' title='bbox 906 2195 1054 2232; x_wconf 89' lang='lat' dir='ltr'><strong>omnino</strong></span> <span class='ocrx_word' id='word_1_245' title='bbox 1071 2195 1252 2242; x_wconf 82' lang='lat' dir='ltr'><strong>deposuit.</strong></span> 
     </span>
    </p>
   </div>
   <div class='ocr_carea' id='block_1_33' title="bbox 391 2257 1425 2306">
    <p class='ocr_par' dir='ltr' id='par_1_33' title="bbox 391 2257 1425 2306">
     <span class='ocr_line' id='line_1_33' title="bbox 391 2257 1425 2306; baseline -0.004 -10"><span class='ocrx_word' id='word_1_246' title='bbox 391 2260 482 2296; x_wconf 91' lang='lat' dir='ltr'><strong>Tum</strong></span> <span class='ocrx_word' id='word_1_247' title='bbox 511 2259 676 2295; x_wconf 88' lang='lat' dir='ltr'><strong>monachi</strong></span> <span class='ocrx_word' id='word_1_248' title='bbox 693 2286 702 2301; x_wconf 95' lang='lat'><strong>,</strong></span> <span class='ocrx_word' id='word_1_249' title='bbox 725 2258 785 2306; x_wconf 91' lang='lat' dir='ltr'><strong>qui</strong></span> <span class='ocrx_word' id='word_1_250' title='bbox 805 2269 822 2294; x_wconf 89' lang='lat' dir='ltr'><strong>a</strong></span> <span class='ocrx_word' id='word_1_251' title='bbox 844 2257 1046 2304; x_wconf 85' lang='lat' dir='ltr'><strong>Tlteophilo</strong></span> <span class='ocrx_word' id='word_1_252' title='bbox 1066 2257 1158 2304; x_wconf 87' lang='lat' dir='ltr'><strong>pulsi</strong></span> <span class='ocrx_word' id='word_1_253' title='bbox 1186 2257 1350 2297; x_wconf 85' lang='lat' dir='ltr'><strong>fuerant,</strong></span> <span class='ocrx_word' id='word_1_254' title='bbox 1379 2257 1425 2292; x_wconf 91' lang='lat' dir='ltr'><strong>li-</strong></span> 
     </span>
    </p>
   </div>
   <div class='ocr_carea' id='block_1_34' title="bbox 343 2318 1426 2368">
    <p class='ocr_par' dir='ltr' id='par_1_34' title="bbox 343 2318 1426 2368">
     <span class='ocr_line' id='line_1_34' title="bbox 343 2318 1426 2368; baseline -0.004 -10"><span class='ocrx_word' id='word_1_255' title='bbox 343 2322 458 2358; x_wconf 72' lang='lat' dir='ltr'><strong>bellos</strong></span> <span class='ocrx_word' id='word_1_256' title='bbox 486 2321 644 2368; x_wconf 79' lang='lat' dir='ltr'><strong>prolixos</strong></span> <span class='ocrx_word' id='word_1_257' title='bbox 664 2319 878 2363; x_wconf 81' lang='lat' dir='ltr'><strong>ediderunt,</strong></span> <span class='ocrx_word' id='word_1_258' title='bbox 905 2320 1008 2367; x_wconf 87' lang='lat' dir='ltr'><strong>queis</strong></span> <span class='ocrx_word' id='word_1_259' title='bbox 1039 2318 1237 2356; x_wconf 87' lang='lat' dir='ltr'><strong>monachos</strong></span> <span class='ocrx_word' id='word_1_260' title='bbox 1265 2319 1426 2355; x_wconf 64' lang='lat' dir='ltr'><strong>adversus</strong></span> 
     </span>
    </p>
   </div>
   <div class='ocr_carea' id='block_1_35' title="bbox 345 2382 1426 2430">
    <p class='ocr_par' dir='ltr' id='par_1_35' title="bbox 345 2382 1426 2430">
     <span class='ocr_line' id='line_1_35' title="bbox 345 2382 1426 2430; baseline 0.001 -13"><span class='ocrx_word' id='word_1_261' title='bbox 345 2385 458 2430; x_wconf 78' lang='lat' dir='ltr'><strong>partis</strong></span> <span class='ocrx_word' id='word_1_262' title='bbox 483 2391 662 2430; x_wconf 82' lang='lat' dir='ltr'><strong>tamquam</strong></span> <span class='ocrx_word' id='word_1_263' title='bbox 685 2383 966 2419; x_wconf 85' lang='lat' dir='ltr'><strong>calumniatores</strong></span> <span class='ocrx_word' id='word_1_264' title='bbox 995 2382 1281 2430; x_wconf 85' lang='lat' dir='ltr'><strong>propulsabant;</strong></span> <span class='ocrx_word' id='word_1_265' title='bbox 1301 2387 1426 2418; x_wconf 87' lang='lat' dir='ltr'><strong>contra</strong></span> 
     </span>
    </p>
   </div>
   <div class='ocr_carea' id='block_1_36' title="bbox 345 2445 1425 2496">
    <p class='ocr_par' dir='ltr' id='par_1_36' title="bbox 345 2445 1425 2496">
     <span class='ocr_line' id='line_1_36' title="bbox 345 2445 1425 2496; baseline -0.004 -11"><span class='ocrx_word' id='word_1_266' title='bbox 345 2447 585 2496; x_wconf 82' lang='lat' dir='ltr'><strong>Theophilum</strong></span> <span class='ocrx_word' id='word_1_267' title='bbox 601 2448 711 2484; x_wconf 87' lang='lat' dir='ltr'><strong>tmtlta</strong></span> <span class='ocrx_word' id='word_1_268' title='bbox 729 2447 910 2490; x_wconf 85' lang='lat' dir='ltr'><strong>dicebant,</strong></span> <span class='ocrx_word' id='word_1_269' title='bbox 927 2457 1006 2494; x_wconf 64' lang='lat' dir='ltr'><strong>quae</strong></span> <span class='ocrx_word' id='word_1_270' title='bbox 1021 2445 1188 2482; x_wconf 87' lang='lat' dir='ltr'><strong>omnibus</strong></span> <span class='ocrx_word' id='word_1_271' title='bbox 1209 2452 1292 2482; x_wconf 87' lang='lat' dir='ltr'><strong>nota</strong></span> <span class='ocrx_word' id='word_1_272' title='bbox 1308 2451 1425 2481; x_wconf 78' lang='lat' dir='ltr'><strong>erant.</strong></span> 
     </span>
    </p>
   </div>
   <div class='ocr_carea' id='block_1_37' title="bbox 345 2509 1428 2557">
    <p class='ocr_par' dir='ltr' id='par_1_37' title="bbox 345 2509 1428 2557">
     <span class='ocr_line' id='line_1_37' title="bbox 345 2509 1428 2557; baseline -0.004 -8"><span class='ocrx_word' id='word_1_273' title='bbox 345 2511 504 2549; x_wconf 87' lang='lat' dir='ltr'><strong>Libellos</strong></span> <span class='ocrx_word' id='word_1_274' title='bbox 533 2517 652 2548; x_wconf 88' lang='lat' dir='ltr'><strong>autem</strong></span> <span class='ocrx_word' id='word_1_275' title='bbox 685 2510 856 2557; x_wconf 81' lang='lat' dir='ltr'><strong>Augustis</strong></span> <span class='ocrx_word' id='word_1_276' title='bbox 889 2510 1122 2554; x_wconf 87' lang='lat' dir='ltr'><strong>obtulerunt,</strong></span> <span class='ocrx_word' id='word_1_277' title='bbox 1157 2509 1428 2555; x_wconf 72' lang='lat' dir='ltr'><strong>liudoxiamquc</strong></span> 
     </span>
    </p>
   </div>
   <div class='ocr_carea' id='block_1_38' title="bbox 345 2571 1430 2620">
    <p class='ocr_par' dir='ltr' id='par_1_38' title="bbox 345 2571 1430 2620">
     <span class='ocr_line' id='line_1_38' title="bbox 345 2571 1430 2620; baseline -0.003 -10"><span class='ocrx_word' id='word_1_278' title='bbox 345 2573 614 2620; x_wconf 88' lang='lat' dir='ltr'><strong>lmperalricem</strong></span> <span class='ocrx_word' id='word_1_279' title='bbox 635 2573 802 2610; x_wconf 86' lang='lat' dir='ltr'><strong>adierunt</strong></span> <span class='ocrx_word' id='word_1_280' title='bbox 817 2601 826 2616; x_wconf 92' lang='lat'><strong>,</strong></span> <span class='ocrx_word' id='word_1_281' title='bbox 848 2579 932 2609; x_wconf 89' lang='lat' dir='ltr'><strong>tunc</strong></span> <span class='ocrx_word' id='word_1_282' title='bbox 960 2573 994 2608; x_wconf 93' lang='lat' dir='ltr'><strong>in</strong></span> <span class='ocrx_word' id='word_1_283' title='bbox 1026 2571 1200 2620; x_wconf 69' lang='lat' dir='ltr'><strong>martyrio</strong></span> <span class='ocrx_word' id='word_1_284' title='bbox 1219 2571 1256 2607; x_wconf 81' lang='lat' dir='ltr'><strong>S.</strong></span> <span class='ocrx_word' id='word_1_285' title='bbox 1278 2571 1430 2608; x_wconf 78' lang='lat' dir='ltr'><strong>Joannis</strong></span> 
     </span>
    </p>
   </div>
   <div class='ocr_carea' id='block_1_39' title="bbox 345 2633 1429 2684">
    <p class='ocr_par' dir='ltr' id='par_1_39' title="bbox 345 2633 1429 2684">
     <span class='ocr_line' id='line_1_39' title="bbox 345 2633 1429 2684; baseline -0.005 -10"><span class='ocrx_word' id='word_1_286' title='bbox 345 2643 548 2674; x_wconf 74' lang='lat' dir='ltr'><strong>versantem</strong></span> <span class='ocrx_word' id='word_1_287' title='bbox 574 2649 582 2674; x_wconf 90' lang='lat'><strong>:</strong></span> <span class='ocrx_word' id='word_1_288' title='bbox 605 2637 789 2684; x_wconf 86' lang='lat' dir='ltr'><strong>ipsamque</strong></span> <span class='ocrx_word' id='word_1_289' title='bbox 808 2635 944 2684; x_wconf 88' lang='lat' dir='ltr'><strong>precati</strong></span> <span class='ocrx_word' id='word_1_290' title='bbox 969 2641 1074 2676; x_wconf 79' lang='lat' dir='ltr'><strong>sunt,</strong></span> <span class='ocrx_word' id='word_1_291' title='bbox 1105 2640 1142 2671; x_wconf 90' lang='lat' dir='ltr'><strong>ut</strong></span> <span class='ocrx_word' id='word_1_292' title='bbox 1170 2633 1429 2671; x_wconf 81' lang='lat' dir='ltr'><strong>monachorum</strong></span> 
     </span>
    </p>
   </div>
   <div class='ocr_carea' id='block_1_40' title="bbox 346 2697 1428 2748">
    <p class='ocr_par' dir='ltr' id='par_1_40' title="bbox 346 2697 1428 2748">
     <span class='ocr_line' id='line_1_40' title="bbox 346 2697 1428 2748; baseline -0.007 -10"><span class='ocrx_word' id='word_1_293' title='bbox 346 2700 508 2738; x_wconf 70' lang='lat' dir='ltr'><strong>adversa:</strong></span> <span class='ocrx_word' id='word_1_294' title='bbox 529 2700 640 2748; x_wconf 88' lang='lat' dir='ltr'><strong>partis</strong></span> <span class='ocrx_word' id='word_1_295' title='bbox 655 2699 801 2736; x_wconf 88' lang='lat' dir='ltr'><strong>libellus</strong></span> <span class='ocrx_word' id='word_1_296' title='bbox 816 2697 910 2744; x_wconf 84' lang='lat' dir='ltr'><strong>apud</strong></span> <span class='ocrx_word' id='word_1_297' title='bbox 929 2697 1122 2734; x_wconf 78' lang='lat' dir='ltr'><strong>Pra-feetos</strong></span> <span class='ocrx_word' id='word_1_298' title='bbox 1138 2697 1428 2738; x_wconf 73' lang='lat' dir='ltr'><strong>examinaretur;</strong></span> 
     </span>
    </p>
   </div>
   <div class='ocr_carea' id='block_1_41' title="bbox 346 2759 1430 2810">
    <p class='ocr_par' dir='ltr' id='par_1_41' title="bbox 346 2759 1430 2810">
     <span class='ocr_line' id='line_1_41' title="bbox 346 2759 1430 2810; baseline -0.006 -10"><span class='ocrx_word' id='word_1_299' title='bbox 346 2761 568 2810; x_wconf 84' lang='lat' dir='ltr'><strong>Theophilus</strong></span> <span class='ocrx_word' id='word_1_300' title='bbox 583 2771 670 2798; x_wconf 90' lang='lat' dir='ltr'><strong>vero</strong></span> <span class='ocrx_word' id='word_1_301' title='bbox 689 2761 744 2798; x_wconf 89' lang='lat' dir='ltr'><strong>vel</strong></span> <span class='ocrx_word' id='word_1_302' title='bbox 766 2761 898 2797; x_wconf 80' lang='lat' dir='ltr'><strong>invitus</strong></span> <span class='ocrx_word' id='word_1_303' title='bbox 916 2760 1075 2802; x_wconf 84' lang='lat' dir='ltr'><strong>adesset,</strong></span> <span class='ocrx_word' id='word_1_304' title='bbox 1095 2759 1212 2807; x_wconf 89' lang='lat' dir='ltr'><strong>deque</strong></span> <span class='ocrx_word' id='word_1_305' title='bbox 1230 2759 1290 2796; x_wconf 88' lang='lat' dir='ltr'><strong>illo</strong></span> <span class='ocrx_word' id='word_1_306' title='bbox 1308 2768 1430 2795; x_wconf 85' lang='lat' dir='ltr'><strong>coram</strong></span> 
     </span>
    </p>
   </div>
   <div class='ocr_carea' id='block_1_42' title="bbox 346 2821 1431 2871">
    <p class='ocr_par' dir='ltr' id='par_1_42' title="bbox 346 2821 1431 2871">
     <span class='ocr_line' id='line_1_42' title="bbox 346 2821 1431 2871; baseline -0.005 -9"><span class='ocrx_word' id='word_1_307' title='bbox 346 2825 486 2862; x_wconf 87' lang='lat' dir='ltr'><strong>Joanne</strong></span> <span class='ocrx_word' id='word_1_308' title='bbox 501 2824 738 2871; x_wconf 88' lang='lat' dir='ltr'><strong>judicaretur.</strong></span> <span class='ocrx_word' id='word_1_309' title='bbox 761 2823 926 2860; x_wconf 80' lang='lat' dir='ltr'><strong>Admissa</strong></span> <span class='ocrx_word' id='word_1_310' title='bbox 948 2822 1202 2868; x_wconf 80' lang='lat' dir='ltr'><strong>postulatione,</strong></span> <span class='ocrx_word' id='word_1_311' title='bbox 1224 2821 1431 2857; x_wconf 88' lang='lat' dir='ltr'><strong>mandatum</strong></span> 
     </span>
    </p>
   </div>
   <div class='ocr_carea' id='block_1_43' title="bbox 349 2883 1432 2934">
    <p class='ocr_par' dir='ltr' id='par_1_43' title="bbox 349 2883 1432 2934">
     <span class='ocr_line' id='line_1_43' title="bbox 349 2883 1432 2934; baseline -0.006 -10"><span class='ocrx_word' id='word_1_312' title='bbox 349 2887 435 2933; x_wconf 82' lang='lat' dir='ltr'><strong>fuit,</strong></span> <span class='ocrx_word' id='word_1_313' title='bbox 459 2894 497 2924; x_wconf 90' lang='lat' dir='ltr'><strong>ut</strong></span> <span class='ocrx_word' id='word_1_314' title='bbox 517 2887 740 2934; x_wconf 87' lang='lat' dir='ltr'><strong>Theophtlus</strong></span> <span class='ocrx_word' id='word_1_315' title='bbox 758 2896 883 2922; x_wconf 77' lang='lat' dir='ltr'><strong>voieus</strong></span> <span class='ocrx_word' id='word_1_316' title='bbox 903 2885 1028 2921; x_wconf 83' lang='lat' dir='ltr'><strong>nolens</strong></span> <span class='ocrx_word' id='word_1_317' title='bbox 1042 2913 1052 2928; x_wconf 93' lang='lat'><strong>,</strong></span> <span class='ocrx_word' id='word_1_318' title='bbox 1074 2884 1254 2920; x_wconf 83' lang='lat' dir='ltr'><strong>exhibitus</strong></span> <span class='ocrx_word' id='word_1_319' title='bbox 1277 2894 1340 2930; x_wconf 81' lang='lat' dir='ltr'><strong>per</strong></span> <span class='ocrx_word' id='word_1_320' title='bbox 1357 2883 1432 2919; x_wconf 69' lang='lat' dir='ltr'><strong>hla-</strong></span> 
     </span>
    </p>
   </div>
   <div class='ocr_carea' id='block_1_44' title="bbox 348 2945 1432 2998">
    <p class='ocr_par' dir='ltr' id='par_1_44' title="bbox 348 2945 1432 2998">
     <span class='ocr_line' id='line_1_44' title="bbox 348 2945 1432 2998; baseline -0.007 -11"><span class='ocrx_word' id='word_1_321' title='bbox 348 2951 499 2998; x_wconf 82' lang='lat' dir='ltr'><strong>gistrum</strong></span> <span class='ocrx_word' id='word_1_322' title='bbox 518 2960 640 2988; x_wconf 89' lang='lat' dir='ltr'><strong>coram</strong></span> <span class='ocrx_word' id='word_1_323' title='bbox 661 2949 802 2986; x_wconf 82' lang='lat' dir='ltr'><strong>Joanne</strong></span> <span class='ocrx_word' id='word_1_324' title='bbox 822 2948 1026 2990; x_wconf 88' lang='lat' dir='ltr'><strong>sisteretur,</strong></span> <span class='ocrx_word' id='word_1_325' title='bbox 1047 2952 1085 2982; x_wconf 88' lang='lat' dir='ltr'><strong>ut</strong></span> <span class='ocrx_word' id='word_1_326' title='bbox 1104 2956 1249 2982; x_wconf 83' lang='lat' dir='ltr'><strong>causam</strong></span> <span class='ocrx_word' id='word_1_327' title='bbox 1272 2945 1432 2986; x_wconf 86' lang='lat' dir='ltr'><strong>diceret;</strong></span> 
     </span>
    </p>
   </div>
   <div class='ocr_carea' id='block_1_45' title="bbox 350 3009 1433 3057">
    <p class='ocr_par' dir='ltr' id='par_1_45' title="bbox 350 3009 1433 3057">
     <span class='ocr_line' id='line_1_45' title="bbox 350 3009 1433 3057; baseline -0.006 -7"><span class='ocrx_word' id='word_1_328' title='bbox 350 3013 516 3050; x_wconf 81' lang='lat' dir='ltr'><strong>monachi</strong></span> <span class='ocrx_word' id='word_1_329' title='bbox 546 3023 633 3049; x_wconf 90' lang='lat' dir='ltr'><strong>vero</strong></span> <span class='ocrx_word' id='word_1_330' title='bbox 661 3011 822 3048; x_wconf 84' lang='lat' dir='ltr'><strong>adversae</strong></span> <span class='ocrx_word' id='word_1_331' title='bbox 853 3009 964 3057; x_wconf 89' lang='lat' dir='ltr'><strong>partis</strong></span> <span class='ocrx_word' id='word_1_332' title='bbox 985 3009 1041 3046; x_wconf 80' lang='lat' dir='ltr'><strong>vel</strong></span> <span class='ocrx_word' id='word_1_333' title='bbox 1071 3009 1267 3056; x_wconf 83' lang='lat' dir='ltr'><strong>probarent</strong></span> <span class='ocrx_word' id='word_1_334' title='bbox 1291 3018 1333 3044; x_wconf 88' lang='lat' dir='ltr'><strong>ea</strong></span> <span class='ocrx_word' id='word_1_335' title='bbox 1353 3019 1433 3054; x_wconf 72' lang='lat' dir='ltr'><strong>qum</strong></span> 
     </span>
    </p>
   </div>
   <div class='ocr_carea' id='block_1_46' title="bbox 349 3071 1434 3120">
    <p class='ocr_par' dir='ltr' id='par_1_46' title="bbox 349 3071 1434 3120">
     <span class='ocr_line' id='line_1_46' title="bbox 349 3071 1434 3120; baseline -0.006 -8"><span class='ocrx_word' id='word_1_336' title='bbox 349 3077 524 3114; x_wconf 82' lang='lat' dir='ltr'><strong>adversus</strong></span> <span class='ocrx_word' id='word_1_337' title='bbox 544 3082 691 3113; x_wconf 90' lang='lat' dir='ltr'><strong>sanctos</strong></span> <span class='ocrx_word' id='word_1_338' title='bbox 711 3084 820 3112; x_wconf 86' lang='lat' dir='ltr'><strong>senes</strong></span> <span class='ocrx_word' id='word_1_339' title='bbox 847 3072 1070 3120; x_wconf 88' lang='lat' dir='ltr'><strong>protulerant</strong></span> <span class='ocrx_word' id='word_1_340' title='bbox 1085 3100 1093 3115; x_wconf 90' lang='lat'><strong>,</strong></span> <span class='ocrx_word' id='word_1_341' title='bbox 1114 3071 1170 3108; x_wconf 85' lang='lat' dir='ltr'><strong>vel</strong></span> <span class='ocrx_word' id='word_1_342' title='bbox 1193 3071 1434 3107; x_wconf 90' lang='lat' dir='ltr'><strong>calumniato-</strong></span> 
     </span>
    </p>
   </div>
   <div class='ocr_carea' id='block_1_47' title="bbox 351 3139 804 3186">
    <p class='ocr_par' dir='ltr' id='par_1_47' title="bbox 351 3139 804 3186">
     <span class='ocr_line' id='line_1_47' title="bbox 351 3139 804 3186; baseline -0.004 -10"><span class='ocrx_word' id='word_1_343' title='bbox 351 3149 430 3176; x_wconf 86' lang='lat' dir='ltr'><strong>rnm</strong></span> <span class='ocrx_word' id='word_1_344' title='bbox 451 3150 576 3186; x_wconf 74' lang='lat' dir='ltr'><strong>pmuas</strong></span> <span class='ocrx_word' id='word_1_345' title='bbox 593 3139 769 3176; x_wconf 84' lang='lat' dir='ltr'><strong>subirent.</strong></span> <span class='ocrx_word' id='word_1_346' title='bbox 801 3181 804 3183; x_wconf 24' lang='grc' dir='ltr'>λ</span> 
     </span>
    </p>
   </div>
   <div class='ocr_carea' id='block_1_48' title="bbox 399 3194 1437 3246">
    <p class='ocr_par' dir='ltr' id='par_1_48' title="bbox 399 3194 1437 3246">
     <span class='ocr_line' id='line_1_48' title="bbox 399 3194 1437 3246; baseline -0.006 -10"><span class='ocrx_word' id='word_1_347' title='bbox 399 3199 436 3236; x_wconf 92' lang='lat' dir='ltr'><strong>lu</strong></span> <span class='ocrx_word' id='word_1_348' title='bbox 457 3200 655 3238; x_wconf 84' lang='lat' dir='ltr'><strong>monachos</strong></span> <span class='ocrx_word' id='word_1_349' title='bbox 675 3208 795 3238; x_wconf 90' lang='lat' dir='ltr'><strong>autem</strong></span> <span class='ocrx_word' id='word_1_350' title='bbox 819 3210 836 3236; x_wconf 90' lang='lat' dir='ltr'><strong>a</strong></span> <span class='ocrx_word' id='word_1_351' title='bbox 857 3197 1060 3246; x_wconf 73' lang='lat' dir='ltr'><strong>Theophila</strong></span> <span class='ocrx_word' id='word_1_352' title='bbox 1081 3197 1212 3233; x_wconf 87' lang='lat' dir='ltr'><strong>missos</strong></span> <span class='ocrx_word' id='word_1_353' title='bbox 1239 3196 1337 3244; x_wconf 70' lang='lat' dir='ltr'><strong>leges</strong></span> <span class='ocrx_word' id='word_1_354' title='bbox 1358 3194 1437 3242; x_wconf 91' lang='lat' dir='ltr'><strong>qui-</strong></span> 
     </span>
    </p>
   </div>
   <div class='ocr_carea' id='block_1_49' title="bbox 351 3259 1436 3308">
    <p class='ocr_par' dir='ltr' id='par_1_49' title="bbox 351 3259 1436 3308">
     <span class='ocr_line' id='line_1_49' title="bbox 351 3259 1436 3308; baseline -0.006 -10"><span class='ocrx_word' id='word_1_355' title='bbox 351 3261 434 3298; x_wconf 87' lang='lat' dir='ltr'><strong>dem</strong></span> <span class='ocrx_word' id='word_1_356' title='bbox 464 3263 670 3308; x_wconf 86' lang='lat' dir='ltr'><strong>instabant,</strong></span> <span class='ocrx_word' id='word_1_357' title='bbox 700 3263 917 3308; x_wconf 87' lang='lat' dir='ltr'><strong>illorumque</strong></span> <span class='ocrx_word' id='word_1_358' title='bbox 945 3271 1054 3299; x_wconf 89' lang='lat' dir='ltr'><strong>causa</strong></span> <span class='ocrx_word' id='word_1_359' title='bbox 1083 3259 1322 3297; x_wconf 84' lang='lat' dir='ltr'><strong>examinanda</strong></span> <span class='ocrx_word' id='word_1_360' title='bbox 1353 3268 1436 3293; x_wconf 80' lang='lat' dir='ltr'><strong>mox</strong></span> 
     </span>
    </p>
   </div>
   <div class='ocr_carea' id='block_1_50' title="bbox 353 3322 1438 3369">
    <p class='ocr_par' dir='ltr' id='par_1_50' title="bbox 353 3322 1438 3369">
     <span class='ocr_line' id='line_1_50' title="bbox 353 3322 1438 3369; baseline -0.005 -9"><span class='ocrx_word' id='word_1_361' title='bbox 353 3332 461 3360; x_wconf 84' lang='lat' dir='ltr'><strong>erat:</strong></span> <span class='ocrx_word' id='word_1_362' title='bbox 485 3325 536 3360; x_wconf 91' lang='lat' dir='ltr'><strong>illi</strong></span> <span class='ocrx_word' id='word_1_363' title='bbox 565 3335 654 3362; x_wconf 81' lang='lat' dir='ltr'><strong>vero</strong></span> <span class='ocrx_word' id='word_1_364' title='bbox 681 3331 850 3362; x_wconf 85' lang='lat' dir='ltr'><strong>eventum</strong></span> <span class='ocrx_word' id='word_1_365' title='bbox 882 3325 1008 3369; x_wconf 83' lang='lat' dir='ltr'><strong>veriti,</strong></span> <span class='ocrx_word' id='word_1_366' title='bbox 1037 3335 1113 3361; x_wconf 86' lang='lat' dir='ltr'><strong>rem</strong></span> <span class='ocrx_word' id='word_1_367' title='bbox 1143 3322 1278 3359; x_wconf 75' lang='lat' dir='ltr'><strong>differri</strong></span> <span class='ocrx_word' id='word_1_368' title='bbox 1310 3326 1438 3368; x_wconf 75' lang='lat' dir='ltr'><strong>rogant</strong></span> 
     </span>
    </p>
   </div>
   <div class='ocr_carea' id='block_1_51' title="bbox 355 3384 1438 3434">
    <p class='ocr_par' dir='ltr' id='par_1_51' title="bbox 355 3384 1438 3434">
     <span class='ocr_line' id='line_1_51' title="bbox 355 3384 1438 3434; baseline -0.005 -12"><span class='ocrx_word' id='word_1_369' title='bbox 355 3397 467 3433; x_wconf 87' lang='lat' dir='ltr'><strong>usque</strong></span> <span class='ocrx_word' id='word_1_370' title='bbox 485 3387 528 3422; x_wconf 86' lang='lat' dir='ltr'><strong>ad</strong></span> <span class='ocrx_word' id='word_1_371' title='bbox 549 3386 741 3433; x_wconf 87' lang='lat' dir='ltr'><strong>Theophili</strong></span> <span class='ocrx_word' id='word_1_372' title='bbox 762 3388 971 3431; x_wconf 84' lang='lat' dir='ltr'><strong>adventum,</strong></span> <span class='ocrx_word' id='word_1_373' title='bbox 992 3388 1052 3434; x_wconf 90' lang='lat' dir='ltr'><strong>qui</strong></span> <span class='ocrx_word' id='word_1_374' title='bbox 1076 3386 1156 3423; x_wconf 87' lang='lat' dir='ltr'><strong>illos</strong></span> <span class='ocrx_word' id='word_1_375' title='bbox 1175 3384 1438 3422; x_wconf 85' lang='lat' dir='ltr'><strong>subornaverat</strong></span> 
     </span>
    </p>
   </div>
   <div class='ocr_carea' id='block_1_52' title="bbox 355 3449 1436 3487">
    <p class='ocr_par' dir='ltr' id='par_1_52' title="bbox 355 3449 1436 3487">
     <span class='ocr_line' id='line_1_52' title="bbox 355 3449 1436 3487; baseline -0.005 -2"><span class='ocrx_word' id='word_1_376' title='bbox 355 3457 390 3486; x_wconf 85' lang='lat' dir='ltr'><strong>et</strong></span> <span class='ocrx_word' id='word_1_377' title='bbox 414 3449 557 3486; x_wconf 78' lang='lat' dir='ltr'><strong>libellos</strong></span> <span class='ocrx_word' id='word_1_378' title='bbox 577 3449 788 3487; x_wconf 84' lang='lat' dir='ltr'><strong>dictaverat.</strong></span> <span class='ocrx_word' id='word_1_379' title='bbox 811 3450 977 3487; x_wconf 67' lang='lat' dir='ltr'><strong>Prmfecti</strong></span> <span class='ocrx_word' id='word_1_380' title='bbox 997 3461 1081 3487; x_wconf 76' lang='lat' dir='ltr'><strong>vero</strong></span> <span class='ocrx_word' id='word_1_381' title='bbox 1099 3449 1182 3486; x_wconf 89' lang='lat' dir='ltr'><strong>illos</strong></span> <span class='ocrx_word' id='word_1_382' title='bbox 1201 3449 1234 3484; x_wconf 92' lang='lat' dir='ltr'><strong>in</strong></span> <span class='ocrx_word' id='word_1_383' title='bbox 1254 3457 1436 3483; x_wconf 82' lang='lat' dir='ltr'><strong>carcerem</strong></span> 
     </span>
    </p>
   </div>
   <div class='ocr_carea' id='block_1_53' title="bbox 354 3507 1438 3560">
    <p class='ocr_par' dir='ltr' id='par_1_53' title="bbox 354 3507 1438 3560">
     <span class='ocr_line' id='line_1_53' title="bbox 354 3507 1438 3560; baseline -0.006 -12"><span class='ocrx_word' id='word_1_384' title='bbox 354 3511 586 3558; x_wconf 84' lang='lat' dir='ltr'><strong>conjecerunt</strong></span> <span class='ocrx_word' id='word_1_385' title='bbox 604 3523 717 3559; x_wconf 87' lang='lat' dir='ltr'><strong>usque</strong></span> <span class='ocrx_word' id='word_1_386' title='bbox 733 3512 776 3549; x_wconf 88' lang='lat' dir='ltr'><strong>ad</strong></span> <span class='ocrx_word' id='word_1_387' title='bbox 791 3512 980 3560; x_wconf 88' lang='lat' dir='ltr'><strong>Theophili</strong></span> <span class='ocrx_word' id='word_1_388' title='bbox 996 3513 1206 3554; x_wconf 86' lang='lat' dir='ltr'><strong>adventum,</strong></span> <span class='ocrx_word' id='word_1_389' title='bbox 1224 3509 1388 3545; x_wconf 86' lang='lat' dir='ltr'><strong>nolentes</strong></span> <span class='ocrx_word' id='word_1_390' title='bbox 1404 3507 1438 3542; x_wconf 84' lang='lat' dir='ltr'><strong>in</strong></span> 
     </span>
    </p>
   </div>
   <div class='ocr_carea' id='block_1_54' title="bbox 356 3573 1436 3622">
    <p class='ocr_par' dir='ltr' id='par_1_54' title="bbox 356 3573 1436 3622">
     <span class='ocr_line' id='line_1_54' title="bbox 356 3573 1436 3622; baseline -0.002 -12"><span class='ocrx_word' id='word_1_391' title='bbox 356 3574 415 3610; x_wconf 88' lang='lat' dir='ltr'><strong>tali</strong></span> <span class='ocrx_word' id='word_1_392' title='bbox 435 3585 544 3611; x_wconf 85' lang='lat' dir='ltr'><strong>causa</strong></span> <span class='ocrx_word' id='word_1_393' title='bbox 564 3574 674 3612; x_wconf 83' lang='lat' dir='ltr'><strong>vades</strong></span> <span class='ocrx_word' id='word_1_394' title='bbox 693 3575 870 3622; x_wconf 84' lang='lat' dir='ltr'><strong>accipere.</strong></span> <span class='ocrx_word' id='word_1_395' title='bbox 895 3576 1028 3612; x_wconf 92' lang='lat' dir='ltr'><strong>llorum</strong></span> <span class='ocrx_word' id='word_1_396' title='bbox 1049 3574 1194 3621; x_wconf 90' lang='lat' dir='ltr'><strong>quidam</strong></span> <span class='ocrx_word' id='word_1_397' title='bbox 1215 3573 1248 3608; x_wconf 89' lang='lat' dir='ltr'><strong>in</strong></span> <span class='ocrx_word' id='word_1_398' title='bbox 1267 3580 1414 3608; x_wconf 82' lang='lat' dir='ltr'><strong>carcere</strong></span> <span class='ocrx_word' id='word_1_399' title='bbox 1428 3597 1436 3608; x_wconf 82' lang='lat'><strong>.</strong></span> 
     </span>
    </p>
   </div>
   <div class='ocr_carea' id='block_1_55' title="bbox 355 3631 1439 3684">
    <p class='ocr_par' dir='ltr' id='par_1_55' title="bbox 355 3631 1439 3684">
     <span class='ocr_line' id='line_1_55' title="bbox 355 3631 1439 3684; baseline -0.007 -11"><span class='ocrx_word' id='word_1_400' title='bbox 355 3638 401 3674; x_wconf 87' lang='lat' dir='ltr'><strong>ob</strong></span> <span class='ocrx_word' id='word_1_401' title='bbox 419 3637 611 3684; x_wconf 88' lang='lat' dir='ltr'><strong>Theophili</strong></span> <span class='ocrx_word' id='word_1_402' title='bbox 631 3638 806 3675; x_wconf 84' lang='lat' dir='ltr'><strong>venientis</strong></span> <span class='ocrx_word' id='word_1_403' title='bbox 829 3638 1030 3675; x_wconf 88' lang='lat' dir='ltr'><strong>tarditatem</strong></span> <span class='ocrx_word' id='word_1_404' title='bbox 1053 3637 1113 3673; x_wconf 92' lang='lat' dir='ltr'><strong>diu</strong></span> <span class='ocrx_word' id='word_1_405' title='bbox 1136 3634 1284 3676; x_wconf 84' lang='lat' dir='ltr'><strong>morati,</strong></span> <span class='ocrx_word' id='word_1_406' title='bbox 1308 3631 1439 3669; x_wconf 90' lang='lat' dir='ltr'><strong>mortui</strong></span> 
     </span>
    </p>
   </div>
   <div class='ocr_carea' id='block_1_56' title="bbox 355 3695 1440 3748">
    <p class='ocr_par' dir='ltr' id='par_1_56' title="bbox 355 3695 1440 3748">
     <span class='ocr_line' id='line_1_56' title="bbox 355 3695 1440 3748; baseline -0.006 -14"><span class='ocrx_word' id='word_1_407' title='bbox 355 3705 462 3741; x_wconf 80' lang='lat' dir='ltr'><strong>sunt;</strong></span> <span class='ocrx_word' id='word_1_408' title='bbox 483 3699 544 3736; x_wconf 81' lang='lat' dir='ltr'><strong>alii</strong></span> <span class='ocrx_word' id='word_1_409' title='bbox 566 3711 651 3737; x_wconf 87' lang='lat' dir='ltr'><strong>vero</strong></span> <span class='ocrx_word' id='word_1_410' title='bbox 674 3707 751 3748; x_wconf 89' lang='lat' dir='ltr'><strong>post</strong></span> <span class='ocrx_word' id='word_1_411' title='bbox 770 3700 961 3737; x_wconf 84' lang='lat' dir='ltr'><strong>adventum</strong></span> <span class='ocrx_word' id='word_1_412' title='bbox 979 3697 1183 3744; x_wconf 88' lang='lat' dir='ltr'><strong>Theophili,</strong></span> <span class='ocrx_word' id='word_1_413' title='bbox 1202 3695 1238 3732; x_wconf 88' lang='lat' dir='ltr'><strong>in</strong></span> <span class='ocrx_word' id='word_1_414' title='bbox 1259 3699 1440 3742; x_wconf 86' lang='lat' dir='ltr'><strong>postrema</strong></span> 
     </span>
    </p>
   </div>
   <div class='ocr_carea' id='block_1_57' title="bbox 357 3757 1441 3810">
    <p class='ocr_par' dir='ltr' id='par_1_57' title="bbox 357 3757 1441 3810">
     <span class='ocr_line' id='line_1_57' title="bbox 357 3757 1441 3810; baseline -0.005 -15"><span class='ocrx_word' id='word_1_415' title='bbox 357 3762 664 3808; x_wconf 68' lang='lat' dir='ltr'><strong>interrogatione,</strong></span> <span class='ocrx_word' id='word_1_416' title='bbox 691 3769 872 3810; x_wconf 88' lang='lat' dir='ltr'><strong>tamquam</strong></span> <span class='ocrx_word' id='word_1_417' title='bbox 897 3759 1201 3801; x_wconf 86' lang='lat' dir='ltr'><strong>calumniatores,</strong></span> <span class='ocrx_word' id='word_1_418' title='bbox 1231 3757 1441 3793; x_wconf 83' lang='lat' dir='ltr'><strong>Proconne-</strong></span> 
     </span>
    </p>
   </div>
   <div class='ocr_carea' id='block_1_58' title="bbox 359 3825 914 3872">
    <p class='ocr_par' dir='ltr' id='par_1_58' title="bbox 359 3825 914 3872">
     <span class='ocr_line' id='line_1_58' title="bbox 359 3825 914 3872; baseline 0.004 -15"><span class='ocrx_word' id='word_1_419' title='bbox 359 3833 434 3858; x_wconf 77' lang='lat' dir='ltr'><strong>snm</strong></span> <span class='ocrx_word' id='word_1_420' title='bbox 455 3835 472 3860; x_wconf 91' lang='lat' dir='ltr'><strong>a</strong></span> <span class='ocrx_word' id='word_1_421' title='bbox 493 3825 674 3871; x_wconf 84' lang='lat' dir='ltr'><strong>judicibus</strong></span> <span class='ocrx_word' id='word_1_422' title='bbox 693 3826 914 3872; x_wconf 71' lang='lat' dir='ltr'><strong>relegantur.</strong></span> 
     </span>
    </p>
   </div>
   <div class='ocr_carea' id='block_1_59' title="bbox 408 3879 1444 3933">
    <p class='ocr_par' dir='ltr' id='par_1_59' title="bbox 408 3879 1444 3933">
     <span class='ocr_line' id='line_1_59' title="bbox 408 3879 1444 3933; baseline -0.004 -16"><span class='ocrx_word' id='word_1_423' title='bbox 408 3882 619 3931; x_wconf 69' lang='lat' dir='ltr'><strong>Theophilus</strong></span> <span class='ocrx_word' id='word_1_424' title='bbox 638 3887 739 3922; x_wconf 83' lang='lat' dir='ltr'><strong>libros</strong></span> <span class='ocrx_word' id='word_1_425' title='bbox 758 3886 914 3933; x_wconf 78' lang='lat' dir='ltr'><strong>Origenis</strong></span> <span class='ocrx_word' id='word_1_426' title='bbox 932 3884 1085 3920; x_wconf 83' lang='lat' dir='ltr'><strong>damnat.</strong></span> <span class='ocrx_word' id='word_1_427' title='bbox 1103 3903 1148 3908; x_wconf 94' lang='lat'><strong>——</strong></span> <span class='ocrx_word' id='word_1_428' title='bbox 1169 3881 1307 3917; x_wconf 80' lang='lat' dir='ltr'><strong>Inlcrt‘a</strong></span> <span class='ocrx_word' id='word_1_429' title='bbox 1325 3879 1444 3915; x_wconf 66' lang='grc' dir='ltr'><strong>’Πιθο-</strong></span> 
     </span>
    </p>
   </div>
   <div class='ocr_carea' id='block_1_60' title="bbox 363 3943 1442 3992">
    <p class='ocr_par' dir='ltr' id='par_1_60' title="bbox 363 3943 1442 3992">
     <span class='ocr_line' id='line_1_60' title="bbox 363 3943 1442 3992; baseline 0.002 -15"><span class='ocrx_word' id='word_1_430' title='bbox 363 3943 493 3990; x_wconf 81' lang='lat' dir='ltr'><strong>philus,</strong></span> <span class='ocrx_word' id='word_1_431' title='bbox 512 3945 570 3992; x_wconf 76' lang='lat' dir='ltr'><strong>qui</strong></span> <span class='ocrx_word' id='word_1_432' title='bbox 592 3949 667 3984; x_wconf 85' lang='lat' dir='ltr'><strong>dira</strong></span> <span class='ocrx_word' id='word_1_433' title='bbox 690 3951 905 3986; x_wconf 73' lang='lat' dir='ltr'><strong>molicnatur</strong></span> <span class='ocrx_word' id='word_1_434' title='bbox 925 3949 958 3983; x_wconf 90' lang='lat' dir='ltr'><strong>in</strong></span> <span class='ocrx_word' id='word_1_435' title='bbox 977 3946 1167 3989; x_wconf 72' lang='lat' dir='ltr'><strong>Joannem,</strong></span> <span class='ocrx_word' id='word_1_436' title='bbox 1189 3943 1232 3979; x_wconf 91' lang='lat' dir='ltr'><strong>ad</strong></span> <span class='ocrx_word' id='word_1_437' title='bbox 1252 3944 1442 3990; x_wconf 76' lang='lat' dir='ltr'><strong>episcopos</strong></span> 
     </span>
    </p>
   </div>
   <div class='ocr_carea' id='block_1_61' title="bbox 1473 309 2510 361">
    <p class='ocr_par' dir='ltr' id='par_1_61' title="bbox 1473 309 2510 361">
     <span class='ocr_line' id='line_1_61' title="bbox 1473 309 2510 361; baseline 0.009 -16"><span class='ocrx_word' id='word_1_438' title='bbox 1473 309 1604 356; x_wconf 88' lang='lat' dir='ltr'><strong>ubique</strong></span> <span class='ocrx_word' id='word_1_439' title='bbox 1641 319 1772 346; x_wconf 89' lang='lat' dir='ltr'><strong>omnes</strong></span> <span class='ocrx_word' id='word_1_440' title='bbox 1811 309 1976 356; x_wconf 80' lang='lat' dir='ltr'><strong>scripsit.</strong></span> <span class='ocrx_word' id='word_1_441' title='bbox 2013 309 2123 347; x_wconf 90' lang='lat' dir='ltr'><strong>libros</strong></span> <span class='ocrx_word' id='word_1_442' title='bbox 2153 310 2310 358; x_wconf 84' lang='lat' dir='ltr'><strong>Origenis</strong></span> <span class='ocrx_word' id='word_1_443' title='bbox 2341 313 2510 361; x_wconf 67' lang='lat' dir='ltr'><strong>incusans,</strong></span> 
     </span>
    </p>
   </div>
   <div class='ocr_carea' id='block_1_62' title="bbox 1472 371 2512 422">
    <p class='ocr_par' dir='ltr' id='par_1_62' title="bbox 1472 371 2512 422">
     <span class='ocr_line' id='line_1_62' title="bbox 1472 371 2512 422; baseline 0.006 -16"><span class='ocrx_word' id='word_1_444' title='bbox 1472 371 1674 418; x_wconf 87' lang='lat' dir='ltr'><strong>multosque</strong></span> <span class='ocrx_word' id='word_1_445' title='bbox 1691 371 1734 407; x_wconf 89' lang='lat' dir='ltr'><strong>ad</strong></span> <span class='ocrx_word' id='word_1_446' title='bbox 1752 371 1966 408; x_wconf 83' lang='lat' dir='ltr'><strong>sententiam</strong></span> <span class='ocrx_word' id='word_1_447' title='bbox 1988 381 2088 408; x_wconf 87' lang='lat' dir='ltr'><strong>suam</strong></span> <span class='ocrx_word' id='word_1_448' title='bbox 2105 375 2274 420; x_wconf 77' lang='lat' dir='ltr'><strong>pertraxit</strong></span> <span class='ocrx_word' id='word_1_449' title='bbox 2288 373 2430 422; x_wconf 76' lang='lat' dir='ltr'><strong>(Sozam.</strong></span> <span class='ocrx_word' id='word_1_450' title='bbox 2447 378 2468 412; x_wconf 84' lang='grc' dir='ltr'><strong>ι.</strong></span> <span class='ocrx_word' id='word_1_451' title='bbox 2482 379 2512 416; x_wconf 83' lang='lat'><strong>8.</strong></span> 
     </span>
    </p>
   </div>
   <div class='ocr_carea' id='block_1_63' title="bbox 1472 431 2513 481">
    <p class='ocr_par' dir='ltr' id='par_1_63' title="bbox 1472 431 2513 481">
     <span class='ocr_line' id='line_1_63' title="bbox 1472 431 2513 481; baseline 0.007 -13"><span class='ocrx_word' id='word_1_452' title='bbox 1472 445 1502 468; x_wconf 83' lang='lat' dir='ltr'><strong>c.</strong></span> <span class='ocrx_word' id='word_1_453' title='bbox 1526 432 1584 469; x_wconf 69' lang='grc' dir='ltr'><strong>Η.</strong></span> <span class='ocrx_word' id='word_1_454' title='bbox 1607 432 1708 469; x_wconf 88' lang='lat' dir='ltr'><strong>Socr.</strong></span> <span class='ocrx_word' id='word_1_455' title='bbox 1729 432 1754 468; x_wconf 88' lang='grc' dir='ltr'>ι.</span> <span class='ocrx_word' id='word_1_456' title='bbox 1775 431 1812 469; x_wconf 88' lang='lat'><strong>6.</strong></span> <span class='ocrx_word' id='word_1_457' title='bbox 1835 443 1866 468; x_wconf 87' lang='lat' dir='ltr'><strong>c.</strong></span> <span class='ocrx_word' id='word_1_458' title='bbox 1887 432 1964 479; x_wconf 81' lang='grc'><strong>10).</strong></span> <span class='ocrx_word' id='word_1_459' title='bbox 1987 432 2190 480; x_wconf 87' lang='lat' dir='ltr'><strong>Putansque</strong></span> <span class='ocrx_word' id='word_1_460' title='bbox 2209 445 2332 481; x_wconf 77' lang='lat' dir='ltr'><strong>magno</strong></span> <span class='ocrx_word' id='word_1_461' title='bbox 2350 436 2411 472; x_wconf 88' lang='lat' dir='ltr'><strong>sibi</strong></span> <span class='ocrx_word' id='word_1_462' title='bbox 2428 447 2513 476; x_wconf 82' lang='lat' dir='ltr'><strong>cmo-</strong></span> 
     </span>
    </p>
   </div>
   <div class='ocr_carea' id='block_1_64' title="bbox 1473 492 2516 546">
    <p class='ocr_par' dir='ltr' id='par_1_64' title="bbox 1473 492 2516 546">
     <span class='ocr_line' id='line_1_64' title="bbox 1473 492 2516 546; baseline 0.008 -17"><span class='ocrx_word' id='word_1_463' title='bbox 1473 492 1635 530; x_wconf 89' lang='lat' dir='ltr'><strong>lumento</strong></span> <span class='ocrx_word' id='word_1_464' title='bbox 1665 493 1764 538; x_wconf 89' lang='lat' dir='ltr'><strong>fore,</strong></span> <span class='ocrx_word' id='word_1_465' title='bbox 1794 493 1824 530; x_wconf 92' lang='lat' dir='ltr'><strong>si</strong></span> <span class='ocrx_word' id='word_1_466' title='bbox 1855 493 2092 540; x_wconf 79' lang='lat' dir='ltr'><strong>Epiphaniam</strong></span> <span class='ocrx_word' id='word_1_467' title='bbox 2109 523 2118 538; x_wconf 91' lang='lat'><strong>,</strong></span> <span class='ocrx_word' id='word_1_468' title='bbox 2145 494 2330 532; x_wconf 81' lang='lat' dir='ltr'><strong>Salaminis</strong></span> <span class='ocrx_word' id='word_1_469' title='bbox 2358 497 2391 534; x_wconf 92' lang='lat' dir='ltr'><strong>in</strong></span> <span class='ocrx_word' id='word_1_470' title='bbox 2414 499 2516 546; x_wconf 77' lang='lat' dir='ltr'><strong>Cypro</strong></span> 
     </span>
    </p>
   </div>
   <div class='ocr_carea' id='block_1_65' title="bbox 1473 556 2515 604">
    <p class='ocr_par' dir='ltr' id='par_1_65' title="bbox 1473 556 2515 604">
     <span class='ocr_line' id='line_1_65' title="bbox 1473 556 2515 604; baseline 0.003 -12"><span class='ocrx_word' id='word_1_471' title='bbox 1473 556 1682 603; x_wconf 85' lang='lat' dir='ltr'><strong>episcopum</strong></span> <span class='ocrx_word' id='word_1_472' title='bbox 1696 585 1704 599; x_wconf 93' lang='lat'><strong>,</strong></span> <span class='ocrx_word' id='word_1_473' title='bbox 1730 557 1844 593; x_wconf 87' lang='lat' dir='ltr'><strong>virum</strong></span> <span class='ocrx_word' id='word_1_474' title='bbox 1873 557 2136 593; x_wconf 88' lang='lat' dir='ltr'><strong>sanctissimum</strong></span> <span class='ocrx_word' id='word_1_475' title='bbox 2159 563 2196 594; x_wconf 91' lang='lat' dir='ltr'><strong>ct</strong></span> <span class='ocrx_word' id='word_1_476' title='bbox 2218 557 2438 596; x_wconf 69' lang='lat' dir='ltr'><strong>clarissimum</strong></span> <span class='ocrx_word' id='word_1_477' title='bbox 2452 589 2460 604; x_wconf 93' lang='lat'><strong>,</strong></span> <span class='ocrx_word' id='word_1_478' title='bbox 2479 563 2515 598; x_wconf 81' lang='lat' dir='ltr'><strong>ad</strong></span> 
     </span>
    </p>
   </div>
   <div class='ocr_carea' id='block_1_66' title="bbox 1475 617 2517 666">
    <p class='ocr_par' dir='ltr' id='par_1_66' title="bbox 1475 617 2517 666">
     <span class='ocr_line' id='line_1_66' title="bbox 1475 617 2517 666; baseline 0.006 -12"><span class='ocrx_word' id='word_1_479' title='bbox 1475 628 1558 654; x_wconf 80' lang='lat' dir='ltr'><strong>saas</strong></span> <span class='ocrx_word' id='word_1_480' title='bbox 1577 623 1698 664; x_wconf 87' lang='lat' dir='ltr'><strong>partes</strong></span> <span class='ocrx_word' id='word_1_481' title='bbox 1717 617 1862 655; x_wconf 80' lang='lat' dir='ltr'><strong>allicere</strong></span> <span class='ocrx_word' id='word_1_482' title='bbox 1881 623 2014 666; x_wconf 90' lang='lat' dir='ltr'><strong>posset,</strong></span> <span class='ocrx_word' id='word_1_483' title='bbox 2038 629 2081 655; x_wconf 92' lang='lat' dir='ltr'><strong>eo</strong></span> <span class='ocrx_word' id='word_1_484' title='bbox 2102 629 2229 655; x_wconf 86' lang='lat' dir='ltr'><strong>nervos</strong></span> <span class='ocrx_word' id='word_1_485' title='bbox 2249 619 2420 657; x_wconf 72' lang='lat' dir='ltr'><strong>industria:</strong></span> <span class='ocrx_word' id='word_1_486' title='bbox 2439 629 2517 660; x_wconf 85' lang='lat' dir='ltr'><strong>totus</strong></span> 
     </span>
    </p>
   </div>
   <div class='ocr_carea' id='block_1_67' title="bbox 1475 681 2516 729">
    <p class='ocr_par' dir='ltr' id='par_1_67' title="bbox 1475 681 2516 729">
     <span class='ocr_line' id='line_1_67' title="bbox 1475 681 2516 729; baseline 0.003 -12"><span class='ocrx_word' id='word_1_487' title='bbox 1475 681 1651 717; x_wconf 83' lang='lat' dir='ltr'><strong>adhibuit.</strong></span> <span class='ocrx_word' id='word_1_488' title='bbox 1673 681 1774 718; x_wconf 91' lang='lat' dir='ltr'><strong>lllum</strong></span> <span class='ocrx_word' id='word_1_489' title='bbox 1795 691 1881 718; x_wconf 86' lang='lat' dir='ltr'><strong>vero</strong></span> <span class='ocrx_word' id='word_1_490' title='bbox 1902 681 2041 728; x_wconf 87' lang='lat' dir='ltr'><strong>pridem</strong></span> <span class='ocrx_word' id='word_1_491' title='bbox 2065 681 2300 727; x_wconf 86' lang='lat' dir='ltr'><strong>incusaverat,</strong></span> <span class='ocrx_word' id='word_1_492' title='bbox 2319 682 2406 729; x_wconf 89' lang='lat' dir='ltr'><strong>quod</strong></span> <span class='ocrx_word' id='word_1_493' title='bbox 2424 683 2516 720; x_wconf 83' lang='lat' dir='ltr'><strong>Deum</strong></span> 
     </span>
    </p>
   </div>
   <div class='ocr_carea' id='block_1_68' title="bbox 1477 743 2519 791">
    <p class='ocr_par' dir='ltr' id='par_1_68' title="bbox 1477 743 2519 791">
     <span class='ocr_line' id='line_1_68' title="bbox 1477 743 2519 791; baseline 0.003 -12"><span class='ocrx_word' id='word_1_494' title='bbox 1477 743 1634 780; x_wconf 89' lang='lat' dir='ltr'><strong>lmmana</strong></span> <span class='ocrx_word' id='word_1_495' title='bbox 1659 743 1771 780; x_wconf 87' lang='lat' dir='ltr'><strong>forma</strong></span> <span class='ocrx_word' id='word_1_496' title='bbox 1797 743 1986 790; x_wconf 81' lang='lat' dir='ltr'><strong>praeditum</strong></span> <span class='ocrx_word' id='word_1_497' title='bbox 2015 753 2096 781; x_wconf 84' lang='lat' dir='ltr'><strong>esse</strong></span> <span class='ocrx_word' id='word_1_498' title='bbox 2124 744 2338 790; x_wconf 86' lang='lat' dir='ltr'><strong>opinaretur,</strong></span> <span class='ocrx_word' id='word_1_499' title='bbox 2361 755 2433 791; x_wconf 72' lang='lat' dir='ltr'><strong>qua:</strong></span> <span class='ocrx_word' id='word_1_500' title='bbox 2456 752 2519 782; x_wconf 83' lang='lat' dir='ltr'><strong>erat</strong></span> 
     </span>
    </p>
   </div>
   <div class='ocr_carea' id='block_1_69' title="bbox 1477 805 2519 853">
    <p class='ocr_par' dir='ltr' id='par_1_69' title="bbox 1477 805 2519 853">
     <span class='ocr_line' id='line_1_69' title="bbox 1477 805 2519 853; baseline 0.001 -11"><span class='ocrx_word' id='word_1_501' title='bbox 1477 805 1628 843; x_wconf 82' lang='lat' dir='ltr'><strong>haeresis</strong></span> <span class='ocrx_word' id='word_1_502' title='bbox 1654 805 2122 853; x_wconf 86' lang='lat' dir='ltr'><strong>Anthropomorphitarum.</strong></span> <span class='ocrx_word' id='word_1_503' title='bbox 2153 805 2252 842; x_wconf 89' lang='lat' dir='ltr'><strong>Tunc</strong></span> <span class='ocrx_word' id='word_1_504' title='bbox 2277 815 2379 850; x_wconf 87' lang='lat' dir='ltr'><strong>vero,</strong></span> <span class='ocrx_word' id='word_1_505' title='bbox 2399 807 2424 841; x_wconf 89' lang='lat' dir='ltr'><strong>si</strong></span> <span class='ocrx_word' id='word_1_506' title='bbox 2447 805 2519 843; x_wconf 82' lang='lat' dir='ltr'><strong>fides</strong></span> 
     </span>
    </p>
   </div>
   <div class='ocr_carea' id='block_1_70' title="bbox 1479 868 2519 916">
    <p class='ocr_par' dir='ltr' id='par_1_70' title="bbox 1479 868 2519 916">
     <span class='ocr_line' id='line_1_70' title="bbox 1479 868 2519 916; baseline -0.001 -10"><span class='ocrx_word' id='word_1_507' title='bbox 1479 869 1526 906; x_wconf 87' lang='lat' dir='ltr'><strong>sit</strong></span> <span class='ocrx_word' id='word_1_508' title='bbox 1543 869 1682 907; x_wconf 89' lang='lat' dir='ltr'><strong>Socrati</strong></span> <span class='ocrx_word' id='word_1_509' title='bbox 1699 876 1732 907; x_wconf 87' lang='lat' dir='ltr'><strong>et</strong></span> <span class='ocrx_word' id='word_1_510' title='bbox 1751 869 1954 906; x_wconf 85' lang='lat' dir='ltr'><strong>Sozomeno</strong></span> <span class='ocrx_word' id='word_1_511' title='bbox 1969 896 1978 912; x_wconf 91' lang='lat'><strong>,</strong></span> <span class='ocrx_word' id='word_1_512' title='bbox 1998 879 2038 906; x_wconf 89' lang='lat' dir='ltr'><strong>se</strong></span> <span class='ocrx_word' id='word_1_513' title='bbox 2056 868 2209 916; x_wconf 90' lang='lat' dir='ltr'><strong>idipsum</strong></span> <span class='ocrx_word' id='word_1_514' title='bbox 2235 878 2274 904; x_wconf 88' lang='lat' dir='ltr'><strong>ea</strong></span> <span class='ocrx_word' id='word_1_515' title='bbox 2298 868 2340 905; x_wconf 89' lang='lat' dir='ltr'><strong>de</strong></span> <span class='ocrx_word' id='word_1_516' title='bbox 2357 879 2390 904; x_wconf 91' lang='lat' dir='ltr'><strong>re</strong></span> <span class='ocrx_word' id='word_1_517' title='bbox 2409 870 2519 906; x_wconf 84' lang='lat' dir='ltr'><strong>sentire</strong></span> 
     </span>
    </p>
   </div>
   <div class='ocr_carea' id='block_1_71' title="bbox 1479 929 2518 979">
    <p class='ocr_par' dir='ltr' id='par_1_71' title="bbox 1479 929 2518 979">
     <span class='ocr_line' id='line_1_71' title="bbox 1479 929 2518 979; baseline -0.002 -11"><span class='ocrx_word' id='word_1_518' title='bbox 1479 932 1682 978; x_wconf 87' lang='lat' dir='ltr'><strong>simulavit,</strong></span> <span class='ocrx_word' id='word_1_519' title='bbox 1702 937 1742 968; x_wconf 90' lang='lat' dir='ltr'><strong>ut</strong></span> <span class='ocrx_word' id='word_1_520' title='bbox 1760 931 1998 979; x_wconf 87' lang='lat' dir='ltr'><strong>Epiphanium</strong></span> <span class='ocrx_word' id='word_1_521' title='bbox 2021 931 2088 968; x_wconf 91' lang='lat' dir='ltr'><strong>sibi</strong></span> <span class='ocrx_word' id='word_1_522' title='bbox 2109 929 2325 968; x_wconf 88' lang='lat' dir='ltr'><strong>conciliaret.</strong></span> <span class='ocrx_word' id='word_1_523' title='bbox 2347 929 2424 966; x_wconf 88' lang='lat' dir='ltr'><strong>Erat</strong></span> <span class='ocrx_word' id='word_1_524' title='bbox 2441 930 2518 966; x_wconf 90' lang='lat' dir='ltr'><strong>enim</strong></span> 
     </span>
    </p>
   </div>
   <div class='ocr_carea' id='block_1_72' title="bbox 1481 992 2519 1042">
    <p class='ocr_par' dir='ltr' id='par_1_72' title="bbox 1481 992 2519 1042">
     <span class='ocr_line' id='line_1_72' title="bbox 1481 992 2519 1042; baseline -0.004 -10"><span class='ocrx_word' id='word_1_525' title='bbox 1481 995 1703 1042; x_wconf 88' lang='lat' dir='ltr'><strong>Epiphanius</strong></span> <span class='ocrx_word' id='word_1_526' title='bbox 1723 995 1778 1030; x_wconf 90' lang='lat' dir='ltr'><strong>vir</strong></span> <span class='ocrx_word' id='word_1_527' title='bbox 1797 995 1928 1042; x_wconf 87' lang='lat' dir='ltr'><strong>pietate</strong></span> <span class='ocrx_word' id='word_1_528' title='bbox 1945 993 2176 1040; x_wconf 88' lang='lat' dir='ltr'><strong>conspicuus,</strong></span> <span class='ocrx_word' id='word_1_529' title='bbox 2197 992 2260 1029; x_wconf 90' lang='lat' dir='ltr'><strong>sed</strong></span> <span class='ocrx_word' id='word_1_530' title='bbox 2280 992 2336 1038; x_wconf 87' lang='lat' dir='ltr'><strong>qui</strong></span> <span class='ocrx_word' id='word_1_531' title='bbox 2360 1003 2423 1029; x_wconf 90' lang='lat' dir='ltr'><strong>non</strong></span> <span class='ocrx_word' id='word_1_532' title='bbox 2441 1003 2519 1029; x_wconf 80' lang='lat' dir='ltr'><strong>sctu-</strong></span> 
     </span>
    </p>
   </div>
   <div class='ocr_carea' id='block_1_73' title="bbox 1481 1055 2518 1105">
    <p class='ocr_par' dir='ltr' id='par_1_73' title="bbox 1481 1055 2518 1105">
     <span class='ocr_line' id='line_1_73' title="bbox 1481 1055 2518 1105; baseline -0.004 -12"><span class='ocrx_word' id='word_1_533' title='bbox 1481 1067 1546 1105; x_wconf 85' lang='lat' dir='ltr'><strong>per</strong></span> <span class='ocrx_word' id='word_1_534' title='bbox 1586 1058 1755 1093; x_wconf 88' lang='lat' dir='ltr'><strong>tutiorem</strong></span> <span class='ocrx_word' id='word_1_535' title='bbox 1797 1056 2056 1103; x_wconf 85' lang='lat' dir='ltr'><strong>melioremque</strong></span> <span class='ocrx_word' id='word_1_536' title='bbox 2096 1061 2230 1102; x_wconf 88' lang='lat' dir='ltr'><strong>partem</strong></span> <span class='ocrx_word' id='word_1_537' title='bbox 2265 1055 2518 1101; x_wconf 84' lang='lat' dir='ltr'><strong>amplecteretur.</strong></span> 
     </span>
    </p>
   </div>
   <div class='ocr_carea' id='block_1_74' title="bbox 1482 1118 2523 1166">
    <p class='ocr_par' dir='ltr' id='par_1_74' title="bbox 1482 1118 2523 1166">
     <span class='ocr_line' id='line_1_74' title="bbox 1482 1118 2523 1166; baseline -0.002 -10"><span class='ocrx_word' id='word_1_538' title='bbox 1482 1119 1561 1156; x_wconf 87' lang='lat' dir='ltr'><strong>Jam</strong></span> <span class='ocrx_word' id='word_1_539' title='bbox 1583 1120 1738 1156; x_wconf 85' lang='lat' dir='ltr'><strong>vidimus</strong></span> <span class='ocrx_word' id='word_1_540' title='bbox 1759 1120 1793 1155; x_wconf 92' lang='lat' dir='ltr'><strong>iu</strong></span> <span class='ocrx_word' id='word_1_541' title='bbox 1817 1119 1896 1155; x_wconf 71' lang='lat' dir='ltr'><strong>Vita</strong></span> <span class='ocrx_word' id='word_1_542' title='bbox 1915 1119 2124 1160; x_wconf 83' lang='lat' dir='ltr'><strong>Athanasii,</strong></span> <span class='ocrx_word' id='word_1_543' title='bbox 2145 1129 2248 1166; x_wconf 90' lang='lat' dir='ltr'><strong>quam</strong></span> <span class='ocrx_word' id='word_1_544' title='bbox 2268 1128 2357 1154; x_wconf 90' lang='lat' dir='ltr'><strong>anno</strong></span> <span class='ocrx_word' id='word_1_545' title='bbox 2378 1118 2457 1154; x_wconf 79' lang='grc'><strong>1693</strong></span> <span class='ocrx_word' id='word_1_546' title='bbox 2472 1129 2523 1164; x_wconf 87' lang='lat' dir='ltr'><strong>pu-</strong></span> 
     </span>
    </p>
   </div>
   <div class='ocr_carea' id='block_1_75' title="bbox 1482 1180 2524 1228">
    <p class='ocr_par' dir='ltr' id='par_1_75' title="bbox 1482 1180 2524 1228">
     <span class='ocr_line' id='line_1_75' title="bbox 1482 1180 2524 1228; baseline -0.004 -9"><span class='ocrx_word' id='word_1_547' title='bbox 1482 1183 1613 1219; x_wconf 85' lang='lat' dir='ltr'><strong>blicam</strong></span> <span class='ocrx_word' id='word_1_548' title='bbox 1631 1182 1794 1224; x_wconf 88' lang='lat' dir='ltr'><strong>fecimus,</strong></span> <span class='ocrx_word' id='word_1_549' title='bbox 1813 1181 2053 1228; x_wconf 84' lang='lat' dir='ltr'><strong>Epiphaniqu</strong></span> <span class='ocrx_word' id='word_1_550' title='bbox 2069 1191 2150 1218; x_wconf 89' lang='lat' dir='ltr'><strong>cum</strong></span> <span class='ocrx_word' id='word_1_551' title='bbox 2163 1181 2206 1217; x_wconf 88' lang='lat' dir='ltr'><strong>de</strong></span> <span class='ocrx_word' id='word_1_552' title='bbox 2221 1181 2354 1217; x_wconf 82' lang='lat' dir='ltr'><strong>Melctio</strong></span> <span class='ocrx_word' id='word_1_553' title='bbox 2366 1181 2430 1228; x_wconf 75' lang='lat' dir='ltr'><strong>agit</strong></span> <span class='ocrx_word' id='word_1_554' title='bbox 2443 1180 2524 1227; x_wconf 75' lang='lat' dir='ltr'><strong>(Epi-</strong></span> 
     </span>
    </p>
   </div>
   <div class='ocr_carea' id='block_1_76' title="bbox 1484 1242 2523 1293">
    <p class='ocr_par' dir='ltr' id='par_1_76' title="bbox 1484 1242 2523 1293">
     <span class='ocr_line' id='line_1_76' title="bbox 1484 1242 2523 1293; baseline -0.004 -11"><span class='ocrx_word' id='word_1_555' title='bbox 1484 1247 1590 1293; x_wconf 84' lang='lat' dir='ltr'><strong>plmn.</strong></span> <span class='ocrx_word' id='word_1_556' title='bbox 1608 1245 1742 1282; x_wconf 73' lang='lat' dir='ltr'><strong>Ilarresi</strong></span> <span class='ocrx_word' id='word_1_557' title='bbox 1759 1245 1835 1292; x_wconf 84' lang='lat'><strong>68),</strong></span> <span class='ocrx_word' id='word_1_558' title='bbox 1852 1245 1912 1292; x_wconf 94' lang='lat' dir='ltr'><strong>qui</strong></span> <span class='ocrx_word' id='word_1_559' title='bbox 1929 1244 2110 1282; x_wconf 84' lang='lat' dir='ltr'><strong>Meletiani</strong></span> <span class='ocrx_word' id='word_1_560' title='bbox 2129 1243 2326 1280; x_wconf 84' lang='lat' dir='ltr'><strong>schismatis</strong></span> <span class='ocrx_word' id='word_1_561' title='bbox 2339 1242 2523 1286; x_wconf 87' lang='lat' dir='ltr'><strong>auclorfuit,</strong></span> 
     </span>
    </p>
   </div>
   <div class='ocr_carea' id='block_1_77' title="bbox 1483 1304 2526 1356">
    <p class='ocr_par' dir='ltr' id='par_1_77' title="bbox 1483 1304 2526 1356">
     <span class='ocr_line' id='line_1_77' title="bbox 1483 1304 2526 1356; baseline -0.005 -11"><span class='ocrx_word' id='word_1_562' title='bbox 1483 1309 1618 1356; x_wconf 89' lang='lat' dir='ltr'><strong>quique</strong></span> <span class='ocrx_word' id='word_1_563' title='bbox 1639 1319 1658 1344; x_wconf 92' lang='lat' dir='ltr'><strong>a</strong></span> <span class='ocrx_word' id='word_1_564' title='bbox 1676 1307 1715 1345; x_wconf 91' lang='lat' dir='ltr'><strong>S.</strong></span> <span class='ocrx_word' id='word_1_565' title='bbox 1737 1307 1844 1344; x_wconf 82' lang='lat' dir='ltr'><strong>Petro</strong></span> <span class='ocrx_word' id='word_1_566' title='bbox 1859 1311 2032 1354; x_wconf 77' lang='lat' dir='ltr'><strong>martyre,</strong></span> <span class='ocrx_word' id='word_1_567' title='bbox 2050 1305 2291 1343; x_wconf 82' lang='lat' dir='ltr'><strong>Alexandrino</strong></span> <span class='ocrx_word' id='word_1_568' title='bbox 2307 1304 2454 1352; x_wconf 62' lang='lat' dir='ltr'><strong>praesule,</strong></span> <span class='ocrx_word' id='word_1_569' title='bbox 2468 1310 2496 1340; x_wconf 84' lang='lat' dir='ltr'><strong>et</strong></span> <span class='ocrx_word' id='word_1_570' title='bbox 2509 1314 2526 1340; x_wconf 69' lang='grc' dir='ltr'><strong>α</strong></span> 
     </span>
    </p>
   </div>
   <div class='ocr_carea' id='block_1_78' title="bbox 1485 1368 2527 1420">
    <p class='ocr_par' dir='ltr' id='par_1_78' title="bbox 1485 1368 2527 1420">
     <span class='ocr_line' id='line_1_78' title="bbox 1485 1368 2527 1420; baseline -0.005 -11"><span class='ocrx_word' id='word_1_571' title='bbox 1485 1371 1633 1420; x_wconf 84' lang='lat' dir='ltr'><strong>Synodo</strong></span> <span class='ocrx_word' id='word_1_572' title='bbox 1654 1371 1849 1408; x_wconf 88' lang='lat' dir='ltr'><strong>multorum</strong></span> <span class='ocrx_word' id='word_1_573' title='bbox 1871 1371 2051 1408; x_wconf 87' lang='lat' dir='ltr'><strong>scelerum</strong></span> <span class='ocrx_word' id='word_1_574' title='bbox 2077 1380 2184 1406; x_wconf 87' lang='lat' dir='ltr'><strong>causa</strong></span> <span class='ocrx_word' id='word_1_575' title='bbox 2213 1369 2392 1406; x_wconf 87' lang='lat' dir='ltr'><strong>damnatus</strong></span> <span class='ocrx_word' id='word_1_576' title='bbox 2409 1368 2527 1414; x_wconf 85' lang='lat' dir='ltr'><strong>deposi-</strong></span> 
     </span>
    </p>
   </div>
   <div class='ocr_carea' id='block_1_79' title="bbox 1486 1430 2529 1481">
    <p class='ocr_par' dir='ltr' id='par_1_79' title="bbox 1486 1430 2529 1481">
     <span class='ocr_line' id='line_1_79' title="bbox 1486 1430 2529 1481; baseline -0.006 -9"><span class='ocrx_word' id='word_1_577' title='bbox 1486 1440 1614 1481; x_wconf 90' lang='lat' dir='ltr'><strong>tusque</strong></span> <span class='ocrx_word' id='word_1_578' title='bbox 1642 1433 1782 1477; x_wconf 85' lang='lat' dir='ltr'><strong>fuerat,</strong></span> <span class='ocrx_word' id='word_1_579' title='bbox 1815 1431 1898 1470; x_wconf 89' lang='lat' dir='ltr'><strong>facti</strong></span> <span class='ocrx_word' id='word_1_580' title='bbox 1933 1433 2103 1469; x_wconf 87' lang='lat' dir='ltr'><strong>invidiam</strong></span> <span class='ocrx_word' id='word_1_581' title='bbox 2137 1432 2242 1469; x_wconf 85' lang='lat' dir='ltr'><strong>Petro</strong></span> <span class='ocrx_word' id='word_1_582' title='bbox 2273 1430 2410 1479; x_wconf 83' lang='lat' dir='ltr'><strong>martyri</strong></span> <span class='ocrx_word' id='word_1_583' title='bbox 2436 1430 2529 1476; x_wconf 77' lang='lat' dir='ltr'><strong>magis</strong></span> 
     </span>
    </p>
   </div>
   <div class='ocr_carea' id='block_1_80' title="bbox 1485 1491 2530 1544">
    <p class='ocr_par' dir='ltr' id='par_1_80' title="bbox 1485 1491 2530 1544">
     <span class='ocr_line' id='line_1_80' title="bbox 1485 1491 2530 1544; baseline -0.007 -11"><span class='ocrx_word' id='word_1_584' title='bbox 1485 1507 1592 1544; x_wconf 86' lang='lat' dir='ltr'><strong>quam</strong></span> <span class='ocrx_word' id='word_1_585' title='bbox 1613 1495 1758 1534; x_wconf 84' lang='lat' dir='ltr'><strong>Meletio</strong></span> <span class='ocrx_word' id='word_1_586' title='bbox 1777 1495 1947 1532; x_wconf 86' lang='lat' dir='ltr'><strong>conferre</strong></span> <span class='ocrx_word' id='word_1_587' title='bbox 1971 1507 1979 1531; x_wconf 93' lang='lat'><strong>:</strong></span> <span class='ocrx_word' id='word_1_588' title='bbox 2003 1495 2051 1531; x_wconf 88' lang='lat' dir='ltr'><strong>ita</strong></span> <span class='ocrx_word' id='word_1_589' title='bbox 2079 1500 2118 1531; x_wconf 92' lang='lat' dir='ltr'><strong>ut</strong></span> <span class='ocrx_word' id='word_1_590' title='bbox 2146 1493 2261 1541; x_wconf 78' lang='lat' dir='ltr'><strong>palam</strong></span> <span class='ocrx_word' id='word_1_591' title='bbox 2286 1493 2327 1529; x_wconf 89' lang='lat' dir='ltr'><strong>sit</strong></span> <span class='ocrx_word' id='word_1_592' title='bbox 2347 1503 2421 1530; x_wconf 88' lang='lat' dir='ltr'><strong>eum</strong></span> <span class='ocrx_word' id='word_1_593' title='bbox 2443 1491 2530 1528; x_wconf 81' lang='lat' dir='ltr'><strong>Mele-</strong></span> 
     </span>
    </p>
   </div>
   <div class='ocr_carea' id='block_1_81' title="bbox 1489 1552 2530 1606">
    <p class='ocr_par' dir='ltr' id='par_1_81' title="bbox 1489 1552 2530 1606">
     <span class='ocr_line' id='line_1_81' title="bbox 1489 1552 2530 1606; baseline -0.009 -10"><span class='ocrx_word' id='word_1_594' title='bbox 1489 1559 1573 1596; x_wconf 90' lang='lat' dir='ltr'><strong>tiani</strong></span> <span class='ocrx_word' id='word_1_595' title='bbox 1593 1559 1778 1606; x_wconf 88' lang='lat' dir='ltr'><strong>cujusdam</strong></span> <span class='ocrx_word' id='word_1_596' title='bbox 1799 1557 1925 1595; x_wconf 87' lang='lat' dir='ltr'><strong>fraude</strong></span> <span class='ocrx_word' id='word_1_597' title='bbox 1953 1557 2024 1594; x_wconf 87' lang='lat' dir='ltr'><strong>tale</strong></span> <span class='ocrx_word' id='word_1_598' title='bbox 2050 1563 2289 1593; x_wconf 81' lang='lat' dir='ltr'><strong>commentum</strong></span> <span class='ocrx_word' id='word_1_599' title='bbox 2316 1554 2468 1596; x_wconf 88' lang='lat' dir='ltr'><strong>edidisse,</strong></span> <span class='ocrx_word' id='word_1_600' title='bbox 2485 1552 2530 1588; x_wconf 90' lang='lat' dir='ltr'><strong>cui</strong></span> 
     </span>
    </p>
   </div>
   <div class='ocr_carea' id='block_1_82' title="bbox 1487 1614 2530 1660">
    <p class='ocr_par' dir='ltr' id='par_1_82' title="bbox 1487 1614 2530 1660">
     <span class='ocr_line' id='line_1_82' title="bbox 1487 1614 2530 1660; baseline -0.011 0"><span class='ocrx_word' id='word_1_601' title='bbox 1487 1623 1688 1660; x_wconf 89' lang='lat' dir='ltr'><strong>reclamant</strong></span> <span class='ocrx_word' id='word_1_602' title='bbox 1713 1631 1795 1658; x_wconf 88' lang='lat' dir='ltr'><strong>cum</strong></span> <span class='ocrx_word' id='word_1_603' title='bbox 1823 1619 2021 1657; x_wconf 75' lang='lat' dir='ltr'><strong>Athanasio</strong></span> <span class='ocrx_word' id='word_1_604' title='bbox 2048 1629 2175 1657; x_wconf 89' lang='lat' dir='ltr'><strong>omnes</strong></span> <span class='ocrx_word' id='word_1_605' title='bbox 2207 1615 2432 1656; x_wconf 80' lang='lat' dir='ltr'><strong>Ecclesiastici</strong></span> <span class='ocrx_word' id='word_1_606' title='bbox 2457 1614 2530 1650; x_wconf 49' lang='lat' dir='ltr'><strong>seri.</strong></span> 
     </span>
    </p>
   </div>
   <div class='ocr_carea' id='block_1_83' title="bbox 1490 1693 1626 1734">
    <p class='ocr_par' dir='ltr' id='par_1_83' title="bbox 1490 1693 1626 1734">
     <span class='ocr_line' id='line_1_83' title="bbox 1490 1693 1626 1734; baseline -0.007 -11"><span class='ocrx_word' id='word_1_607' title='bbox 1490 1693 1626 1734; x_wconf 82' lang='lat' dir='ltr'><strong>ptorcs.</strong></span> 
     </span>
    </p>
   </div>
   <div class='ocr_carea' id='block_1_84' title="bbox 1539 1738 2532 1795">
    <p class='ocr_par' dir='ltr' id='par_1_84' title="bbox 1539 1738 2532 1795">
     <span class='ocr_line' id='line_1_84' title="bbox 1539 1738 2532 1795; baseline -0.012 -9"><span class='ocrx_word' id='word_1_608' title='bbox 1539 1749 1582 1786; x_wconf 90' lang='lat' dir='ltr'><strong>S.</strong></span> <span class='ocrx_word' id='word_1_609' title='bbox 1607 1748 1826 1795; x_wconf 74' lang='lat' dir='ltr'><strong>Epiphanius</strong></span> <span class='ocrx_word' id='word_1_610' title='bbox 1847 1747 1951 1784; x_wconf 78' lang='lat' dir='ltr'><strong>libros</strong></span> <span class='ocrx_word' id='word_1_611' title='bbox 1971 1745 2127 1794; x_wconf 80' lang='lat' dir='ltr'><strong>Origenis</strong></span> <span class='ocrx_word' id='word_1_612' title='bbox 2147 1743 2213 1792; x_wconf 87' lang='lat' dir='ltr'><strong>legi</strong></span> <span class='ocrx_word' id='word_1_613' title='bbox 2234 1741 2391 1791; x_wconf 78' lang='lat' dir='ltr'><strong>prohibet.</strong></span> <span class='ocrx_word' id='word_1_614' title='bbox 2404 1761 2446 1767; x_wconf 92' lang='lat'><strong>—</strong></span> <span class='ocrx_word' id='word_1_615' title='bbox 2461 1738 2532 1776; x_wconf 82' lang='lat' dir='ltr'><strong>Cum</strong></span> 
     </span>
    </p>
   </div>
   <div class='ocr_carea' id='block_1_85' title="bbox 1491 1801 2534 1856">
    <p class='ocr_par' dir='ltr' id='par_1_85' title="bbox 1491 1801 2534 1856">
     <span class='ocr_line' id='line_1_85' title="bbox 1491 1801 2534 1856; baseline -0.012 -8"><span class='ocrx_word' id='word_1_616' title='bbox 1491 1813 1600 1848; x_wconf 78' lang='lat' dir='ltr'><strong>sciret</strong></span> <span class='ocrx_word' id='word_1_617' title='bbox 1619 1817 1738 1847; x_wconf 87' lang='lat' dir='ltr'><strong>autem</strong></span> <span class='ocrx_word' id='word_1_618' title='bbox 1767 1809 1993 1856; x_wconf 87' lang='lat' dir='ltr'><strong>Theophilus</strong></span> <span class='ocrx_word' id='word_1_619' title='bbox 2014 1807 2250 1856; x_wconf 87' lang='lat' dir='ltr'><strong>Epiphanium</strong></span> <span class='ocrx_word' id='word_1_620' title='bbox 2277 1805 2381 1842; x_wconf 89' lang='lat' dir='ltr'><strong>libros</strong></span> <span class='ocrx_word' id='word_1_621' title='bbox 2399 1801 2534 1848; x_wconf 76' lang='lat' dir='ltr'><strong>Origcnis</strong></span> 
     </span>
    </p>
   </div>
   <div class='ocr_carea' id='block_1_86' title="bbox 1491 1863 2536 1920">
    <p class='ocr_par' dir='ltr' id='par_1_86' title="bbox 1491 1863 2536 1920">
     <span class='ocr_line' id='line_1_86' title="bbox 1491 1863 2536 1920; baseline -0.013 -9"><span class='ocrx_word' id='word_1_622' title='bbox 1491 1874 1664 1918; x_wconf 83' lang='lat' dir='ltr'><strong>aversari,</strong></span> <span class='ocrx_word' id='word_1_623' title='bbox 1684 1873 1728 1909; x_wconf 90' lang='lat' dir='ltr'><strong>ad</strong></span> <span class='ocrx_word' id='word_1_624' title='bbox 1749 1883 1831 1910; x_wconf 88' lang='lat' dir='ltr'><strong>eum</strong></span> <span class='ocrx_word' id='word_1_625' title='bbox 1852 1882 1996 1920; x_wconf 87' lang='lat' dir='ltr'><strong>quoque</strong></span> <span class='ocrx_word' id='word_1_626' title='bbox 2014 1871 2138 1908; x_wconf 85' lang='lat' dir='ltr'><strong>literas</strong></span> <span class='ocrx_word' id='word_1_627' title='bbox 2157 1864 2264 1910; x_wconf 83' lang='lat' dir='ltr'><strong>misit,</strong></span> <span class='ocrx_word' id='word_1_628' title='bbox 2283 1866 2381 1914; x_wconf 90' lang='lat' dir='ltr'><strong>queis</strong></span> <span class='ocrx_word' id='word_1_629' title='bbox 2397 1863 2536 1901; x_wconf 83' lang='lat' dir='ltr'><strong>hortaba-</strong></span> 
     </span>
    </p>
   </div>
   <div class='ocr_carea' id='block_1_87' title="bbox 1493 1925 2536 1981">
    <p class='ocr_par' dir='ltr' id='par_1_87' title="bbox 1493 1925 2536 1981">
     <span class='ocr_line' id='line_1_87' title="bbox 1493 1925 2536 1981; baseline -0.013 -9"><span class='ocrx_word' id='word_1_630' title='bbox 1493 1942 1550 1972; x_wconf 89' lang='lat' dir='ltr'><strong>tur</strong></span> <span class='ocrx_word' id='word_1_631' title='bbox 1568 1935 1682 1978; x_wconf 90' lang='lat' dir='ltr'><strong>illum,</strong></span> <span class='ocrx_word' id='word_1_632' title='bbox 1701 1940 1739 1970; x_wconf 91' lang='lat' dir='ltr'><strong>ut</strong></span> <span class='ocrx_word' id='word_1_633' title='bbox 1757 1940 1792 1970; x_wconf 88' lang='lat' dir='ltr'><strong>ct</strong></span> <span class='ocrx_word' id='word_1_634' title='bbox 1811 1935 1888 1981; x_wconf 89' lang='lat' dir='ltr'><strong>ipse</strong></span> <span class='ocrx_word' id='word_1_635' title='bbox 1907 1940 2035 1970; x_wconf 86' lang='lat' dir='ltr'><strong>contra</strong></span> <span class='ocrx_word' id='word_1_636' title='bbox 2053 1931 2216 1980; x_wconf 80' lang='lat' dir='ltr'><strong>Origenis</strong></span> <span class='ocrx_word' id='word_1_637' title='bbox 2234 1930 2342 1966; x_wconf 91' lang='lat' dir='ltr'><strong>libros</strong></span> <span class='ocrx_word' id='word_1_638' title='bbox 2355 1925 2536 1964; x_wconf 86' lang='lat' dir='ltr'><strong>sententiam</strong></span> 
     </span>
    </p>
   </div>
   <div class='ocr_carea' id='block_1_88' title="bbox 1493 1989 2538 2045">
    <p class='ocr_par' dir='ltr' id='par_1_88' title="bbox 1493 1989 2538 2045">
     <span class='ocr_line' id='line_1_88' title="bbox 1493 1989 2538 2045; baseline -0.011 -11"><span class='ocrx_word' id='word_1_639' title='bbox 1493 1997 1618 2035; x_wconf 89' lang='lat' dir='ltr'><strong>ferret.</strong></span> <span class='ocrx_word' id='word_1_640' title='bbox 1639 1997 1864 2045; x_wconf 84' lang='lat' dir='ltr'><strong>Epiphanius</strong></span> <span class='ocrx_word' id='word_1_641' title='bbox 1885 2007 1986 2039; x_wconf 86' lang='lat' dir='ltr'><strong>vero,</strong></span> <span class='ocrx_word' id='word_1_642' title='bbox 2008 2002 2133 2033; x_wconf 87' lang='lat' dir='ltr'><strong>coacta</strong></span> <span class='ocrx_word' id='word_1_643' title='bbox 2153 1994 2360 2042; x_wconf 80' lang='lat' dir='ltr'><strong>Cypriorum</strong></span> <span class='ocrx_word' id='word_1_644' title='bbox 2377 1989 2538 2036; x_wconf 80' lang='lat' dir='ltr'><strong>episcopo-</strong></span> 
     </span>
    </p>
   </div>
   <div class='ocr_carea' id='block_1_89' title="bbox 1494 2051 2539 2110">
    <p class='ocr_par' dir='ltr' id='par_1_89' title="bbox 1494 2051 2539 2110">
     <span class='ocr_line' id='line_1_89' title="bbox 1494 2051 2539 2110; baseline -0.013 -12"><span class='ocrx_word' id='word_1_645' title='bbox 1494 2073 1574 2099; x_wconf 89' lang='lat' dir='ltr'><strong>rum</strong></span> <span class='ocrx_word' id='word_1_646' title='bbox 1601 2061 1771 2110; x_wconf 85' lang='lat' dir='ltr'><strong>Synodo,</strong></span> <span class='ocrx_word' id='word_1_647' title='bbox 1791 2061 1958 2108; x_wconf 76' lang='lat' dir='ltr'><strong>Origenis</strong></span> <span class='ocrx_word' id='word_1_648' title='bbox 1983 2060 2094 2097; x_wconf 90' lang='lat' dir='ltr'><strong>libros</strong></span> <span class='ocrx_word' id='word_1_649' title='bbox 2114 2058 2180 2106; x_wconf 77' lang='lat' dir='ltr'><strong>legi</strong></span> <span class='ocrx_word' id='word_1_650' title='bbox 2209 2054 2382 2104; x_wconf 87' lang='lat' dir='ltr'><strong>prohibuit</strong></span> <span class='ocrx_word' id='word_1_651' title='bbox 2401 2065 2408 2090; x_wconf 93' lang='lat'>:</span> <span class='ocrx_word' id='word_1_652' title='bbox 2427 2051 2539 2099; x_wconf 81' lang='lat' dir='ltr'><strong>episto-</strong></span> 
     </span>
    </p>
   </div>
   <div class='ocr_carea' id='block_1_90' title="bbox 1496 2114 2541 2171">
    <p class='ocr_par' dir='ltr' id='par_1_90' title="bbox 1496 2114 2541 2171">
     <span class='ocr_line' id='line_1_90' title="bbox 1496 2114 2541 2171; baseline -0.013 -11"><span class='ocrx_word' id='word_1_653' title='bbox 1496 2125 1621 2171; x_wconf 90' lang='lat' dir='ltr'><strong>lasque</strong></span> <span class='ocrx_word' id='word_1_654' title='bbox 1641 2124 1739 2160; x_wconf 88' lang='lat' dir='ltr'><strong>misit</strong></span> <span class='ocrx_word' id='word_1_655' title='bbox 1755 2130 1830 2160; x_wconf 91' lang='lat' dir='ltr'><strong>tum</strong></span> <span class='ocrx_word' id='word_1_656' title='bbox 1853 2123 1896 2159; x_wconf 88' lang='lat' dir='ltr'><strong>ad</strong></span> <span class='ocrx_word' id='word_1_657' title='bbox 1916 2123 2006 2159; x_wconf 88' lang='lat' dir='ltr'><strong>alios</strong></span> <span class='ocrx_word' id='word_1_658' title='bbox 2025 2122 2228 2168; x_wconf 85' lang='lat' dir='ltr'><strong>episcopos,</strong></span> <span class='ocrx_word' id='word_1_659' title='bbox 2247 2125 2318 2154; x_wconf 91' lang='lat' dir='ltr'><strong>tum</strong></span> <span class='ocrx_word' id='word_1_660' title='bbox 2335 2115 2377 2152; x_wconf 87' lang='lat' dir='ltr'><strong>ad</strong></span> <span class='ocrx_word' id='word_1_661' title='bbox 2394 2114 2541 2150; x_wconf 76' lang='lat' dir='ltr'><strong>Constan-</strong></span> 
     </span>
    </p>
   </div>
   <div class='ocr_carea' id='block_1_91' title="bbox 1497 2176 2540 2236">
    <p class='ocr_par' dir='ltr' id='par_1_91' title="bbox 1497 2176 2540 2236">
     <span class='ocr_line' id='line_1_91' title="bbox 1497 2176 2540 2236; baseline -0.016 -11"><span class='ocrx_word' id='word_1_662' title='bbox 1497 2188 1775 2236; x_wconf 85' lang='lat' dir='ltr'><strong>tinopolitanum</strong></span> <span class='ocrx_word' id='word_1_663' title='bbox 1795 2186 2002 2234; x_wconf 72' lang='lat' dir='ltr'><strong>prccsulem,</strong></span> <span class='ocrx_word' id='word_1_664' title='bbox 2019 2185 2103 2232; x_wconf 89' lang='lat' dir='ltr'><strong>quid</strong></span> <span class='ocrx_word' id='word_1_665' title='bbox 2123 2194 2142 2219; x_wconf 88' lang='lat' dir='ltr'><strong>a</strong></span> <span class='ocrx_word' id='word_1_666' title='bbox 2159 2181 2286 2230; x_wconf 85' lang='lat' dir='ltr'><strong>Cypria</strong></span> <span class='ocrx_word' id='word_1_667' title='bbox 2304 2176 2439 2226; x_wconf 74' lang='lat' dir='ltr'><strong>Syrit-do</strong></span> <span class='ocrx_word' id='word_1_668' title='bbox 2451 2179 2540 2210; x_wconf 78' lang='lat' dir='ltr'><strong>statu-</strong></span> 
     </span>
    </p>
   </div>
   <div class='ocr_carea' id='block_1_92' title="bbox 1498 2237 2542 2294">
    <p class='ocr_par' dir='ltr' id='par_1_92' title="bbox 1498 2237 2542 2294">
     <span class='ocr_line' id='line_1_92' title="bbox 1498 2237 2542 2294; baseline -0.015 -5"><span class='ocrx_word' id='word_1_669' title='bbox 1498 2259 1572 2289; x_wconf 84' lang='lat' dir='ltr'><strong>tum</strong></span> <span class='ocrx_word' id='word_1_670' title='bbox 1589 2251 1717 2289; x_wconf 87' lang='lat' dir='ltr'><strong>fuisset</strong></span> <span class='ocrx_word' id='word_1_671' title='bbox 1730 2251 1936 2294; x_wconf 86' lang='lat' dir='ltr'><strong>declarans,</strong></span> <span class='ocrx_word' id='word_1_672' title='bbox 1951 2249 2217 2294; x_wconf 88' lang='lat' dir='ltr'><strong>cohortansque</strong></span> <span class='ocrx_word' id='word_1_673' title='bbox 2233 2245 2322 2286; x_wconf 85' lang='lat' dir='ltr'><strong>illos,</strong></span> <span class='ocrx_word' id='word_1_674' title='bbox 2339 2249 2372 2278; x_wconf 88' lang='grc' dir='ltr'><strong>ιιι</strong></span> <span class='ocrx_word' id='word_1_675' title='bbox 2387 2237 2542 2288; x_wconf 82' lang='lat' dir='ltr'><strong>Synodnm</strong></span> 
     </span>
    </p>
   </div>
   <div class='ocr_carea' id='block_1_93' title="bbox 1499 2303 2544 2360">
    <p class='ocr_par' dir='ltr' id='par_1_93' title="bbox 1499 2303 2544 2360">
     <span class='ocr_line' id='line_1_93' title="bbox 1499 2303 2544 2360; baseline -0.017 -10"><span class='ocrx_word' id='word_1_676' title='bbox 1499 2319 1742 2352; x_wconf 89' lang='lat' dir='ltr'><strong>convocarent</strong></span> <span class='ocrx_word' id='word_1_677' title='bbox 1763 2313 1964 2360; x_wconf 88' lang='lat' dir='ltr'><strong>eademque</strong></span> <span class='ocrx_word' id='word_1_678' title='bbox 1983 2311 2232 2348; x_wconf 83' lang='lat' dir='ltr'><strong>decernerent.</strong></span> <span class='ocrx_word' id='word_1_679' title='bbox 2247 2303 2454 2351; x_wconf 80' lang='lat' dir='ltr'><strong>Theophilus</strong></span> <span class='ocrx_word' id='word_1_680' title='bbox 2469 2309 2544 2346; x_wconf 88' lang='lat' dir='ltr'><strong>quo-</strong></span> 
     </span>
    </p>
   </div>
   <div class='ocr_carea' id='block_1_94' title="bbox 1499 2364 2544 2426">
    <p class='ocr_par' dir='ltr' id='par_1_94' title="bbox 1499 2364 2544 2426">
     <span class='ocr_line' id='line_1_94' title="bbox 1499 2364 2544 2426; baseline -0.02 -12"><span class='ocrx_word' id='word_1_681' title='bbox 1499 2389 1569 2426; x_wconf 86' lang='lat' dir='ltr'><strong>que</strong></span> <span class='ocrx_word' id='word_1_682' title='bbox 1587 2387 1668 2414; x_wconf 91' lang='lat' dir='ltr'><strong>cum</strong></span> <span class='ocrx_word' id='word_1_683' title='bbox 1689 2375 1870 2424; x_wconf 60' lang='lat' dir='ltr'><strong>[Egyptiis</strong></span> <span class='ocrx_word' id='word_1_684' title='bbox 1894 2373 2073 2422; x_wconf 88' lang='lat' dir='ltr'><strong>episcopis</strong></span> <span class='ocrx_word' id='word_1_685' title='bbox 2099 2371 2222 2408; x_wconf 86' lang='lat' dir='ltr'><strong>eadem</strong></span> <span class='ocrx_word' id='word_1_686' title='bbox 2249 2373 2366 2405; x_wconf 88' lang='lat' dir='ltr'><strong>contra</strong></span> <span class='ocrx_word' id='word_1_687' title='bbox 2384 2364 2544 2409; x_wconf 75' lang='lat' dir='ltr'><strong>()rigencui</strong></span> 
     </span>
    </p>
   </div>
   <div class='ocr_carea' id='block_1_95' title="bbox 1500 2425 2544 2486">
    <p class='ocr_par' dir='ltr' id='par_1_95' title="bbox 1500 2425 2544 2486">
     <span class='ocr_line' id='line_1_95' title="bbox 1500 2425 2544 2486; baseline -0.02 -7"><span class='ocrx_word' id='word_1_688' title='bbox 1500 2441 1708 2485; x_wconf 88' lang='lat' dir='ltr'><strong>constituit,</strong></span> <span class='ocrx_word' id='word_1_689' title='bbox 1733 2441 1929 2486; x_wconf 88' lang='lat' dir='ltr'><strong>literasque</strong></span> <span class='ocrx_word' id='word_1_690' title='bbox 1947 2438 2044 2474; x_wconf 85' lang='lat' dir='ltr'><strong>misit</strong></span> <span class='ocrx_word' id='word_1_691' title='bbox 2068 2435 2113 2472; x_wconf 87' lang='lat' dir='ltr'><strong>ad</strong></span> <span class='ocrx_word' id='word_1_692' title='bbox 2132 2435 2318 2482; x_wconf 82' lang='lat' dir='ltr'><strong>episcopos</strong></span> <span class='ocrx_word' id='word_1_693' title='bbox 2337 2436 2370 2466; x_wconf 88' lang='lat' dir='ltr'><strong>et</strong></span> <span class='ocrx_word' id='word_1_694' title='bbox 2391 2427 2430 2464; x_wconf 90' lang='lat' dir='ltr'><strong>ad</strong></span> <span class='ocrx_word' id='word_1_695' title='bbox 2454 2425 2544 2462; x_wconf 83' lang='lat' dir='ltr'><strong>Joan-</strong></span> 
     </span>
    </p>
   </div>
   <div class='ocr_carea' id='block_1_96' title="bbox 1503 2489 2545 2550">
    <p class='ocr_par' dir='ltr' id='par_1_96' title="bbox 1503 2489 2545 2550">
     <span class='ocr_line' id='line_1_96' title="bbox 1503 2489 2545 2550; baseline -0.019 -8"><span class='ocrx_word' id='word_1_696' title='bbox 1503 2516 1598 2549; x_wconf 88' lang='lat' dir='ltr'><strong>nem,</strong></span> <span class='ocrx_word' id='word_1_697' title='bbox 1614 2511 1652 2540; x_wconf 81' lang='grc' dir='ltr'><strong>ιιι</strong></span> <span class='ocrx_word' id='word_1_698' title='bbox 1666 2512 1702 2541; x_wconf 90' lang='lat' dir='ltr'><strong>et</strong></span> <span class='ocrx_word' id='word_1_699' title='bbox 1717 2504 1766 2540; x_wconf 92' lang='lat' dir='ltr'><strong>illi</strong></span> <span class='ocrx_word' id='word_1_700' title='bbox 1784 2503 1882 2550; x_wconf 90' lang='lat' dir='ltr'><strong>paria</strong></span> <span class='ocrx_word' id='word_1_701' title='bbox 1900 2505 2125 2548; x_wconf 75' lang='lat' dir='ltr'><strong>prmstarcnt.</strong></span> <span class='ocrx_word' id='word_1_702' title='bbox 2142 2497 2297 2534; x_wconf 86' lang='lat' dir='ltr'><strong>Joannes</strong></span> <span class='ocrx_word' id='word_1_703' title='bbox 2312 2501 2390 2528; x_wconf 87' lang='lat' dir='ltr'><strong>vero</strong></span> <span class='ocrx_word' id='word_1_704' title='bbox 2405 2489 2471 2524; x_wconf 81' lang='lat' dir='ltr'><strong>lnrc</strong></span> <span class='ocrx_word' id='word_1_705' title='bbox 2483 2493 2545 2550; x_wconf 54' lang='lat' dir='ltr'><strong>quat</strong></span> 
     </span>
    </p>
   </div>
   <div class='ocr_carea' id='block_1_97' title="bbox 1502 2545 2545 2615">
    <p class='ocr_par' dir='ltr' id='par_1_97' title="bbox 1502 2545 2545 2615">
     <span class='ocr_line' id='line_1_97' title="bbox 1502 2545 2545 2615; baseline -0.026 -9"><span class='ocrx_word' id='word_1_706' title='bbox 1502 2570 1570 2606; x_wconf 65' lang='lat' dir='ltr'><strong>sibi.</strong></span> <span class='ocrx_word' id='word_1_707' title='bbox 1597 2566 1896 2615; x_wconf 81' lang='lat' dir='ltr'><strong>significabantur</strong></span> <span class='ocrx_word' id='word_1_708' title='bbox 1924 2561 2188 2610; x_wconf 84' lang='lat' dir='ltr'><strong>parvipendcns</strong></span> <span class='ocrx_word' id='word_1_709' title='bbox 2205 2588 2214 2603; x_wconf 95' lang='lat'><strong>,</strong></span> <span class='ocrx_word' id='word_1_710' title='bbox 2237 2567 2340 2594; x_wconf 79' lang='lat' dir='ltr'><strong>unam</strong></span> <span class='ocrx_word' id='word_1_711' title='bbox 2368 2545 2545 2590; x_wconf 79' lang='lat' dir='ltr'><strong>instituendi</strong></span> 
     </span>
    </p>
   </div>
   <div class='ocr_carea' id='block_1_98' title="bbox 1503 2613 2546 2678">
    <p class='ocr_par' dir='ltr' id='par_1_98' title="bbox 1503 2613 2546 2678">
     <span class='ocr_line' id='line_1_98' title="bbox 1503 2613 2546 2678; baseline -0.02 -10"><span class='ocrx_word' id='word_1_712' title='bbox 1503 2639 1539 2668; x_wconf 88' lang='lat' dir='ltr'><strong>et</strong></span> <span class='ocrx_word' id='word_1_713' title='bbox 1563 2631 1617 2678; x_wconf 85' lang='lat' dir='ltr'><strong>pia</strong></span> <span class='ocrx_word' id='word_1_714' title='bbox 1639 2629 1802 2666; x_wconf 89' lang='lat' dir='ltr'><strong>doctrina</strong></span> <span class='ocrx_word' id='word_1_715' title='bbox 1822 2625 2008 2663; x_wconf 89' lang='lat' dir='ltr'><strong>imbuendi</strong></span> <span class='ocrx_word' id='word_1_716' title='bbox 2032 2623 2152 2672; x_wconf 89' lang='lat' dir='ltr'><strong>populi</strong></span> <span class='ocrx_word' id='word_1_717' title='bbox 2171 2621 2239 2658; x_wconf 88' lang='lat' dir='ltr'><strong>sibi</strong></span> <span class='ocrx_word' id='word_1_718' title='bbox 2261 2613 2431 2656; x_wconf 78' lang='lat' dir='ltr'><strong>con-.missi</strong></span> <span class='ocrx_word' id='word_1_719' title='bbox 2448 2617 2546 2648; x_wconf 75' lang='lat' dir='ltr'><strong>curam</strong></span> 
     </span>
    </p>
   </div>
   <div class='ocr_carea' id='block_1_99' title="bbox 1503 2676 2548 2738">
    <p class='ocr_par' dir='ltr' id='par_1_99' title="bbox 1503 2676 2548 2738">
     <span class='ocr_line' id='line_1_99' title="bbox 1503 2676 2548 2738; baseline -0.022 -10"><span class='ocrx_word' id='word_1_720' title='bbox 1503 2676 1666 2738; x_wconf 79' lang='lat' dir='ltr'><strong>gerebat,</strong></span> <span class='ocrx_word' id='word_1_721' title='bbox 1689 2697 1720 2725; x_wconf 88' lang='lat' dir='ltr'><strong>et</strong></span> <span class='ocrx_word' id='word_1_722' title='bbox 1741 2699 1783 2726; x_wconf 90' lang='lat' dir='ltr'><strong>ca</strong></span> <span class='ocrx_word' id='word_1_723' title='bbox 1805 2689 1840 2724; x_wconf 90' lang='lat' dir='ltr'><strong>in</strong></span> <span class='ocrx_word' id='word_1_724' title='bbox 1863 2698 1902 2724; x_wconf 91' lang='lat' dir='ltr'><strong>re</strong></span> <span class='ocrx_word' id='word_1_725' title='bbox 1921 2686 2114 2723; x_wconf 89' lang='lat' dir='ltr'><strong>admodum</strong></span> <span class='ocrx_word' id='word_1_726' title='bbox 2134 2683 2294 2720; x_wconf 85' lang='lat' dir='ltr'><strong>florebat.</strong></span> <span class='ocrx_word' id='word_1_727' title='bbox 2315 2676 2548 2717; x_wconf 79' lang='lat' dir='ltr'><strong>lnsidias,qu:ls</strong></span> 
     </span>
    </p>
   </div>
   <div class='ocr_carea' id='block_1_100' title="bbox 1505 2738 2550 2798">
    <p class='ocr_par' dir='ltr' id='par_1_100' title="bbox 1505 2738 2550 2798">
     <span class='ocr_line' id='line_1_100' title="bbox 1505 2738 2550 2798; baseline -0.018 -8"><span class='ocrx_word' id='word_1_728' title='bbox 1505 2753 1571 2791; x_wconf 89' lang='lat' dir='ltr'><strong>sibi</strong></span> <span class='ocrx_word' id='word_1_729' title='bbox 1591 2751 1707 2798; x_wconf 89' lang='lat' dir='ltr'><strong>parari</strong></span> <span class='ocrx_word' id='word_1_730' title='bbox 1727 2751 1894 2797; x_wconf 78' lang='lat' dir='ltr'><strong>ignorare</strong></span> <span class='ocrx_word' id='word_1_731' title='bbox 1915 2759 1986 2784; x_wconf 91' lang='lat' dir='ltr'><strong>non</strong></span> <span class='ocrx_word' id='word_1_732' title='bbox 2005 2753 2160 2794; x_wconf 87' lang='lat' dir='ltr'><strong>poterat,</strong></span> <span class='ocrx_word' id='word_1_733' title='bbox 2177 2749 2400 2781; x_wconf 87' lang='lat' dir='ltr'><strong>contemnere</strong></span> <span class='ocrx_word' id='word_1_734' title='bbox 2415 2747 2449 2773; x_wconf 84' lang='lat' dir='ltr'><strong>sc</strong></span> <span class='ocrx_word' id='word_1_735' title='bbox 2465 2738 2550 2780; x_wconf 70' lang='lat' dir='ltr'><strong>posse</strong></span> 
     </span>
    </p>
   </div>
   <div class='ocr_carea' id='block_1_101' title="bbox 1483 2801 2471 2862">
    <p class='ocr_par' dir='ltr' id='par_1_101' title="bbox 1483 2801 2471 2862">
     <span class='ocr_line' id='line_1_101' title="bbox 1483 2801 2471 2862; baseline -0.017 -12"><span class='ocrx_word' id='word_1_736' title='bbox 1483 2856 1486 2859; x_wconf 42' lang='lat'><strong>,</strong></span> <span class='ocrx_word' id='word_1_737' title='bbox 1506 2815 1678 2862; x_wconf 88' lang='lat' dir='ltr'><strong>putabat,</strong></span> <span class='ocrx_word' id='word_1_738' title='bbox 1698 2812 1920 2848; x_wconf 87' lang='lat' dir='ltr'><strong>conscientia</strong></span> <span class='ocrx_word' id='word_1_739' title='bbox 1943 2810 2031 2847; x_wconf 88' lang='lat' dir='ltr'><strong>ntnil</strong></span> <span class='ocrx_word' id='word_1_740' title='bbox 2051 2809 2240 2846; x_wconf 87' lang='lat' dir='ltr'><strong>adversum</strong></span> <span class='ocrx_word' id='word_1_741' title='bbox 2261 2801 2471 2840; x_wconf 83' lang='lat' dir='ltr'><strong>testificante.</strong></span> 
     </span>
    </p>
   </div>
   <div class='ocr_carea' id='block_1_102' title="bbox 1554 2859 2549 2920">
    <p class='ocr_par' dir='ltr' id='par_1_102' title="bbox 1554 2859 2549 2920">
     <span class='ocr_line' id='line_1_102' title="bbox 1554 2859 2549 2920; baseline -0.011 -7"><span class='ocrx_word' id='word_1_742' title='bbox 1554 2875 1788 2914; x_wconf 86' lang='lat' dir='ltr'><strong>Tillcmontio</strong></span> <span class='ocrx_word' id='word_1_743' title='bbox 1811 2873 2075 2920; x_wconf 77' lang='lat' dir='ltr'><strong>adstipulamur</strong></span> <span class='ocrx_word' id='word_1_744' title='bbox 2093 2869 2158 2918; x_wconf 89' lang='grc' dir='ltr'><strong>(Τ.</strong></span> <span class='ocrx_word' id='word_1_745' title='bbox 2180 2870 2215 2906; x_wconf 84' lang='lat'><strong>5.</strong></span> <span class='ocrx_word' id='word_1_746' title='bbox 2239 2879 2269 2903; x_wconf 78' lang='grc' dir='ltr'><strong>ο.</strong></span> <span class='ocrx_word' id='word_1_747' title='bbox 2289 2864 2379 2907; x_wconf 77' lang='grc'><strong>499)</strong></span> <span class='ocrx_word' id='word_1_748' title='bbox 2399 2860 2451 2908; x_wconf 78' lang='lat' dir='ltr'><strong>qui</strong></span> <span class='ocrx_word' id='word_1_749' title='bbox 2470 2859 2549 2903; x_wconf 68' lang='lat' dir='ltr'><strong>llum</strong></span> 
     </span>
    </p>
   </div>
   <div class='ocr_carea' id='block_1_103' title="bbox 1508 2924 2551 2976">
    <p class='ocr_par' dir='ltr' id='par_1_103' title="bbox 1508 2924 2551 2976">
     <span class='ocr_line' id='line_1_103' title="bbox 1508 2924 2551 2976; baseline -0.018 0"><span class='ocrx_word' id='word_1_750' title='bbox 1508 2939 1683 2976; x_wconf 85' lang='lat' dir='ltr'><strong>llomilias</strong></span> <span class='ocrx_word' id='word_1_751' title='bbox 1709 2937 1800 2974; x_wconf 87' lang='lat' dir='ltr'><strong>duas</strong></span> <span class='ocrx_word' id='word_1_752' title='bbox 1835 2937 1868 2972; x_wconf 88' lang='lat' dir='ltr'><strong>itt</strong></span> <span class='ocrx_word' id='word_1_753' title='bbox 1900 2935 1986 2972; x_wconf 92' lang='lat' dir='ltr'><strong>illud</strong></span> <span class='ocrx_word' id='word_1_754' title='bbox 2017 2933 2149 2971; x_wconf 85' lang='lat' dir='ltr'><strong>Psalmi</strong></span> <span class='ocrx_word' id='word_1_755' title='bbox 2173 2931 2243 2975; x_wconf 73' lang='lat'><strong>48,</strong></span> <span class='ocrx_word' id='word_1_756' title='bbox 2267 2927 2322 2965; x_wconf 86' lang='lat' dir='ltr'><strong>Ne</strong></span> <span class='ocrx_word' id='word_1_757' title='bbox 2338 2924 2474 2962; x_wconf 81' lang='lat' dir='ltr'><strong>timueris</strong></span> <span class='ocrx_word' id='word_1_758' title='bbox 2493 2925 2551 2952; x_wconf 71' lang='lat' dir='ltr'><strong>tum</strong></span> 
     </span>
    </p>
   </div>
   <div class='ocr_carea' id='block_1_104' title="bbox 1508 2986 2552 3052">
    <p class='ocr_par' dir='ltr' id='par_1_104' title="bbox 1508 2986 2552 3052">
     <span class='ocr_line' id='line_1_104' title="bbox 1508 2986 2552 3052; baseline -0.014 -11"><span class='ocrx_word' id='word_1_759' title='bbox 1508 3007 1600 3041; x_wconf 77' lang='lat' dir='ltr'><strong>dives</strong></span> <span class='ocrx_word' id='word_1_760' title='bbox 1627 3005 1740 3052; x_wconf 72' lang='lat' dir='ltr'><strong>frictus</strong></span> <span class='ocrx_word' id='word_1_761' title='bbox 1767 3001 1869 3050; x_wconf 81' lang='lat' dir='ltr'><strong>fuerit</strong></span> <span class='ocrx_word' id='word_1_762' title='bbox 1891 3000 1992 3036; x_wconf 82' lang='lat' dir='ltr'><strong>homo</strong></span> <span class='ocrx_word' id='word_1_763' title='bbox 2010 3027 2020 3044; x_wconf 93' lang='lat'><strong>,</strong></span> <span class='ocrx_word' id='word_1_764' title='bbox 2043 3005 2114 3034; x_wconf 87' lang='lat' dir='ltr'><strong>etc.</strong></span> <span class='ocrx_word' id='word_1_765' title='bbox 2133 3025 2141 3040; x_wconf 96' lang='lat'><strong>,</strong></span> <span class='ocrx_word' id='word_1_766' title='bbox 2163 2996 2231 3032; x_wconf 90' lang='lat' dir='ltr'><strong>hoc</strong></span> <span class='ocrx_word' id='word_1_767' title='bbox 2256 2990 2396 3030; x_wconf 86' lang='lat' dir='ltr'><strong>circiter</strong></span> <span class='ocrx_word' id='word_1_768' title='bbox 2420 2986 2552 3052; x_wconf 49' lang='grc' dir='ltr'><strong>ιςιξὶρθνθ</strong></span> 
     </span>
    </p>
   </div>
   <div class='ocr_carea' id='block_1_105' title="bbox 1509 3045 2552 3108">
    <p class='ocr_par' dir='ltr' id='par_1_105' title="bbox 1509 3045 2552 3108">
     <span class='ocr_line' id='line_1_105' title="bbox 1509 3045 2552 3108; baseline -0.023 -4"><span class='ocrx_word' id='word_1_769' title='bbox 1509 3068 1650 3104; x_wconf 84' lang='lat' dir='ltr'><strong>habitas</strong></span> <span class='ocrx_word' id='word_1_770' title='bbox 1676 3065 1801 3102; x_wconf 79' lang='lat' dir='ltr'><strong>fuisse.</strong></span> <span class='ocrx_word' id='word_1_771' title='bbox 1835 3064 1872 3099; x_wconf 91' lang='lat' dir='ltr'><strong>lu</strong></span> <span class='ocrx_word' id='word_1_772' title='bbox 1903 3063 2018 3108; x_wconf 88' lang='lat' dir='ltr'><strong>prima</strong></span> <span class='ocrx_word' id='word_1_773' title='bbox 2046 3069 2132 3097; x_wconf 87' lang='lat' dir='ltr'><strong>vero</strong></span> <span class='ocrx_word' id='word_1_774' title='bbox 2166 3063 2350 3104; x_wconf 86' lang='lat' dir='ltr'><strong>postquam</strong></span> <span class='ocrx_word' id='word_1_775' title='bbox 2376 3045 2552 3086; x_wconf 84' lang='lat' dir='ltr'><strong>divitiarum</strong></span> 
     </span>
    </p>
   </div>
   <div class='ocr_carea' id='block_1_106' title="bbox 1509 3109 2553 3171">
    <p class='ocr_par' dir='ltr' id='par_1_106' title="bbox 1509 3109 2553 3171">
     <span class='ocr_line' id='line_1_106' title="bbox 1509 3109 2553 3171; baseline -0.027 -5"><span class='ocrx_word' id='word_1_776' title='bbox 1509 3131 1704 3166; x_wconf 85' lang='lat' dir='ltr'><strong>vanitatem</strong></span> <span class='ocrx_word' id='word_1_777' title='bbox 1735 3125 2002 3171; x_wconf 84' lang='lat' dir='ltr'><strong>descripserat,</strong></span> <span class='ocrx_word' id='word_1_778' title='bbox 2023 3122 2117 3158; x_wconf 88' lang='lat' dir='ltr'><strong>dicta</strong></span> <span class='ocrx_word' id='word_1_779' title='bbox 2145 3128 2208 3155; x_wconf 89' lang='lat' dir='ltr'><strong>sua</strong></span> <span class='ocrx_word' id='word_1_780' title='bbox 2232 3111 2400 3160; x_wconf 78' lang='lat' dir='ltr'><strong>exemplis</strong></span> <span class='ocrx_word' id='word_1_781' title='bbox 2416 3109 2553 3171; x_wconf 64' lang='lat' dir='ltr'><strong>compro-</strong></span> 
     </span>
    </p>
   </div>
   <div class='ocr_carea' id='block_1_107' title="bbox 1509 3166 2556 3231">
    <p class='ocr_par' dir='ltr' id='par_1_107' title="bbox 1509 3166 2556 3231">
     <span class='ocr_line' id='line_1_107' title="bbox 1509 3166 2556 3231; baseline -0.015 -1"><span class='ocrx_word' id='word_1_782' title='bbox 1509 3195 1596 3230; x_wconf 83' lang='lat' dir='ltr'><strong>bare</strong></span> <span class='ocrx_word' id='word_1_783' title='bbox 1625 3192 1764 3228; x_wconf 85' lang='lat' dir='ltr'><strong>nititur.</strong></span> <span class='ocrx_word' id='word_1_784' title='bbox 1788 3187 1907 3224; x_wconf 84' lang='lat' dir='ltr'><strong>Nostis</strong></span> <span class='ocrx_word' id='word_1_785' title='bbox 1925 3197 1982 3222; x_wconf 82' lang='lat' dir='ltr'><strong>vos</strong></span> <span class='ocrx_word' id='word_1_786' title='bbox 1997 3213 2006 3229; x_wconf 95' lang='lat'><strong>,</strong></span> <span class='ocrx_word' id='word_1_787' title='bbox 2029 3183 2163 3230; x_wconf 90' lang='lat' dir='ltr'><strong>inquit,</strong></span> <span class='ocrx_word' id='word_1_788' title='bbox 2183 3181 2356 3216; x_wconf 80' lang='lat' dir='ltr'><strong>innumera</strong></span> <span class='ocrx_word' id='word_1_789' title='bbox 2379 3166 2556 3231; x_wconf 68' lang='lat' dir='ltr'><strong>exerui’&quot;“_’&quot;</strong></span> 
     </span>
    </p>
   </div>
   <div class='ocr_carea' id='block_1_108' title="bbox 1511 3234 2556 3296">
    <p class='ocr_par' dir='ltr' id='par_1_108' title="bbox 1511 3234 2556 3296">
     <span class='ocr_line' id='line_1_108' title="bbox 1511 3234 2556 3296; baseline -0.018 -6"><span class='ocrx_word' id='word_1_790' title='bbox 1511 3257 1575 3292; x_wconf 82' lang='lat' dir='ltr'><strong>huc</strong></span> <span class='ocrx_word' id='word_1_791' title='bbox 1594 3254 1675 3290; x_wconf 82' lang='lat' dir='ltr'><strong>urbe</strong></span> <span class='ocrx_word' id='word_1_792' title='bbox 1695 3253 1784 3288; x_wconf 73' lang='lat' dir='ltr'><strong>circa</strong></span> <span class='ocrx_word' id='word_1_793' title='bbox 1805 3248 2076 3296; x_wconf 68' lang='lat' dir='ltr'><strong>intempestivam</strong></span> <span class='ocrx_word' id='word_1_794' title='bbox 2097 3240 2292 3291; x_wconf 83' lang='lat' dir='ltr'><strong>lmjusmodi</strong></span> <span class='ocrx_word' id='word_1_795' title='bbox 2313 3235 2489 3296; x_wconf 71' lang='lat' dir='ltr'><strong>(liviliaruul</strong></span> <span class='ocrx_word' id='word_1_796' title='bbox 2507 3234 2556 3271; x_wconf 79' lang='lat' dir='ltr'><strong>J”’</strong></span> 
     </span>
    </p>
   </div>
   <div class='ocr_carea' id='block_1_109' title="bbox 1511 3294 2556 3354">
    <p class='ocr_par' dir='ltr' id='par_1_109' title="bbox 1511 3294 2556 3354">
     <span class='ocr_line' id='line_1_109' title="bbox 1511 3294 2556 3354; baseline -0.03 0"><span class='ocrx_word' id='word_1_797' title='bbox 1511 3326 1644 3354; x_wconf 81' lang='lat' dir='ltr'><strong>cturmn</strong></span> <span class='ocrx_word' id='word_1_798' title='bbox 1667 3326 1678 3351; x_wconf 90' lang='lat'><strong><em>:</em></strong></span> <span class='ocrx_word' id='word_1_799' title='bbox 1698 3321 1728 3350; x_wconf 82' lang='lat' dir='ltr'><strong>et</strong></span> <span class='ocrx_word' id='word_1_800' title='bbox 1756 3311 1947 3350; x_wconf 81' lang='lat' dir='ltr'><strong>didicistis,</strong></span> <span class='ocrx_word' id='word_1_801' title='bbox 1977 3309 2105 3344; x_wconf 82' lang='lat' dir='ltr'><strong>vivente</strong></span> <span class='ocrx_word' id='word_1_802' title='bbox 2133 3312 2320 3354; x_wconf 79' lang='lat' dir='ltr'><strong>possessore</strong></span> <span class='ocrx_word' id='word_1_803' title='bbox 2347 3294 2556 3346; x_wconf 56' lang='lat' dir='ltr'><strong>possessionem</strong></span> 
     </span>
    </p>
   </div>
   <div class='ocr_carea' id='block_1_110' title="bbox 1512 3355 2556 3428">
    <p class='ocr_par' dir='ltr' id='par_1_110' title="bbox 1512 3355 2556 3428">
     <span class='ocr_line' id='line_1_110' title="bbox 1512 3355 2556 3428; baseline -0.017 -12"><span class='ocrx_word' id='word_1_804' title='bbox 1512 3380 1652 3428; x_wconf 76' lang='lat' dir='ltr'><strong>periisse</strong></span> <span class='ocrx_word' id='word_1_805' title='bbox 1673 3387 1686 3412; x_wconf 90' lang='lat'><strong><em>:</em></strong></span> <span class='ocrx_word' id='word_1_806' title='bbox 1705 3375 1900 3412; x_wconf 73' lang='lat' dir='ltr'><strong>divitiarum</strong></span> <span class='ocrx_word' id='word_1_807' title='bbox 1919 3372 2007 3407; x_wconf 84' lang='lat' dir='ltr'><strong>enim</strong></span> <span class='ocrx_word' id='word_1_808' title='bbox 2029 3371 2107 3416; x_wconf 83' lang='lat' dir='ltr'><strong>ﬁnis</strong></span> <span class='ocrx_word' id='word_1_809' title='bbox 2127 3375 2174 3404; x_wconf 82' lang='lat' dir='ltr'><strong>est</strong></span> <span class='ocrx_word' id='word_1_810' title='bbox 2193 3365 2332 3402; x_wconf 79' lang='lat' dir='ltr'><strong>mutatio</strong></span> <span class='ocrx_word' id='word_1_811' title='bbox 2349 3362 2381 3396; x_wconf 87' lang='lat' dir='ltr'><strong>in</strong></span> <span class='ocrx_word' id='word_1_812' title='bbox 2401 3355 2556 3416; x_wconf 64' lang='lat' dir='ltr'><strong>paul’&quot;”_‘&quot;</strong></span> 
     </span>
    </p>
   </div>
   <div class='ocr_carea' id='block_1_111' title="bbox 1512 3419 2556 3488">
    <p class='ocr_par' dir='ltr' id='par_1_111' title="bbox 1512 3419 2556 3488">
     <span class='ocr_line' id='line_1_111' title="bbox 1512 3419 2556 3488; baseline -0.031 -10"><span class='ocrx_word' id='word_1_813' title='bbox 1512 3451 1592 3479; x_wconf 80' lang='lat' dir='ltr'><strong>tem.</strong></span> <span class='ocrx_word' id='word_1_814' title='bbox 1615 3438 1792 3488; x_wconf 78' lang='lat' dir='ltr'><strong>Perpende</strong></span> <span class='ocrx_word' id='word_1_815' title='bbox 1809 3437 1911 3484; x_wconf 83' lang='lat' dir='ltr'><strong>igitur</strong></span> <span class='ocrx_word' id='word_1_816' title='bbox 1925 3445 2028 3482; x_wconf 87' lang='lat' dir='ltr'><strong>quam</strong></span> <span class='ocrx_word' id='word_1_817' title='bbox 2045 3432 2150 3469; x_wconf 76' lang='lat' dir='ltr'><strong>brevis</strong></span> <span class='ocrx_word' id='word_1_818' title='bbox 2171 3431 2213 3466; x_wconf 83' lang='lat' dir='ltr'><strong>sit</strong></span> <span class='ocrx_word' id='word_1_819' title='bbox 2232 3424 2386 3472; x_wconf 74' lang='lat' dir='ltr'><strong>trtnporis</strong></span> <span class='ocrx_word' id='word_1_820' title='bbox 2406 3419 2556 3488; x_wconf 56' lang='lat' dir='ltr'><strong>possessa:</strong></span> 
     </span>
    </p>
   </div>
   <div class='ocr_carea' id='block_1_112' title="bbox 1514 3476 2559 3551">
    <p class='ocr_par' dir='ltr' id='par_1_112' title="bbox 1514 3476 2559 3551">
     <span class='ocr_line' id='line_1_112' title="bbox 1514 3476 2559 3551; baseline -0.023 -10"><span class='ocrx_word' id='word_1_821' title='bbox 1514 3504 1606 3541; x_wconf 81' lang='lat' dir='ltr'><strong>Nam</strong></span> <span class='ocrx_word' id='word_1_822' title='bbox 1635 3511 1808 3551; x_wconf 79' lang='lat' dir='ltr'><strong>possessor</strong></span> <span class='ocrx_word' id='word_1_823' title='bbox 1833 3499 1912 3536; x_wconf 77' lang='lat' dir='ltr'><strong>civit</strong></span> <span class='ocrx_word' id='word_1_824' title='bbox 1939 3503 2012 3545; x_wconf 84' lang='lat' dir='ltr'><strong>post</strong></span> <span class='ocrx_word' id='word_1_825' title='bbox 2033 3497 2209 3543; x_wconf 82' lang='lat' dir='ltr'><strong>jaclnram</strong></span> <span class='ocrx_word' id='word_1_826' title='bbox 2233 3483 2452 3538; x_wconf 73' lang='lat' dir='ltr'><strong>possessionis.</strong></span> <span class='ocrx_word' id='word_1_827' title='bbox 2472 3476 2559 3551; x_wconf 58' lang='lat' dir='ltr'><strong>Alli&quot;:</strong></span> 
     </span>
    </p>
   </div>
   <div class='ocr_carea' id='block_1_113' title="bbox 1513 3536 2559 3612">
    <p class='ocr_par' dir='ltr' id='par_1_113' title="bbox 1513 3536 2559 3612">
     <span class='ocr_line' id='line_1_113' title="bbox 1513 3536 2559 3612; baseline -0.018 -10"><span class='ocrx_word' id='word_1_828' title='bbox 1513 3569 1644 3602; x_wconf 77' lang='lat' dir='ltr'><strong>utinam</strong></span> <span class='ocrx_word' id='word_1_829' title='bbox 1667 3564 1822 3612; x_wconf 71' lang='lat' dir='ltr'><strong>periisset</strong></span> <span class='ocrx_word' id='word_1_830' title='bbox 1843 3559 2026 3608; x_wconf 72' lang='lat' dir='ltr'><strong>possessio,</strong></span> <span class='ocrx_word' id='word_1_831' title='bbox 2051 3567 2154 3604; x_wconf 83' lang='lat' dir='ltr'><strong>neque</strong></span> <span class='ocrx_word' id='word_1_832' title='bbox 2174 3555 2208 3589; x_wconf 82' lang='lat' dir='ltr'><strong>in</strong></span> <span class='ocrx_word' id='word_1_833' title='bbox 2231 3536 2559 3612; x_wconf 42' lang='lat' dir='ltr'><strong>perniciem”(mimi?l</strong></span> 
     </span>
    </p>
   </div>
   <div class='ocr_carea' id='block_1_114' title="bbox 1513 3595 2558 3676">
    <p class='ocr_par' dir='ltr' id='par_1_114' title="bbox 1513 3595 2558 3676">
     <span class='ocr_line' id='line_1_114' title="bbox 1513 3595 2558 3676; baseline -0.025 -12"><span class='ocrx_word' id='word_1_834' title='bbox 1513 3631 1625 3676; x_wconf 84' lang='lat' dir='ltr'><strong>ipsum</strong></span> <span class='ocrx_word' id='word_1_835' title='bbox 1645 3624 1898 3676; x_wconf 77' lang='lat' dir='ltr'><strong>possessorem!</strong></span> <span class='ocrx_word' id='word_1_836' title='bbox 1919 3622 1999 3658; x_wconf 70' lang='lat' dir='ltr'><strong>Non</strong></span> <span class='ocrx_word' id='word_1_837' title='bbox 2018 3618 2182 3656; x_wconf 80' lang='lat' dir='ltr'><strong>erraveris</strong></span> <span class='ocrx_word' id='word_1_838' title='bbox 2201 3617 2313 3663; x_wconf 80' lang='lat' dir='ltr'><strong>igitur,</strong></span> <span class='ocrx_word' id='word_1_839' title='bbox 2334 3610 2362 3646; x_wconf 83' lang='lat' dir='ltr'><strong>si</strong></span> <span class='ocrx_word' id='word_1_840' title='bbox 2386 3607 2499 3676; x_wconf 48' lang='grc' dir='ltr'><strong>Δωρί-ιδ</strong></span> <span class='ocrx_word' id='word_1_841' title='bbox 2515 3595 2558 3676; x_wconf 49' lang='lat' dir='ltr'><strong>fi&quot;;</strong></span> 
     </span>
    </p>
   </div>
   <div class='ocr_carea' id='block_1_115' title="bbox 1513 3663 2561 3730">
    <p class='ocr_par' dir='ltr' id='par_1_115' title="bbox 1513 3663 2561 3730">
     <span class='ocr_line' id='line_1_115' title="bbox 1513 3663 2561 3730; baseline -0.036 -1"><span class='ocrx_word' id='word_1_842' title='bbox 1513 3663 1610 3728; x_wconf 59' lang='lat' dir='ltr'><strong>Ii’tias</strong></span> <span class='ocrx_word' id='word_1_843' title='bbox 1629 3663 1700 3727; x_wconf 61' lang='lat' dir='ltr'><strong>esse</strong></span> <span class='ocrx_word' id='word_1_844' title='bbox 1717 3687 1936 3725; x_wconf 79' lang='lat' dir='ltr'><strong>domesticum</strong></span> <span class='ocrx_word' id='word_1_845' title='bbox 1955 3685 2140 3730; x_wconf 76' lang='lat' dir='ltr'><strong>ingratum,</strong></span> <span class='ocrx_word' id='word_1_846' title='bbox 2159 3672 2408 3726; x_wconf 81' lang='lat' dir='ltr'><strong>sanguinarium</strong></span> <span class='ocrx_word' id='word_1_847' title='bbox 2426 3671 2454 3700; x_wconf 81' lang='lat' dir='ltr'><strong>et</strong></span> <span class='ocrx_word' id='word_1_848' title='bbox 2472 3663 2561 3730; x_wconf 50' lang='lat' dir='ltr'><strong>homo</strong></span> 
     </span>
    </p>
   </div>
   <div class='ocr_carea' id='block_1_116' title="bbox 1513 3727 2560 3796">
    <p class='ocr_par' dir='ltr' id='par_1_116' title="bbox 1513 3727 2560 3796">
     <span class='ocr_line' id='line_1_116' title="bbox 1513 3727 2560 3796; baseline -0.025 -6"><span class='ocrx_word' id='word_1_849' title='bbox 1513 3754 1640 3796; x_wconf 73' lang='lat' dir='ltr'><strong>citium,</strong></span> <span class='ocrx_word' id='word_1_850' title='bbox 1661 3751 1894 3791; x_wconf 79' lang='lat' dir='ltr'><strong>domesticum,</strong></span> <span class='ocrx_word' id='word_1_851' title='bbox 1913 3747 1971 3794; x_wconf 83' lang='lat' dir='ltr'><strong>qni</strong></span> <span class='ocrx_word' id='word_1_852' title='bbox 1993 3747 2027 3781; x_wconf 79' lang='lat' dir='ltr'><strong>in</strong></span> <span class='ocrx_word' id='word_1_853' title='bbox 2054 3739 2354 3780; x_wconf 81' lang='lat' dir='ltr'><strong>rcutunerationcm</strong></span> <span class='ocrx_word' id='word_1_854' title='bbox 2374 3733 2448 3796; x_wconf 48' lang='lat' dir='ltr'><strong>Im?</strong></span> <span class='ocrx_word' id='word_1_855' title='bbox 2468 3727 2560 3796; x_wconf 48' lang='lat' dir='ltr'><strong>&quot;NT:</strong></span> 
     </span>
    </p>
   </div>
   <div class='ocr_carea' id='block_1_117' title="bbox 1513 3785 2562 3861">
    <p class='ocr_par' dir='ltr' id='par_1_117' title="bbox 1513 3785 2562 3861">
     <span class='ocr_line' id='line_1_117' title="bbox 1513 3785 2562 3861; baseline -0.027 -12"><span class='ocrx_word' id='word_1_856' title='bbox 1513 3785 1640 3861; x_wconf 43' lang='lat' dir='ltr'><strong>infert:</strong></span> <span class='ocrx_word' id='word_1_857' title='bbox 1654 3813 1721 3852; x_wconf 85' lang='lat' dir='ltr'><strong>Ubi</strong></span> <span class='ocrx_word' id='word_1_858' title='bbox 1746 3811 1907 3858; x_wconf 80' lang='lat' dir='ltr'><strong>Eutropii</strong></span> <span class='ocrx_word' id='word_1_859' title='bbox 1922 3785 2012 3846; x_wconf 43' lang='lat' dir='ltr'><strong>lolim</strong></span> <span class='ocrx_word' id='word_1_860' title='bbox 2035 3809 2210 3854; x_wconf 86' lang='lat' dir='ltr'><strong>potestate</strong></span> <span class='ocrx_word' id='word_1_861' title='bbox 2229 3806 2263 3836; x_wconf 87' lang='lat' dir='ltr'><strong>et</strong></span> <span class='ocrx_word' id='word_1_862' title='bbox 2282 3795 2406 3861; x_wconf 80' lang='lat' dir='ltr'><strong>opibus</strong></span> <span class='ocrx_word' id='word_1_863' title='bbox 2424 3785 2562 3861; x_wconf 48' lang='grc' dir='ltr'>ηυτἭε</span> 
     </span>
    </p>
   </div>
   <div class='ocr_carea' id='block_1_118' title="bbox 1515 3844 2563 3914">
    <p class='ocr_par' dir='ltr' id='par_1_118' title="bbox 1515 3844 2563 3914">
     <span class='ocr_line' id='line_1_118' title="bbox 1515 3844 2563 3914; baseline -0.041 5"><span class='ocrx_word' id='word_1_864' title='bbox 1515 3844 1755 3914; x_wconf 49' lang='lat' dir='ltr'><strong>Cil‘lntuilatem</strong></span> <span class='ocrx_word' id='word_1_865' title='bbox 1775 3881 1810 3913; x_wconf 90' lang='lat' dir='ltr'><strong>et</strong></span> <span class='ocrx_word' id='word_1_866' title='bbox 1831 3883 1956 3911; x_wconf 89' lang='lat' dir='ltr'><strong>necem</strong></span> <span class='ocrx_word' id='word_1_867' title='bbox 1985 3873 2265 3908; x_wconf 86' lang='lat' dir='ltr'><strong>eonunemorarc</strong></span> <span class='ocrx_word' id='word_1_868' title='bbox 2293 3855 2432 3893; x_wconf 80' lang='lat' dir='ltr'><strong>omnino</strong></span> <span class='ocrx_word' id='word_1_869' title='bbox 2460 3844 2563 3914; x_wconf 58' lang='lat' dir='ltr'><strong>viden:</strong></span> 
     </span>
    </p>
   </div>
   <div class='ocr_carea' id='block_1_119' title="bbox 1519 3911 2564 3976">
    <p class='ocr_par' dir='ltr' id='par_1_119' title="bbox 1519 3911 2564 3976">
     <span class='ocr_line' id='line_1_119' title="bbox 1519 3911 2564 3976; baseline -0.028 0"><span class='ocrx_word' id='word_1_870' title='bbox 1519 3947 1575 3976; x_wconf 91' lang='lat' dir='ltr'><strong>tur</strong></span> <span class='ocrx_word' id='word_1_871' title='bbox 1595 3951 1603 3974; x_wconf 90' lang='lat'><strong>:</strong></span> <span class='ocrx_word' id='word_1_872' title='bbox 1624 3949 1762 3976; x_wconf 81' lang='lat' dir='ltr'><strong>necnon</strong></span> <span class='ocrx_word' id='word_1_873' title='bbox 1784 3938 1937 3973; x_wconf 88' lang='lat' dir='ltr'><strong>aliorum</strong></span> <span class='ocrx_word' id='word_1_874' title='bbox 1957 3933 2166 3973; x_wconf 83' lang='lat' dir='ltr'><strong>multorum,</strong></span> <span class='ocrx_word' id='word_1_875' title='bbox 2181 3927 2239 3974; x_wconf 85' lang='lat' dir='ltr'><strong>qui</strong></span> <span class='ocrx_word' id='word_1_876' title='bbox 2257 3933 2319 3972; x_wconf 83' lang='lat' dir='ltr'><strong>per</strong></span> <span class='ocrx_word' id='word_1_877' title='bbox 2337 3919 2409 3955; x_wconf 71' lang='lat' dir='ltr'><strong>lzrrc</strong></span> <span class='ocrx_word' id='word_1_878' title='bbox 2425 3911 2564 3954; x_wconf 71' lang='lat' dir='ltr'><strong>tetuPOra</strong></span> 
     </span>
    </p>
   </div>
  </div>
