2694 4342
181 249 246 288 195

180 323 478 372 Constantinopoli
506 323 656 359 fortuna:
680 317 956 357 vicissitudinem
982 316 1117 364 experti
1143 320 1238 352 sunt.

181 388 348 434 Quodque
375 382 724 422 animadvertendum
745 379 810 428 (Τ.
833 381 868 417 5.
895 389 924 416 ε.
947 379 1029 416 591.
1055 383 1086 414 et
1109 379 1234 424 seqq),

183 451 238 487 hic
258 459 344 496 pene
364 449 446 495 ipsis
465 447 582 484 verbis
600 445 709 482 multa
733 443 886 491 repetit,
905 452 984 490 quae
1004 441 1037 477 in
1059 439 1172 487 prima
1191 438 1236 476 de

185 511 348 558 Eutropio
366 507 506 546 homilia
525 507 684 555 pluribus
704 506 880 546 dicuntur,
901 513 1038 540 necnon
1057 501 1158 538 initio
1179 511 1236 538 se-

180 571 315 618 quentis
333 570 484 606 bomilite
508 569 552 606 de
577 567 764 614 Eutropio.
791 566 878 602 llinc
899 565 1006 602 etiam
1030 569 1066 601 et
1087 574 1130 600 ex
1157 563 1234 599 aliis

180 642 314 680 quoque
338 631 503 679 probatur
525 629 616 666 hanc
636 629 816 665 homiliam
835 624 1140 672 Constantinopoli
1165 624 1234 660 hoc

179 694 315 731 circiter
341 698 498 739 tempore
517 691 647 728 dictam
675 690 804 733 fuisse,
825 694 864 726 ut
884 687 1004 724 videas
1026 687 1059 722 in
1085 686 1230 722 Monito.

147 761 153 766 ‘
179 757 214 793 ln
241 756 308 794 hac
333 755 474 792 humilia
503 753 726 791 subindicare
744 751 883 788 videtur
901 751 1177 798 Chrysostomus
1194 757 1234 784 se

177 819 229 856 bis
249 819 282 855 in
303 817 520 855 hebdomada
541 815 744 853 concionari
761 814 891 851 solere.

223 882 334 918 Aliam
353 891 493 928 quoque
511 880 546 916 in
567 879 690 916 eadem
710 877 816 914 verba
839 879 872 913 in
893 876 1070 913 Psalmum
1087 875 1132 912 48
1148 885 1236 911 con-

175 944 310 980 cionem
331 942 451 978 habuit
470 939 778 986 Constantinopoli
798 940 832 976 in
854 939 976 986 Magna
1004 937 1153 974 ecclesia
1168 965 1177 980 ,
1196 942 1234 973 ut

177 1007 209 1041 in
233 1005 333 1042 titulo
353 1004 476 1042 fertur.
505 1003 590 1040 Erat
618 1009 735 1040 autem
763 1002 885 1049 Magna
911 1000 1060 1038 ecclesia
1087 1000 1168 1042 illa,
1197 999 1230 1034 in

174 1078 240 1114 qua
261 1066 476 1114 frequentius
499 1066 684 1112 episcopus
711 1063 1006 1107 concionabatur,
1027 1061 1148 1109 Magna
1167 1071 1231 1108 ap-

175 1129 322 1176 pellata,
342 1127 436 1176 quod
459 1128 598 1164 czetcris
618 1126 769 1173 amplior
792 1130 896 1162 esset.
919 1124 1158 1160 Coneiouatus
1177 1129 1234 1160 est

174 1198 310 1234 autem,
332 1197 518 1238 postquam
545 1189 634 1226 alius
659 1199 700 1225 ex
734 1193 877 1234 recepto
907 1196 1006 1223 more
1035 1186 1231 1222 orationem

175 1253 364 1299 habuerat,
390 1253 634 1290 brevissimam
657 1251 798 1300 quidem
813 1280 822 1296 ,
844 1251 906 1288 sed
926 1261 1004 1298 qua:
1030 1250 1231 1287 auditorum

175 1314 293 1352 laudes
318 1319 517 1356 meruerat,
537 1320 572 1352 et
595 1325 613 1350 a
633 1313 890 1361 Chrysostomo
916 1317 952 1348 ut
981 1312 1099 1360 magni
1127 1306 1230 1358 pretii

173 1375 378 1412 celebratur.
400 1376 482 1412 Post
499 1375 670 1412 tumultus
688 1385 774 1412 vero
793 1374 962 1421 quosdam
981 1373 1232 1410 Constantino-

173 1437 344 1484 politanos
362 1437 623 1484 pronuntiatam
643 1435 753 1473 fuisse
769 1435 862 1472 hanc
879 1435 1058 1471 homiliam
1075 1433 1233 1482 Chryso-

173 1505 306 1535 stomus
322 1498 386 1535 sub
404 1499 540 1534 initium
555 1497 671 1534 docet.
693 1497 762 1545 Age
777 1508 870 1544 ergo,
887 1497 1012 1543 inquit,
1028 1506 1088 1531 nos
1102 1506 1233 1542 quoque

171 1560 372 1596 tmnultuum
389 1559 445 1606 qui
460 1560 534 1607 jam
555 1559 783 1606 contigerunt,
803 1559 951 1604 procella
971 1557 1122 1600 liberati,
1142 1563 1231 1592 tam-

171 1632 269 1666 quam
287 1620 477 1668 ﬂuvialibus
486 1621 686 1668 quibusdam
698 1621 793 1667 aquis
807 1631 905 1656 aures
925 1627 1056 1656 nostras
1075 1621 1232 1657 lectiones

172 1682 425 1728 Scriptum-unt
442 1682 631 1718 ablunnius.
651 1682 699 1718 De
717 1691 788 1730 quo
809 1682 960 1718 tumultu
981 1687 1017 1718 ct
1042 1681 1232 1728 perturba-

171 1743 324 1780 tionibus
349 1743 510 1790 qumdam
539 1744 624 1780 dicit
647 1744 752 1780 etiam
775 1743 936 1780 inferius.
961 1743 1139 1780 Putaverit
1161 1743 1231 1780 for-

171 1811 262 1841 tasse
281 1804 453 1851 quispiam
485 1804 541 1841 hic
567 1804 621 1852 agi
649 1805 694 1841 de
716 1805 835 1852 priore
856 1804 980 1842 exsilio
996 1833 1004 1848 ,
1024 1805 1117 1852 quod
1135 1816 1230 1842 anno

172 1867 237 1904 ‘05
253 1867 397 1914 centigit
414 1879 422 1902 :
441 1875 476 1903 at
494 1867 660 1904 libentius
679 1868 862 1904 crederem
883 1867 940 1904 hic
958 1867 1053 1914 loqtti
1075 1867 1227 1916 Chryso-

171 1938 317 1966 smmum
338 1930 382 1966 de
408 1931 513 1967 rebus
535 1931 706 1978 Etttropii,
730 1931 884 1978 itemque
905 1931 1086 1968 Aureliani
1109 1938 1143 1970 et
1161 1931 1226 1969 Sa.

173 1991 296 2026 lurnini
317 1991 522 2038 optimatum
538 2021 546 2036 ,
567 1992 625 2039 qui
643 1991 765 2028 Cainre
783 1994 889 2040 opera
909 1999 944 2030 et
961 1993 1113 2029 tumultu
1137 1993 1227 2040 pulsi

171 2058 248 2088 sunt
267 2052 298 2088 itt
315 2053 491 2093 exsiliunt.
511 2053 626 2100 deque
643 2054 766 2090 Gainae
785 2053 984 2091 defectione
1001 2067 1009 2098 ;
1030 2055 1150 2102 sicque
1166 2066 1230 2092 an-

172 2123 214 2149 no
231 2114 308 2158 ItOl,
329 2115 383 2152 vel
403 2115 486 2158 402,
508 2115 627 2152 habita
647 2115 754 2152 fuerit
772 2115 848 2152 haec
863 2116 1003 2160 concio,
1021 2117 1088 2153 etsi
1105 2117 1140 2153 id
1157 2127 1228 2153 non

173 2173 312 2208 omnino
327 2179 464 2210 certum
485 2179 554 2209 est.
579 2173 642 2209 Hic
655 2183 713 2208 res
731 2183 858 2209 omnes
877 2172 1052 2210 humanas
1069 2174 1232 2211 umbram

173 2245 248 2272 esse
262 2235 358 2272 dicit.
380 2236 517 2272 Luxnm
539 2245 624 2270 vero
644 2235 1130 2282 Constantinopolitanorum
1151 2247 1233 2273 nus-

172 2309 269 2344 quam
287 2299 331 2334 ita
345 2299 530 2346 Speciatim
548 2299 752 2346 descripsit,
771 2305 805 2335 et
821 2305 1010 2345 postquam
1023 2299 1232 2338 ostenderat

171 2371 268 2406 quam
289 2361 444 2409 fugitiva:
463 2363 536 2399 sint
557 2371 645 2407 opes
665 2368 701 2398 et
719 2361 866 2403 (Ιὶνὶῑὶιθ,
891 2361 1102 2416 concionem
1133 2361 1232 2398 clau-

170 2421 217 2458 dit
239 2422 292 2471 (T.
315 2425 350 2460 5.
367 2425 432 2460 col.
453 2425 522 2462 5l5
543 2431 574 2461 et
593 2424 696 2472 δαίμ).

215 2485 254 2522 8.
278 2484 491 2534 Epiphanius
508 2488 826 2536 Constantinopolin
846 2490 948 2526 venit.
967 2510 1014 2516 —
1031 2490 1093 2526 llis
1111 2489 1166 2526 vel
1185 2491 1234 2528 si‘

169 2547 306 2584 milibus
323 2550 552 2586 coneionibtts
571 2551 690 2596 (Anno
709 2551 802 2597 405)
819 2552 984 2597 egregius
1002 2551 1059 2588 ille
1075 2552 1233 2590 Joannes

167 2609 260 2654 gregi
279 2619 343 2645 δυο
364 2612 538 2655 pascendo
557 2613 780 2660 advigilabat.
801 2613 1023 2661 Theophilus
1043 2625 1128 2651 vero
1147 2615 1232 2652 Ale-

167 2665 361 2707 xandrinus
381 2671 515 2710 interea
533 2683 672 2711 omnem
690 2675 842 2722 lapidem
863 2677 1054 2720 movebat,
1077 2683 1114 2713 ut
1134 2677 1230 2714 illum

169 2741 187 2766 e
205 2730 290 2768 sedc
311 2741 372 2768 sua
394 2732 583 2770 detrudere
606 2742 737 2779 posset.
768 2736 968 2783 Epiphanio
995 2744 1121 2774 auctor
1147 2739 1230 2781 fuit,

170 2798 206 2827 ttt
221 2803 300 2829 cum
319 2793 398 2830 aliis
423 2794 599 2840 episcopis
620 2795 949 2844 Constantinopolin
971 2809 1008 2836 se
1027 2799 1207 2838 conferret
1221 2830 1230 2842 ,

171 2852 249 2890 dum
270 2855 344 2901 ipse
363 2854 406 2891 ad
433 2854 525 2892 idem
554 2856 622 2892 iter
645 2858 906 2904 suscipiendum
929 2871 966 2898 se
986 2863 1228 2909 comparabat.

173 2914 266 2952 llattd
293 2917 402 2954 multo
429 2923 510 2964 post
540 2917 760 2965 Epiphanius
782 2929 825 2956 ex
854 2921 966 2958 insula
992 2923 1111 2970 Cypro
1135 2924 1230 2961 Con-

174 2978 416 3025 stantinopolin
433 2980 541 3023 venit.
561 2980 763 3027 exemplum
783 2981 933 3019 offerens
947 2984 1136 3032 Synodalis
1150 2996 1232 3023 seu-

175 3039 308 3083 tentiae,
330 3051 398 3088 qua
425 3040 535 3078 libros
560 3036 724 3089 Origeuis
747 3043 1002 3090 damnaverat;
1023 3054 1061 3085 et
1087 3059 1166 3085 cum
1187 3050 1230 3086 ad

175 3101 371 3148 martyrium
390 3113 451 3139 seu
471 3103 660 3140 ecclesiam
679 3103 715 3142 S.
735 3104 881 3143 Joannis
898 3108 1094 3154 appulisset
1113 3109 1229 3157 (Sacr.

174 3161 196 3197 ι.
213 3162 246 3198 6.
277 3175 306 3201 c.
328 3163 390 3212 12)
407 3193 416 3210 ,
438 3176 516 3213 quce
545 3173 681 3214 septem
711 3178 878 3216 passuum
903 3171 1061 3208 tnillibus
1081 3172 1126 3208 ab
1145 3173 1232 3210 urbe

173 3223 337 3270 distabat,
356 3237 376 3264 e
398 3228 478 3265 navi
505 3239 671 3277 egressus
687 3258 695 3273 ,
715 3230 762 3267 ibi
789 3232 938 3280 synaxiu
958 3233 1153 3272 celebravit
1167 3264 1175 3278 ,
1195 3242 1232 3272 et

173 3285 328 3324 ordinato
340 3288 466 3327 ibidem
483 3291 645 3336 diacono,
659 3292 694 3330 in
710 3293 833 3331 urbem
850 3295 1032 3342 ingressus
1047 3303 1114 3334 est.
1129 3296 1233 3334 Joan-

177 3358 229 3386 nes
245 3351 308 3388 etsi
327 3358 448 3389 centra
466 3353 562 3402 leges
580 3355 842 3394 ecclesiasticas
863 3358 909 3394 ita
933 3359 1062 3396 factum
1083 3369 1162 3398 esse
1182 3361 1232 3396 vi-

180 3407 272 3447 lebat
288 3422 298 3455 ;
315 3413 348 3448 id
365 3420 478 3451 tamen
492 3423 635 3463 propter
649 3417 714 3454 viri
733 3419 970 3456 reverentiam
983 3420 1231 3466 dissimulans,

177 3468 402 3518 Cpipltanium
423 3482 459 3512 ut
477 3477 510 3512 in
528 3477 662 3515 :edibus
681 3479 755 3516 Suis
779 3480 1022 3518 diversaretur
1047 3483 1229 3520 invitabat.

172 3529 232 3570 Ille
247 3545 340 3579 vero,
361 3544 398 3574 ut
416 3549 490 3576 rem
510 3540 708 3589 TheOphilo
727 3548 862 3590 gratam
885 3543 1031 3589 faceret,
1051 3545 1145 3582 aliud
1163 3546 1230 3583 sibi

175 3591 381 3636 domicilium
413 3601 562 3650 delegit,
595 3605 828 3652 collectisque
859 3606 1028 3642 omnibus
1057 3608 1116 3654 qtti
1149 3614 1231 3648 tunc

177 3655 466 3709 Censtantinopoli
498 3671 600 3702 erant
624 3667 816 3714 episcopis,
838 3666 1105 3706 damnationem
1124 3671 1233 3708 libro—

177 3726 249 3755 rum
265 3720 424 3770 Origenis
439 3727 484 3763 ab
495 3737 533 3764 se
547 3730 721 3776 prolatam
741 3729 827 3774 ipsis
841 3730 997 3766 ostendit
1010 3741 1050 3768 ac
1065 3731 1162 3780 legit.
1181 3735 1232 3772 Ac

178 3783 330 3820 nonnulli
357 3787 499 3832 quidem
533 3789 675 3826 illorum
705 3789 753 3826 ob
781 3790 969 3837 Epiphanii
996 3796 1230 3833 reverentiam

179 3837 255 3878 huic
271 3843 408 3885 decreto
431 3851 740 3898 subscripserunt;
761 3852 861 3888 multi
883 3863 968 3890 vero
988 3853 1022 3890 id
1042 3853 1159 3894 facere
1177 3869 1233 3896 re-

182 3909 338 3944 cusarunt
358 3921 364 3945 :
385 3920 426 3948 ex
443 3922 592 3959 quorum
612 3924 762 3951 numero
782 3913 844 3951 fuit
866 3915 1074 3955 Theotimus
1095 3921 1233 3964 episco-

975 239 1097 277 ΝυΝο
1124 237 1302 274 PRIMUM
1327 239 1590 282 ADORNATA.

2318 253 2384 290 {91

1313 329 1381 367 pus
1400 319 1571 368 Scythiae,
1587 324 1646 369 qui
1667 323 1866 372 Epiphanio
1884 329 2082 376 respondit,
2100 330 2195 368 nolle
2214 341 2253 368 se
2275 332 2388 370 virum

1305 381 1379 426 jam
1398 380 1459 417 diu
1481 383 1537 428 pie
1554 383 1762 422 defunctum
1779 390 1995 426 contumelia
2013 391 2170 436 afficere,
2186 403 2294 440 seque
2311 405 2385 430 rem

1309 441 1453 487 impiam
1474 441 1648 480 facturum
1665 452 1804 490 putare,
1821 457 1850 484 SI
1865 458 1906 484 ea
1925 451 2196 495 condemnaret,
2217 464 2296 501 quae
2315 466 2388 490 ma-

1303 503 1403 548 jores
1417 503 1470 539 sui
1486 513 1557 540 non
1577 505 1871 552 reprobaverant.
1889 509 2064 547 Nimirum
2083 514 2226 558 putabat
2243 522 2388 552 sanctus

1306 565 1361 601 vir
1377 575 1450 602 non
1467 566 1574 604 unius
1595 573 1728 604 tantum
1748 569 1909 616 episcopi
1927 581 2008 608 esse
2028 573 2080 610 sic
2099 581 2260 612 veterum
2279 577 2388 613 libros

1307 627 1546 673 proscribere,
1567 629 1629 666 sed
1651 629 1684 666 id
1705 630 1749 666 ad
1765 637 1874 667 totam
1897 632 2092 670 Ecclesiam
2114 635 2148 671 in
2170 648 2277 674 unum
2301 650 2387 676 coa-

1305 697 1398 726 ctam
1422 693 1614 738 pertinere.

1352 754 1512 792 Joannes
1541 767 1650 802 vero,
1679 757 1746 794 etsi
1774 764 1896 795 centra
1917 759 2198 797 ecclesiasticam
2224 763 2384 810 regulam

1305 816 1382 854 hmc
1401 817 1446 855 ab
1463 819 1665 866 Epiphanio
1685 821 1758 857 fieri
1780 821 1946 866 videbat,
1969 821 2180 860 hortabatur
2201 829 2319 861 tamen
2339 827 2384 863 il-

1305 879 1376 916 lum
1403 887 1441 917 ut
1470 881 1507 917 in
1536 883 1729 929 episcopali
1751 883 1858 920 domo
1885 892 2060 922 maneret.
2084 886 2214 924 Verum
2238 888 2296 925 ille
2314 901 2385 926 non

1304 954 1514 980 mansurum
1533 955 1573 982 se
1593 955 1673 982 cum
1697 946 1770 988 illo,
1795 957 1912 994 neque
1936 955 2164 994 precaturum
2189 950 2291 994 dixit,
2316 952 2383 987 nisi

1307 1005 1516 1043 Dioscorum
1535 1005 1737 1054 fratresque
1755 1008 1831 1056 ejus
1850 1019 1870 1045 e
1889 1010 2032 1046 civitate
2059 1011 2228 1056 pelleret.
2250 1019 2286 1048 et
2309 1012 2383 1058 ἰνευ

1303 1068 1594 1106 condemnationi
1622 1069 1794 1107 librorum
1816 1070 1982 1118 Origenis
2001 1083 2108 1109 manu
2131 1075 2273 1120 propria
2295 1076 2383 1111 sub-

1303 1131 1490 1170 scriberet.
1513 1132 1602 1169 Cum
1632 1140 1750 1170 autetn
1781 1133 1939 1172 Joannes
1967 1135 2000 1172 id
2029 1133 2149 1172 facere
2170 1136 2302 1178 nollet,
2327 1138 2382 1174 ni-

1304 1193 1426 1241 hilque
1456 1199 1592 1231 temere
1619 1195 1795 1242 agendum
1825 1207 1904 1233 esse
1931 1199 2067 1236 diceret
2093 1207 2177 1238 ante
2203 1201 2382 1248 generalis

1304 1255 1452 1292 Concilii
1467 1255 1736 1299 deﬁnitionem;
1757 1256 1904 1294 Joannis
1921 1258 2054 1296 inimici
2072 1261 2166 1297 aliud
2183 1262 2384 1310 Epiphanio

1303 1324 1572 1365 suggesserunt.
1591 1318 1680 1356 Cum
1699 1319 1911 1357 celebranda
1929 1322 2076 1368 synaxis
2097 1330 2192 1360 esset
2213 1323 2247 1360 iu
2268 1325 2383 1362 eccle-

1303 1379 1354 1416 sia
1376 1379 1658 1426 Apostolorum,
1690 1381 1890 1430 Epiphanio
1911 1389 1947 1418 ut
1977 1383 2011 1420 in
2036 1384 2193 1422 medium
2222 1385 2384 1432 prodiret

1303 1448 1516 1486 suaserunt,
1537 1449 1573 1480 et
1593 1453 1714 1480 coram
1734 1444 1902 1482 universo
1928 1445 2058 1493 popqu
2079 1447 2243 1495 Origenis
2270 1448 2382 1485 libros

1303 1505 1583 1550 condemnaret,
1604 1507 1815 1544 Dioscorum
1833 1519 1915 1545 cum
1935 1509 2010 1546 suis
2029 1510 2358 1549 excommunicaret
2371 1540 2380 1554 ,

1303 1573 1338 1603 et
1356 1567 1529 1606 Joannem
1551 1576 1673 1616 utpote
1698 1571 1766 1607 illis
1795 1571 1973 1610 faventem
2001 1575 2274 1622 perstringerct.
2298 1575 2382 1612 lla‘e

1303 1627 1430 1666 Joanni
1458 1631 1614 1668 nuntiata
1635 1638 1742 1676 sunt,
1763 1633 1821 1680 qtti
1844 1635 2016 1680 postridie
2037 1636 2237 1682 Epiphanio
2260 1637 2380 1674 eccle-

1303 1692 1390 1728 siam
1403 1693 1474 1739 jam
1493 1693 1656 1741 ingresso
1673 1705 1734 1740 per
1750 1695 1982 1744 Serapionem
2003 1697 2078 1735 hmc
2095 1699 2288 1745 significari
2302 1700 2380 1747 jus-

1301 1754 1348 1790 sit
1368 1767 1376 1790 :
1397 1754 1492 1800 quod
1511 1766 1637 1802 nempe
1657 1757 1714 1794 ille
1735 1758 1844 1794 multa
1863 1766 1987 1796 eontra
2007 1761 2149 1808 regulas
2167 1768 2305 1810 ageret,
2321 1763 2378 1810 qui

1301 1814 1334 1850 in
1357 1815 1518 1853 ecclesiis
1538 1817 1632 1860 suis,
1653 1829 1692 1855 se
1711 1818 1844 1863 inscio,
1867 1820 2130 1858 ordinationem
2151 1822 2300 1868 fecerit;
2320 1825 2379 1871 qui

1301 1876 1438 1923 iajussu
1468 1887 1534 1914 suo
1564 1879 1598 1915 in
1630 1879 1755 1916 iisdem
1789 1881 1952 1919 ecclesiis
1985 1883 2174 1921 missarum
2207 1885 2381 1924 solemnia

1299 1938 1515 1983 celebrarit;
1543 1940 1600 1986 qui
1631 1940 1716 1977 olim
1749 1941 1920 1979 invitatus
1952 1943 2012 1980 illo
2045 1946 2169 1983 venire
2203 1947 2380 1991 noluerit,

1301 2013 1394 2040 nunc
1419 2014 1504 2040 vero
1525 2003 1558 2040 id
1581 2005 1647 2040 sibi
1678 2005 1754 2052 ipse
1783 2007 1998 2052 permiserit.
2019 2008 2154 2045 Cavere
2181 2015 2298 2046 autem
2321 2021 2380 2046 ro-

1299 2066 1404 2112 gabat
1423 2076 1468 2103 ne
1489 2067 1660 2103 tumultus
1685 2067 1870 2104 excitaret.

1351 2127 1392 2163 S.
1416 2127 1632 2176 Epiphanius
1651 2127 1807 2166 moritur.
1829 2152 1877 2158 —
1899 2131 1961 2168 llis
1977 2132 2107 2169 auditis
2129 2134 2275 2170 territus
2296 2135 2380 2182 Epi-

1303 2188 1455 2234 phanius
1472 2218 1480 2232 ,
1503 2190 1548 2225 ab
1569 2191 1721 2228 ecclesia
1741 2192 1928 2236 discessit,
1949 2199 1984 2230 et
2005 2194 2050 2231 de
2067 2195 2205 2232 Joanne
2225 2197 2382 2243 graviter

1303 2257 1519 2296 conquestus
1536 2279 1545 2295 ,
1567 2251 1724 2299 Cyprum
1744 2253 1984 2302 adnavigavit.
2009 2257 2120 2293 Erant
2139 2261 2199 2305 qui
2221 2258 2383 2296 dicerent

1304 2309 1540 2356 Epipltauium
1558 2339 1568 2356 ,
1601 2323 1683 2348 eum
1715 2315 1832 2350 navim
1863 2326 2128 2354 conscensurus
2155 2326 2278 2364 esset,
2306 2319 2382 2358 bmc

1303 2369 1430 2408 Joanni
1459 2370 1689 2410 denuntiasse
1712 2387 1719 2409 :
1745 2375 1860 2422 Spero
1887 2383 1922 2412 te
1954 2389 2025 2414 non
2057 2380 2268 2416 moriturum
2301 2392 2383 2419 esse

1304 2432 1539 2478 episcopum;
1569 2433 1816 2481 Joannemque
1846 2437 2001 2474 vicissim
2033 2439 2082 2474 illi
2115 2442 2346 2487 respondisse
2373 2457 2380 2479 ε

1305 2493 1421 2540 Spero
1443 2501 1477 2531 te
1503 2505 1574 2530 non
1596 2501 1849 2541 perventurum
1871 2507 1952 2534 esse
1977 2499 2010 2534 in
2039 2501 2205 2545 patriam.
2227 2503 2281 2538 An
2299 2513 2382 2541 vera

1307 2555 1463 2592 narratio
1483 2555 1528 2591 sit
1549 2555 1711 2592 dubitant
1731 2555 1898 2594 Socrates
1917 2565 1952 2595 ct
1973 2559 2210 2599 Sozomcnus.
2234 2562 2384 2611 Utrique

1305 2622 1404 2653 certe
1425 2617 1628 2663 huiusmodi
1649 2618 1767 2654 exitus
1787 2619 1935 2666 Contigit
1955 2632 1963 2654 τ
1985 2631 2066 2657 nam
2087 2633 2204 2669 neque
2226 2623 2383 2671 Epipha-

1307 2679 1386 2714 nius
1402 2678 1436 2714 in
1453 2679 1610 2726 Cyprum
1629 2679 1784 2726 appulit;
1802 2686 1883 2728 post
1897 2681 2093 2719 diseesSum
2109 2683 2204 2720 enim
2221 2691 2384 2722 mortuus

1306 2748 1360 2778 est
1381 2743 1414 2777 in
1441 2742 1521 2778 navi
1543 2754 1552 2778 :
1574 2741 1732 2779 Joannes
1752 2753 1837 2780 vero
1859 2750 1981 2788 postea
2011 2755 2052 2781 cx
2082 2745 2277 2793 episeopali
2299 2747 2384 2786 sede

1307 2804 1428 2850 pulsus
1452 2811 1530 2847 est,
1558 2809 1665 2851 atque
1689 2804 1724 2840 in
1749 2804 1864 2841 exsilii
1889 2806 1966 2841 loco
1991 2805 2085 2843 diem
2111 2806 2238 2844 clausit
2261 2815 2384 2846 extre-

1305 2876 1416 2902 mum.

1353 2927 1698 2966 AdditSozomcnus
1718 2928 1883 2976 (Sozam.
1903 2929 1928 2966 Ι.
1951 2929 1986 2966 8.
2010 2941 2041 2966 ι’.
2067 2929 2131 2980 15)
2151 2931 2382 2969 Αππηοηῑιιιη

1305 2995 1528 3037 canorosque
1557 2990 1703 3027 Fratres
1731 2990 1873 3038 Lougos
1899 2990 2139 3038 Epiphaniam
2169 2993 2324 3037 adiisse,
2342 3005 2384 3032 ac

1305 3051 1514 3099 quzesivisse
1534 3051 1580 3088 ab
1600 3053 1660 3088 illo
1674 3051 1758 3100 quid
1776 3062 1892 3089 eaus:e
1908 3061 2001 3089 esset
2023 3063 2087 3090 cur
2105 3055 2202 3101 ipsos
2217 3063 2254 3092 ut
2269 3055 2382 3094 barre-

1307 3114 1398 3152 ticos
1434 3113 1606 3159 haberet;
1640 3124 1721 3150 cum
1755 3113 2003 3160 respondisset
2032 3115 2254 3163 Epiphanius
2283 3128 2322 3155 se
2349 3118 2384 3156 id

1305 3175 1427 3213 auditu
1443 3176 1640 3224 accepisse,
1658 3176 1887 3212 Ammonium
1903 3187 1944 3214 ea
1964 3177 1998 3214 in
2016 3177 2263 3218 defensionem
2283 3191 2384 3219 suam

1305 3239 1511 3285 protulisse,
1533 3249 1613 3284 quae
1632 3238 1748 3286 ipsum
1770 3237 1946 3275 leniorem
1967 3239 2204 3286 reddiderint,
2224 3252 2266 3280 ac
2283 3243 2384 3281 brevi

1307 3307 1430 3348 postea
1449 3299 1607 3349 Cyprum
1629 3299 1830 3347 navigasse,
1851 3301 1927 3338 sive
1946 3302 2042 3350 quod
2061 3301 2372 3353 Constantinopoli

1305 3368 1398 3399 lanae
1425 3361 1656 3409 profectionis
1684 3361 1798 3408 ipsum
1827 3363 2032 3410 paeniteret,
2062 3365 2138 3403 sive
2164 3367 2260 3414 quod
2290 3367 2385 3404 Deus

1305 3433 1458 3463 mortem
1477 3436 1579 3462 suam
1602 3425 1698 3462 brevi
1719 3424 1873 3463 futuram
1894 3427 1960 3474 ipsi
1981 3430 2270 3475 praenuntiasset.
2293 3427 2382 3466 Cum

1305 3496 1423 3526 autem
1439 3488 1557 3525 navim
1573 3497 1838 3525 conscensurus
1854 3495 1964 3534 esset,
1981 3491 2174 3538 episcopis,
2191 3491 2251 3537 qui
2267 3491 2382 3536 ipsum

1305 3552 1348 3588 ad
1381 3551 1481 3588 littus
1509 3561 1623 3598 usque
1651 3551 1861 3599 prosequuti
1891 3552 2047 3597 fuerant,
2075 3554 2210 3590 dixisse
2241 3551 2384 3588 fertur:

1304 3611 1442 3649 Urbem
1457 3611 1558 3648 vobis
1576 3617 1613 3648 et
1632 3612 1804 3650 Palatium
1827 3620 1863 3652 et
1881 3623 2026 3651 scenam
2046 3614 2210 3658 relinquo
2227 3623 2234 3646 :
2259 3615 2382 3656 atque,

1305 3682 1343 3712 ut
1371 3675 1540 3717 diximus,
1567 3682 1756 3724 antequam
1783 3676 1938 3724 Cyprum
1966 3675 2192 3716 advenisset.
2220 3679 2384 3708 ητθηυυε

1305 3744 1373 3776 est.

1353 3799 1516 3838 Eudoxio
1532 3801 1685 3848 Augusta
1700 3801 1734 3838 in
1754 3800 2034 3847 Clirysostomum
2061 3795 2210 3830 incensﬂ-
2230 3814 2278 3822 —-
2298 3795 2384 3834 POSt

1305 3863 1495 3911 Epiphanii
1528 3864 1726 3900 discessum
1743 3891 1751 3904 ,
1783 3859 1932 3904 contigit.
1953 3863 1989 3894 tit
2009 3856 2166 3894 Joannes
2191 3866 2256 3902 pro
2281 3867 2383 3895 more

1308 3937 1372 3962 suo
1399 3925 1634 3966 eoneionans,
1660 3930 1782 3960 contra
1817 3921 1986 3957 mulieres
2014 3919 2122 3954 multa
2151 3917 2380 3963 profundere!
