  <div class='ocr_page' id='page_1' title='image "/cluster/home/n/w/nwhite01/storage/ocr_20150623/47/hvd.32044073501884/195.png"; bbox 0 0 2694 4342; ppageno 0'>
   <div class='ocr_carea' id='block_1_1' title="bbox 332 243 403 284">
    <p class='ocr_par' dir='ltr' id='par_1_1' title="bbox 332 243 403 284">
     <span class='ocr_line' id='line_1_1' title="bbox 332 243 403 284; baseline -0.056 0"><span class='ocrx_word' id='word_1_1' title='bbox 332 243 403 284; x_wconf 69' lang='grc'><strong>195</strong></span> 
     </span>
    </p>
   </div>
   <div class='ocr_carea' id='block_1_2' title="bbox 331 300 1412 361">
    <p class='ocr_par' dir='ltr' id='par_1_2' title="bbox 331 300 1412 361">
     <span class='ocr_line' id='line_1_2' title="bbox 331 300 1412 361; baseline -0.017 -8"><span class='ocrx_word' id='word_1_2' title='bbox 331 319 342 361; x_wconf 78' lang='grc' dir='ltr'><strong>ί</strong></span> <span class='ocrx_word' id='word_1_3' title='bbox 362 319 462 352; x_wconf 74' lang='lat' dir='ltr'><strong>Socr.</strong></span> <span class='ocrx_word' id='word_1_4' title='bbox 483 336 507 351; x_wconf 67' lang='grc' dir='ltr'><strong>ι.</strong></span> <span class='ocrx_word' id='word_1_5' title='bbox 530 313 564 348; x_wconf 84' lang='grc'>6.</span> <span class='ocrx_word' id='word_1_6' title='bbox 595 322 625 346; x_wconf 88' lang='lat' dir='ltr'><strong>c.</strong></span> <span class='ocrx_word' id='word_1_7' title='bbox 645 309 715 356; x_wconf 79' lang='grc'><strong>15)</strong></span> <span class='ocrx_word' id='word_1_8' title='bbox 739 320 747 344; x_wconf 94' lang='lat'>:</span> <span class='ocrx_word' id='word_1_9' title='bbox 770 312 806 344; x_wconf 87' lang='lat' dir='ltr'><strong>et</strong></span> <span class='ocrx_word' id='word_1_10' title='bbox 832 316 918 344; x_wconf 86' lang='lat' dir='ltr'><strong>vero</strong></span> <span class='ocrx_word' id='word_1_11' title='bbox 948 313 1045 351; x_wconf 61' lang='lat' dir='ltr'><strong>saepe</strong></span> <span class='ocrx_word' id='word_1_12' title='bbox 1071 303 1170 339; x_wconf 59' lang='lat' dir='ltr'><strong>illum</strong></span> <span class='ocrx_word' id='word_1_13' title='bbox 1195 301 1350 338; x_wconf 77' lang='lat' dir='ltr'><strong>vidimus</strong></span> <span class='ocrx_word' id='word_1_14' title='bbox 1375 300 1412 341; x_wconf 83' lang='lat' dir='ltr'><strong>in</strong></span> 
     </span>
    </p>
   </div>
   <div class='ocr_carea' id='block_1_3' title="bbox 329 362 1412 416">
    <p class='ocr_par' dir='ltr' id='par_1_3' title="bbox 329 362 1412 416">
     <span class='ocr_line' id='line_1_3' title="bbox 329 362 1412 416; baseline -0.016 -2"><span class='ocrx_word' id='word_1_15' title='bbox 329 375 566 416; x_wconf 86' lang='lat' dir='ltr'><strong>concionibus</strong></span> <span class='ocrx_word' id='word_1_16' title='bbox 582 373 772 409; x_wconf 84' lang='lat' dir='ltr'><strong>mulierum</strong></span> <span class='ocrx_word' id='word_1_17' title='bbox 794 369 932 414; x_wconf 78' lang='lat' dir='ltr'><strong>luxum,</strong></span> <span class='ocrx_word' id='word_1_18' title='bbox 955 367 1085 404; x_wconf 89' lang='lat' dir='ltr'><strong>fasttnu</strong></span> <span class='ocrx_word' id='word_1_19' title='bbox 1104 371 1306 411; x_wconf 63' lang='lat' dir='ltr'><strong>ceteraque</strong></span> <span class='ocrx_word' id='word_1_20' title='bbox 1327 362 1412 398; x_wconf 86' lang='lat' dir='ltr'><strong>vitia</strong></span> 
     </span>
    </p>
   </div>
   <div class='ocr_carea' id='block_1_4' title="bbox 330 428 1414 480">
    <p class='ocr_par' dir='ltr' id='par_1_4' title="bbox 330 428 1414 480">
     <span class='ocr_line' id='line_1_4' title="bbox 330 428 1414 480; baseline -0.016 -1"><span class='ocrx_word' id='word_1_21' title='bbox 330 443 587 479; x_wconf 87' lang='lat' dir='ltr'><strong>insectantem.</strong></span> <span class='ocrx_word' id='word_1_22' title='bbox 610 435 819 473; x_wconf 71' lang='lat' dir='ltr'><strong>Orationem</strong></span> <span class='ocrx_word' id='word_1_23' title='bbox 842 435 889 470; x_wconf 89' lang='lat' dir='ltr'><strong>ita</strong></span> <span class='ocrx_word' id='word_1_24' title='bbox 912 432 1038 480; x_wconf 81' lang='lat' dir='ltr'><strong>vulgus</strong></span> <span class='ocrx_word' id='word_1_25' title='bbox 1056 431 1214 476; x_wconf 78' lang='lat' dir='ltr'><strong>excepit,</strong></span> <span class='ocrx_word' id='word_1_26' title='bbox 1234 440 1275 464; x_wconf 88' lang='lat' dir='ltr'><strong>ac</strong></span> <span class='ocrx_word' id='word_1_27' title='bbox 1290 429 1318 464; x_wconf 85' lang='lat' dir='ltr'><strong>si</strong></span> <span class='ocrx_word' id='word_1_28' title='bbox 1339 428 1414 462; x_wconf 79' lang='lat' dir='ltr'><strong>Au-</strong></span> 
     </span>
    </p>
   </div>
   <div class='ocr_carea' id='block_1_5' title="bbox 327 490 1414 548">
    <p class='ocr_par' dir='ltr' id='par_1_5' title="bbox 327 490 1414 548">
     <span class='ocr_line' id='line_1_5' title="bbox 327 490 1414 548; baseline -0.014 -10"><span class='ocrx_word' id='word_1_29' title='bbox 327 509 470 548; x_wconf 79' lang='lat' dir='ltr'><strong>gustam</strong></span> <span class='ocrx_word' id='word_1_30' title='bbox 493 499 552 537; x_wconf 78' lang='lat' dir='ltr'><strong>ille</strong></span> <span class='ocrx_word' id='word_1_31' title='bbox 572 497 843 545; x_wconf 85' lang='lat' dir='ltr'><strong>perstringeret.</strong></span> <span class='ocrx_word' id='word_1_32' title='bbox 873 493 975 530; x_wconf 89' lang='lat' dir='ltr'><strong>Tune</strong></span> <span class='ocrx_word' id='word_1_33' title='bbox 1001 493 1047 537; x_wconf 92' lang='lat' dir='ltr'><strong>ii,</strong></span> <span class='ocrx_word' id='word_1_34' title='bbox 1073 492 1134 539; x_wconf 87' lang='lat' dir='ltr'><strong>qui</strong></span> <span class='ocrx_word' id='word_1_35' title='bbox 1155 490 1414 537; x_wconf 86' lang='lat' dir='ltr'><strong>Chrysostomo</strong></span> 
     </span>
    </p>
   </div>
   <div class='ocr_carea' id='block_1_6' title="bbox 330 549 1414 607">
    <p class='ocr_par' dir='ltr' id='par_1_6' title="bbox 330 549 1414 607">
     <span class='ocr_line' id='line_1_6' title="bbox 330 549 1414 607; baseline -0.012 -7"><span class='ocrx_word' id='word_1_36' title='bbox 330 561 461 600; x_wconf 77' lang='lat' dir='ltr'><strong>infensi</strong></span> <span class='ocrx_word' id='word_1_37' title='bbox 481 566 608 607; x_wconf 85' lang='lat' dir='ltr'><strong>erant,</strong></span> <span class='ocrx_word' id='word_1_38' title='bbox 633 569 712 596; x_wconf 86' lang='lat' dir='ltr'><strong>rem</strong></span> <span class='ocrx_word' id='word_1_39' title='bbox 741 557 786 595; x_wconf 88' lang='lat' dir='ltr'><strong>ad</strong></span> <span class='ocrx_word' id='word_1_40' title='bbox 813 559 1010 604; x_wconf 86' lang='lat' dir='ltr'><strong>Augustam</strong></span> <span class='ocrx_word' id='word_1_41' title='bbox 1042 555 1218 592; x_wconf 89' lang='lat' dir='ltr'><strong>referunt.</strong></span> <span class='ocrx_word' id='word_1_42' title='bbox 1238 553 1300 590; x_wconf 85' lang='lat' dir='ltr'><strong>Illa</strong></span> <span class='ocrx_word' id='word_1_43' title='bbox 1320 549 1414 598; x_wconf 87' lang='lat' dir='ltr'><strong>apud</strong></span> 
     </span>
    </p>
   </div>
   <div class='ocr_carea' id='block_1_7' title="bbox 329 617 1416 671">
    <p class='ocr_par' dir='ltr' id='par_1_7' title="bbox 329 617 1416 671">
     <span class='ocr_line' id='line_1_7' title="bbox 329 617 1416 671; baseline -0.01 -9"><span class='ocrx_word' id='word_1_44' title='bbox 329 625 590 671; x_wconf 76' lang='lat' dir='ltr'><strong>Imperatorem</strong></span> <span class='ocrx_word' id='word_1_45' title='bbox 605 628 818 670; x_wconf 77' lang='lat' dir='ltr'><strong>conquesta,</strong></span> <span class='ocrx_word' id='word_1_46' title='bbox 841 619 1081 667; x_wconf 78' lang='lat' dir='ltr'><strong>&#39;l‘heOphilum</strong></span> <span class='ocrx_word' id='word_1_47' title='bbox 1101 627 1230 666; x_wconf 82' lang='lat' dir='ltr'><strong>urgere</strong></span> <span class='ocrx_word' id='word_1_48' title='bbox 1247 617 1357 664; x_wconf 77' lang='lat' dir='ltr'><strong>ccepit</strong></span> <span class='ocrx_word' id='word_1_49' title='bbox 1375 621 1416 652; x_wconf 89' lang='lat' dir='ltr'><strong>ut</strong></span> 
     </span>
    </p>
   </div>
   <div class='ocr_carea' id='block_1_8' title="bbox 329 677 1417 734">
    <p class='ocr_par' dir='ltr' id='par_1_8' title="bbox 329 677 1417 734">
     <span class='ocr_line' id='line_1_8' title="bbox 329 677 1417 734; baseline -0.008 -11"><span class='ocrx_word' id='word_1_50' title='bbox 329 687 600 734; x_wconf 75' lang='lat' dir='ltr'><strong>quamprimum</strong></span> <span class='ocrx_word' id='word_1_51' title='bbox 617 685 757 721; x_wconf 89' lang='lat' dir='ltr'><strong>veniret</strong></span> <span class='ocrx_word' id='word_1_52' title='bbox 775 689 810 720; x_wconf 90' lang='lat' dir='ltr'><strong>et</strong></span> <span class='ocrx_word' id='word_1_53' title='bbox 827 681 1011 730; x_wconf 86' lang='lat' dir='ltr'><strong>Synodum</strong></span> <span class='ocrx_word' id='word_1_54' title='bbox 1029 685 1280 727; x_wconf 82' lang='lat' dir='ltr'><strong>congregaret.</strong></span> <span class='ocrx_word' id='word_1_55' title='bbox 1303 677 1340 714; x_wconf 90' lang='lat' dir='ltr'><strong>ld</strong></span> <span class='ocrx_word' id='word_1_56' title='bbox 1360 687 1417 714; x_wconf 59' lang='lat' dir='ltr'><strong>nec</strong></span> 
     </span>
    </p>
   </div>
   <div class='ocr_carea' id='block_1_9' title="bbox 331 739 1415 796">
    <p class='ocr_par' dir='ltr' id='par_1_9' title="bbox 331 739 1415 796">
     <span class='ocr_line' id='line_1_9' title="bbox 331 739 1415 796; baseline -0.006 -14"><span class='ocrx_word' id='word_1_57' title='bbox 331 748 420 796; x_wconf 75' lang='lat' dir='ltr'><strong>gotii</strong></span> <span class='ocrx_word' id='word_1_58' title='bbox 447 751 556 785; x_wconf 86' lang='lat' dir='ltr'><strong>etiam</strong></span> <span class='ocrx_word' id='word_1_59' title='bbox 578 745 814 794; x_wconf 85' lang='lat' dir='ltr'><strong>promovebat</strong></span> <span class='ocrx_word' id='word_1_60' title='bbox 844 744 1062 781; x_wconf 90' lang='lat' dir='ltr'><strong>Severianus</strong></span> <span class='ocrx_word' id='word_1_61' title='bbox 1090 741 1327 784; x_wconf 84' lang='lat' dir='ltr'><strong>Gabalensis,</strong></span> <span class='ocrx_word' id='word_1_62' title='bbox 1357 739 1415 787; x_wconf 90' lang='lat' dir='ltr'><strong>qui</strong></span> 
     </span>
    </p>
   </div>
   <div class='ocr_carea' id='block_1_10' title="bbox 332 804 1418 858">
    <p class='ocr_par' dir='ltr' id='par_1_10' title="bbox 332 804 1418 858">
     <span class='ocr_line' id='line_1_10' title="bbox 332 804 1418 858; baseline -0.007 -10"><span class='ocrx_word' id='word_1_63' title='bbox 332 822 414 848; x_wconf 84' lang='lat' dir='ltr'><strong>cum</strong></span> <span class='ocrx_word' id='word_1_64' title='bbox 437 810 700 858; x_wconf 84' lang='lat' dir='ltr'><strong>Chrysostomo</strong></span> <span class='ocrx_word' id='word_1_65' title='bbox 719 808 885 845; x_wconf 86' lang='lat' dir='ltr'><strong>simulate</strong></span> <span class='ocrx_word' id='word_1_66' title='bbox 912 806 1166 844; x_wconf 89' lang='lat' dir='ltr'><strong>reconciliatus</strong></span> <span class='ocrx_word' id='word_1_67' title='bbox 1193 804 1327 840; x_wconf 90' lang='lat' dir='ltr'><strong>nullam</strong></span> <span class='ocrx_word' id='word_1_68' title='bbox 1355 814 1418 840; x_wconf 85' lang='lat' dir='ltr'><strong>ne-</strong></span> 
     </span>
    </p>
   </div>
   <div class='ocr_carea' id='block_1_11' title="bbox 332 867 1416 922">
    <p class='ocr_par' dir='ltr' id='par_1_11' title="bbox 332 867 1416 922">
     <span class='ocr_line' id='line_1_11' title="bbox 332 867 1416 922; baseline -0.008 -12"><span class='ocrx_word' id='word_1_69' title='bbox 332 874 492 922; x_wconf 79' lang='lat' dir='ltr'><strong>gligcbat</strong></span> <span class='ocrx_word' id='word_1_70' title='bbox 511 874 579 922; x_wconf 89' lang='lat' dir='ltr'><strong>ipsi</strong></span> <span class='ocrx_word' id='word_1_71' title='bbox 601 872 756 910; x_wconf 91' lang='lat' dir='ltr'><strong>nocendi</strong></span> <span class='ocrx_word' id='word_1_72' title='bbox 775 870 1017 908; x_wconf 78' lang='lat' dir='ltr'><strong>occasionem.</strong></span> <span class='ocrx_word' id='word_1_73' title='bbox 1041 869 1151 905; x_wconf 74' lang='lat' dir='ltr'><strong>Erant</strong></span> <span class='ocrx_word' id='word_1_74' title='bbox 1170 868 1229 904; x_wconf 82' lang='lat' dir='ltr'><strong>alii</strong></span> <span class='ocrx_word' id='word_1_75' title='bbox 1251 867 1352 904; x_wconf 84' lang='lat' dir='ltr'><strong>multi</strong></span> <span class='ocrx_word' id='word_1_76' title='bbox 1373 877 1416 902; x_wconf 82' lang='lat' dir='ltr'><strong>ex</strong></span> 
     </span>
    </p>
   </div>
   <div class='ocr_carea' id='block_1_12' title="bbox 334 927 1418 983">
    <p class='ocr_par' dir='ltr' id='par_1_12' title="bbox 334 927 1418 983">
     <span class='ocr_line' id='line_1_12' title="bbox 334 927 1418 983; baseline -0.007 -11"><span class='ocrx_word' id='word_1_77' title='bbox 334 937 442 974; x_wconf 71' lang='lat' dir='ltr'><strong>tllcro</strong></span> <span class='ocrx_word' id='word_1_78' title='bbox 458 946 542 983; x_wconf 79' lang='lat' dir='ltr'><strong>ergo</strong></span> <span class='ocrx_word' id='word_1_79' title='bbox 560 935 736 973; x_wconf 82' lang='lat' dir='ltr'><strong>Joannem</strong></span> <span class='ocrx_word' id='word_1_80' title='bbox 753 933 848 970; x_wconf 89' lang='lat' dir='ltr'><strong>male</strong></span> <span class='ocrx_word' id='word_1_81' title='bbox 863 932 994 975; x_wconf 84' lang='lat' dir='ltr'><strong>affecti,</strong></span> <span class='ocrx_word' id='word_1_82' title='bbox 1013 939 1050 966; x_wconf 89' lang='lat' dir='ltr'><strong>ut</strong></span> <span class='ocrx_word' id='word_1_83' title='bbox 1066 930 1232 972; x_wconf 89' lang='lat' dir='ltr'><strong>vidimus,</strong></span> <span class='ocrx_word' id='word_1_84' title='bbox 1247 929 1306 976; x_wconf 90' lang='lat' dir='ltr'><strong>qui</strong></span> <span class='ocrx_word' id='word_1_85' title='bbox 1324 927 1418 974; x_wconf 89' lang='lat' dir='ltr'><strong>apud</strong></span> 
     </span>
    </p>
   </div>
   <div class='ocr_carea' id='block_1_13' title="bbox 335 989 1420 1046">
    <p class='ocr_par' dir='ltr' id='par_1_13' title="bbox 335 989 1420 1046">
     <span class='ocr_line' id='line_1_13' title="bbox 335 989 1420 1046; baseline -0.01 -10"><span class='ocrx_word' id='word_1_86' title='bbox 335 998 578 1046; x_wconf 83' lang='lat' dir='ltr'><strong>Theophilum</strong></span> <span class='ocrx_word' id='word_1_87' title='bbox 613 997 818 1044; x_wconf 88' lang='lat' dir='ltr'><strong>instabant_,</strong></span> <span class='ocrx_word' id='word_1_88' title='bbox 851 1001 890 1031; x_wconf 92' lang='lat' dir='ltr'><strong>ut</strong></span> <span class='ocrx_word' id='word_1_89' title='bbox 915 992 1130 1040; x_wconf 78' lang='lat' dir='ltr'><strong>quantocius</strong></span> <span class='ocrx_word' id='word_1_90' title='bbox 1155 991 1306 1028; x_wconf 77' lang='lat' dir='ltr'><strong>veniret.</strong></span> <span class='ocrx_word' id='word_1_91' title='bbox 1341 989 1420 1036; x_wconf 85' lang='lat' dir='ltr'><strong>Ipse</strong></span> 
     </span>
    </p>
   </div>
   <div class='ocr_carea' id='block_1_14' title="bbox 337 1051 1418 1104">
    <p class='ocr_par' dir='ltr' id='par_1_14' title="bbox 337 1051 1418 1104">
     <span class='ocr_line' id='line_1_14' title="bbox 337 1051 1418 1104; baseline -0.007 -10"><span class='ocrx_word' id='word_1_92' title='bbox 337 1071 422 1097; x_wconf 86' lang='lat' dir='ltr'><strong>\cro</strong></span> <span class='ocrx_word' id='word_1_93' title='bbox 443 1059 585 1096; x_wconf 86' lang='lat' dir='ltr'><strong>tandem</strong></span> <span class='ocrx_word' id='word_1_94' title='bbox 608 1059 788 1104; x_wconf 90' lang='lat' dir='ltr'><strong>profectus</strong></span> <span class='ocrx_word' id='word_1_95' title='bbox 805 1062 861 1092; x_wconf 91' lang='lat' dir='ltr'><strong>est</strong></span> <span class='ocrx_word' id='word_1_96' title='bbox 881 1054 1080 1103; x_wconf 82' lang='lat' dir='ltr'><strong>(Chrysost.</strong></span> <span class='ocrx_word' id='word_1_97' title='bbox 1107 1054 1152 1090; x_wconf 83' lang='lat' dir='ltr'><strong>ad</strong></span> <span class='ocrx_word' id='word_1_98' title='bbox 1177 1051 1298 1088; x_wconf 83' lang='lat' dir='ltr'><strong>lnnoc.</strong></span> <span class='ocrx_word' id='word_1_99' title='bbox 1329 1058 1353 1086; x_wconf 83' lang='grc' dir='ltr'><strong>ι.</strong></span> <span class='ocrx_word' id='word_1_100' title='bbox 1383 1051 1418 1087; x_wconf 78' lang='grc'><strong>5.</strong></span> 
     </span>
    </p>
   </div>
   <div class='ocr_carea' id='block_1_15' title="bbox 340 1114 1422 1169">
    <p class='ocr_par' dir='ltr' id='par_1_15' title="bbox 340 1114 1422 1169">
     <span class='ocr_line' id='line_1_15' title="bbox 340 1114 1422 1169; baseline -0.01 -8"><span class='ocrx_word' id='word_1_101' title='bbox 340 1135 371 1160; x_wconf 77' lang='grc' dir='ltr'><strong>τ.</strong></span> <span class='ocrx_word' id='word_1_102' title='bbox 391 1125 462 1160; x_wconf 80' lang='grc'><strong>550</strong></span> <span class='ocrx_word' id='word_1_103' title='bbox 486 1122 520 1169; x_wconf 87' lang='grc'>),</span> <span class='ocrx_word' id='word_1_104' title='bbox 541 1127 578 1158; x_wconf 90' lang='lat' dir='ltr'><strong>et</strong></span> <span class='ocrx_word' id='word_1_105' title='bbox 595 1131 676 1158; x_wconf 89' lang='lat' dir='ltr'><strong>cmn</strong></span> <span class='ocrx_word' id='word_1_106' title='bbox 697 1119 848 1167; x_wconf 89' lang='lat' dir='ltr'><strong>jubente</strong></span> <span class='ocrx_word' id='word_1_107' title='bbox 867 1119 1086 1164; x_wconf 74' lang='lat' dir='ltr'><strong>hnperatore</strong></span> <span class='ocrx_word' id='word_1_108' title='bbox 1105 1115 1202 1151; x_wconf 85' lang='lat' dir='ltr'><strong>solus</strong></span> <span class='ocrx_word' id='word_1_109' title='bbox 1221 1114 1343 1150; x_wconf 89' lang='lat' dir='ltr'><strong>venire</strong></span> <span class='ocrx_word' id='word_1_110' title='bbox 1359 1114 1422 1150; x_wconf 89' lang='lat' dir='ltr'><strong>de—</strong></span> 
     </span>
    </p>
   </div>
   <div class='ocr_carea' id='block_1_16' title="bbox 340 1176 1424 1229">
    <p class='ocr_par' dir='ltr' id='par_1_16' title="bbox 340 1176 1424 1229">
     <span class='ocr_line' id='line_1_16' title="bbox 340 1176 1424 1229; baseline -0.009 -9"><span class='ocrx_word' id='word_1_111' title='bbox 340 1185 475 1220; x_wconf 52' lang='lat' dir='ltr'><strong>buisset</strong></span> <span class='ocrx_word' id='word_1_112' title='bbox 493 1213 502 1229; x_wconf 98' lang='lat'><strong>,</strong></span> <span class='ocrx_word' id='word_1_113' title='bbox 530 1195 612 1220; x_wconf 92' lang='lat' dir='ltr'><strong>cum</strong></span> <span class='ocrx_word' id='word_1_114' title='bbox 642 1183 764 1219; x_wconf 88' lang='lat' dir='ltr'><strong>multis</strong></span> <span class='ocrx_word' id='word_1_115' title='bbox 794 1188 914 1217; x_wconf 89' lang='lat' dir='ltr'><strong>tamen</strong></span> <span class='ocrx_word' id='word_1_116' title='bbox 945 1179 1024 1215; x_wconf 87' lang='lat' dir='ltr'><strong>aliis</strong></span> <span class='ocrx_word' id='word_1_117' title='bbox 1057 1177 1236 1224; x_wconf 81' lang='lat' dir='ltr'><strong>episcopis</strong></span> <span class='ocrx_word' id='word_1_118' title='bbox 1255 1176 1366 1220; x_wconf 88' lang='lat' dir='ltr'><strong>venit,</strong></span> <span class='ocrx_word' id='word_1_119' title='bbox 1387 1181 1424 1211; x_wconf 90' lang='lat' dir='ltr'><strong>et</strong></span> 
     </span>
    </p>
   </div>
   <div class='ocr_carea' id='block_1_17' title="bbox 338 1239 1420 1290">
    <p class='ocr_par' dir='ltr' id='par_1_17' title="bbox 338 1239 1420 1290">
     <span class='ocr_line' id='line_1_17' title="bbox 338 1239 1420 1290; baseline -0.009 -6"><span class='ocrx_word' id='word_1_120' title='bbox 338 1247 474 1284; x_wconf 81' lang='lat' dir='ltr'><strong>dixisse</strong></span> <span class='ocrx_word' id='word_1_121' title='bbox 493 1246 607 1284; x_wconf 81' lang='lat' dir='ltr'><strong>fertur</strong></span> <span class='ocrx_word' id='word_1_122' title='bbox 625 1258 632 1282; x_wconf 94' lang='lat'><strong>:</strong></span> <span class='ocrx_word' id='word_1_123' title='bbox 651 1245 687 1281; x_wconf 93' lang='lat' dir='ltr'><strong>ln</strong></span> <span class='ocrx_word' id='word_1_124' title='bbox 707 1243 924 1281; x_wconf 87' lang='lat' dir='ltr'><strong>Comitatum</strong></span> <span class='ocrx_word' id='word_1_125' title='bbox 949 1241 1171 1290; x_wconf 80' lang='lat' dir='ltr'><strong>proﬁciscor,</strong></span> <span class='ocrx_word' id='word_1_126' title='bbox 1195 1247 1233 1278; x_wconf 92' lang='lat' dir='ltr'><strong>ut</strong></span> <span class='ocrx_word' id='word_1_127' title='bbox 1247 1239 1420 1277; x_wconf 85' lang='lat' dir='ltr'><strong>Joannem</strong></span> 
     </span>
    </p>
   </div>
   <div class='ocr_carea' id='block_1_18' title="bbox 339 1304 1420 1360">
    <p class='ocr_par' dir='ltr' id='par_1_18' title="bbox 339 1304 1420 1360">
     <span class='ocr_line' id='line_1_18' title="bbox 339 1304 1420 1360; baseline -0.012 -11"><span class='ocrx_word' id='word_1_128' title='bbox 339 1313 537 1360; x_wconf 85' lang='lat' dir='ltr'><strong>depenam.</strong></span> <span class='ocrx_word' id='word_1_129' title='bbox 563 1307 679 1358; x_wconf 82' lang='lat' dir='ltr'><strong>Quam</strong></span> <span class='ocrx_word' id='word_1_130' title='bbox 698 1321 773 1348; x_wconf 78' lang='lat' dir='ltr'><strong>rem</strong></span> <span class='ocrx_word' id='word_1_131' title='bbox 795 1306 830 1348; x_wconf 90' lang='lat' dir='ltr'><strong>in</strong></span> <span class='ocrx_word' id='word_1_132' title='bbox 851 1305 962 1358; x_wconf 83' lang='lat' dir='ltr'><strong>Lycia</strong></span> <span class='ocrx_word' id='word_1_133' title='bbox 973 1318 1118 1356; x_wconf 85' lang='lat' dir='ltr'><strong>quoque</strong></span> <span class='ocrx_word' id='word_1_134' title='bbox 1143 1304 1312 1353; x_wconf 89' lang='lat' dir='ltr'><strong>repetiit;</strong></span> <span class='ocrx_word' id='word_1_135' title='bbox 1334 1311 1420 1338; x_wconf 89' lang='lat' dir='ltr'><strong>nam</strong></span> 
     </span>
    </p>
   </div>
   <div class='ocr_carea' id='block_1_19' title="bbox 338 1368 1422 1418">
    <p class='ocr_par' dir='ltr' id='par_1_19' title="bbox 338 1368 1422 1418">
     <span class='ocr_line' id='line_1_19' title="bbox 338 1368 1422 1418; baseline -0.014 -1"><span class='ocrx_word' id='word_1_136' title='bbox 338 1378 498 1418; x_wconf 74' lang='lat' dir='ltr'><strong>pedestri</strong></span> <span class='ocrx_word' id='word_1_137' title='bbox 517 1375 646 1412; x_wconf 90' lang='lat' dir='ltr'><strong>itinere</strong></span> <span class='ocrx_word' id='word_1_138' title='bbox 669 1373 938 1411; x_wconf 86' lang='lat' dir='ltr'><strong>Chalcedonem</strong></span> <span class='ocrx_word' id='word_1_139' title='bbox 958 1370 1068 1413; x_wconf 83' lang='lat' dir='ltr'><strong>venit,</strong></span> <span class='ocrx_word' id='word_1_140' title='bbox 1089 1368 1280 1417; x_wconf 63' lang='lat' dir='ltr'><strong>{Egyptios</strong></span> <span class='ocrx_word' id='word_1_141' title='bbox 1303 1372 1422 1404; x_wconf 87' lang='lat' dir='ltr'><strong>autem</strong></span> 
     </span>
    </p>
   </div>
   <div class='ocr_carea' id='block_1_20' title="bbox 339 1430 1420 1485">
    <p class='ocr_par' dir='ltr' id='par_1_20' title="bbox 339 1430 1420 1485">
     <span class='ocr_line' id='line_1_20' title="bbox 339 1430 1420 1485; baseline -0.005 -13"><span class='ocrx_word' id='word_1_142' title='bbox 339 1443 530 1485; x_wconf 60' lang='lat' dir='ltr'><strong>episcopos</strong></span> <span class='ocrx_word' id='word_1_143' title='bbox 545 1437 884 1483; x_wconf 79' lang='lat' dir='ltr'><strong>Constantinopolin</strong></span> <span class='ocrx_word' id='word_1_144' title='bbox 902 1435 1069 1481; x_wconf 86' lang='lat' dir='ltr'><strong>navigare</strong></span> <span class='ocrx_word' id='word_1_145' title='bbox 1081 1433 1203 1479; x_wconf 71' lang='lat' dir='ltr'><strong>jusdt.</strong></span> <span class='ocrx_word' id='word_1_146' title='bbox 1221 1430 1420 1468; x_wconf 84' lang='lat' dir='ltr'><strong>Chalcedo-</strong></span> 
     </span>
    </p>
   </div>
   <div class='ocr_carea' id='block_1_21' title="bbox 341 1492 1424 1543">
    <p class='ocr_par' dir='ltr' id='par_1_21' title="bbox 341 1492 1424 1543">
     <span class='ocr_line' id='line_1_21' title="bbox 341 1492 1424 1543; baseline -0.009 -5"><span class='ocrx_word' id='word_1_147' title='bbox 341 1513 422 1538; x_wconf 86' lang='lat' dir='ltr'><strong>nem</strong></span> <span class='ocrx_word' id='word_1_148' title='bbox 453 1507 572 1536; x_wconf 87' lang='lat' dir='ltr'><strong>autem</strong></span> <span class='ocrx_word' id='word_1_149' title='bbox 605 1509 685 1536; x_wconf 89' lang='lat' dir='ltr'><strong>cum</strong></span> <span class='ocrx_word' id='word_1_150' title='bbox 707 1499 877 1543; x_wconf 83' lang='lat' dir='ltr'><strong>venisset,</strong></span> <span class='ocrx_word' id='word_1_151' title='bbox 907 1508 951 1534; x_wconf 89' lang='lat' dir='ltr'><strong>eo</strong></span> <span class='ocrx_word' id='word_1_152' title='bbox 981 1507 1019 1532; x_wconf 86' lang='lat' dir='ltr'><strong>se</strong></span> <span class='ocrx_word' id='word_1_153' title='bbox 1052 1494 1282 1531; x_wconf 89' lang='lat' dir='ltr'><strong>contulerunt</strong></span> <span class='ocrx_word' id='word_1_154' title='bbox 1315 1492 1424 1529; x_wconf 88' lang='lat' dir='ltr'><strong>etiam</strong></span> 
     </span>
    </p>
   </div>
   <div class='ocr_carea' id='block_1_22' title="bbox 342 1557 1423 1608">
    <p class='ocr_par' dir='ltr' id='par_1_22' title="bbox 342 1557 1423 1608">
     <span class='ocr_line' id='line_1_22' title="bbox 342 1557 1423 1608; baseline -0.007 -10"><span class='ocrx_word' id='word_1_155' title='bbox 342 1563 402 1598; x_wconf 85' lang='lat' dir='ltr'><strong>alii</strong></span> <span class='ocrx_word' id='word_1_156' title='bbox 417 1561 592 1608; x_wconf 88' lang='lat' dir='ltr'><strong>episcopi,</strong></span> <span class='ocrx_word' id='word_1_157' title='bbox 616 1567 690 1598; x_wconf 89' lang='lat' dir='ltr'><strong>tum</strong></span> <span class='ocrx_word' id='word_1_158' title='bbox 709 1571 728 1597; x_wconf 89' lang='lat' dir='ltr'><strong>a</strong></span> <span class='ocrx_word' id='word_1_159' title='bbox 747 1559 948 1606; x_wconf 79' lang='lat' dir='ltr'><strong>Theophila</strong></span> <span class='ocrx_word' id='word_1_160' title='bbox 969 1565 1042 1595; x_wconf 91' lang='lat' dir='ltr'><strong>tum</strong></span> <span class='ocrx_word' id='word_1_161' title='bbox 1063 1558 1108 1593; x_wconf 90' lang='lat' dir='ltr'><strong>ab</strong></span> <span class='ocrx_word' id='word_1_162' title='bbox 1129 1557 1347 1604; x_wconf 86' lang='lat' dir='ltr'><strong>imperatore</strong></span> <span class='ocrx_word' id='word_1_163' title='bbox 1363 1565 1423 1591; x_wconf 90' lang='lat' dir='ltr'><strong>ac-</strong></span> 
     </span>
    </p>
   </div>
   <div class='ocr_carea' id='block_1_23' title="bbox 341 1618 1423 1672">
    <p class='ocr_par' dir='ltr' id='par_1_23' title="bbox 341 1618 1423 1672">
     <span class='ocr_line' id='line_1_23' title="bbox 341 1618 1423 1672; baseline -0.006 -12"><span class='ocrx_word' id='word_1_164' title='bbox 341 1625 404 1665; x_wconf 86' lang='lat' dir='ltr'><strong>citi</strong></span> <span class='ocrx_word' id='word_1_165' title='bbox 429 1636 438 1660; x_wconf 87' lang='lat'><strong>:</strong></span> <span class='ocrx_word' id='word_1_166' title='bbox 460 1635 594 1662; x_wconf 87' lang='lat' dir='ltr'><strong>venere</strong></span> <span class='ocrx_word' id='word_1_167' title='bbox 629 1634 770 1672; x_wconf 88' lang='lat' dir='ltr'><strong>quoque</strong></span> <span class='ocrx_word' id='word_1_168' title='bbox 803 1623 961 1671; x_wconf 64' lang='lat' dir='ltr'><strong>{Egyptii</strong></span> <span class='ocrx_word' id='word_1_169' title='bbox 994 1622 1160 1671; x_wconf 72' lang='lat' dir='ltr'><strong>(Sozam.</strong></span> <span class='ocrx_word' id='word_1_170' title='bbox 1191 1621 1214 1656; x_wconf 95' lang='lat' dir='ltr'><strong>I.</strong></span> <span class='ocrx_word' id='word_1_171' title='bbox 1244 1620 1279 1657; x_wconf 92' lang='lat'>8.</span> <span class='ocrx_word' id='word_1_172' title='bbox 1309 1631 1338 1656; x_wconf 88' lang='lat' dir='ltr'><strong>c.</strong></span> <span class='ocrx_word' id='word_1_173' title='bbox 1365 1618 1423 1656; x_wconf 68' lang='lat' dir='ltr'><strong>id.</strong></span> 
     </span>
    </p>
   </div>
   <div class='ocr_carea' id='block_1_24' title="bbox 345 1683 1428 1734">
    <p class='ocr_par' dir='ltr' id='par_1_24' title="bbox 345 1683 1428 1734">
     <span class='ocr_line' id='line_1_24' title="bbox 345 1683 1428 1734; baseline -0.005 -11"><span class='ocrx_word' id='word_1_174' title='bbox 345 1687 446 1724; x_wconf 81' lang='lat' dir='ltr'><strong>Socr.</strong></span> <span class='ocrx_word' id='word_1_175' title='bbox 469 1687 493 1722; x_wconf 92' lang='grc' dir='ltr'><strong>ι.</strong></span> <span class='ocrx_word' id='word_1_176' title='bbox 515 1687 549 1723; x_wconf 83' lang='grc'><strong>6.</strong></span> <span class='ocrx_word' id='word_1_177' title='bbox 569 1698 599 1722; x_wconf 91' lang='lat' dir='ltr'><strong>c.</strong></span> <span class='ocrx_word' id='word_1_178' title='bbox 620 1687 664 1722; x_wconf 74' lang='grc'><strong>15</strong></span> <span class='ocrx_word' id='word_1_179' title='bbox 736 1686 900 1732; x_wconf 85' lang='lat' dir='ltr'><strong>Cumque</strong></span> <span class='ocrx_word' id='word_1_180' title='bbox 920 1685 1075 1722; x_wconf 85' lang='lat' dir='ltr'><strong>universi</strong></span> <span class='ocrx_word' id='word_1_181' title='bbox 1105 1683 1210 1720; x_wconf 87' lang='lat' dir='ltr'><strong>simul</strong></span> <span class='ocrx_word' id='word_1_182' title='bbox 1238 1683 1428 1719; x_wconf 54' lang='lat' dir='ltr'><strong>convenis.</strong></span> 
     </span>
    </p>
   </div>
   <div class='ocr_carea' id='block_1_25' title="bbox 344 1745 1428 1794">
    <p class='ocr_par' dir='ltr' id='par_1_25' title="bbox 344 1745 1428 1794">
     <span class='ocr_line' id='line_1_25' title="bbox 344 1745 1428 1794; baseline -0.002 -10"><span class='ocrx_word' id='word_1_183' title='bbox 344 1755 440 1794; x_wconf 84' lang='lat' dir='ltr'><strong>sent,</strong></span> <span class='ocrx_word' id='word_1_184' title='bbox 460 1749 552 1785; x_wconf 91' lang='lat' dir='ltr'><strong>inter</strong></span> <span class='ocrx_word' id='word_1_185' title='bbox 579 1758 620 1784; x_wconf 90' lang='lat' dir='ltr'><strong>se</strong></span> <span class='ocrx_word' id='word_1_186' title='bbox 646 1747 901 1783; x_wconf 70' lang='lat' dir='ltr'><strong>couthabant</strong></span> <span class='ocrx_word' id='word_1_187' title='bbox 920 1757 988 1791; x_wconf 81' lang='lat' dir='ltr'><strong>qua</strong></span> <span class='ocrx_word' id='word_1_188' title='bbox 1012 1747 1151 1782; x_wconf 88' lang='lat' dir='ltr'><strong>ratione</strong></span> <span class='ocrx_word' id='word_1_189' title='bbox 1172 1745 1260 1792; x_wconf 81' lang='lat' dir='ltr'><strong>ipsis</strong></span> <span class='ocrx_word' id='word_1_190' title='bbox 1277 1750 1428 1782; x_wconf 87' lang='lat' dir='ltr'><strong>conatus</strong></span> 
     </span>
    </p>
   </div>
   <div class='ocr_carea' id='block_1_26' title="bbox 344 1807 1428 1854">
    <p class='ocr_par' dir='ltr' id='par_1_26' title="bbox 344 1807 1428 1854">
     <span class='ocr_line' id='line_1_26' title="bbox 344 1807 1428 1854; baseline -0.003 -9"><span class='ocrx_word' id='word_1_191' title='bbox 344 1809 520 1846; x_wconf 86' lang='lat' dir='ltr'><strong>adversus</strong></span> <span class='ocrx_word' id='word_1_192' title='bbox 537 1809 712 1846; x_wconf 88' lang='lat' dir='ltr'><strong>Joannem</strong></span> <span class='ocrx_word' id='word_1_193' title='bbox 732 1819 776 1846; x_wconf 85' lang='lat' dir='ltr'><strong>ex</strong></span> <span class='ocrx_word' id='word_1_194' title='bbox 793 1815 876 1844; x_wconf 90' lang='lat' dir='ltr'><strong>voto</strong></span> <span class='ocrx_word' id='word_1_195' title='bbox 894 1807 1120 1844; x_wconf 83' lang='lat' dir='ltr'><strong>succederet.</strong></span> <span class='ocrx_word' id='word_1_196' title='bbox 1139 1807 1226 1842; x_wconf 87' lang='lat' dir='ltr'><strong>Erat</strong></span> <span class='ocrx_word' id='word_1_197' title='bbox 1247 1813 1332 1843; x_wconf 88' lang='lat' dir='ltr'><strong>tunc</strong></span> <span class='ocrx_word' id='word_1_198' title='bbox 1352 1808 1428 1854; x_wconf 84' lang='lat' dir='ltr'><strong>cpi-</strong></span> 
     </span>
    </p>
   </div>
   <div class='ocr_carea' id='block_1_27' title="bbox 345 1869 1428 1920">
    <p class='ocr_par' dir='ltr' id='par_1_27' title="bbox 345 1869 1428 1920">
     <span class='ocr_line' id='line_1_27' title="bbox 345 1869 1428 1920; baseline -0.006 -10"><span class='ocrx_word' id='word_1_199' title='bbox 345 1883 478 1920; x_wconf 82' lang='lat' dir='ltr'><strong>scopus</strong></span> <span class='ocrx_word' id='word_1_200' title='bbox 497 1871 735 1909; x_wconf 85' lang='lat' dir='ltr'><strong>Chalcedonis</strong></span> <span class='ocrx_word' id='word_1_201' title='bbox 762 1871 916 1919; x_wconf 72' lang='lat' dir='ltr'><strong>Cyrinus</strong></span> <span class='ocrx_word' id='word_1_202' title='bbox 933 1899 942 1914; x_wconf 93' lang='lat'><strong>,</strong></span> <span class='ocrx_word' id='word_1_203' title='bbox 971 1880 1104 1918; x_wconf 79' lang='lat' dir='ltr'><strong>genere</strong></span> <span class='ocrx_word' id='word_1_204' title='bbox 1125 1869 1337 1918; x_wconf 60' lang='lat' dir='ltr'><strong>IEgyptius,</strong></span> <span class='ocrx_word' id='word_1_205' title='bbox 1367 1870 1428 1916; x_wconf 87' lang='lat' dir='ltr'><strong>qui</strong></span> 
     </span>
    </p>
   </div>
   <div class='ocr_carea' id='block_1_28' title="bbox 347 1931 1428 1979">
    <p class='ocr_par' dir='ltr' id='par_1_28' title="bbox 347 1931 1428 1979">
     <span class='ocr_line' id='line_1_28' title="bbox 347 1931 1428 1979; baseline -0.004 -7"><span class='ocrx_word' id='word_1_206' title='bbox 347 1935 460 1972; x_wconf 88' lang='lat' dir='ltr'><strong>nmlta</strong></span> <span class='ocrx_word' id='word_1_207' title='bbox 493 1940 618 1972; x_wconf 88' lang='lat' dir='ltr'><strong>contra</strong></span> <span class='ocrx_word' id='word_1_208' title='bbox 647 1933 824 1971; x_wconf 79' lang='lat' dir='ltr'><strong>Joannem</strong></span> <span class='ocrx_word' id='word_1_209' title='bbox 859 1933 1128 1976; x_wconf 84' lang='lat' dir='ltr'><strong>deblaterabat,</strong></span> <span class='ocrx_word' id='word_1_210' title='bbox 1159 1933 1306 1979; x_wconf 87' lang='lat' dir='ltr'><strong>impium</strong></span> <span class='ocrx_word' id='word_1_211' title='bbox 1329 1931 1428 1968; x_wconf 82' lang='lat' dir='ltr'><strong>illuni</strong></span> 
     </span>
    </p>
   </div>
   <div class='ocr_carea' id='block_1_29' title="bbox 346 1993 1429 2044">
    <p class='ocr_par' dir='ltr' id='par_1_29' title="bbox 346 1993 1429 2044">
     <span class='ocr_line' id='line_1_29' title="bbox 346 1993 1429 2044; baseline -0.001 -13"><span class='ocrx_word' id='word_1_212' title='bbox 346 2007 504 2040; x_wconf 85' lang='lat' dir='ltr'><strong>vocans,</strong></span> <span class='ocrx_word' id='word_1_213' title='bbox 523 2002 752 2044; x_wconf 83' lang='lat' dir='ltr'><strong>arrogantem</strong></span> <span class='ocrx_word' id='word_1_214' title='bbox 769 2001 804 2032; x_wconf 91' lang='lat' dir='ltr'><strong>et</strong></span> <span class='ocrx_word' id='word_1_215' title='bbox 825 1995 1103 2037; x_wconf 79' lang='lat' dir='ltr'><strong>inexorabilem,</strong></span> <span class='ocrx_word' id='word_1_216' title='bbox 1121 2005 1198 2030; x_wconf 87' lang='lat' dir='ltr'><strong>rem</strong></span> <span class='ocrx_word' id='word_1_217' title='bbox 1219 1999 1357 2040; x_wconf 78' lang='lat' dir='ltr'><strong>gratam</strong></span> <span class='ocrx_word' id='word_1_218' title='bbox 1378 1993 1429 2030; x_wconf 82' lang='lat' dir='ltr'><strong>fa-</strong></span> 
     </span>
    </p>
   </div>
   <div class='ocr_carea' id='block_1_30' title="bbox 345 2054 1430 2106">
    <p class='ocr_par' dir='ltr' id='par_1_30' title="bbox 345 2054 1430 2106">
     <span class='ocr_line' id='line_1_30' title="bbox 345 2054 1430 2106; baseline -0.002 -12"><span class='ocrx_word' id='word_1_219' title='bbox 345 2060 447 2094; x_wconf 85' lang='lat' dir='ltr'><strong>ciens</strong></span> <span class='ocrx_word' id='word_1_220' title='bbox 473 2059 554 2096; x_wconf 90' lang='lat' dir='ltr'><strong>aliis</strong></span> <span class='ocrx_word' id='word_1_221' title='bbox 580 2059 760 2106; x_wconf 87' lang='lat' dir='ltr'><strong>episcopis</strong></span> <span class='ocrx_word' id='word_1_222' title='bbox 785 2056 934 2094; x_wconf 84' lang='lat' dir='ltr'><strong>Joannis</strong></span> <span class='ocrx_word' id='word_1_223' title='bbox 956 2056 1123 2092; x_wconf 87' lang='lat' dir='ltr'><strong>inimicis.</strong></span> <span class='ocrx_word' id='word_1_224' title='bbox 1153 2055 1225 2092; x_wconf 90' lang='lat' dir='ltr'><strong>Sed</strong></span> <span class='ocrx_word' id='word_1_225' title='bbox 1247 2054 1430 2092; x_wconf 87' lang='lat' dir='ltr'><strong>Maruthas</strong></span> 
     </span>
    </p>
   </div>
   <div class='ocr_carea' id='block_1_31' title="bbox 347 2116 1432 2167">
    <p class='ocr_par' dir='ltr' id='par_1_31' title="bbox 347 2116 1432 2167">
     <span class='ocr_line' id='line_1_31' title="bbox 347 2116 1432 2167; baseline -0.002 -11"><span class='ocrx_word' id='word_1_226' title='bbox 347 2119 614 2166; x_wconf 81' lang='lat' dir='ltr'><strong>Mesopotamia:</strong></span> <span class='ocrx_word' id='word_1_227' title='bbox 628 2120 836 2167; x_wconf 69' lang='lat' dir='ltr'><strong>cpiscopus,</strong></span> <span class='ocrx_word' id='word_1_228' title='bbox 857 2119 950 2154; x_wconf 87' lang='lat' dir='ltr'><strong>forte</strong></span> <span class='ocrx_word' id='word_1_229' title='bbox 969 2117 1192 2164; x_wconf 88' lang='lat' dir='ltr'><strong>imprudens,</strong></span> <span class='ocrx_word' id='word_1_230' title='bbox 1215 2116 1342 2164; x_wconf 91' lang='lat' dir='ltr'><strong>pedem</strong></span> <span class='ocrx_word' id='word_1_231' title='bbox 1365 2117 1432 2165; x_wconf 80' lang='lat' dir='ltr'><strong>Uy-</strong></span> 
     </span>
    </p>
   </div>
   <div class='ocr_carea' id='block_1_32' title="bbox 347 2179 1431 2227">
    <p class='ocr_par' dir='ltr' id='par_1_32' title="bbox 347 2179 1431 2227">
     <span class='ocr_line' id='line_1_32' title="bbox 347 2179 1431 2227; baseline 0 -10"><span class='ocrx_word' id='word_1_232' title='bbox 347 2181 417 2217; x_wconf 86' lang='lat' dir='ltr'><strong>rini</strong></span> <span class='ocrx_word' id='word_1_233' title='bbox 437 2181 600 2217; x_wconf 78' lang='lat' dir='ltr'><strong>calcavit.</strong></span> <span class='ocrx_word' id='word_1_234' title='bbox 631 2182 692 2218; x_wconf 91' lang='lat' dir='ltr'><strong>llle</strong></span> <span class='ocrx_word' id='word_1_235' title='bbox 721 2192 764 2218; x_wconf 89' lang='lat' dir='ltr'><strong>eo</strong></span> <span class='ocrx_word' id='word_1_236' title='bbox 783 2181 930 2217; x_wconf 89' lang='lat' dir='ltr'><strong>vulnere</strong></span> <span class='ocrx_word' id='word_1_237' title='bbox 957 2180 1114 2227; x_wconf 87' lang='lat' dir='ltr'><strong>graviter</strong></span> <span class='ocrx_word' id='word_1_238' title='bbox 1140 2179 1289 2216; x_wconf 73' lang='lat' dir='ltr'><strong>affectus</strong></span> <span class='ocrx_word' id='word_1_239' title='bbox 1304 2209 1314 2225; x_wconf 89' lang='lat'><strong>,</strong></span> <span class='ocrx_word' id='word_1_240' title='bbox 1337 2179 1431 2217; x_wconf 72' lang='lat' dir='ltr'><strong>(Ion-</strong></span> 
     </span>
    </p>
   </div>
   <div class='ocr_carea' id='block_1_33' title="bbox 347 2241 1430 2289">
    <p class='ocr_par' dir='ltr' id='par_1_33' title="bbox 347 2241 1430 2289">
     <span class='ocr_line' id='line_1_33' title="bbox 347 2241 1430 2289; baseline 0.001 -11"><span class='ocrx_word' id='word_1_241' title='bbox 347 2242 606 2288; x_wconf 85' lang='lat' dir='ltr'><strong>stantinopolin</strong></span> <span class='ocrx_word' id='word_1_242' title='bbox 631 2252 712 2278; x_wconf 89' lang='lat' dir='ltr'><strong>cum</strong></span> <span class='ocrx_word' id='word_1_243' title='bbox 733 2243 882 2289; x_wconf 81' lang='lat' dir='ltr'><strong>reliquis</strong></span> <span class='ocrx_word' id='word_1_244' title='bbox 903 2241 1082 2289; x_wconf 87' lang='lat' dir='ltr'><strong>episeopis</strong></span> <span class='ocrx_word' id='word_1_245' title='bbox 1105 2241 1340 2278; x_wconf 82' lang='lat' dir='ltr'><strong>transfretare</strong></span> <span class='ocrx_word' id='word_1_246' title='bbox 1359 2254 1430 2279; x_wconf 86' lang='lat' dir='ltr'><strong>non</strong></span> 
     </span>
    </p>
   </div>
   <div class='ocr_carea' id='block_1_34' title="bbox 348 2304 1432 2352">
    <p class='ocr_par' dir='ltr' id='par_1_34' title="bbox 348 2304 1432 2352">
     <span class='ocr_line' id='line_1_34' title="bbox 348 2304 1432 2352; baseline 0.002 -12"><span class='ocrx_word' id='word_1_247' title='bbox 348 2305 482 2351; x_wconf 86' lang='lat' dir='ltr'><strong>potuit;</strong></span> <span class='ocrx_word' id='word_1_248' title='bbox 503 2305 564 2341; x_wconf 90' lang='lat' dir='ltr'><strong>sed</strong></span> <span class='ocrx_word' id='word_1_249' title='bbox 583 2305 658 2352; x_wconf 82' lang='lat' dir='ltr'><strong>ipSe</strong></span> <span class='ocrx_word' id='word_1_250' title='bbox 677 2307 808 2341; x_wconf 84' lang='lat' dir='ltr'><strong>mansit</strong></span> <span class='ocrx_word' id='word_1_251' title='bbox 828 2305 1072 2349; x_wconf 85' lang='lat' dir='ltr'><strong>Chalcedone,</strong></span> <span class='ocrx_word' id='word_1_252' title='bbox 1096 2306 1217 2342; x_wconf 72' lang='lat' dir='ltr'><strong>creteri</strong></span> <span class='ocrx_word' id='word_1_253' title='bbox 1235 2317 1320 2342; x_wconf 82' lang='lat' dir='ltr'><strong>vero</strong></span> <span class='ocrx_word' id='word_1_254' title='bbox 1335 2304 1432 2342; x_wconf 89' lang='lat' dir='ltr'><strong>Con-</strong></span> 
     </span>
    </p>
   </div>
   <div class='ocr_carea' id='block_1_35' title="bbox 347 2367 1430 2414">
    <p class='ocr_par' dir='ltr' id='par_1_35' title="bbox 347 2367 1430 2414">
     <span class='ocr_line' id='line_1_35' title="bbox 347 2367 1430 2414; baseline 0.002 -12"><span class='ocrx_word' id='word_1_255' title='bbox 347 2367 606 2414; x_wconf 83' lang='lat' dir='ltr'><strong>stantinopolin</strong></span> <span class='ocrx_word' id='word_1_256' title='bbox 627 2367 856 2413; x_wconf 78' lang='lat' dir='ltr'><strong>trajecerant.</strong></span> <span class='ocrx_word' id='word_1_257' title='bbox 879 2367 956 2404; x_wconf 82' lang='lat' dir='ltr'><strong>Etsi</strong></span> <span class='ocrx_word' id='word_1_258' title='bbox 976 2378 1084 2414; x_wconf 86' lang='lat' dir='ltr'><strong>porro</strong></span> <span class='ocrx_word' id='word_1_259' title='bbox 1105 2379 1147 2404; x_wconf 76' lang='lat' dir='ltr'><strong>ex</strong></span> <span class='ocrx_word' id='word_1_260' title='bbox 1170 2368 1312 2404; x_wconf 85' lang='lat' dir='ltr'><strong>clericis</strong></span> <span class='ocrx_word' id='word_1_261' title='bbox 1333 2370 1430 2404; x_wconf 77' lang='lat' dir='ltr'><strong>Con-</strong></span> 
     </span>
    </p>
   </div>
   <div class='ocr_carea' id='block_1_36' title="bbox 347 2427 1431 2477">
    <p class='ocr_par' dir='ltr' id='par_1_36' title="bbox 347 2427 1431 2477">
     <span class='ocr_line' id='line_1_36' title="bbox 347 2427 1431 2477; baseline 0.003 -14"><span class='ocrx_word' id='word_1_262' title='bbox 347 2427 677 2475; x_wconf 81' lang='lat' dir='ltr'><strong>stantinopolitanis</strong></span> <span class='ocrx_word' id='word_1_263' title='bbox 697 2428 796 2464; x_wconf 90' lang='lat' dir='ltr'><strong>multi</strong></span> <span class='ocrx_word' id='word_1_264' title='bbox 812 2435 917 2466; x_wconf 86' lang='lat' dir='ltr'><strong>erant</strong></span> <span class='ocrx_word' id='word_1_265' title='bbox 929 2428 1058 2466; x_wconf 87' lang='lat' dir='ltr'><strong>.loanni</strong></span> <span class='ocrx_word' id='word_1_266' title='bbox 1075 2429 1219 2474; x_wconf 80' lang='lat' dir='ltr'><strong>infensi,</strong></span> <span class='ocrx_word' id='word_1_267' title='bbox 1236 2429 1330 2477; x_wconf 89' lang='lat' dir='ltr'><strong>quod</strong></span> <span class='ocrx_word' id='word_1_268' title='bbox 1346 2430 1431 2467; x_wconf 88' lang='lat' dir='ltr'><strong>vitia</strong></span> 
     </span>
    </p>
   </div>
   <div class='ocr_carea' id='block_1_37' title="bbox 347 2491 1430 2540">
    <p class='ocr_par' dir='ltr' id='par_1_37' title="bbox 347 2491 1430 2540">
     <span class='ocr_line' id='line_1_37' title="bbox 347 2491 1430 2540; baseline 0.004 -14"><span class='ocrx_word' id='word_1_269' title='bbox 347 2500 474 2527; x_wconf 88' lang='lat' dir='ltr'><strong>eorum</strong></span> <span class='ocrx_word' id='word_1_270' title='bbox 495 2491 727 2538; x_wconf 87' lang='lat' dir='ltr'><strong>redargueret</strong></span> <span class='ocrx_word' id='word_1_271' title='bbox 745 2499 778 2528; x_wconf 91' lang='lat' dir='ltr'><strong>et</strong></span> <span class='ocrx_word' id='word_1_272' title='bbox 801 2491 996 2528; x_wconf 86' lang='lat' dir='ltr'><strong>emendare</strong></span> <span class='ocrx_word' id='word_1_273' title='bbox 1011 2499 1214 2540; x_wconf 85' lang='lat' dir='ltr'><strong>satageret;</strong></span> <span class='ocrx_word' id='word_1_274' title='bbox 1238 2493 1356 2530; x_wconf 90' lang='lat' dir='ltr'><strong>nullus</strong></span> <span class='ocrx_word' id='word_1_275' title='bbox 1379 2499 1430 2530; x_wconf 84' lang='lat' dir='ltr'><strong>la-</strong></span> 
     </span>
    </p>
   </div>
   <div class='ocr_carea' id='block_1_38' title="bbox 346 2557 1431 2605">
    <p class='ocr_par' dir='ltr' id='par_1_38' title="bbox 346 2557 1431 2605">
     <span class='ocr_line' id='line_1_38' title="bbox 346 2557 1431 2605; baseline 0.001 -12"><span class='ocrx_word' id='word_1_276' title='bbox 346 2567 430 2594; x_wconf 92' lang='lat' dir='ltr'><strong>mcn</strong></span> <span class='ocrx_word' id='word_1_277' title='bbox 448 2567 468 2593; x_wconf 93' lang='lat' dir='ltr'><strong>e</strong></span> <span class='ocrx_word' id='word_1_278' title='bbox 483 2557 588 2594; x_wconf 90' lang='lat' dir='ltr'><strong>Clero</strong></span> <span class='ocrx_word' id='word_1_279' title='bbox 605 2557 749 2594; x_wconf 78' lang='lat' dir='ltr'><strong>obviam</strong></span> <span class='ocrx_word' id='word_1_280' title='bbox 770 2557 970 2605; x_wconf 79' lang='lat' dir='ltr'><strong>Theophilo</strong></span> <span class='ocrx_word' id='word_1_281' title='bbox 986 2559 1097 2601; x_wconf 90' lang='lat' dir='ltr'><strong>venit,</strong></span> <span class='ocrx_word' id='word_1_282' title='bbox 1119 2569 1235 2604; x_wconf 88' lang='lat' dir='ltr'><strong>neque</strong></span> <span class='ocrx_word' id='word_1_283' title='bbox 1257 2557 1431 2595; x_wconf 86' lang='lat' dir='ltr'><strong>honorem</strong></span> 
     </span>
    </p>
   </div>
   <div class='ocr_carea' id='block_1_39' title="bbox 346 2621 1433 2669">
    <p class='ocr_par' dir='ltr' id='par_1_39' title="bbox 346 2621 1433 2669">
     <span class='ocr_line' id='line_1_39' title="bbox 346 2621 1433 2669; baseline 0.001 -12"><span class='ocrx_word' id='word_1_284' title='bbox 346 2627 558 2658; x_wconf 87' lang='lat' dir='ltr'><strong>consuetum</strong></span> <span class='ocrx_word' id='word_1_285' title='bbox 575 2621 640 2668; x_wconf 90' lang='lat' dir='ltr'><strong>ipsi</strong></span> <span class='ocrx_word' id='word_1_286' title='bbox 657 2621 839 2661; x_wconf 83' lang='lat' dir='ltr'><strong>exhibuit;</strong></span> <span class='ocrx_word' id='word_1_287' title='bbox 857 2621 973 2669; x_wconf 87' lang='lat' dir='ltr'><strong>palam</strong></span> <span class='ocrx_word' id='word_1_288' title='bbox 989 2621 1084 2657; x_wconf 88' lang='lat' dir='ltr'><strong>enim</strong></span> <span class='ocrx_word' id='word_1_289' title='bbox 1100 2621 1250 2658; x_wconf 87' lang='lat' dir='ltr'><strong>Joannis</strong></span> <span class='ocrx_word' id='word_1_290' title='bbox 1265 2621 1433 2658; x_wconf 89' lang='lat' dir='ltr'><strong>inimicus</strong></span> 
     </span>
    </p>
   </div>
   <div class='ocr_carea' id='block_1_40' title="bbox 347 2682 1433 2730">
    <p class='ocr_par' dir='ltr' id='par_1_40' title="bbox 347 2682 1433 2730">
     <span class='ocr_line' id='line_1_40' title="bbox 347 2682 1433 2730; baseline 0.001 -12"><span class='ocrx_word' id='word_1_291' title='bbox 347 2683 635 2730; x_wconf 85' lang='lat' dir='ltr'><strong>agnoscebatur:</strong></span> <span class='ocrx_word' id='word_1_292' title='bbox 659 2683 753 2720; x_wconf 79' lang='lat' dir='ltr'><strong>unde</strong></span> <span class='ocrx_word' id='word_1_293' title='bbox 773 2682 936 2719; x_wconf 77' lang='lat' dir='ltr'><strong>fortassis</strong></span> <span class='ocrx_word' id='word_1_294' title='bbox 953 2683 1085 2725; x_wconf 86' lang='lat' dir='ltr'><strong>evenit,</strong></span> <span class='ocrx_word' id='word_1_295' title='bbox 1102 2682 1213 2730; x_wconf 91' lang='lat' dir='ltr'><strong>utqui</strong></span> <span class='ocrx_word' id='word_1_296' title='bbox 1235 2683 1330 2730; x_wconf 89' lang='lat' dir='ltr'><strong>paria</strong></span> <span class='ocrx_word' id='word_1_297' title='bbox 1349 2693 1433 2719; x_wconf 88' lang='lat' dir='ltr'><strong>cum</strong></span> 
     </span>
    </p>
   </div>
   <div class='ocr_carea' id='block_1_41' title="bbox 347 2745 1432 2792">
    <p class='ocr_par' dir='ltr' id='par_1_41' title="bbox 347 2745 1432 2792">
     <span class='ocr_line' id='line_1_41' title="bbox 347 2745 1432 2792; baseline -0.001 -11"><span class='ocrx_word' id='word_1_298' title='bbox 347 2745 410 2782; x_wconf 88' lang='lat' dir='ltr'><strong>illo</strong></span> <span class='ocrx_word' id='word_1_299' title='bbox 425 2745 642 2789; x_wconf 85' lang='lat' dir='ltr'><strong>sentiebant,</strong></span> <span class='ocrx_word' id='word_1_300' title='bbox 665 2756 735 2782; x_wconf 91' lang='lat' dir='ltr'><strong>non</strong></span> <span class='ocrx_word' id='word_1_301' title='bbox 755 2745 930 2782; x_wconf 88' lang='lat' dir='ltr'><strong>auderent</strong></span> <span class='ocrx_word' id='word_1_302' title='bbox 949 2755 1070 2782; x_wconf 87' lang='lat' dir='ltr'><strong>coram</strong></span> <span class='ocrx_word' id='word_1_303' title='bbox 1089 2745 1234 2792; x_wconf 87' lang='lat' dir='ltr'><strong>populo,</strong></span> <span class='ocrx_word' id='word_1_304' title='bbox 1251 2756 1335 2792; x_wconf 84' lang='lat' dir='ltr'><strong>erga</strong></span> <span class='ocrx_word' id='word_1_305' title='bbox 1354 2755 1432 2782; x_wconf 88' lang='lat' dir='ltr'><strong>san-</strong></span> 
     </span>
    </p>
   </div>
   <div class='ocr_carea' id='block_1_42' title="bbox 347 2807 1433 2855">
    <p class='ocr_par' dir='ltr' id='par_1_42' title="bbox 347 2807 1433 2855">
     <span class='ocr_line' id='line_1_42' title="bbox 347 2807 1433 2855; baseline 0.001 -12"><span class='ocrx_word' id='word_1_306' title='bbox 347 2813 445 2844; x_wconf 87' lang='lat' dir='ltr'><strong>ctum</strong></span> <span class='ocrx_word' id='word_1_307' title='bbox 476 2808 668 2855; x_wconf 72' lang='lat' dir='ltr'><strong>prmsulcm</strong></span> <span class='ocrx_word' id='word_1_308' title='bbox 697 2808 833 2854; x_wconf 75' lang='lat' dir='ltr'><strong>0;.titne</strong></span> <span class='ocrx_word' id='word_1_309' title='bbox 865 2807 1020 2854; x_wconf 76' lang='lat' dir='ltr'><strong>affecto,</strong></span> <span class='ocrx_word' id='word_1_310' title='bbox 1053 2807 1219 2854; x_wconf 90' lang='lat' dir='ltr'><strong>concepti</strong></span> <span class='ocrx_word' id='word_1_311' title='bbox 1259 2807 1433 2844; x_wconf 85' lang='lat' dir='ltr'><strong>adversus</strong></span> 
     </span>
    </p>
   </div>
   <div class='ocr_carea' id='block_1_43' title="bbox 349 2869 1430 2918">
    <p class='ocr_par' dir='ltr' id='par_1_43' title="bbox 349 2869 1430 2918">
     <span class='ocr_line' id='line_1_43' title="bbox 349 2869 1430 2918; baseline 0 -12"><span class='ocrx_word' id='word_1_312' title='bbox 349 2870 447 2906; x_wconf 90' lang='lat' dir='ltr'><strong>illum</strong></span> <span class='ocrx_word' id='word_1_313' title='bbox 484 2871 556 2907; x_wconf 86' lang='lat' dir='ltr'><strong>odii</strong></span> <span class='ocrx_word' id='word_1_314' title='bbox 589 2870 689 2918; x_wconf 83' lang='lat' dir='ltr'><strong>signa</strong></span> <span class='ocrx_word' id='word_1_315' title='bbox 718 2870 818 2906; x_wconf 87' lang='lat' dir='ltr'><strong>dare.</strong></span> <span class='ocrx_word' id='word_1_316' title='bbox 854 2870 989 2907; x_wconf 84' lang='lat' dir='ltr'><strong>Verum</strong></span> <span class='ocrx_word' id='word_1_317' title='bbox 1021 2876 1138 2906; x_wconf 78' lang='lat' dir='ltr'><strong>nauta:</strong></span> <span class='ocrx_word' id='word_1_318' title='bbox 1173 2869 1430 2914; x_wconf 81' lang='lat' dir='ltr'><strong>Alexandrini,</strong></span> 
     </span>
    </p>
   </div>
   <div class='ocr_carea' id='block_1_44' title="bbox 349 2931 1431 2979">
    <p class='ocr_par' dir='ltr' id='par_1_44' title="bbox 349 2931 1431 2979">
     <span class='ocr_line' id='line_1_44' title="bbox 349 2931 1431 2979; baseline 0.002 -14"><span class='ocrx_word' id='word_1_319' title='bbox 349 2942 499 2979; x_wconf 88' lang='lat' dir='ltr'><strong>quorum</strong></span> <span class='ocrx_word' id='word_1_320' title='bbox 520 2932 762 2969; x_wconf 77' lang='lat' dir='ltr'><strong>frumentaria:</strong></span> <span class='ocrx_word' id='word_1_321' title='bbox 777 2942 887 2969; x_wconf 87' lang='lat' dir='ltr'><strong>naves</strong></span> <span class='ocrx_word' id='word_1_322' title='bbox 903 2931 994 2969; x_wconf 88' lang='lat' dir='ltr'><strong>forte</strong></span> <span class='ocrx_word' id='word_1_323' title='bbox 1008 2931 1172 2976; x_wconf 88' lang='lat' dir='ltr'><strong>aderant,</strong></span> <span class='ocrx_word' id='word_1_324' title='bbox 1191 2932 1316 2968; x_wconf 82' lang='lat' dir='ltr'><strong>faustis</strong></span> <span class='ocrx_word' id='word_1_325' title='bbox 1332 2931 1431 2968; x_wconf 89' lang='lat' dir='ltr'><strong>illtnn</strong></span> 
     </span>
    </p>
   </div>
   <div class='ocr_carea' id='block_1_45' title="bbox 349 2995 876 3042">
    <p class='ocr_par' dir='ltr' id='par_1_45' title="bbox 349 2995 876 3042">
     <span class='ocr_line' id='line_1_45' title="bbox 349 2995 876 3042; baseline 0.004 -14"><span class='ocrx_word' id='word_1_326' title='bbox 349 2995 668 3032; x_wconf 70' lang='lat' dir='ltr'><strong>acclamatiOnibus</strong></span> <span class='ocrx_word' id='word_1_327' title='bbox 687 3004 876 3042; x_wconf 84' lang='lat' dir='ltr'><strong>excepere.</strong></span> 
     </span>
    </p>
   </div>
   <div class='ocr_carea' id='block_1_46' title="bbox 396 3055 1434 3105">
    <p class='ocr_par' dir='ltr' id='par_1_46' title="bbox 396 3055 1434 3105">
     <span class='ocr_line' id='line_1_46' title="bbox 396 3055 1434 3105; baseline 0.002 -13"><span class='ocrx_word' id='word_1_328' title='bbox 396 3055 608 3105; x_wconf 80' lang='lat' dir='ltr'><strong>Theophilus</strong></span> <span class='ocrx_word' id='word_1_329' title='bbox 653 3057 971 3105; x_wconf 73' lang='lat' dir='ltr'><strong>Const/mtinopoliu</strong></span> <span class='ocrx_word' id='word_1_330' title='bbox 1006 3057 1108 3093; x_wconf 71' lang='lat' dir='ltr'><strong>venit.</strong></span> <span class='ocrx_word' id='word_1_331' title='bbox 1134 3077 1182 3083; x_wconf 92' lang='lat'><strong>—-</strong></span> <span class='ocrx_word' id='word_1_332' title='bbox 1210 3057 1434 3104; x_wconf 83' lang='lat' dir='ltr'><strong>Theophilus</strong></span> 
     </span>
    </p>
   </div>
   <div class='ocr_carea' id='block_1_47' title="bbox 348 3118 1434 3166">
    <p class='ocr_par' dir='ltr' id='par_1_47' title="bbox 348 3118 1434 3166">
     <span class='ocr_line' id='line_1_47' title="bbox 348 3118 1434 3166; baseline 0.002 -12"><span class='ocrx_word' id='word_1_333' title='bbox 348 3129 448 3163; x_wconf 60' lang='lat' dir='ltr'><strong>ergo,</strong></span> <span class='ocrx_word' id='word_1_334' title='bbox 475 3119 534 3166; x_wconf 92' lang='lat' dir='ltr'><strong>qui</strong></span> <span class='ocrx_word' id='word_1_335' title='bbox 555 3129 644 3155; x_wconf 90' lang='lat' dir='ltr'><strong>auro</strong></span> <span class='ocrx_word' id='word_1_336' title='bbox 665 3125 700 3155; x_wconf 88' lang='lat' dir='ltr'><strong>et</strong></span> <span class='ocrx_word' id='word_1_337' title='bbox 717 3119 882 3165; x_wconf 75' lang='lat' dir='ltr'><strong>pretiosis</strong></span> <span class='ocrx_word' id='word_1_338' title='bbox 903 3119 1012 3155; x_wconf 81' lang='lat' dir='ltr'><strong>rebus</strong></span> <span class='ocrx_word' id='word_1_339' title='bbox 1037 3118 1261 3166; x_wconf 63' lang='lat' dir='ltr'><strong>[Egyptiacis</strong></span> <span class='ocrx_word' id='word_1_340' title='bbox 1282 3126 1316 3155; x_wconf 90' lang='lat' dir='ltr'><strong>et</strong></span> <span class='ocrx_word' id='word_1_341' title='bbox 1336 3119 1434 3156; x_wconf 85' lang='lat' dir='ltr'><strong>indi-</strong></span> 
     </span>
    </p>
   </div>
   <div class='ocr_carea' id='block_1_48' title="bbox 351 3180 1436 3228">
    <p class='ocr_par' dir='ltr' id='par_1_48' title="bbox 351 3180 1436 3228">
     <span class='ocr_line' id='line_1_48' title="bbox 351 3180 1436 3228; baseline 0.006 -16"><span class='ocrx_word' id='word_1_342' title='bbox 351 3190 403 3214; x_wconf 69' lang='lat' dir='ltr'><strong>os</strong></span> <span class='ocrx_word' id='word_1_343' title='bbox 417 3186 568 3216; x_wconf 88' lang='lat' dir='ltr'><strong>onustus</strong></span> <span class='ocrx_word' id='word_1_344' title='bbox 580 3181 762 3224; x_wconf 86' lang='lat' dir='ltr'><strong>veniebat,</strong></span> <span class='ocrx_word' id='word_1_345' title='bbox 782 3186 820 3216; x_wconf 94' lang='lat' dir='ltr'><strong>ut</strong></span> <span class='ocrx_word' id='word_1_346' title='bbox 835 3180 972 3218; x_wconf 86' lang='lat' dir='ltr'><strong>amicos</strong></span> <span class='ocrx_word' id='word_1_347' title='bbox 990 3181 1056 3218; x_wconf 87' lang='lat' dir='ltr'><strong>sibi</strong></span> <span class='ocrx_word' id='word_1_348' title='bbox 1079 3187 1238 3228; x_wconf 84' lang='lat' dir='ltr'><strong>pararet,</strong></span> <span class='ocrx_word' id='word_1_349' title='bbox 1261 3181 1436 3218; x_wconf 83' lang='lat' dir='ltr'><strong>Constan-</strong></span> 
     </span>
    </p>
   </div>
   <div class='ocr_carea' id='block_1_49' title="bbox 359 3237 1438 3284">
    <p class='ocr_par' dir='ltr' id='par_1_49' title="bbox 359 3237 1438 3284">
     <span class='ocr_line' id='line_1_49' title="bbox 359 3237 1438 3284; baseline 0.008 -15"><span class='ocrx_word' id='word_1_350' title='bbox 359 3237 532 3282; x_wconf 74' lang='lat' dir='ltr'><strong>Ii..opoliu</strong></span> <span class='ocrx_word' id='word_1_351' title='bbox 549 3237 734 3284; x_wconf 73' lang='lat' dir='ltr'><strong>ingressus</strong></span> <span class='ocrx_word' id='word_1_352' title='bbox 749 3246 804 3274; x_wconf 78' lang='lat' dir='ltr'><strong>est</strong></span> <span class='ocrx_word' id='word_1_353' title='bbox 819 3249 946 3276; x_wconf 83' lang='lat' dir='ltr'><strong>mense</strong></span> <span class='ocrx_word' id='word_1_354' title='bbox 963 3239 1109 3275; x_wconf 87' lang='lat' dir='ltr'><strong>circiter</strong></span> <span class='ocrx_word' id='word_1_355' title='bbox 1123 3239 1247 3276; x_wconf 87' lang='lat' dir='ltr'><strong>Jnnio.</strong></span> <span class='ocrx_word' id='word_1_356' title='bbox 1265 3241 1438 3278; x_wconf 69' lang='lat' dir='ltr'><strong>“orbatus</strong></span> 
     </span>
    </p>
   </div>
   <div class='ocr_carea' id='block_1_50' title="bbox 358 3299 1434 3352">
    <p class='ocr_par' dir='ltr' id='par_1_50' title="bbox 358 3299 1434 3352">
     <span class='ocr_line' id='line_1_50' title="bbox 358 3299 1434 3352; baseline 0.007 -18"><span class='ocrx_word' id='word_1_357' title='bbox 358 3307 414 3335; x_wconf 76' lang='lat' dir='ltr'><strong>est</strong></span> <span class='ocrx_word' id='word_1_358' title='bbox 433 3299 534 3336; x_wconf 90' lang='lat' dir='ltr'><strong>illum</strong></span> <span class='ocrx_word' id='word_1_359' title='bbox 549 3301 723 3348; x_wconf 86' lang='lat' dir='ltr'><strong>Joannes,</strong></span> <span class='ocrx_word' id='word_1_360' title='bbox 742 3310 780 3340; x_wconf 94' lang='lat' dir='ltr'><strong>ut</strong></span> <span class='ocrx_word' id='word_1_361' title='bbox 797 3304 891 3352; x_wconf 80' lang='lat' dir='ltr'><strong>apud</strong></span> <span class='ocrx_word' id='word_1_362' title='bbox 906 3314 946 3340; x_wconf 88' lang='lat' dir='ltr'><strong>se</strong></span> <span class='ocrx_word' id='word_1_363' title='bbox 963 3304 1213 3342; x_wconf 77' lang='lat' dir='ltr'><strong>diversaretnr</strong></span> <span class='ocrx_word' id='word_1_364' title='bbox 1234 3315 1317 3342; x_wconf 91' lang='lat' dir='ltr'><strong>eum</strong></span> <span class='ocrx_word' id='word_1_365' title='bbox 1343 3306 1434 3348; x_wconf 88' lang='lat' dir='ltr'><strong>suis,</strong></span> 
     </span>
    </p>
   </div>
   <div class='ocr_carea' id='block_1_51' title="bbox 357 3360 1436 3414">
    <p class='ocr_par' dir='ltr' id='par_1_51' title="bbox 357 3360 1436 3414">
     <span class='ocr_line' id='line_1_51' title="bbox 357 3360 1436 3414; baseline 0.008 -18"><span class='ocrx_word' id='word_1_366' title='bbox 357 3360 393 3396; x_wconf 88' lang='lat' dir='ltr'><strong>in</strong></span> <span class='ocrx_word' id='word_1_367' title='bbox 416 3362 642 3400; x_wconf 87' lang='lat' dir='ltr'><strong>domicilium</strong></span> <span class='ocrx_word' id='word_1_368' title='bbox 664 3377 794 3413; x_wconf 89' lang='lat' dir='ltr'><strong>nempe</strong></span> <span class='ocrx_word' id='word_1_369' title='bbox 813 3375 1028 3414; x_wconf 90' lang='lat' dir='ltr'><strong>apparatum</strong></span> <span class='ocrx_word' id='word_1_370' title='bbox 1049 3375 1086 3405; x_wconf 91' lang='lat' dir='ltr'><strong>et</strong></span> <span class='ocrx_word' id='word_1_371' title='bbox 1115 3369 1333 3406; x_wconf 90' lang='lat' dir='ltr'><strong>necessariis</strong></span> <span class='ocrx_word' id='word_1_372' title='bbox 1354 3379 1436 3405; x_wconf 88' lang='lat' dir='ltr'><strong>om-</strong></span> 
     </span>
    </p>
   </div>
   <div class='ocr_carea' id='block_1_52' title="bbox 357 3425 1438 3482">
    <p class='ocr_par' dir='ltr' id='par_1_52' title="bbox 357 3425 1438 3482">
     <span class='ocr_line' id='line_1_52' title="bbox 357 3425 1438 3482; baseline 0.01 -23"><span class='ocrx_word' id='word_1_373' title='bbox 357 3425 464 3461; x_wconf 88' lang='lat' dir='ltr'><strong>nilms</strong></span> <span class='ocrx_word' id='word_1_374' title='bbox 486 3425 700 3464; x_wconf 88' lang='lat' dir='ltr'><strong>instructum</strong></span> <span class='ocrx_word' id='word_1_375' title='bbox 713 3429 871 3477; x_wconf 78' lang='lat' dir='ltr'><strong>(Pallad.</strong></span> <span class='ocrx_word' id='word_1_376' title='bbox 885 3445 920 3478; x_wconf 88' lang='lat' dir='ltr'><strong>p.</strong></span> <span class='ocrx_word' id='word_1_377' title='bbox 935 3433 994 3472; x_wconf 72' lang='grc'><strong>64.</strong></span> <span class='ocrx_word' id='word_1_378' title='bbox 1010 3433 1235 3482; x_wconf 75' lang='lat' dir='ltr'><strong>05).chuit</strong></span> <span class='ocrx_word' id='word_1_379' title='bbox 1252 3433 1326 3478; x_wconf 85' lang='lat' dir='ltr'><strong>ille,</strong></span> <span class='ocrx_word' id='word_1_380' title='bbox 1343 3438 1380 3470; x_wconf 91' lang='lat' dir='ltr'><strong>et</strong></span> <span class='ocrx_word' id='word_1_381' title='bbox 1393 3442 1438 3470; x_wconf 87' lang='lat' dir='ltr'><strong>ne</strong></span> 
     </span>
    </p>
   </div>
   <div class='ocr_carea' id='block_1_53' title="bbox 357 3489 1435 3546">
    <p class='ocr_par' dir='ltr' id='par_1_53' title="bbox 357 3489 1435 3546">
     <span class='ocr_line' id='line_1_53' title="bbox 357 3489 1435 3546; baseline 0.007 -22"><span class='ocrx_word' id='word_1_382' title='bbox 357 3490 390 3524; x_wconf 93' lang='lat' dir='ltr'><strong>in</strong></span> <span class='ocrx_word' id='word_1_383' title='bbox 413 3489 606 3528; x_wconf 82' lang='lat' dir='ltr'><strong>ecclesiam</strong></span> <span class='ocrx_word' id='word_1_384' title='bbox 628 3492 773 3538; x_wconf 89' lang='lat' dir='ltr'><strong>quidem</strong></span> <span class='ocrx_word' id='word_1_385' title='bbox 797 3495 934 3542; x_wconf 83' lang='lat' dir='ltr'><strong>ingredi</strong></span> <span class='ocrx_word' id='word_1_386' title='bbox 957 3497 1088 3542; x_wconf 83' lang='lat' dir='ltr'><strong>voluit;</strong></span> <span class='ocrx_word' id='word_1_387' title='bbox 1109 3498 1172 3535; x_wconf 89' lang='lat' dir='ltr'><strong>sed</strong></span> <span class='ocrx_word' id='word_1_388' title='bbox 1194 3498 1228 3534; x_wconf 94' lang='lat' dir='ltr'><strong>in</strong></span> <span class='ocrx_word' id='word_1_389' title='bbox 1241 3495 1435 3546; x_wconf 88' lang='lat' dir='ltr'><strong>quamdam</strong></span> 
     </span>
    </p>
   </div>
   <div class='ocr_carea' id='block_1_54' title="bbox 356 3551 1434 3608">
    <p class='ocr_par' dir='ltr' id='par_1_54' title="bbox 356 3551 1434 3608">
     <span class='ocr_line' id='line_1_54' title="bbox 356 3551 1434 3608; baseline 0.008 -19"><span class='ocrx_word' id='word_1_390' title='bbox 356 3551 584 3600; x_wconf 81' lang='lat' dir='ltr'><strong>linpcrialcm</strong></span> <span class='ocrx_word' id='word_1_391' title='bbox 607 3553 753 3592; x_wconf 89' lang='lat' dir='ltr'><strong>domum</strong></span> <span class='ocrx_word' id='word_1_392' title='bbox 767 3557 914 3596; x_wconf 88' lang='lat' dir='ltr'><strong>divertit</strong></span> <span class='ocrx_word' id='word_1_393' title='bbox 931 3559 1125 3608; x_wconf 78' lang='lat' dir='ltr'><strong>(Chrysost.</strong></span> <span class='ocrx_word' id='word_1_394' title='bbox 1145 3561 1190 3596; x_wconf 81' lang='lat' dir='ltr'><strong>ad</strong></span> <span class='ocrx_word' id='word_1_395' title='bbox 1207 3561 1334 3597; x_wconf 84' lang='lat' dir='ltr'><strong>lnnoc.</strong></span> <span class='ocrx_word' id='word_1_396' title='bbox 1357 3567 1382 3595; x_wconf 88' lang='grc' dir='ltr'><strong>ι.</strong></span> <span class='ocrx_word' id='word_1_397' title='bbox 1396 3559 1434 3598; x_wconf 81' lang='grc'><strong>5.</strong></span> 
     </span>
    </p>
   </div>
   <div class='ocr_carea' id='block_1_55' title="bbox 355 3615 1435 3672">
    <p class='ocr_par' dir='ltr' id='par_1_55' title="bbox 355 3615 1435 3672">
     <span class='ocr_line' id='line_1_55' title="bbox 355 3615 1435 3672; baseline 0.007 -20"><span class='ocrx_word' id='word_1_398' title='bbox 355 3626 384 3652; x_wconf 74' lang='grc' dir='ltr'><strong>ι’.</strong></span> <span class='ocrx_word' id='word_1_399' title='bbox 397 3615 484 3653; x_wconf 81' lang='lat'><strong>550.</strong></span> <span class='ocrx_word' id='word_1_400' title='bbox 496 3617 520 3653; x_wconf 85' lang='grc' dir='ltr'><strong>ι.</strong></span> <span class='ocrx_word' id='word_1_401' title='bbox 536 3617 558 3654; x_wconf 81' lang='grc'><strong>5</strong></span> <span class='ocrx_word' id='word_1_402' title='bbox 572 3624 603 3654; x_wconf 84' lang='lat' dir='ltr'><strong>el</strong></span> <span class='ocrx_word' id='word_1_403' title='bbox 618 3618 723 3668; x_wconf 60' lang='grc' dir='ltr'><strong>δρψ),</strong></span> <span class='ocrx_word' id='word_1_404' title='bbox 741 3631 820 3668; x_wconf 71' lang='lat' dir='ltr'><strong>quae</strong></span> <span class='ocrx_word' id='word_1_405' title='bbox 834 3621 1041 3660; x_wconf 87' lang='lat' dir='ltr'><strong>Placidiana</strong></span> <span class='ocrx_word' id='word_1_406' title='bbox 1057 3624 1308 3672; x_wconf 84' lang='lat' dir='ltr'><strong>appellabatur</strong></span> <span class='ocrx_word' id='word_1_407' title='bbox 1328 3634 1336 3657; x_wconf 91' lang='lat'>:</span> <span class='ocrx_word' id='word_1_408' title='bbox 1361 3622 1435 3660; x_wconf 88' lang='lat' dir='ltr'><strong>imo</strong></span> 
     </span>
    </p>
   </div>
   <div class='ocr_carea' id='block_1_56' title="bbox 357 3679 1435 3730">
    <p class='ocr_par' dir='ltr' id='par_1_56' title="bbox 357 3679 1435 3730">
     <span class='ocr_line' id='line_1_56' title="bbox 357 3679 1435 3730; baseline -0.001 -14"><span class='ocrx_word' id='word_1_409' title='bbox 357 3679 532 3717; x_wconf 81' lang='lat' dir='ltr'><strong>Joannem</strong></span> <span class='ocrx_word' id='word_1_410' title='bbox 565 3691 760 3728; x_wconf 90' lang='lat' dir='ltr'><strong>numquam</strong></span> <span class='ocrx_word' id='word_1_411' title='bbox 795 3681 916 3719; x_wconf 89' lang='lat' dir='ltr'><strong>videre</strong></span> <span class='ocrx_word' id='word_1_412' title='bbox 941 3682 997 3719; x_wconf 87' lang='lat' dir='ltr'><strong>vel</strong></span> <span class='ocrx_word' id='word_1_413' title='bbox 1027 3682 1159 3730; x_wconf 87' lang='lat' dir='ltr'><strong>alloqui</strong></span> <span class='ocrx_word' id='word_1_414' title='bbox 1185 3681 1310 3718; x_wconf 90' lang='lat' dir='ltr'><strong>voluit.</strong></span> <span class='ocrx_word' id='word_1_415' title='bbox 1330 3679 1435 3726; x_wconf 81' lang='lat' dir='ltr'><strong>Saepe</strong></span> 
     </span>
    </p>
   </div>
   <div class='ocr_carea' id='block_1_57' title="bbox 359 3741 1434 3791">
    <p class='ocr_par' dir='ltr' id='par_1_57' title="bbox 359 3741 1434 3791">
     <span class='ocr_line' id='line_1_57' title="bbox 359 3741 1434 3791; baseline -0.002 -13"><span class='ocrx_word' id='word_1_416' title='bbox 359 3743 455 3779; x_wconf 87' lang='lat' dir='ltr'><strong>iilum</strong></span> <span class='ocrx_word' id='word_1_417' title='bbox 485 3743 642 3780; x_wconf 87' lang='lat' dir='ltr'><strong>Joannes</strong></span> <span class='ocrx_word' id='word_1_418' title='bbox 672 3744 789 3791; x_wconf 83' lang='lat' dir='ltr'><strong>rogari</strong></span> <span class='ocrx_word' id='word_1_419' title='bbox 821 3745 958 3781; x_wconf 81' lang='lat' dir='ltr'><strong>curavit</strong></span> <span class='ocrx_word' id='word_1_420' title='bbox 988 3755 1033 3781; x_wconf 89' lang='lat' dir='ltr'><strong>an</strong></span> <span class='ocrx_word' id='word_1_421' title='bbox 1065 3743 1149 3790; x_wconf 90' lang='lat' dir='ltr'><strong>quid</strong></span> <span class='ocrx_word' id='word_1_422' title='bbox 1177 3742 1323 3779; x_wconf 88' lang='lat' dir='ltr'><strong>fecisset</strong></span> <span class='ocrx_word' id='word_1_423' title='bbox 1343 3741 1434 3788; x_wconf 85' lang='lat' dir='ltr'><strong>ipse,</strong></span> 
     </span>
    </p>
   </div>
   <div class='ocr_carea' id='block_1_58' title="bbox 359 3803 1432 3853">
    <p class='ocr_par' dir='ltr' id='par_1_58' title="bbox 359 3803 1432 3853">
     <span class='ocr_line' id='line_1_58' title="bbox 359 3803 1432 3853; baseline -0.005 -11"><span class='ocrx_word' id='word_1_424' title='bbox 359 3805 450 3842; x_wconf 79' lang='lat' dir='ltr'><strong>unod</strong></span> <span class='ocrx_word' id='word_1_425' title='bbox 471 3806 519 3842; x_wconf 86' lang='lat' dir='ltr'><strong>illi</strong></span> <span class='ocrx_word' id='word_1_426' title='bbox 539 3805 746 3853; x_wconf 85' lang='lat' dir='ltr'><strong>displiceret</strong></span> <span class='ocrx_word' id='word_1_427' title='bbox 765 3836 773 3851; x_wconf 94' lang='lat'><strong>,</strong></span> <span class='ocrx_word' id='word_1_428' title='bbox 796 3817 836 3844; x_wconf 88' lang='lat' dir='ltr'><strong>se</strong></span> <span class='ocrx_word' id='word_1_429' title='bbox 864 3807 908 3844; x_wconf 88' lang='lat' dir='ltr'><strong>ad</strong></span> <span class='ocrx_word' id='word_1_430' title='bbox 939 3807 1058 3843; x_wconf 85' lang='lat' dir='ltr'><strong>omnia</strong></span> <span class='ocrx_word' id='word_1_431' title='bbox 1081 3803 1304 3841; x_wconf 87' lang='lat' dir='ltr'><strong>emendanda</strong></span> <span class='ocrx_word' id='word_1_432' title='bbox 1327 3811 1432 3848; x_wconf 84' lang='lat' dir='ltr'><strong>para-</strong></span> 
     </span>
    </p>
   </div>
   <div class='ocr_carea' id='block_1_59' title="bbox 361 3866 1434 3914">
    <p class='ocr_par' dir='ltr' id='par_1_59' title="bbox 361 3866 1434 3914">
     <span class='ocr_line' id='line_1_59' title="bbox 361 3866 1434 3914; baseline 0.004 -16"><span class='ocrx_word' id='word_1_433' title='bbox 361 3869 434 3900; x_wconf 88' lang='lat' dir='ltr'><strong>tum</strong></span> <span class='ocrx_word' id='word_1_434' title='bbox 455 3877 534 3902; x_wconf 87' lang='lat' dir='ltr'><strong>esse</strong></span> <span class='ocrx_word' id='word_1_435' title='bbox 553 3879 785 3914; x_wconf 83' lang='lat' dir='ltr'><strong>asseverans;</strong></span> <span class='ocrx_word' id='word_1_436' title='bbox 820 3871 881 3906; x_wconf 86' lang='lat' dir='ltr'><strong>sed</strong></span> <span class='ocrx_word' id='word_1_437' title='bbox 907 3869 1037 3906; x_wconf 79' lang='lat' dir='ltr'><strong>obnixe</strong></span> <span class='ocrx_word' id='word_1_438' title='bbox 1057 3866 1270 3913; x_wconf 83' lang='lat' dir='ltr'><strong>supplicanti</strong></span> <span class='ocrx_word' id='word_1_439' title='bbox 1299 3876 1343 3902; x_wconf 89' lang='lat' dir='ltr'><strong>ne</strong></span> <span class='ocrx_word' id='word_1_440' title='bbox 1374 3875 1434 3902; x_wconf 80' lang='lat' dir='ltr'><strong>re-</strong></span> 
     </span>
    </p>
   </div>
   <div class='ocr_carea' id='block_1_60' title="bbox 372 3928 1440 3976">
    <p class='ocr_par' dir='ltr' id='par_1_60' title="bbox 372 3928 1440 3976">
     <span class='ocr_line' id='line_1_60' title="bbox 372 3928 1440 3976; baseline -0.003 -13"><span class='ocrx_word' id='word_1_441' title='bbox 372 3928 551 3972; x_wconf 76' lang='lat' dir='ltr'><strong>spondere</strong></span> <span class='ocrx_word' id='word_1_442' title='bbox 589 3931 738 3975; x_wconf 81' lang='lat' dir='ltr'><strong>quidem</strong></span> <span class='ocrx_word' id='word_1_443' title='bbox 790 3931 850 3968; x_wconf 90' lang='lat' dir='ltr'><strong>ille</strong></span> <span class='ocrx_word' id='word_1_444' title='bbox 897 3930 1072 3976; x_wconf 76' lang='lat' dir='ltr'><strong>dignatus</strong></span> <span class='ocrx_word' id='word_1_445' title='bbox 1107 3932 1187 3967; x_wconf 86' lang='lat' dir='ltr'><strong>est;</strong></span> <span class='ocrx_word' id='word_1_446' title='bbox 1227 3937 1307 3972; x_wconf 79' lang='lat' dir='ltr'><strong>qna:</strong></span> <span class='ocrx_word' id='word_1_447' title='bbox 1349 3936 1440 3960; x_wconf 82' lang='lat' dir='ltr'><strong>sane</strong></span> 
     </span>
    </p>
   </div>
   <div class='ocr_carea' id='block_1_61' title="bbox 1084 218 2510 264">
    <p class='ocr_par' dir='ltr' id='par_1_61' title="bbox 1084 218 2510 264">
     <span class='ocr_line' id='line_1_61' title="bbox 1084 218 2510 264; baseline -0.004 -2"><span class='ocrx_word' id='word_1_448' title='bbox 1084 225 1122 262; x_wconf 88' lang='lat' dir='ltr'><strong>S.</strong></span> <span class='ocrx_word' id='word_1_449' title='bbox 1149 223 1340 264; x_wconf 78' lang='lat' dir='ltr'><strong>JOANNIS</strong></span> <span class='ocrx_word' id='word_1_450' title='bbox 1360 221 1678 263; x_wconf 75' lang='lat' dir='ltr'><strong>CHRYSOSTOMI</strong></span> <span class='ocrx_word' id='word_1_451' title='bbox 1706 218 1830 262; x_wconf 72' lang='lat' dir='ltr'><strong>VITA,</strong></span> <span class='ocrx_word' id='word_1_452' title='bbox 2457 220 2510 258; x_wconf 70' lang='lat' dir='ltr'><strong>lt&#39;G</strong></span> 
     </span>
    </p>
   </div>
   <div class='ocr_carea' id='block_1_62' title="bbox 1487 293 2471 340">
    <p class='ocr_par' dir='ltr' id='par_1_62' title="bbox 1487 293 2471 340">
     <span class='ocr_line' id='line_1_62' title="bbox 1487 293 2471 340; baseline -0.008 -6"><span class='ocrx_word' id='word_1_453' title='bbox 1487 299 1646 334; x_wconf 74' lang='lat' dir='ltr'><strong>ferocem</strong></span> <span class='ocrx_word' id='word_1_454' title='bbox 1669 297 1854 334; x_wconf 85' lang='lat' dir='ltr'><strong>hominem</strong></span> <span class='ocrx_word' id='word_1_455' title='bbox 1871 300 1910 332; x_wconf 85' lang='lat' dir='ltr'><strong>et</strong></span> <span class='ocrx_word' id='word_1_456' title='bbox 1927 293 2184 332; x_wconf 85' lang='lat' dir='ltr'><strong>intractabilem</strong></span> <span class='ocrx_word' id='word_1_457' title='bbox 2203 293 2308 334; x_wconf 83' lang='lat' dir='ltr'><strong>fuisse</strong></span> <span class='ocrx_word' id='word_1_458' title='bbox 2325 301 2471 340; x_wconf 78' lang='lat' dir='ltr'><strong>arguunt.</strong></span> 
     </span>
    </p>
   </div>
   <div class='ocr_carea' id='block_1_63' title="bbox 1539 359 2520 410">
    <p class='ocr_par' dir='ltr' id='par_1_63' title="bbox 1539 359 2520 410">
     <span class='ocr_line' id='line_1_63' title="bbox 1539 359 2520 410; baseline 0.003 -13"><span class='ocrx_word' id='word_1_459' title='bbox 1539 359 1678 398; x_wconf 85' lang='lat' dir='ltr'><strong>Interea</strong></span> <span class='ocrx_word' id='word_1_460' title='bbox 1695 367 1870 408; x_wconf 77' lang='lat' dir='ltr'><strong>urgebant</strong></span> <span class='ocrx_word' id='word_1_461' title='bbox 1889 360 2080 407; x_wconf 79' lang='lat' dir='ltr'><strong>Theophili</strong></span> <span class='ocrx_word' id='word_1_462' title='bbox 2109 367 2338 406; x_wconf 84' lang='lat' dir='ltr'><strong>accusatores,</strong></span> <span class='ocrx_word' id='word_1_463' title='bbox 2365 367 2418 410; x_wconf 87' lang='lat' dir='ltr'><strong>qut</strong></span> <span class='ocrx_word' id='word_1_464' title='bbox 2442 363 2520 400; x_wconf 86' lang='lat' dir='ltr'><strong>irru-</strong></span> 
     </span>
    </p>
   </div>
   <div class='ocr_carea' id='block_1_64' title="bbox 1491 423 2520 473">
    <p class='ocr_par' dir='ltr' id='par_1_64' title="bbox 1491 423 2520 473">
     <span class='ocr_line' id='line_1_64' title="bbox 1491 423 2520 473; baseline 0.001 -11"><span class='ocrx_word' id='word_1_465' title='bbox 1491 426 1650 473; x_wconf 88' lang='lat' dir='ltr'><strong>ptionem</strong></span> <span class='ocrx_word' id='word_1_466' title='bbox 1668 454 1678 470; x_wconf 92' lang='lat'><strong>,</strong></span> <span class='ocrx_word' id='word_1_467' title='bbox 1717 425 1835 461; x_wconf 69' lang='lat' dir='ltr'><strong>cmdes</strong></span> <span class='ocrx_word' id='word_1_468' title='bbox 1868 430 1906 462; x_wconf 91' lang='lat' dir='ltr'><strong>et</strong></span> <span class='ocrx_word' id='word_1_469' title='bbox 1935 423 2004 460; x_wconf 88' lang='lat' dir='ltr'><strong>alia</strong></span> <span class='ocrx_word' id='word_1_470' title='bbox 2036 425 2219 462; x_wconf 86' lang='lat' dir='ltr'><strong>innumera</strong></span> <span class='ocrx_word' id='word_1_471' title='bbox 2249 425 2311 470; x_wconf 90' lang='lat' dir='ltr'><strong>ipsi</strong></span> <span class='ocrx_word' id='word_1_472' title='bbox 2337 425 2520 471; x_wconf 85' lang='lat' dir='ltr'><strong>objiciebant</strong></span> 
     </span>
    </p>
   </div>
   <div class='ocr_carea' id='block_1_65' title="bbox 1493 486 2522 536">
    <p class='ocr_par' dir='ltr' id='par_1_65' title="bbox 1493 486 2522 536">
     <span class='ocr_line' id='line_1_65' title="bbox 1493 486 2522 536; baseline 0.001 -13"><span class='ocrx_word' id='word_1_473' title='bbox 1493 487 1650 536; x_wconf 83' lang='lat' dir='ltr'><strong>(Pallad.</strong></span> <span class='ocrx_word' id='word_1_474' title='bbox 1675 500 1709 536; x_wconf 76' lang='grc' dir='ltr'><strong>ρ.</strong></span> <span class='ocrx_word' id='word_1_475' title='bbox 1736 486 1796 525; x_wconf 66' lang='grc'><strong>12.</strong></span> <span class='ocrx_word' id='word_1_476' title='bbox 1823 487 1904 535; x_wconf 74' lang='grc'><strong>15).</strong></span> <span class='ocrx_word' id='word_1_477' title='bbox 1925 486 2002 532; x_wconf 83' lang='lat' dir='ltr'><strong>Qua</strong></span> <span class='ocrx_word' id='word_1_478' title='bbox 2020 497 2058 524; x_wconf 91' lang='lat' dir='ltr'><strong>re</strong></span> <span class='ocrx_word' id='word_1_479' title='bbox 2075 492 2254 533; x_wconf 85' lang='lat' dir='ltr'><strong>comperta</strong></span> <span class='ocrx_word' id='word_1_480' title='bbox 2273 487 2451 532; x_wconf 84' lang='lat' dir='ltr'><strong>Imperator</strong></span> <span class='ocrx_word' id='word_1_481' title='bbox 2466 489 2522 524; x_wconf 47' lang='lat' dir='ltr'><strong>Ar‘</strong></span> 
     </span>
    </p>
   </div>
   <div class='ocr_carea' id='block_1_66' title="bbox 1491 548 2522 597">
    <p class='ocr_par' dir='ltr' id='par_1_66' title="bbox 1491 548 2522 597">
     <span class='ocr_line' id='line_1_66' title="bbox 1491 548 2522 597; baseline 0 -11"><span class='ocrx_word' id='word_1_482' title='bbox 1491 550 1614 586; x_wconf 90' lang='lat' dir='ltr'><strong>eadius</strong></span> <span class='ocrx_word' id='word_1_483' title='bbox 1642 549 1817 588; x_wconf 81' lang='lat' dir='ltr'><strong>Joannem</strong></span> <span class='ocrx_word' id='word_1_484' title='bbox 1849 549 2035 586; x_wconf 87' lang='lat' dir='ltr'><strong>advocavit</strong></span> <span class='ocrx_word' id='word_1_485' title='bbox 2055 549 2248 597; x_wconf 77' lang='lat' dir='ltr'><strong>(Chrysost.</strong></span> <span class='ocrx_word' id='word_1_486' title='bbox 2269 550 2311 584; x_wconf 81' lang='lat' dir='ltr'><strong>ad</strong></span> <span class='ocrx_word' id='word_1_487' title='bbox 2329 548 2438 586; x_wconf 86' lang='lat' dir='ltr'><strong>lnnoc.</strong></span> <span class='ocrx_word' id='word_1_488' title='bbox 2457 557 2477 585; x_wconf 85' lang='grc' dir='ltr'><strong>ι.</strong></span> <span class='ocrx_word' id='word_1_489' title='bbox 2494 551 2522 588; x_wconf 78' lang='grc'><strong>5.</strong></span> 
     </span>
    </p>
   </div>
   <div class='ocr_carea' id='block_1_67' title="bbox 1497 609 2522 659">
    <p class='ocr_par' dir='ltr' id='par_1_67' title="bbox 1497 609 2522 659">
     <span class='ocr_line' id='line_1_67' title="bbox 1497 609 2522 659; baseline 0.002 -12"><span class='ocrx_word' id='word_1_490' title='bbox 1497 625 1527 647; x_wconf 73' lang='grc' dir='ltr'><strong>τ.</strong></span> <span class='ocrx_word' id='word_1_491' title='bbox 1548 611 1613 649; x_wconf 81' lang='grc'><strong>551</strong></span> <span class='ocrx_word' id='word_1_492' title='bbox 1631 613 1658 659; x_wconf 82' lang='lat'><strong>).</strong></span> <span class='ocrx_word' id='word_1_493' title='bbox 1673 611 1851 658; x_wconf 89' lang='lat' dir='ltr'><strong>jussitque</strong></span> <span class='ocrx_word' id='word_1_494' title='bbox 1871 611 1968 647; x_wconf 90' lang='lat' dir='ltr'><strong>illutn</strong></span> <span class='ocrx_word' id='word_1_495' title='bbox 1988 610 2033 647; x_wconf 87' lang='lat' dir='ltr'><strong>de</strong></span> <span class='ocrx_word' id='word_1_496' title='bbox 2053 621 2158 647; x_wconf 87' lang='lat' dir='ltr'><strong>causa</strong></span> <span class='ocrx_word' id='word_1_497' title='bbox 2179 609 2356 658; x_wconf 78' lang='lat' dir='ltr'><strong>Theophili</strong></span> <span class='ocrx_word' id='word_1_498' title='bbox 2374 611 2522 657; x_wconf 76' lang='lat' dir='ltr'><strong>judicare,</strong></span> 
     </span>
    </p>
   </div>
   <div class='ocr_carea' id='block_1_68' title="bbox 1490 672 2524 722">
    <p class='ocr_par' dir='ltr' id='par_1_68' title="bbox 1490 672 2524 722">
     <span class='ocr_line' id='line_1_68' title="bbox 1490 672 2524 722; baseline 0.001 -12"><span class='ocrx_word' id='word_1_499' title='bbox 1490 686 1596 722; x_wconf 88' lang='lat' dir='ltr'><strong>quem</strong></span> <span class='ocrx_word' id='word_1_500' title='bbox 1626 681 1664 711; x_wconf 90' lang='lat' dir='ltr'><strong>ut</strong></span> <span class='ocrx_word' id='word_1_501' title='bbox 1693 674 1884 712; x_wconf 86' lang='lat' dir='ltr'><strong>scelestum</strong></span> <span class='ocrx_word' id='word_1_502' title='bbox 1916 673 2018 710; x_wconf 90' lang='lat' dir='ltr'><strong>multi</strong></span> <span class='ocrx_word' id='word_1_503' title='bbox 2052 673 2270 710; x_wconf 86' lang='lat' dir='ltr'><strong>incusabant.</strong></span> <span class='ocrx_word' id='word_1_504' title='bbox 2297 672 2524 711; x_wconf 84' lang='lat' dir='ltr'><strong>Joannesvcru</strong></span> 
     </span>
    </p>
   </div>
   <div class='ocr_carea' id='block_1_69' title="bbox 1493 734 2525 784">
    <p class='ocr_par' dir='ltr' id='par_1_69' title="bbox 1493 734 2525 784">
     <span class='ocr_line' id='line_1_69' title="bbox 1493 734 2525 784; baseline -0.002 -10"><span class='ocrx_word' id='word_1_505' title='bbox 1493 748 1564 774; x_wconf 91' lang='lat' dir='ltr'><strong>non</strong></span> <span class='ocrx_word' id='word_1_506' title='bbox 1585 736 1628 772; x_wconf 88' lang='lat' dir='ltr'><strong>ad</strong></span> <span class='ocrx_word' id='word_1_507' title='bbox 1647 747 1686 773; x_wconf 89' lang='lat' dir='ltr'><strong>se</strong></span> <span class='ocrx_word' id='word_1_508' title='bbox 1708 737 1890 784; x_wconf 89' lang='lat' dir='ltr'><strong>pertinere</strong></span> <span class='ocrx_word' id='word_1_509' title='bbox 1907 735 1996 772; x_wconf 83' lang='lat' dir='ltr'><strong>dixit</strong></span> <span class='ocrx_word' id='word_1_510' title='bbox 2010 735 2054 772; x_wconf 89' lang='lat' dir='ltr'><strong>de</strong></span> <span class='ocrx_word' id='word_1_511' title='bbox 2068 735 2253 781; x_wconf 87' lang='lat' dir='ltr'><strong>Theophili</strong></span> <span class='ocrx_word' id='word_1_512' title='bbox 2268 734 2525 782; x_wconf 85' lang='lat' dir='ltr'><strong>gestisjudieiutn</strong></span> 
     </span>
    </p>
   </div>
   <div class='ocr_carea' id='block_1_70' title="bbox 1493 796 2524 845">
    <p class='ocr_par' dir='ltr' id='par_1_70' title="bbox 1493 796 2524 845">
     <span class='ocr_line' id='line_1_70' title="bbox 1493 796 2524 845; baseline 0 -11"><span class='ocrx_word' id='word_1_513' title='bbox 1493 800 1600 840; x_wconf 82' lang='lat' dir='ltr'><strong>ferre,</strong></span> <span class='ocrx_word' id='word_1_514' title='bbox 1627 798 1690 834; x_wconf 84' lang='lat' dir='ltr'><strong>sed</strong></span> <span class='ocrx_word' id='word_1_515' title='bbox 1709 797 1752 834; x_wconf 87' lang='lat' dir='ltr'><strong>ad</strong></span> <span class='ocrx_word' id='word_1_516' title='bbox 1773 797 2024 845; x_wconf 65' lang='lat' dir='ltr'><strong>Egyptiorum</strong></span> <span class='ocrx_word' id='word_1_517' title='bbox 2052 798 2239 843; x_wconf 66' lang='lat' dir='ltr'><strong>prmsulum</strong></span> <span class='ocrx_word' id='word_1_518' title='bbox 2257 796 2427 844; x_wconf 85' lang='lat' dir='ltr'><strong>Synodqu</strong></span> <span class='ocrx_word' id='word_1_519' title='bbox 2445 809 2452 834; x_wconf 88' lang='lat'><strong>:</strong></span> <span class='ocrx_word' id='word_1_520' title='bbox 2469 808 2524 834; x_wconf 92' lang='lat' dir='ltr'><strong>non</strong></span> 
     </span>
    </p>
   </div>
   <div class='ocr_carea' id='block_1_71' title="bbox 1493 859 2524 909">
    <p class='ocr_par' dir='ltr' id='par_1_71' title="bbox 1493 859 2524 909">
     <span class='ocr_line' id='line_1_71' title="bbox 1493 859 2524 909; baseline -0.004 -11"><span class='ocrx_word' id='word_1_521' title='bbox 1493 862 1588 909; x_wconf 82' lang='lat' dir='ltr'><strong>quod</strong></span> <span class='ocrx_word' id='word_1_522' title='bbox 1609 863 1790 909; x_wconf 77' lang='lat' dir='ltr'><strong>ignoraret</strong></span> <span class='ocrx_word' id='word_1_523' title='bbox 1811 861 1871 897; x_wconf 91' lang='lat' dir='ltr'><strong>ille</strong></span> <span class='ocrx_word' id='word_1_524' title='bbox 1893 870 1999 906; x_wconf 87' lang='lat' dir='ltr'><strong>posse</strong></span> <span class='ocrx_word' id='word_1_525' title='bbox 2023 859 2269 905; x_wconf 89' lang='lat' dir='ltr'><strong>Theophilum,</strong></span> <span class='ocrx_word' id='word_1_526' title='bbox 2290 859 2352 896; x_wconf 81' lang='lat' dir='ltr'><strong>etsi</strong></span> <span class='ocrx_word' id='word_1_527' title='bbox 2367 859 2524 906; x_wconf 71' lang='lat' dir='ltr'><strong>prmsuletn</strong></span> 
     </span>
    </p>
   </div>
   <div class='ocr_carea' id='block_1_72' title="bbox 1493 921 2524 968">
    <p class='ocr_par' dir='ltr' id='par_1_72' title="bbox 1493 921 2524 968">
     <span class='ocr_line' id='line_1_72' title="bbox 1493 921 2524 968; baseline -0.004 -7"><span class='ocrx_word' id='word_1_528' title='bbox 1493 923 1804 968; x_wconf 82' lang='lat' dir='ltr'><strong>Alexandrinum,</strong></span> <span class='ocrx_word' id='word_1_529' title='bbox 1837 933 1855 959; x_wconf 87' lang='lat' dir='ltr'><strong>a</strong></span> <span class='ocrx_word' id='word_1_530' title='bbox 1886 921 2046 959; x_wconf 82' lang='lat' dir='ltr'><strong>Concilio</strong></span> <span class='ocrx_word' id='word_1_531' title='bbox 2081 921 2306 958; x_wconf 85' lang='lat' dir='ltr'><strong>Orientalium</strong></span> <span class='ocrx_word' id='word_1_532' title='bbox 2338 921 2475 968; x_wconf 85' lang='lat' dir='ltr'><strong>generali</strong></span> <span class='ocrx_word' id='word_1_533' title='bbox 2499 922 2524 958; x_wconf 85' lang='lat' dir='ltr'><strong>in</strong></span> 
     </span>
    </p>
   </div>
   <div class='ocr_carea' id='block_1_73' title="bbox 1493 984 2524 1030">
    <p class='ocr_par' dir='ltr' id='par_1_73' title="bbox 1493 984 2524 1030">
     <span class='ocr_line' id='line_1_73' title="bbox 1493 984 2524 1030; baseline -0.002 -7"><span class='ocrx_word' id='word_1_534' title='bbox 1493 997 1638 1024; x_wconf 87' lang='lat' dir='ltr'><strong>causam</strong></span> <span class='ocrx_word' id='word_1_535' title='bbox 1657 986 1774 1023; x_wconf 82' lang='lat' dir='ltr'><strong>voeari</strong></span> <span class='ocrx_word' id='word_1_536' title='bbox 1791 993 1826 1022; x_wconf 93' lang='lat' dir='ltr'><strong>et</strong></span> <span class='ocrx_word' id='word_1_537' title='bbox 1841 985 2024 1030; x_wconf 86' lang='lat' dir='ltr'><strong>damnari;</strong></span> <span class='ocrx_word' id='word_1_538' title='bbox 2045 984 2108 1021; x_wconf 83' lang='lat' dir='ltr'><strong>sed</strong></span> <span class='ocrx_word' id='word_1_539' title='bbox 2125 995 2169 1021; x_wconf 88' lang='lat' dir='ltr'><strong>ex</strong></span> <span class='ocrx_word' id='word_1_540' title='bbox 2187 984 2365 1030; x_wconf 88' lang='lat' dir='ltr'><strong>Theophili</strong></span> <span class='ocrx_word' id='word_1_541' title='bbox 2378 985 2481 1030; x_wconf 82' lang='lat' dir='ltr'><strong>gestis,</strong></span> <span class='ocrx_word' id='word_1_542' title='bbox 2493 995 2524 1022; x_wconf 74' lang='lat' dir='ltr'><strong>ex</strong></span> 
     </span>
    </p>
   </div>
   <div class='ocr_carea' id='block_1_74' title="bbox 1495 1045 2521 1095">
    <p class='ocr_par' dir='ltr' id='par_1_74' title="bbox 1495 1045 2521 1095">
     <span class='ocr_line' id='line_1_74' title="bbox 1495 1045 2521 1095; baseline -0.004 -11"><span class='ocrx_word' id='word_1_543' title='bbox 1495 1049 1538 1085; x_wconf 91' lang='lat' dir='ltr'><strong>iis</strong></span> <span class='ocrx_word' id='word_1_544' title='bbox 1559 1058 1690 1095; x_wconf 88' lang='lat' dir='ltr'><strong>nempe</strong></span> <span class='ocrx_word' id='word_1_545' title='bbox 1707 1058 1787 1094; x_wconf 77' lang='lat' dir='ltr'><strong>qua:</strong></span> <span class='ocrx_word' id='word_1_546' title='bbox 1807 1053 2078 1094; x_wconf 62' lang='lat' dir='ltr'><strong>praecesserant,</strong></span> <span class='ocrx_word' id='word_1_547' title='bbox 2101 1057 2146 1083; x_wconf 90' lang='lat' dir='ltr'><strong>ex</strong></span> <span class='ocrx_word' id='word_1_548' title='bbox 2162 1047 2311 1082; x_wconf 87' lang='lat' dir='ltr'><strong>motibus</strong></span> <span class='ocrx_word' id='word_1_549' title='bbox 2329 1056 2410 1093; x_wconf 88' lang='lat' dir='ltr'><strong>quos</strong></span> <span class='ocrx_word' id='word_1_550' title='bbox 2429 1045 2521 1081; x_wconf 85' lang='lat' dir='ltr'><strong>hacte-</strong></span> 
     </span>
    </p>
   </div>
   <div class='ocr_carea' id='block_1_75' title="bbox 1495 1107 2526 1154">
    <p class='ocr_par' dir='ltr' id='par_1_75' title="bbox 1495 1107 2526 1154">
     <span class='ocr_line' id='line_1_75' title="bbox 1495 1107 2526 1154; baseline -0.003 -7"><span class='ocrx_word' id='word_1_551' title='bbox 1495 1120 1563 1147; x_wconf 89' lang='lat' dir='ltr'><strong>nus</strong></span> <span class='ocrx_word' id='word_1_552' title='bbox 1581 1111 1837 1152; x_wconf 86' lang='lat' dir='ltr'><strong>concitaverat,</strong></span> <span class='ocrx_word' id='word_1_553' title='bbox 1853 1120 1897 1146; x_wconf 87' lang='lat' dir='ltr'><strong>ex</strong></span> <span class='ocrx_word' id='word_1_554' title='bbox 1912 1107 2051 1146; x_wconf 84' lang='lat' dir='ltr'><strong>vafritie</strong></span> <span class='ocrx_word' id='word_1_555' title='bbox 2068 1115 2103 1145; x_wconf 93' lang='lat' dir='ltr'><strong>et</strong></span> <span class='ocrx_word' id='word_1_556' title='bbox 2122 1107 2310 1146; x_wconf 81' lang='lat' dir='ltr'><strong>callidita:c</strong></span> <span class='ocrx_word' id='word_1_557' title='bbox 2325 1119 2386 1154; x_wconf 83' lang='lat' dir='ltr'><strong>qua</strong></span> <span class='ocrx_word' id='word_1_558' title='bbox 2399 1108 2446 1144; x_wconf 87' lang='lat' dir='ltr'><strong>vel</strong></span> <span class='ocrx_word' id='word_1_559' title='bbox 2460 1117 2526 1144; x_wconf 74' lang='lat' dir='ltr'><strong>auio</strong></span> 
     </span>
    </p>
   </div>
   <div class='ocr_carea' id='block_1_76' title="bbox 1495 1171 2526 1216">
    <p class='ocr_par' dir='ltr' id='par_1_76' title="bbox 1495 1171 2526 1216">
     <span class='ocr_line' id='line_1_76' title="bbox 1495 1171 2526 1216; baseline -0.006 -7"><span class='ocrx_word' id='word_1_560' title='bbox 1495 1180 1532 1209; x_wconf 92' lang='lat' dir='ltr'><strong>et</strong></span> <span class='ocrx_word' id='word_1_561' title='bbox 1553 1171 1763 1210; x_wconf 85' lang='lat' dir='ltr'><strong>muneribus</strong></span> <span class='ocrx_word' id='word_1_562' title='bbox 1777 1201 1786 1216; x_wconf 88' lang='lat'><strong>,</strong></span> <span class='ocrx_word' id='word_1_563' title='bbox 1807 1172 1864 1208; x_wconf 87' lang='lat' dir='ltr'><strong>vel</strong></span> <span class='ocrx_word' id='word_1_564' title='bbox 1891 1172 1968 1209; x_wconf 88' lang='lat' dir='ltr'><strong>aliis</strong></span> <span class='ocrx_word' id='word_1_565' title='bbox 1995 1171 2132 1208; x_wconf 85' lang='lat' dir='ltr'><strong>artibus</strong></span> <span class='ocrx_word' id='word_1_566' title='bbox 2158 1172 2284 1207; x_wconf 86' lang='lat' dir='ltr'><strong>inultos</strong></span> <span class='ocrx_word' id='word_1_567' title='bbox 2306 1171 2369 1206; x_wconf 88' lang='lat' dir='ltr'><strong>sibi</strong></span> <span class='ocrx_word' id='word_1_568' title='bbox 2386 1171 2526 1206; x_wconf 78' lang='lat' dir='ltr'><strong>Concilia-</strong></span> 
     </span>
    </p>
   </div>
   <div class='ocr_carea' id='block_1_77' title="bbox 1496 1233 2528 1285">
    <p class='ocr_par' dir='ltr' id='par_1_77' title="bbox 1496 1233 2528 1285">
     <span class='ocr_line' id='line_1_77' title="bbox 1496 1233 2528 1285; baseline -0.006 -11"><span class='ocrx_word' id='word_1_569' title='bbox 1496 1244 1612 1281; x_wconf 82' lang='lat' dir='ltr'><strong>verat,</strong></span> <span class='ocrx_word' id='word_1_570' title='bbox 1629 1236 1874 1285; x_wconf 83' lang='lat' dir='ltr'><strong>prospiciebat</strong></span> <span class='ocrx_word' id='word_1_571' title='bbox 1893 1235 2050 1273; x_wconf 87' lang='lat' dir='ltr'><strong>Joannes</strong></span> <span class='ocrx_word' id='word_1_572' title='bbox 2071 1235 2147 1272; x_wconf 86' lang='lat' dir='ltr'><strong>fore</strong></span> <span class='ocrx_word' id='word_1_573' title='bbox 2165 1240 2226 1280; x_wconf 89' lang='lat' dir='ltr'><strong>ut,</strong></span> <span class='ocrx_word' id='word_1_574' title='bbox 2246 1234 2275 1270; x_wconf 90' lang='lat' dir='ltr'><strong>si</strong></span> <span class='ocrx_word' id='word_1_575' title='bbox 2293 1233 2487 1280; x_wconf 77' lang='lat' dir='ltr'><strong>&#39;l‘heOphilus</strong></span> <span class='ocrx_word' id='word_1_576' title='bbox 2502 1234 2528 1269; x_wconf 88' lang='lat' dir='ltr'><strong>in</strong></span> 
     </span>
    </p>
   </div>
   <div class='ocr_carea' id='block_1_78' title="bbox 1495 1295 2530 1351">
    <p class='ocr_par' dir='ltr' id='par_1_78' title="bbox 1495 1295 2530 1351">
     <span class='ocr_line' id='line_1_78' title="bbox 1495 1295 2530 1351; baseline -0.005 -15"><span class='ocrx_word' id='word_1_577' title='bbox 1495 1299 1646 1351; x_wconf 76' lang='lat' dir='ltr'><strong>Synodo</strong></span> <span class='ocrx_word' id='word_1_578' title='bbox 1665 1298 1913 1344; x_wconf 83' lang='lat' dir='ltr'><strong>danmaretur,</strong></span> <span class='ocrx_word' id='word_1_579' title='bbox 1929 1308 2123 1345; x_wconf 85' lang='lat' dir='ltr'><strong>numquam</strong></span> <span class='ocrx_word' id='word_1_580' title='bbox 2143 1297 2202 1334; x_wconf 87' lang='lat' dir='ltr'><strong>ille</strong></span> <span class='ocrx_word' id='word_1_581' title='bbox 2217 1296 2462 1344; x_wconf 84' lang='lat' dir='ltr'><strong>acquiesceret,</strong></span> <span class='ocrx_word' id='word_1_582' title='bbox 2481 1295 2530 1332; x_wconf 85' lang='lat' dir='ltr'><strong>scd</strong></span> 
     </span>
    </p>
   </div>
   <div class='ocr_carea' id='block_1_79' title="bbox 1498 1365 2200 1413">
    <p class='ocr_par' dir='ltr' id='par_1_79' title="bbox 1498 1365 2200 1413">
     <span class='ocr_line' id='line_1_79' title="bbox 1498 1365 2200 1413; baseline -0.013 -10"><span class='ocrx_word' id='word_1_583' title='bbox 1498 1367 1662 1413; x_wconf 73' lang='lat' dir='ltr'><strong>ingentes</strong></span> <span class='ocrx_word' id='word_1_584' title='bbox 1683 1365 1808 1404; x_wconf 81' lang='lat' dir='ltr'><strong>turbas</strong></span> <span class='ocrx_word' id='word_1_585' title='bbox 1826 1365 2075 1404; x_wconf 86' lang='lat' dir='ltr'><strong>concitaturus</strong></span> <span class='ocrx_word' id='word_1_586' title='bbox 2092 1365 2200 1398; x_wconf 87' lang='lat' dir='ltr'><strong>esset.</strong></span> 
     </span>
    </p>
   </div>
   <div class='ocr_carea' id='block_1_80' title="bbox 1546 1419 2532 1477">
    <p class='ocr_par' dir='ltr' id='par_1_80' title="bbox 1546 1419 2532 1477">
     <span class='ocr_line' id='line_1_80' title="bbox 1546 1419 2532 1477; baseline -0.005 -11"><span class='ocrx_word' id='word_1_587' title='bbox 1546 1429 1770 1477; x_wconf 86' lang='lat' dir='ltr'><strong>Theophilus</strong></span> <span class='ocrx_word' id='word_1_588' title='bbox 1797 1433 1923 1465; x_wconf 87' lang='lat' dir='ltr'><strong>contra</strong></span> <span class='ocrx_word' id='word_1_589' title='bbox 1951 1427 2041 1465; x_wconf 89' lang='lat' dir='ltr'><strong>nihil</strong></span> <span class='ocrx_word' id='word_1_590' title='bbox 2070 1437 2142 1464; x_wconf 94' lang='lat' dir='ltr'><strong>non</strong></span> <span class='ocrx_word' id='word_1_591' title='bbox 2173 1426 2296 1475; x_wconf 80' lang='lat' dir='ltr'><strong>agebat</strong></span> <span class='ocrx_word' id='word_1_592' title='bbox 2325 1426 2362 1462; x_wconf 88' lang='lat' dir='ltr'><strong>ut</strong></span> <span class='ocrx_word' id='word_1_593' title='bbox 2388 1419 2532 1462; x_wconf 69' lang='grc' dir='ltr'><strong>Ιιιπηηοω</strong></span> 
     </span>
    </p>
   </div>
   <div class='ocr_carea' id='block_1_81' title="bbox 1499 1488 2533 1540">
    <p class='ocr_par' dir='ltr' id='par_1_81' title="bbox 1499 1488 2533 1540">
     <span class='ocr_line' id='line_1_81' title="bbox 1499 1488 2533 1540; baseline -0.008 -10"><span class='ocrx_word' id='word_1_594' title='bbox 1499 1504 1570 1530; x_wconf 92' lang='lat' dir='ltr'><strong>non</strong></span> <span class='ocrx_word' id='word_1_595' title='bbox 1599 1493 1708 1529; x_wconf 89' lang='lat' dir='ltr'><strong>modo</strong></span> <span class='ocrx_word' id='word_1_596' title='bbox 1733 1492 1910 1540; x_wconf 83' lang='lat' dir='ltr'><strong>pelleret,</strong></span> <span class='ocrx_word' id='word_1_597' title='bbox 1941 1491 2003 1529; x_wconf 85' lang='lat' dir='ltr'><strong>sed</strong></span> <span class='ocrx_word' id='word_1_598' title='bbox 2037 1497 2072 1528; x_wconf 89' lang='lat' dir='ltr'><strong>et</strong></span> <span class='ocrx_word' id='word_1_599' title='bbox 2099 1492 2174 1538; x_wconf 85' lang='lat' dir='ltr'><strong>ipsa</strong></span> <span class='ocrx_word' id='word_1_600' title='bbox 2201 1491 2270 1527; x_wconf 88' lang='lat' dir='ltr'><strong>vita</strong></span> <span class='ocrx_word' id='word_1_601' title='bbox 2302 1490 2462 1537; x_wconf 82' lang='lat' dir='ltr'><strong>privaret,</strong></span> <span class='ocrx_word' id='word_1_602' title='bbox 2488 1488 2533 1524; x_wconf 91' lang='lat' dir='ltr'><strong>in-</strong></span> 
     </span>
    </p>
   </div>
   <div class='ocr_carea' id='block_1_82' title="bbox 1499 1550 2534 1602">
    <p class='ocr_par' dir='ltr' id='par_1_82' title="bbox 1499 1550 2534 1602">
     <span class='ocr_line' id='line_1_82' title="bbox 1499 1550 2534 1602; baseline -0.008 -11"><span class='ocrx_word' id='word_1_603' title='bbox 1499 1555 1575 1602; x_wconf 84' lang='lat' dir='ltr'><strong>quit</strong></span> <span class='ocrx_word' id='word_1_604' title='bbox 1607 1553 1787 1590; x_wconf 63' lang='lat' dir='ltr'><strong>l‘alladius</strong></span> <span class='ocrx_word' id='word_1_605' title='bbox 1814 1555 1825 1600; x_wconf 89' lang='lat'>(</span> <span class='ocrx_word' id='word_1_606' title='bbox 1848 1567 1883 1600; x_wconf 85' lang='lat' dir='ltr'><strong>p.</strong></span> <span class='ocrx_word' id='word_1_607' title='bbox 1903 1553 1952 1590; x_wconf 78' lang='grc'>65</span> <span class='ocrx_word' id='word_1_608' title='bbox 1975 1551 2014 1601; x_wconf 89' lang='grc'><strong>),</strong></span> <span class='ocrx_word' id='word_1_609' title='bbox 2045 1553 2172 1600; x_wconf 79' lang='lat' dir='ltr'><strong>partim</strong></span> <span class='ocrx_word' id='word_1_610' title='bbox 2204 1552 2382 1600; x_wconf 76' lang='lat' dir='ltr'><strong>largitione</strong></span> <span class='ocrx_word' id='word_1_611' title='bbox 2412 1550 2475 1586; x_wconf 86' lang='lat' dir='ltr'><strong>altri</strong></span> <span class='ocrx_word' id='word_1_612' title='bbox 2506 1553 2534 1584; x_wconf 86' lang='lat' dir='ltr'><strong>et</strong></span> 
     </span>
    </p>
   </div>
   <div class='ocr_carea' id='block_1_83' title="bbox 1499 1611 2535 1665">
    <p class='ocr_par' dir='ltr' id='par_1_83' title="bbox 1499 1611 2535 1665">
     <span class='ocr_line' id='line_1_83' title="bbox 1499 1611 2535 1665; baseline -0.01 -9"><span class='ocrx_word' id='word_1_613' title='bbox 1499 1628 1690 1656; x_wconf 89' lang='lat' dir='ltr'><strong>munerum</strong></span> <span class='ocrx_word' id='word_1_614' title='bbox 1711 1618 1932 1665; x_wconf 89' lang='lat' dir='ltr'><strong>potentiores</strong></span> <span class='ocrx_word' id='word_1_615' title='bbox 1951 1617 2018 1654; x_wconf 91' lang='lat' dir='ltr'><strong>sibi</strong></span> <span class='ocrx_word' id='word_1_616' title='bbox 2037 1616 2244 1658; x_wconf 83' lang='lat' dir='ltr'><strong>concilians,</strong></span> <span class='ocrx_word' id='word_1_617' title='bbox 2265 1613 2385 1661; x_wconf 84' lang='lat' dir='ltr'><strong>partim</strong></span> <span class='ocrx_word' id='word_1_618' title='bbox 2405 1611 2535 1648; x_wconf 85' lang='lat' dir='ltr'><strong>lautiori-</strong></span> 
     </span>
    </p>
   </div>
   <div class='ocr_carea' id='block_1_84' title="bbox 1501 1674 2535 1728">
    <p class='ocr_par' dir='ltr' id='par_1_84' title="bbox 1501 1674 2535 1728">
     <span class='ocr_line' id='line_1_84' title="bbox 1501 1674 2535 1728; baseline -0.011 -9"><span class='ocrx_word' id='word_1_619' title='bbox 1501 1682 1568 1719; x_wconf 89' lang='lat' dir='ltr'><strong>bus</strong></span> <span class='ocrx_word' id='word_1_620' title='bbox 1588 1681 1704 1728; x_wconf 87' lang='lat' dir='ltr'><strong>epulis</strong></span> <span class='ocrx_word' id='word_1_621' title='bbox 1721 1680 1814 1728; x_wconf 82' lang='lat' dir='ltr'><strong>gulae</strong></span> <span class='ocrx_word' id='word_1_622' title='bbox 1831 1679 1973 1716; x_wconf 88' lang='lat' dir='ltr'><strong>deditos</strong></span> <span class='ocrx_word' id='word_1_623' title='bbox 1989 1679 2152 1716; x_wconf 88' lang='lat' dir='ltr'><strong>alliciens</strong></span> <span class='ocrx_word' id='word_1_624' title='bbox 2164 1705 2173 1722; x_wconf 88' lang='lat'><strong>,</strong></span> <span class='ocrx_word' id='word_1_625' title='bbox 2193 1677 2319 1725; x_wconf 87' lang='lat' dir='ltr'><strong>partim</strong></span> <span class='ocrx_word' id='word_1_626' title='bbox 2338 1674 2495 1712; x_wconf 73' lang='lat' dir='ltr'><strong>blanditiis</strong></span> <span class='ocrx_word' id='word_1_627' title='bbox 2508 1679 2535 1708; x_wconf 86' lang='lat' dir='ltr'><strong>et</strong></span> 
     </span>
    </p>
   </div>
   <div class='ocr_carea' id='block_1_85' title="bbox 1500 1733 2531 1791">
    <p class='ocr_par' dir='ltr' id='par_1_85' title="bbox 1500 1733 2531 1791">
     <span class='ocr_line' id='line_1_85' title="bbox 1500 1733 2531 1791; baseline -0.011 -11"><span class='ocrx_word' id='word_1_628' title='bbox 1500 1753 1564 1791; x_wconf 67' lang='grc' dir='ltr'><strong>δυο</strong></span> <span class='ocrx_word' id='word_1_629' title='bbox 1592 1743 1740 1790; x_wconf 79' lang='lat' dir='ltr'><strong>majoris</strong></span> <span class='ocrx_word' id='word_1_630' title='bbox 1766 1741 1951 1789; x_wconf 81' lang='lat' dir='ltr'><strong>dignitatis</strong></span> <span class='ocrx_word' id='word_1_631' title='bbox 1969 1741 2119 1778; x_wconf 87' lang='lat' dir='ltr'><strong>clericos</strong></span> <span class='ocrx_word' id='word_1_632' title='bbox 2147 1739 2190 1776; x_wconf 87' lang='lat' dir='ltr'><strong>ad</strong></span> <span class='ocrx_word' id='word_1_633' title='bbox 2216 1748 2296 1775; x_wconf 83' lang='lat' dir='ltr'><strong>suas</strong></span> <span class='ocrx_word' id='word_1_634' title='bbox 2316 1743 2424 1783; x_wconf 88' lang='lat' dir='ltr'><strong>partes</strong></span> <span class='ocrx_word' id='word_1_635' title='bbox 2439 1733 2531 1770; x_wconf 84' lang='lat' dir='ltr'><strong>abdu-</strong></span> 
     </span>
    </p>
   </div>
   <div class='ocr_carea' id='block_1_86' title="bbox 1501 1796 2536 1844">
    <p class='ocr_par' dir='ltr' id='par_1_86' title="bbox 1501 1796 2536 1844">
     <span class='ocr_line' id='line_1_86' title="bbox 1501 1796 2536 1844; baseline -0.012 -1"><span class='ocrx_word' id='word_1_636' title='bbox 1501 1816 1600 1844; x_wconf 86' lang='lat' dir='ltr'><strong>ecns.</strong></span> <span class='ocrx_word' id='word_1_637' title='bbox 1623 1805 1712 1843; x_wconf 85' lang='lat' dir='ltr'><strong>Cum</strong></span> <span class='ocrx_word' id='word_1_638' title='bbox 1729 1806 1838 1842; x_wconf 90' lang='lat' dir='ltr'><strong>sciret</strong></span> <span class='ocrx_word' id='word_1_639' title='bbox 1855 1811 1976 1842; x_wconf 86' lang='lat' dir='ltr'><strong>autem</strong></span> <span class='ocrx_word' id='word_1_640' title='bbox 1996 1804 2168 1841; x_wconf 89' lang='lat' dir='ltr'><strong>diaconos</strong></span> <span class='ocrx_word' id='word_1_641' title='bbox 2185 1801 2286 1844; x_wconf 86' lang='lat' dir='ltr'><strong>duos,</strong></span> <span class='ocrx_word' id='word_1_642' title='bbox 2302 1801 2438 1837; x_wconf 87' lang='lat' dir='ltr'><strong>alterum</strong></span> <span class='ocrx_word' id='word_1_643' title='bbox 2454 1796 2536 1832; x_wconf 87' lang='lat' dir='ltr'><strong>adul-</strong></span> 
     </span>
    </p>
   </div>
   <div class='ocr_carea' id='block_1_87' title="bbox 1503 1857 2538 1912">
    <p class='ocr_par' dir='ltr' id='par_1_87' title="bbox 1503 1857 2538 1912">
     <span class='ocr_line' id='line_1_87' title="bbox 1503 1857 2538 1912; baseline -0.011 -8"><span class='ocrx_word' id='word_1_644' title='bbox 1503 1869 1597 1912; x_wconf 89' lang='lat' dir='ltr'><strong>terii,</strong></span> <span class='ocrx_word' id='word_1_645' title='bbox 1619 1868 1774 1904; x_wconf 80' lang='lat' dir='ltr'><strong>alterum</strong></span> <span class='ocrx_word' id='word_1_646' title='bbox 1805 1866 1990 1904; x_wconf 85' lang='lat' dir='ltr'><strong>homicidii</strong></span> <span class='ocrx_word' id='word_1_647' title='bbox 2019 1876 2126 1902; x_wconf 89' lang='lat' dir='ltr'><strong>causa</strong></span> <span class='ocrx_word' id='word_1_648' title='bbox 2143 1875 2162 1902; x_wconf 91' lang='lat' dir='ltr'><strong>a</strong></span> <span class='ocrx_word' id='word_1_649' title='bbox 2181 1865 2316 1904; x_wconf 86' lang='lat' dir='ltr'><strong>Joanne</strong></span> <span class='ocrx_word' id='word_1_650' title='bbox 2339 1861 2380 1898; x_wconf 90' lang='lat' dir='ltr'><strong>ab</strong></span> <span class='ocrx_word' id='word_1_651' title='bbox 2406 1857 2538 1897; x_wconf 83' lang='lat' dir='ltr'><strong>Ecclesia</strong></span> 
     </span>
    </p>
   </div>
   <div class='ocr_carea' id='block_1_88' title="bbox 1501 1921 2540 1978">
    <p class='ocr_par' dir='ltr' id='par_1_88' title="bbox 1501 1921 2540 1978">
     <span class='ocr_line' id='line_1_88' title="bbox 1501 1921 2540 1978; baseline -0.011 -11"><span class='ocrx_word' id='word_1_652' title='bbox 1501 1931 1638 1978; x_wconf 83' lang='lat' dir='ltr'><strong>ejectos</strong></span> <span class='ocrx_word' id='word_1_653' title='bbox 1670 1930 1802 1974; x_wconf 89' lang='lat' dir='ltr'><strong>fuisse;</strong></span> <span class='ocrx_word' id='word_1_654' title='bbox 1835 1929 1950 1966; x_wconf 88' lang='lat' dir='ltr'><strong>suasit</strong></span> <span class='ocrx_word' id='word_1_655' title='bbox 1976 1929 2045 1966; x_wconf 84' lang='lat' dir='ltr'><strong>illis</strong></span> <span class='ocrx_word' id='word_1_656' title='bbox 2067 1934 2106 1966; x_wconf 91' lang='lat' dir='ltr'><strong>ut</strong></span> <span class='ocrx_word' id='word_1_657' title='bbox 2124 1927 2261 1965; x_wconf 90' lang='lat' dir='ltr'><strong>libellos</strong></span> <span class='ocrx_word' id='word_1_658' title='bbox 2277 1925 2434 1962; x_wconf 84' lang='lat' dir='ltr'><strong>adversus</strong></span> <span class='ocrx_word' id='word_1_659' title='bbox 2451 1921 2540 1958; x_wconf 85' lang='lat' dir='ltr'><strong>Joan-</strong></span> 
     </span>
    </p>
   </div>
   <div class='ocr_carea' id='block_1_89' title="bbox 1503 1983 2540 2040">
    <p class='ocr_par' dir='ltr' id='par_1_89' title="bbox 1503 1983 2540 2040">
     <span class='ocr_line' id='line_1_89' title="bbox 1503 1983 2540 2040; baseline -0.013 -10"><span class='ocrx_word' id='word_1_660' title='bbox 1503 2005 1586 2030; x_wconf 84' lang='lat' dir='ltr'><strong>nem</strong></span> <span class='ocrx_word' id='word_1_661' title='bbox 1605 1992 1792 2037; x_wconf 78' lang='lat' dir='ltr'><strong>offerrent,</strong></span> <span class='ocrx_word' id='word_1_662' title='bbox 1809 1993 1992 2040; x_wconf 89' lang='lat' dir='ltr'><strong>pollicitus</strong></span> <span class='ocrx_word' id='word_1_663' title='bbox 2010 2003 2050 2030; x_wconf 88' lang='lat' dir='ltr'><strong>se</strong></span> <span class='ocrx_word' id='word_1_664' title='bbox 2069 1993 2150 2029; x_wconf 87' lang='lat' dir='ltr'><strong>illos</strong></span> <span class='ocrx_word' id='word_1_665' title='bbox 2167 1991 2200 2028; x_wconf 89' lang='lat' dir='ltr'><strong>in</strong></span> <span class='ocrx_word' id='word_1_666' title='bbox 2221 1990 2400 2038; x_wconf 87' lang='lat' dir='ltr'><strong>pristinum</strong></span> <span class='ocrx_word' id='word_1_667' title='bbox 2417 1983 2540 2032; x_wconf 84' lang='lat' dir='ltr'><strong>gradum</strong></span> 
     </span>
    </p>
   </div>
   <div class='ocr_carea' id='block_1_90' title="bbox 1503 2046 2542 2093">
    <p class='ocr_par' dir='ltr' id='par_1_90' title="bbox 1503 2046 2542 2093">
     <span class='ocr_line' id='line_1_90' title="bbox 1503 2046 2542 2093; baseline -0.012 -1"><span class='ocrx_word' id='word_1_668' title='bbox 1503 2063 1536 2092; x_wconf 92' lang='lat' dir='ltr'><strong>et</strong></span> <span class='ocrx_word' id='word_1_669' title='bbox 1552 2056 1790 2093; x_wconf 88' lang='lat' dir='ltr'><strong>ministerium</strong></span> <span class='ocrx_word' id='word_1_670' title='bbox 1809 2055 2060 2093; x_wconf 88' lang='lat' dir='ltr'><strong>restituturum</strong></span> <span class='ocrx_word' id='word_1_671' title='bbox 2076 2064 2168 2092; x_wconf 87' lang='lat' dir='ltr'><strong>esse.</strong></span> <span class='ocrx_word' id='word_1_672' title='bbox 2183 2052 2234 2090; x_wconf 91' lang='lat' dir='ltr'><strong>llli</strong></span> <span class='ocrx_word' id='word_1_673' title='bbox 2253 2063 2324 2089; x_wconf 85' lang='lat' dir='ltr'><strong>rein</strong></span> <span class='ocrx_word' id='word_1_674' title='bbox 2337 2046 2542 2087; x_wconf 86' lang='lat' dir='ltr'><strong>libentissime</strong></span> 
     </span>
    </p>
   </div>
   <div class='ocr_carea' id='block_1_91' title="bbox 1503 2109 2543 2169">
    <p class='ocr_par' dir='ltr' id='par_1_91' title="bbox 1503 2109 2543 2169">
     <span class='ocr_line' id='line_1_91' title="bbox 1503 2109 2543 2169; baseline -0.011 -15"><span class='ocrx_word' id='word_1_675' title='bbox 1503 2119 1660 2165; x_wconf 85' lang='lat' dir='ltr'><strong>amplexi</strong></span> <span class='ocrx_word' id='word_1_676' title='bbox 1693 2125 1777 2157; x_wconf 90' lang='lat' dir='ltr'><strong>sunt</strong></span> <span class='ocrx_word' id='word_1_677' title='bbox 1792 2147 1802 2163; x_wconf 86' lang='lat'><strong>,</strong></span> <span class='ocrx_word' id='word_1_678' title='bbox 1830 2119 2043 2166; x_wconf 88' lang='lat' dir='ltr'><strong>libellosque</strong></span> <span class='ocrx_word' id='word_1_679' title='bbox 2063 2118 2129 2165; x_wconf 84' lang='lat' dir='ltr'><strong>ipsi</strong></span> <span class='ocrx_word' id='word_1_680' title='bbox 2147 2115 2362 2169; x_wconf 87' lang='lat' dir='ltr'><strong>obtulerunt,</strong></span> <span class='ocrx_word' id='word_1_681' title='bbox 2380 2120 2460 2159; x_wconf 91' lang='lat' dir='ltr'><strong>quos</strong></span> <span class='ocrx_word' id='word_1_682' title='bbox 2482 2109 2543 2155; x_wconf 80' lang='lat' dir='ltr'><strong>ipse</strong></span> 
     </span>
    </p>
   </div>
   <div class='ocr_carea' id='block_1_92' title="bbox 1503 2171 2542 2230">
    <p class='ocr_par' dir='ltr' id='par_1_92' title="bbox 1503 2171 2542 2230">
     <span class='ocr_line' id='line_1_92' title="bbox 1503 2171 2542 2230; baseline -0.014 -10"><span class='ocrx_word' id='word_1_683' title='bbox 1503 2183 1730 2230; x_wconf 75' lang='lat' dir='ltr'><strong>TheOphilus</strong></span> <span class='ocrx_word' id='word_1_684' title='bbox 1755 2183 1966 2227; x_wconf 84' lang='lat' dir='ltr'><strong>dictaverat,</strong></span> <span class='ocrx_word' id='word_1_685' title='bbox 1991 2183 2026 2218; x_wconf 91' lang='lat' dir='ltr'><strong>in</strong></span> <span class='ocrx_word' id='word_1_686' title='bbox 2048 2181 2178 2228; x_wconf 91' lang='lat' dir='ltr'><strong>quibus</strong></span> <span class='ocrx_word' id='word_1_687' title='bbox 2202 2187 2327 2216; x_wconf 73' lang='lat' dir='ltr'><strong>czetera</strong></span> <span class='ocrx_word' id='word_1_688' title='bbox 2347 2175 2455 2212; x_wconf 88' lang='lat' dir='ltr'><strong>omnia</strong></span> <span class='ocrx_word' id='word_1_689' title='bbox 2473 2171 2542 2230; x_wconf 82' lang='lat' dir='ltr'><strong>falsa</strong></span> 
     </span>
    </p>
   </div>
   <div class='ocr_carea' id='block_1_93' title="bbox 1504 2229 2542 2292">
    <p class='ocr_par' dir='ltr' id='par_1_93' title="bbox 1504 2229 2542 2292">
     <span class='ocr_line' id='line_1_93' title="bbox 1504 2229 2542 2292; baseline -0.013 -10"><span class='ocrx_word' id='word_1_690' title='bbox 1504 2252 1540 2282; x_wconf 89' lang='lat' dir='ltr'><strong>et</strong></span> <span class='ocrx_word' id='word_1_691' title='bbox 1557 2229 1798 2292; x_wconf 85' lang='lat' dir='ltr'><strong>supposititia,</strong></span> <span class='ocrx_word' id='word_1_692' title='bbox 1819 2255 1928 2281; x_wconf 94' lang='lat' dir='ltr'><strong>unum</strong></span> <span class='ocrx_word' id='word_1_693' title='bbox 1947 2250 2065 2281; x_wconf 90' lang='lat' dir='ltr'><strong>autem</strong></span> <span class='ocrx_word' id='word_1_694' title='bbox 2085 2249 2220 2280; x_wconf 88' lang='lat' dir='ltr'><strong>tantum</strong></span> <span class='ocrx_word' id='word_1_695' title='bbox 2235 2248 2354 2277; x_wconf 87' lang='lat' dir='ltr'><strong>vermn</strong></span> <span class='ocrx_word' id='word_1_696' title='bbox 2371 2241 2452 2278; x_wconf 88' lang='lat' dir='ltr'><strong>erat,</strong></span> <span class='ocrx_word' id='word_1_697' title='bbox 2467 2229 2542 2280; x_wconf 77' lang='lat' dir='ltr'><strong>quod</strong></span> 
     </span>
    </p>
   </div>
   <div class='ocr_carea' id='block_1_94' title="bbox 1505 2295 2544 2355">
    <p class='ocr_par' dir='ltr' id='par_1_94' title="bbox 1505 2295 2544 2355">
     <span class='ocr_line' id='line_1_94' title="bbox 1505 2295 2544 2355; baseline -0.014 -11"><span class='ocrx_word' id='word_1_698' title='bbox 1505 2319 1636 2355; x_wconf 89' lang='lat' dir='ltr'><strong>nempe</strong></span> <span class='ocrx_word' id='word_1_699' title='bbox 1665 2307 1825 2344; x_wconf 85' lang='lat' dir='ltr'><strong>Joannes</strong></span> <span class='ocrx_word' id='word_1_700' title='bbox 1853 2317 1980 2344; x_wconf 88' lang='lat' dir='ltr'><strong>onmes</strong></span> <span class='ocrx_word' id='word_1_701' title='bbox 2010 2311 2184 2350; x_wconf 87' lang='lat' dir='ltr'><strong>moneret,</strong></span> <span class='ocrx_word' id='word_1_702' title='bbox 2205 2309 2241 2340; x_wconf 88' lang='lat' dir='ltr'><strong>ut</strong></span> <span class='ocrx_word' id='word_1_703' title='bbox 2262 2307 2337 2350; x_wconf 89' lang='lat' dir='ltr'><strong>post</strong></span> <span class='ocrx_word' id='word_1_704' title='bbox 2351 2295 2544 2337; x_wconf 82' lang='lat' dir='ltr'><strong>communio-</strong></span> 
     </span>
    </p>
   </div>
   <div class='ocr_carea' id='block_1_95' title="bbox 1505 2357 2543 2418">
    <p class='ocr_par' dir='ltr' id='par_1_95' title="bbox 1505 2357 2543 2418">
     <span class='ocr_line' id='line_1_95' title="bbox 1505 2357 2543 2418; baseline -0.01 -9"><span class='ocrx_word' id='word_1_705' title='bbox 1505 2382 1602 2415; x_wconf 91' lang='lat' dir='ltr'><strong>nem,</strong></span> <span class='ocrx_word' id='word_1_706' title='bbox 1619 2381 1748 2418; x_wconf 86' lang='lat' dir='ltr'><strong>aquam</strong></span> <span class='ocrx_word' id='word_1_707' title='bbox 1764 2378 1835 2414; x_wconf 84' lang='lat' dir='ltr'><strong>aut</strong></span> <span class='ocrx_word' id='word_1_708' title='bbox 1847 2371 2029 2418; x_wconf 84' lang='lat' dir='ltr'><strong>pastillum</strong></span> <span class='ocrx_word' id='word_1_709' title='bbox 2049 2369 2290 2416; x_wconf 84' lang='lat' dir='ltr'><strong>degustarent,</strong></span> <span class='ocrx_word' id='word_1_710' title='bbox 2307 2375 2350 2402; x_wconf 87' lang='lat' dir='ltr'><strong>ne</strong></span> <span class='ocrx_word' id='word_1_711' title='bbox 2365 2372 2439 2400; x_wconf 91' lang='lat' dir='ltr'><strong>cum</strong></span> <span class='ocrx_word' id='word_1_712' title='bbox 2453 2357 2543 2396; x_wconf 60' lang='lat' dir='ltr'><strong>saliva</strong></span> 
     </span>
    </p>
   </div>
   <div class='ocr_carea' id='block_1_96' title="bbox 1505 2426 2540 2482">
    <p class='ocr_par' dir='ltr' id='par_1_96' title="bbox 1505 2426 2540 2482">
     <span class='ocr_line' id='line_1_96' title="bbox 1505 2426 2540 2482; baseline -0.014 -12"><span class='ocrx_word' id='word_1_713' title='bbox 1505 2441 1568 2472; x_wconf 90' lang='lat' dir='ltr'><strong>aut</strong></span> <span class='ocrx_word' id='word_1_714' title='bbox 1585 2434 1712 2482; x_wconf 90' lang='lat' dir='ltr'><strong>pituita</strong></span> <span class='ocrx_word' id='word_1_715' title='bbox 1739 2444 1760 2471; x_wconf 91' lang='lat' dir='ltr'><strong>e</strong></span> <span class='ocrx_word' id='word_1_716' title='bbox 1786 2433 1952 2480; x_wconf 80' lang='lat' dir='ltr'><strong>symbolo</strong></span> <span class='ocrx_word' id='word_1_717' title='bbox 1970 2430 2193 2468; x_wconf 84' lang='lat' dir='ltr'><strong>Saeramenti</strong></span> <span class='ocrx_word' id='word_1_718' title='bbox 2209 2426 2339 2476; x_wconf 84' lang='lat' dir='ltr'><strong>aliquid</strong></span> <span class='ocrx_word' id='word_1_719' title='bbox 2356 2429 2474 2472; x_wconf 69' lang='lat' dir='ltr'><strong>praeter</strong></span> <span class='ocrx_word' id='word_1_720' title='bbox 2489 2429 2540 2455; x_wconf 84' lang='lat' dir='ltr'><strong>v0-</strong></span> 
     </span>
    </p>
   </div>
   <div class='ocr_carea' id='block_1_97' title="bbox 1505 2484 2543 2543">
    <p class='ocr_par' dir='ltr' id='par_1_97' title="bbox 1505 2484 2543 2543">
     <span class='ocr_line' id='line_1_97' title="bbox 1505 2484 2543 2543; baseline -0.016 -8"><span class='ocrx_word' id='word_1_721' title='bbox 1505 2498 1679 2534; x_wconf 85' lang='lat' dir='ltr'><strong>luntatem</strong></span> <span class='ocrx_word' id='word_1_722' title='bbox 1696 2501 1933 2543; x_wconf 86' lang='lat' dir='ltr'><strong>exspueretur</strong></span> <span class='ocrx_word' id='word_1_723' title='bbox 1955 2506 1962 2530; x_wconf 94' lang='lat'>:</span> <span class='ocrx_word' id='word_1_724' title='bbox 1983 2493 2078 2540; x_wconf 91' lang='lat' dir='ltr'><strong>quod</strong></span> <span class='ocrx_word' id='word_1_725' title='bbox 2097 2499 2132 2530; x_wconf 88' lang='lat' dir='ltr'><strong>et</strong></span> <span class='ocrx_word' id='word_1_726' title='bbox 2147 2493 2222 2539; x_wconf 88' lang='lat' dir='ltr'><strong>ipse</strong></span> <span class='ocrx_word' id='word_1_727' title='bbox 2239 2488 2393 2527; x_wconf 83' lang='lat' dir='ltr'><strong>faciebat.</strong></span> <span class='ocrx_word' id='word_1_728' title='bbox 2410 2484 2486 2530; x_wconf 71' lang='lat' dir='ltr'><strong>Qua:</strong></span> <span class='ocrx_word' id='word_1_729' title='bbox 2500 2489 2543 2516; x_wconf 79' lang='lat' dir='ltr'><strong>res</strong></span> 
     </span>
    </p>
   </div>
   <div class='ocr_carea' id='block_1_98' title="bbox 1507 2555 2234 2603">
    <p class='ocr_par' dir='ltr' id='par_1_98' title="bbox 1507 2555 2234 2603">
     <span class='ocr_line' id='line_1_98' title="bbox 1507 2555 2234 2603; baseline -0.011 -7"><span class='ocrx_word' id='word_1_730' title='bbox 1507 2566 1605 2596; x_wconf 87' lang='lat' dir='ltr'><strong>certe</strong></span> <span class='ocrx_word' id='word_1_731' title='bbox 1624 2559 1712 2595; x_wconf 92' lang='lat' dir='ltr'><strong>nulli</strong></span> <span class='ocrx_word' id='word_1_732' title='bbox 1732 2557 1848 2603; x_wconf 62' lang='lat' dir='ltr'><strong>culpie</strong></span> <span class='ocrx_word' id='word_1_733' title='bbox 1862 2556 2016 2593; x_wconf 84' lang='lat' dir='ltr'><strong>obnoxia</strong></span> <span class='ocrx_word' id='word_1_734' title='bbox 2035 2555 2234 2592; x_wconf 86' lang='lat' dir='ltr'><strong>videbatur.</strong></span> 
     </span>
    </p>
   </div>
   <div class='ocr_carea' id='block_1_99' title="bbox 1557 2603 2542 2668">
    <p class='ocr_par' dir='ltr' id='par_1_99' title="bbox 1557 2603 2542 2668">
     <span class='ocr_line' id='line_1_99' title="bbox 1557 2603 2542 2668; baseline -0.019 -11"><span class='ocrx_word' id='word_1_735' title='bbox 1557 2620 1724 2668; x_wconf 81' lang='lat' dir='ltr'><strong>Acceptis</strong></span> <span class='ocrx_word' id='word_1_736' title='bbox 1753 2618 1884 2655; x_wconf 88' lang='lat' dir='ltr'><strong>libellis</strong></span> <span class='ocrx_word' id='word_1_737' title='bbox 1911 2615 2131 2662; x_wconf 80' lang='lat' dir='ltr'><strong>TheOphilus</strong></span> <span class='ocrx_word' id='word_1_738' title='bbox 2159 2616 2193 2651; x_wconf 91' lang='lat' dir='ltr'><strong>in</strong></span> <span class='ocrx_word' id='word_1_739' title='bbox 2220 2609 2420 2658; x_wconf 67' lang='lat' dir='ltr'><strong>Eugrapbim</strong></span> <span class='ocrx_word' id='word_1_740' title='bbox 2435 2603 2542 2668; x_wconf 73' lang='lat' dir='ltr'><strong>adibus</strong></span> 
     </span>
    </p>
   </div>
   <div class='ocr_carea' id='block_1_100' title="bbox 1507 2664 2534 2728">
    <p class='ocr_par' dir='ltr' id='par_1_100' title="bbox 1507 2664 2534 2728">
     <span class='ocr_line' id='line_1_100' title="bbox 1507 2664 2534 2728; baseline -0.018 -9"><span class='ocrx_word' id='word_1_741' title='bbox 1507 2682 1724 2728; x_wconf 82' lang='lat' dir='ltr'><strong>colioquium</strong></span> <span class='ocrx_word' id='word_1_742' title='bbox 1737 2679 1861 2716; x_wconf 90' lang='lat' dir='ltr'><strong>habuit</strong></span> <span class='ocrx_word' id='word_1_743' title='bbox 1875 2689 1957 2714; x_wconf 91' lang='lat' dir='ltr'><strong>eum</strong></span> <span class='ocrx_word' id='word_1_744' title='bbox 1969 2677 2178 2720; x_wconf 85' lang='lat' dir='ltr'><strong>Severiano,</strong></span> <span class='ocrx_word' id='word_1_745' title='bbox 2199 2677 2222 2711; x_wconf 83' lang='lat' dir='ltr'><strong>A</strong></span> <span class='ocrx_word' id='word_1_746' title='bbox 2231 2671 2370 2711; x_wconf 84' lang='lat' dir='ltr'><strong>ntiocho</strong></span> <span class='ocrx_word' id='word_1_747' title='bbox 2380 2675 2413 2706; x_wconf 88' lang='lat' dir='ltr'><strong>et</strong></span> <span class='ocrx_word' id='word_1_748' title='bbox 2425 2664 2534 2703; x_wconf 81' lang='lat' dir='ltr'><strong>Acacio</strong></span> 
     </span>
    </p>
   </div>
   <div class='ocr_carea' id='block_1_101' title="bbox 1507 2732 2543 2789">
    <p class='ocr_par' dir='ltr' id='par_1_101' title="bbox 1507 2732 2543 2789">
     <span class='ocr_line' id='line_1_101' title="bbox 1507 2732 2543 2789; baseline -0.017 -9"><span class='ocrx_word' id='word_1_749' title='bbox 1507 2743 1723 2789; x_wconf 64' lang='lat' dir='ltr'><strong>ueterisque</strong></span> <span class='ocrx_word' id='word_1_750' title='bbox 1755 2741 1904 2778; x_wconf 85' lang='lat' dir='ltr'><strong>Joannis</strong></span> <span class='ocrx_word' id='word_1_751' title='bbox 1943 2739 2124 2783; x_wconf 83' lang='lat' dir='ltr'><strong>inimicis,</strong></span> <span class='ocrx_word' id='word_1_752' title='bbox 2159 2737 2217 2784; x_wconf 90' lang='lat' dir='ltr'><strong>qui</strong></span> <span class='ocrx_word' id='word_1_753' title='bbox 2251 2744 2340 2782; x_wconf 89' lang='lat' dir='ltr'><strong>pene</strong></span> <span class='ocrx_word' id='word_1_754' title='bbox 2371 2737 2482 2768; x_wconf 89' lang='lat' dir='ltr'><strong>omnes</strong></span> <span class='ocrx_word' id='word_1_755' title='bbox 2510 2732 2543 2789; x_wconf 63' lang='lat' dir='ltr'><strong>ex</strong></span> 
     </span>
    </p>
   </div>
   <div class='ocr_carea' id='block_1_102' title="bbox 1506 2785 2544 2848">
    <p class='ocr_par' dir='ltr' id='par_1_102' title="bbox 1506 2785 2544 2848">
     <span class='ocr_line' id='line_1_102' title="bbox 1506 2785 2544 2848; baseline -0.019 -7"><span class='ocrx_word' id='word_1_756' title='bbox 1506 2804 1656 2842; x_wconf 88' lang='lat' dir='ltr'><strong>Joannis</strong></span> <span class='ocrx_word' id='word_1_757' title='bbox 1676 2803 1823 2840; x_wconf 89' lang='lat' dir='ltr'><strong>monitis</strong></span> <span class='ocrx_word' id='word_1_758' title='bbox 1841 2802 1937 2848; x_wconf 87' lang='lat' dir='ltr'><strong>juste</strong></span> <span class='ocrx_word' id='word_1_759' title='bbox 1957 2801 2191 2846; x_wconf 83' lang='lat' dir='ltr'><strong>modesteque</strong></span> <span class='ocrx_word' id='word_1_760' title='bbox 2207 2797 2298 2834; x_wconf 87' lang='lat' dir='ltr'><strong>datis</strong></span> <span class='ocrx_word' id='word_1_761' title='bbox 2316 2823 2325 2839; x_wconf 92' lang='lat'><strong>,</strong></span> <span class='ocrx_word' id='word_1_762' title='bbox 2345 2793 2497 2830; x_wconf 83' lang='lat' dir='ltr'><strong>adversus</strong></span> <span class='ocrx_word' id='word_1_763' title='bbox 2513 2785 2544 2822; x_wconf 72' lang='lat' dir='ltr'><strong>il~</strong></span> 
     </span>
    </p>
   </div>
   <div class='ocr_carea' id='block_1_103' title="bbox 1508 2853 2543 2905">
    <p class='ocr_par' dir='ltr' id='par_1_103' title="bbox 1508 2853 2543 2905">
     <span class='ocr_line' id='line_1_103' title="bbox 1508 2853 2543 2905; baseline -0.013 -1"><span class='ocrx_word' id='word_1_764' title='bbox 1508 2869 1580 2905; x_wconf 88' lang='lat' dir='ltr'><strong>lum</strong></span> <span class='ocrx_word' id='word_1_765' title='bbox 1600 2866 1796 2904; x_wconf 83' lang='lat' dir='ltr'><strong>exulcerati</strong></span> <span class='ocrx_word' id='word_1_766' title='bbox 1817 2871 1934 2902; x_wconf 87' lang='lat' dir='ltr'><strong>erant.</strong></span> <span class='ocrx_word' id='word_1_767' title='bbox 1965 2863 2067 2902; x_wconf 89' lang='lat' dir='ltr'><strong>Unus</strong></span> <span class='ocrx_word' id='word_1_768' title='bbox 2086 2872 2172 2901; x_wconf 84' lang='lat' dir='ltr'><strong>vero</strong></span> <span class='ocrx_word' id='word_1_769' title='bbox 2199 2872 2243 2899; x_wconf 91' lang='lat' dir='ltr'><strong>ex</strong></span> <span class='ocrx_word' id='word_1_770' title='bbox 2267 2860 2307 2896; x_wconf 90' lang='lat' dir='ltr'><strong>iis</strong></span> <span class='ocrx_word' id='word_1_771' title='bbox 2328 2857 2384 2905; x_wconf 89' lang='lat' dir='ltr'><strong>qui</strong></span> <span class='ocrx_word' id='word_1_772' title='bbox 2403 2853 2543 2891; x_wconf 64' lang='lat' dir='ltr'><strong>aderant.</strong></span> 
     </span>
    </p>
   </div>
   <div class='ocr_carea' id='block_1_104' title="bbox 1507 2911 2544 2978">
    <p class='ocr_par' dir='ltr' id='par_1_104' title="bbox 1507 2911 2544 2978">
     <span class='ocr_line' id='line_1_104' title="bbox 1507 2911 2544 2978; baseline -0.014 -12"><span class='ocrx_word' id='word_1_773' title='bbox 1507 2931 1588 2968; x_wconf 85' lang='lat' dir='ltr'><strong>aliis</strong></span> <span class='ocrx_word' id='word_1_774' title='bbox 1607 2929 1785 2978; x_wconf 76' lang='lat' dir='ltr'><strong>suggessit</strong></span> <span class='ocrx_word' id='word_1_775' title='bbox 1805 2935 1841 2965; x_wconf 88' lang='lat' dir='ltr'><strong>ut</strong></span> <span class='ocrx_word' id='word_1_776' title='bbox 1864 2927 1974 2964; x_wconf 87' lang='lat' dir='ltr'><strong>libelli</strong></span> <span class='ocrx_word' id='word_1_777' title='bbox 2005 2927 2178 2963; x_wconf 85' lang='lat' dir='ltr'><strong>darentur</strong></span> <span class='ocrx_word' id='word_1_778' title='bbox 2201 2917 2415 2970; x_wconf 86' lang='lat' dir='ltr'><strong>Imperatori,</strong></span> <span class='ocrx_word' id='word_1_779' title='bbox 2432 2921 2466 2952; x_wconf 85' lang='grc' dir='ltr'><strong>ιιι</strong></span> <span class='ocrx_word' id='word_1_780' title='bbox 2482 2911 2544 2978; x_wconf 48' lang='lat' dir='ltr'><strong>ipss</strong></span> 
     </span>
    </p>
   </div>
   <div class='ocr_carea' id='block_1_105' title="bbox 1507 2975 2546 3038">
    <p class='ocr_par' dir='ltr' id='par_1_105' title="bbox 1507 2975 2546 3038">
     <span class='ocr_line' id='line_1_105' title="bbox 1507 2975 2546 3038; baseline -0.022 -8"><span class='ocrx_word' id='word_1_781' title='bbox 1507 2995 1683 3030; x_wconf 87' lang='lat' dir='ltr'><strong>Joannem</strong></span> <span class='ocrx_word' id='word_1_782' title='bbox 1704 2992 1760 3029; x_wconf 88' lang='lat' dir='ltr'><strong>vel</strong></span> <span class='ocrx_word' id='word_1_783' title='bbox 1779 2991 1928 3027; x_wconf 89' lang='lat' dir='ltr'><strong>invitum</strong></span> <span class='ocrx_word' id='word_1_784' title='bbox 1950 2989 1994 3026; x_wconf 92' lang='lat' dir='ltr'><strong>ad</strong></span> <span class='ocrx_word' id='word_1_785' title='bbox 2013 2987 2198 3038; x_wconf 84' lang='lat' dir='ltr'><strong>Synodum</strong></span> <span class='ocrx_word' id='word_1_786' title='bbox 2223 2995 2262 3022; x_wconf 90' lang='lat' dir='ltr'><strong>se</strong></span> <span class='ocrx_word' id='word_1_787' title='bbox 2282 2983 2402 3021; x_wconf 87' lang='lat' dir='ltr'><strong>sistere</strong></span> <span class='ocrx_word' id='word_1_788' title='bbox 2416 2975 2546 3022; x_wconf 82' lang='lat' dir='ltr'><strong>cogeret.</strong></span> 
     </span>
    </p>
   </div>
   <div class='ocr_carea' id='block_1_106' title="bbox 1509 3038 2548 3100">
    <p class='ocr_par' dir='ltr' id='par_1_106' title="bbox 1509 3038 2548 3100">
     <span class='ocr_line' id='line_1_106' title="bbox 1509 3038 2548 3100; baseline -0.017 -10"><span class='ocrx_word' id='word_1_789' title='bbox 1509 3055 1599 3100; x_wconf 83' lang='lat' dir='ltr'><strong>Quia</strong></span> <span class='ocrx_word' id='word_1_790' title='bbox 1619 3063 1719 3097; x_wconf 81' lang='lat' dir='ltr'><strong>vero,</strong></span> <span class='ocrx_word' id='word_1_791' title='bbox 1739 3058 1778 3088; x_wconf 91' lang='lat' dir='ltr'><strong>ut</strong></span> <span class='ocrx_word' id='word_1_792' title='bbox 1791 3052 1923 3098; x_wconf 76' lang='lat' dir='ltr'><strong>smpius</strong></span> <span class='ocrx_word' id='word_1_793' title='bbox 1941 3049 2160 3098; x_wconf 86' lang='lat' dir='ltr'><strong>experientia</strong></span> <span class='ocrx_word' id='word_1_794' title='bbox 2179 3051 2396 3092; x_wconf 89' lang='lat' dir='ltr'><strong>compertum</strong></span> <span class='ocrx_word' id='word_1_795' title='bbox 2413 3038 2481 3080; x_wconf 87' lang='lat' dir='ltr'><strong>fuit,</strong></span> 
     </span>
    </p>
   </div>
   <div class='ocr_carea' id='block_1_107' title="bbox 1509 3094 2550 3162">
    <p class='ocr_par' dir='ltr' id='par_1_107' title="bbox 1509 3094 2550 3162">
     <span class='ocr_line' id='line_1_107' title="bbox 1509 3094 2550 3162; baseline -0.01 -9"><span class='ocrx_word' id='word_1_796' title='bbox 1509 3129 1587 3153; x_wconf 79' lang='lat' dir='ltr'><strong>ram</strong></span> <span class='ocrx_word' id='word_1_797' title='bbox 1604 3115 1722 3152; x_wconf 86' lang='lat' dir='ltr'><strong>omnia</strong></span> <span class='ocrx_word' id='word_1_798' title='bbox 1745 3124 1855 3162; x_wconf 87' lang='lat' dir='ltr'><strong>prona</strong></span> <span class='ocrx_word' id='word_1_799' title='bbox 1873 3113 2063 3160; x_wconf 86' lang='lat' dir='ltr'><strong>faciliaque</strong></span> <span class='ocrx_word' id='word_1_800' title='bbox 2082 3110 2218 3153; x_wconf 85' lang='lat' dir='ltr'><strong>reddit;</strong></span> <span class='ocrx_word' id='word_1_801' title='bbox 2241 3109 2307 3145; x_wconf 91' lang='lat' dir='ltr'><strong>hac</strong></span> <span class='ocrx_word' id='word_1_802' title='bbox 2329 3106 2380 3141; x_wconf 91' lang='lat' dir='ltr'><strong>via</strong></span> <span class='ocrx_word' id='word_1_803' title='bbox 2399 3094 2550 3162; x_wconf 39' lang='lat' dir='ltr'><strong>Tlteﬂi’h&#39;i‘</strong></span> 
     </span>
    </p>
   </div>
   <div class='ocr_carea' id='block_1_108' title="bbox 1507 3163 2549 3222">
    <p class='ocr_par' dir='ltr' id='par_1_108' title="bbox 1507 3163 2549 3222">
     <span class='ocr_line' id='line_1_108' title="bbox 1507 3163 2549 3222; baseline -0.013 -5"><span class='ocrx_word' id='word_1_804' title='bbox 1507 3182 1562 3216; x_wconf 80' lang='lat' dir='ltr'><strong>ius</strong></span> <span class='ocrx_word' id='word_1_805' title='bbox 1583 3180 1748 3216; x_wconf 78' lang='lat' dir='ltr'><strong>effecerat</strong></span> <span class='ocrx_word' id='word_1_806' title='bbox 1773 3185 1810 3214; x_wconf 90' lang='lat' dir='ltr'><strong>ut</strong></span> <span class='ocrx_word' id='word_1_807' title='bbox 1829 3176 1933 3212; x_wconf 86' lang='lat' dir='ltr'><strong>aulici</strong></span> <span class='ocrx_word' id='word_1_808' title='bbox 1954 3176 2057 3212; x_wconf 90' lang='lat' dir='ltr'><strong>multi</strong></span> <span class='ocrx_word' id='word_1_809' title='bbox 2077 3184 2141 3222; x_wconf 89' lang='lat' dir='ltr'><strong>pro</strong></span> <span class='ocrx_word' id='word_1_810' title='bbox 2167 3183 2205 3210; x_wconf 89' lang='lat' dir='ltr'><strong>se</strong></span> <span class='ocrx_word' id='word_1_811' title='bbox 2231 3175 2372 3212; x_wconf 88' lang='lat' dir='ltr'><strong>starent,</strong></span> <span class='ocrx_word' id='word_1_812' title='bbox 2401 3169 2492 3209; x_wconf 67' lang='lat' dir='ltr'><strong>atque</strong></span> <span class='ocrx_word' id='word_1_813' title='bbox 2508 3163 2549 3192; x_wconf 63' lang='grc' dir='ltr'><strong>δια</strong></span> 
     </span>
    </p>
   </div>
   <div class='ocr_carea' id='block_1_109' title="bbox 1508 3237 2224 3292">
    <p class='ocr_par' dir='ltr' id='par_1_109' title="bbox 1508 3237 2224 3292">
     <span class='ocr_line' id='line_1_109' title="bbox 1508 3237 2224 3292; baseline -0.013 -12"><span class='ocrx_word' id='word_1_814' title='bbox 1508 3255 1586 3292; x_wconf 77' lang='lat' dir='ltr'><strong>(pne</strong></span> <span class='ocrx_word' id='word_1_815' title='bbox 1603 3243 1636 3279; x_wconf 93' lang='lat' dir='ltr'><strong>in</strong></span> <span class='ocrx_word' id='word_1_816' title='bbox 1655 3241 1786 3288; x_wconf 88' lang='lat' dir='ltr'><strong>optatis</strong></span> <span class='ocrx_word' id='word_1_817' title='bbox 1803 3240 1868 3277; x_wconf 91' lang='lat' dir='ltr'><strong>sibi</strong></span> <span class='ocrx_word' id='word_1_818' title='bbox 1889 3246 1992 3276; x_wconf 76' lang='lat' dir='ltr'><strong>erant</strong></span> <span class='ocrx_word' id='word_1_819' title='bbox 2011 3237 2224 3286; x_wconf 82' lang='lat' dir='ltr'><strong>impetravit.</strong></span> 
     </span>
    </p>
   </div>
   <div class='ocr_carea' id='block_1_110' title="bbox 1558 3287 2550 3353">
    <p class='ocr_par' dir='ltr' id='par_1_110' title="bbox 1558 3287 2550 3353">
     <span class='ocr_line' id='line_1_110' title="bbox 1558 3287 2550 3353; baseline -0.017 -11"><span class='ocrx_word' id='word_1_820' title='bbox 1558 3287 1720 3353; x_wconf 75' lang='lat' dir='ltr'><strong>Synodus</strong></span> <span class='ocrx_word' id='word_1_821' title='bbox 1735 3303 1780 3338; x_wconf 85' lang='lat' dir='ltr'><strong>ad</strong></span> <span class='ocrx_word' id='word_1_822' title='bbox 1797 3303 1980 3347; x_wconf 72' lang='lat' dir='ltr'><strong>Qum-cum.</strong></span> <span class='ocrx_word' id='word_1_823' title='bbox 1999 3321 2045 3328; x_wconf 90' lang='lat'><strong>——</strong></span> <span class='ocrx_word' id='word_1_824' title='bbox 2065 3299 2144 3337; x_wconf 85' lang='lat' dir='ltr'><strong>Etsi</strong></span> <span class='ocrx_word' id='word_1_825' title='bbox 2158 3307 2242 3335; x_wconf 83' lang='lat' dir='ltr'><strong>vero</strong></span> <span class='ocrx_word' id='word_1_826' title='bbox 2259 3287 2470 3342; x_wconf 86' lang='lat' dir='ltr'><strong>imperatoris</strong></span> <span class='ocrx_word' id='word_1_827' title='bbox 2481 3291 2550 3353; x_wconf 46' lang='grc' dir='ltr'><strong>εστὶ*</strong></span> 
     </span>
    </p>
   </div>
   <div class='ocr_carea' id='block_1_111' title="bbox 1509 3341 2548 3413">
    <p class='ocr_par' dir='ltr' id='par_1_111' title="bbox 1509 3341 2548 3413">
     <span class='ocr_line' id='line_1_111' title="bbox 1509 3341 2548 3413; baseline -0.013 -9"><span class='ocrx_word' id='word_1_828' title='bbox 1509 3341 1618 3404; x_wconf 60' lang='lat' dir='ltr'><strong>sensu</strong></span> <span class='ocrx_word' id='word_1_829' title='bbox 1636 3341 1672 3402; x_wconf 84' lang='lat' dir='ltr'><strong>et</strong></span> <span class='ocrx_word' id='word_1_830' title='bbox 1688 3341 1887 3413; x_wconf 59' lang='lat' dir='ltr'><strong>jussuTulti</strong></span> <span class='ocrx_word' id='word_1_831' title='bbox 1907 3362 2130 3409; x_wconf 83' lang='lat' dir='ltr'><strong>Theophilus</strong></span> <span class='ocrx_word' id='word_1_832' title='bbox 2144 3367 2179 3399; x_wconf 70' lang='lat' dir='ltr'><strong>ct</strong></span> <span class='ocrx_word' id='word_1_833' title='bbox 2193 3359 2278 3396; x_wconf 91' lang='lat' dir='ltr'><strong>socii</strong></span> <span class='ocrx_word' id='word_1_834' title='bbox 2295 3341 2472 3404; x_wconf 73' lang='lat' dir='ltr'><strong>(Clu-ysosl-</strong></span> <span class='ocrx_word' id='word_1_835' title='bbox 2485 3351 2507 3380; x_wconf 73' lang='grc' dir='ltr'><strong>ε·</strong></span> <span class='ocrx_word' id='word_1_836' title='bbox 2519 3341 2548 3378; x_wconf 67' lang='grc' dir='ltr'><strong>δ’</strong></span> 
     </span>
    </p>
   </div>
   <div class='ocr_carea' id='block_1_112' title="bbox 1511 3413 2549 3475">
    <p class='ocr_par' dir='ltr' id='par_1_112' title="bbox 1511 3413 2549 3475">
     <span class='ocr_line' id='line_1_112' title="bbox 1511 3413 2549 3475; baseline -0.022 -10"><span class='ocrx_word' id='word_1_837' title='bbox 1511 3441 1543 3465; x_wconf 84' lang='lat' dir='ltr'><strong>c.</strong></span> <span class='ocrx_word' id='word_1_838' title='bbox 1564 3429 1634 3466; x_wconf 70' lang='lat' dir='ltr'><strong>M5</strong></span> <span class='ocrx_word' id='word_1_839' title='bbox 1651 3426 1662 3474; x_wconf 81' lang='lat'><strong>)</strong></span> <span class='ocrx_word' id='word_1_840' title='bbox 1678 3455 1687 3469; x_wconf 84' lang='lat'><strong>.</strong></span> <span class='ocrx_word' id='word_1_841' title='bbox 1710 3437 1780 3463; x_wconf 88' lang='lat' dir='ltr'><strong>non</strong></span> <span class='ocrx_word' id='word_1_842' title='bbox 1799 3425 1876 3461; x_wconf 88' lang='lat' dir='ltr'><strong>ausi</strong></span> <span class='ocrx_word' id='word_1_843' title='bbox 1897 3431 1979 3461; x_wconf 92' lang='lat' dir='ltr'><strong>sunt</strong></span> <span class='ocrx_word' id='word_1_844' title='bbox 1999 3431 2119 3460; x_wconf 88' lang='lat' dir='ltr'><strong>tamen</strong></span> <span class='ocrx_word' id='word_1_845' title='bbox 2142 3423 2234 3459; x_wconf 84' lang='lat' dir='ltr'><strong>intra</strong></span> <span class='ocrx_word' id='word_1_846' title='bbox 2256 3419 2376 3456; x_wconf 84' lang='lat' dir='ltr'><strong>urbem</strong></span> <span class='ocrx_word' id='word_1_847' title='bbox 2399 3413 2549 3475; x_wconf 59' lang='lat' dir='ltr'><strong>Consum:</strong></span> 
     </span>
    </p>
   </div>
   <div class='ocr_carea' id='block_1_113' title="bbox 1509 3472 2552 3536">
    <p class='ocr_par' dir='ltr' id='par_1_113' title="bbox 1509 3472 2552 3536">
     <span class='ocr_line' id='line_1_113' title="bbox 1509 3472 2552 3536; baseline -0.02 -10"><span class='ocrx_word' id='word_1_848' title='bbox 1509 3472 1684 3536; x_wconf 85' lang='lat' dir='ltr'><strong>tinopolin</strong></span> <span class='ocrx_word' id='word_1_849' title='bbox 1704 3487 1887 3536; x_wconf 87' lang='lat' dir='ltr'><strong>Synodum</strong></span> <span class='ocrx_word' id='word_1_850' title='bbox 1907 3495 2056 3532; x_wconf 73' lang='lat' dir='ltr'><strong>cogere,</strong></span> <span class='ocrx_word' id='word_1_851' title='bbox 2079 3490 2116 3520; x_wconf 91' lang='lat' dir='ltr'><strong>ut</strong></span> <span class='ocrx_word' id='word_1_852' title='bbox 2142 3494 2186 3520; x_wconf 89' lang='lat' dir='ltr'><strong>ne</strong></span> <span class='ocrx_word' id='word_1_853' title='bbox 2215 3481 2351 3530; x_wconf 89' lang='lat' dir='ltr'><strong>plebem</strong></span> <span class='ocrx_word' id='word_1_854' title='bbox 2367 3472 2484 3524; x_wconf 87' lang='lat' dir='ltr'><strong>pastori</strong></span> <span class='ocrx_word' id='word_1_855' title='bbox 2498 3472 2552 3536; x_wconf 63' lang='grc' dir='ltr'><strong>ςιξο</strong></span> 
     </span>
    </p>
   </div>
   <div class='ocr_carea' id='block_1_114' title="bbox 1509 3525 2551 3594">
    <p class='ocr_par' dir='ltr' id='par_1_114' title="bbox 1509 3525 2551 3594">
     <span class='ocr_line' id='line_1_114' title="bbox 1509 3525 2551 3594; baseline -0.026 -3"><span class='ocrx_word' id='word_1_856' title='bbox 1509 3549 1790 3592; x_wconf 78' lang='lat' dir='ltr'><strong>addictissimam</strong></span> <span class='ocrx_word' id='word_1_857' title='bbox 1809 3555 2098 3589; x_wconf 79' lang='lat' dir='ltr'><strong>conunovcreut.</strong></span> <span class='ocrx_word' id='word_1_858' title='bbox 2128 3554 2163 3584; x_wconf 91' lang='lat' dir='ltr'><strong>ct</strong></span> <span class='ocrx_word' id='word_1_859' title='bbox 2189 3545 2372 3582; x_wconf 84' lang='lat' dir='ltr'><strong>adversum</strong></span> <span class='ocrx_word' id='word_1_860' title='bbox 2390 3548 2425 3574; x_wconf 88' lang='lat' dir='ltr'><strong>se</strong></span> <span class='ocrx_word' id='word_1_861' title='bbox 2443 3525 2551 3594; x_wconf 41' lang='lat' dir='ltr'><strong>tumul.</strong></span> 
     </span>
    </p>
   </div>
   <div class='ocr_carea' id='block_1_115' title="bbox 1509 3597 2552 3660">
    <p class='ocr_par' dir='ltr' id='par_1_115' title="bbox 1509 3597 2552 3660">
     <span class='ocr_line' id='line_1_115' title="bbox 1509 3597 2552 3660; baseline -0.025 -7"><span class='ocrx_word' id='word_1_862' title='bbox 1509 3623 1586 3653; x_wconf 92' lang='lat' dir='ltr'><strong>tum</strong></span> <span class='ocrx_word' id='word_1_863' title='bbox 1608 3615 1830 3658; x_wconf 83' lang='lat' dir='ltr'><strong>excitarent;</strong></span> <span class='ocrx_word' id='word_1_864' title='bbox 1864 3621 1980 3660; x_wconf 89' lang='lat' dir='ltr'><strong>neque</strong></span> <span class='ocrx_word' id='word_1_865' title='bbox 2007 3617 2122 3647; x_wconf 90' lang='lat' dir='ltr'><strong>tutum</strong></span> <span class='ocrx_word' id='word_1_866' title='bbox 2151 3609 2218 3645; x_wconf 85' lang='lat' dir='ltr'><strong>sibi</strong></span> <span class='ocrx_word' id='word_1_867' title='bbox 2247 3608 2319 3644; x_wconf 85' lang='lat' dir='ltr'><strong>fore</strong></span> <span class='ocrx_word' id='word_1_868' title='bbox 2350 3597 2552 3660; x_wconf 53' lang='lat' dir='ltr'><strong>puutbaiit,lst</strong></span> 
     </span>
    </p>
   </div>
   <div class='ocr_carea' id='block_1_116' title="bbox 1511 3649 2554 3726">
    <p class='ocr_par' dir='ltr' id='par_1_116' title="bbox 1511 3649 2554 3726">
     <span class='ocr_line' id='line_1_116' title="bbox 1511 3649 2554 3726; baseline -0.023 -13"><span class='ocrx_word' id='word_1_869' title='bbox 1511 3677 1723 3718; x_wconf 83' lang='lat' dir='ltr'><strong>calumnias,</strong></span> <span class='ocrx_word' id='word_1_870' title='bbox 1741 3685 1831 3726; x_wconf 82' lang='lat' dir='ltr'><strong>quas</strong></span> <span class='ocrx_word' id='word_1_871' title='bbox 1850 3673 1928 3710; x_wconf 89' lang='lat' dir='ltr'><strong>falsi</strong></span> <span class='ocrx_word' id='word_1_872' title='bbox 1948 3671 2162 3708; x_wconf 82' lang='lat' dir='ltr'><strong>cenvincere</strong></span> <span class='ocrx_word' id='word_1_873' title='bbox 2179 3668 2279 3706; x_wconf 89' lang='lat' dir='ltr'><strong>facile</strong></span> <span class='ocrx_word' id='word_1_874' title='bbox 2301 3659 2437 3726; x_wconf 50' lang='lat' dir='ltr'><strong>erat,_in</strong></span> <span class='ocrx_word' id='word_1_875' title='bbox 2455 3649 2554 3726; x_wconf 66' lang='lat' dir='ltr'><strong>mch</strong></span> 
     </span>
    </p>
   </div>
   <div class='ocr_carea' id='block_1_117' title="bbox 1511 3718 2552 3785">
    <p class='ocr_par' dir='ltr' id='par_1_117' title="bbox 1511 3718 2552 3785">
     <span class='ocr_line' id='line_1_117' title="bbox 1511 3718 2552 3785; baseline 0.004 -10"><span class='ocrx_word' id='word_1_876' title='bbox 1511 3718 1762 3785; x_wconf 54' lang='lat' dir='ltr'><strong>lmpera:oriai</strong></span> <span class='ocrx_word' id='word_1_877' title='bbox 1785 3736 1885 3773; x_wconf 91' lang='lat' dir='ltr'><strong>urbis</strong></span> <span class='ocrx_word' id='word_1_878' title='bbox 1904 3733 2121 3783; x_wconf 83' lang='lat' dir='ltr'><strong>proferrent.</strong></span> <span class='ocrx_word' id='word_1_879' title='bbox 2152 3727 2366 3775; x_wconf 65' lang='lat' dir='ltr'><strong>Tlieoplmus</strong></span> <span class='ocrx_word' id='word_1_880' title='bbox 2391 3718 2552 3785; x_wconf 38' lang='lat' dir='ltr'><strong>gum-,3?!</strong></span> 
     </span>
    </p>
   </div>
   <div class='ocr_carea' id='block_1_118' title="bbox 1510 3771 2554 3842">
    <p class='ocr_par' dir='ltr' id='par_1_118' title="bbox 1510 3771 2554 3842">
     <span class='ocr_line' id='line_1_118' title="bbox 1510 3771 2554 3842; baseline -0.019 -4"><span class='ocrx_word' id='word_1_881' title='bbox 1510 3771 1587 3840; x_wconf 68' lang='lat' dir='ltr'><strong>tres</strong></span> <span class='ocrx_word' id='word_1_882' title='bbox 1619 3799 1865 3838; x_wconf 84' lang='lat' dir='ltr'><strong>hebdomadas</strong></span> <span class='ocrx_word' id='word_1_883' title='bbox 1894 3794 2202 3842; x_wconf 84' lang='lat' dir='ltr'><strong>Constantinopoli</strong></span> <span class='ocrx_word' id='word_1_884' title='bbox 2233 3789 2462 3842; x_wconf 75' lang='lat' dir='ltr'><strong>commorale</strong></span> 
     </span>
    </p>
   </div>
   <div class='ocr_carea' id='block_1_119' title="bbox 1508 3835 2556 3909">
    <p class='ocr_par' dir='ltr' id='par_1_119' title="bbox 1508 3835 2556 3909">
     <span class='ocr_line' id='line_1_119' title="bbox 1508 3835 2556 3909; baseline -0.016 -10"><span class='ocrx_word' id='word_1_885' title='bbox 1508 3873 1600 3900; x_wconf 79' lang='lat' dir='ltr'><strong>zom.</strong></span> <span class='ocrx_word' id='word_1_886' title='bbox 1623 3863 1648 3900; x_wconf 86' lang='grc' dir='ltr'><strong>ι.</strong></span> <span class='ocrx_word' id='word_1_887' title='bbox 1670 3862 1706 3900; x_wconf 88' lang='lat'><strong>8.</strong></span> <span class='ocrx_word' id='word_1_888' title='bbox 1727 3875 1745 3899; x_wconf 77' lang='grc' dir='ltr'><em>ε</em></span> <span class='ocrx_word' id='word_1_889' title='bbox 1780 3863 1869 3909; x_wconf 83' lang='grc'><strong>17),</strong></span> <span class='ocrx_word' id='word_1_890' title='bbox 1901 3871 1983 3898; x_wconf 88' lang='lat' dir='ltr'><strong>Ctlm</strong></span> <span class='ocrx_word' id='word_1_891' title='bbox 2015 3858 2096 3897; x_wconf 87' lang='lat' dir='ltr'><strong>aliis</strong></span> <span class='ocrx_word' id='word_1_892' title='bbox 2127 3865 2246 3894; x_wconf 89' lang='lat' dir='ltr'><strong>secum</strong></span> <span class='ocrx_word' id='word_1_893' title='bbox 2273 3835 2556 3909; x_wconf 44' lang='lat' dir='ltr'><strong>consentictl‘i&#39;tiifls</strong></span> 
     </span>
    </p>
   </div>
   <div class='ocr_carea' id='block_1_120' title="bbox 1515 3899 2548 3971">
    <p class='ocr_par' dir='ltr' id='par_1_120' title="bbox 1515 3899 2548 3971">
     <span class='ocr_line' id='line_1_120' title="bbox 1515 3899 2548 3971; baseline -0.015 -11"><span class='ocrx_word' id='word_1_894' title='bbox 1515 3925 1698 3971; x_wconf 76' lang='lat' dir='ltr'><strong>episcopis</strong></span> <span class='ocrx_word' id='word_1_895' title='bbox 1725 3921 1994 3960; x_wconf 84' lang='lat' dir='ltr'><strong>Chalcedonent</strong></span> <span class='ocrx_word' id='word_1_896' title='bbox 2018 3916 2177 3966; x_wconf 84' lang='lat' dir='ltr'><strong>perrexit</strong></span> <span class='ocrx_word' id='word_1_897' title='bbox 2199 3911 2351 3955; x_wconf 58' lang='lat' dir='ltr'><strong>indeque</strong></span> <span class='ocrx_word' id='word_1_898' title='bbox 2382 3904 2423 3939; x_wconf 65' lang='lat' dir='ltr'><strong>ad</strong></span> <span class='ocrx_word' id='word_1_899' title='bbox 2451 3899 2548 3941; x_wconf 59' lang='lat' dir='ltr'><strong>Q&#39;wr&#39;</strong></span> 
     </span>
    </p>
   </div>
  </div>
