  <div class='ocr_page' id='page_1' title='image "/cluster/home/n/w/nwhite01/storage/ocr_20150623/47/hvd.32044073501884/196.png"; bbox 0 0 2694 4342; ppageno 0'>
   <div class='ocr_carea' id='block_1_1' title="bbox 213 218 279 256">
    <p class='ocr_par' dir='ltr' id='par_1_1' title="bbox 213 218 279 256">
     <span class='ocr_line' id='line_1_1' title="bbox 213 218 279 256; baseline -0.03 -1"><span class='ocrx_word' id='word_1_1' title='bbox 213 218 279 256; x_wconf 71' lang='grc'><strong>197</strong></span> 
     </span>
    </p>
   </div>
   <div class='ocr_carea' id='block_1_2' title="bbox 210 289 1265 338">
    <p class='ocr_par' dir='ltr' id='par_1_2' title="bbox 210 289 1265 338">
     <span class='ocr_line' id='line_1_2' title="bbox 210 289 1265 338; baseline -0.007 -6"><span class='ocrx_word' id='word_1_2' title='bbox 210 306 302 338; x_wconf 85' lang='lat' dir='ltr'><strong>cum.</strong></span> <span class='ocrx_word' id='word_1_3' title='bbox 319 293 550 334; x_wconf 83' lang='lat' dir='ltr'><strong>Chalcedonis</strong></span> <span class='ocrx_word' id='word_1_4' title='bbox 566 292 820 333; x_wconf 85' lang='lat' dir='ltr'><strong>suburbanum,</strong></span> <span class='ocrx_word' id='word_1_5' title='bbox 841 291 876 327; x_wconf 92' lang='lat' dir='ltr'><strong>in</strong></span> <span class='ocrx_word' id='word_1_6' title='bbox 904 291 1054 328; x_wconf 81' lang='lat' dir='ltr'><strong>ecclesia</strong></span> <span class='ocrx_word' id='word_1_7' title='bbox 1079 289 1144 327; x_wconf 87' lang='lat' dir='ltr'><strong>SS.</strong></span> <span class='ocrx_word' id='word_1_8' title='bbox 1166 291 1265 336; x_wconf 81' lang='lat' dir='ltr'><strong>Apo-</strong></span> 
     </span>
    </p>
   </div>
   <div class='ocr_carea' id='block_1_3' title="bbox 210 353 1264 400">
    <p class='ocr_par' dir='ltr' id='par_1_3' title="bbox 210 353 1264 400">
     <span class='ocr_line' id='line_1_3' title="bbox 210 353 1264 400; baseline -0.007 -6"><span class='ocrx_word' id='word_1_9' title='bbox 210 358 378 394; x_wconf 76' lang='lat' dir='ltr'><strong>stolorum</strong></span> <span class='ocrx_word' id='word_1_10' title='bbox 397 356 488 392; x_wconf 86' lang='lat' dir='ltr'><strong>Petri</strong></span> <span class='ocrx_word' id='word_1_11' title='bbox 507 361 542 391; x_wconf 91' lang='lat' dir='ltr'><strong>ct</strong></span> <span class='ocrx_word' id='word_1_12' title='bbox 563 354 676 398; x_wconf 85' lang='lat' dir='ltr'><strong>Pauli,</strong></span> <span class='ocrx_word' id='word_1_13' title='bbox 697 364 801 400; x_wconf 92' lang='lat' dir='ltr'><strong>quam</strong></span> <span class='ocrx_word' id='word_1_14' title='bbox 822 353 968 389; x_wconf 83' lang='lat' dir='ltr'><strong>Ruﬁnus</strong></span> <span class='ocrx_word' id='word_1_15' title='bbox 989 358 1238 388; x_wconf 84' lang='lat' dir='ltr'><strong>construxerat</strong></span> <span class='ocrx_word' id='word_1_16' title='bbox 1255 380 1264 394; x_wconf 84' lang='lat'><strong>,</strong></span> 
     </span>
    </p>
   </div>
   <div class='ocr_carea' id='block_1_4' title="bbox 211 414 1268 467">
    <p class='ocr_par' dir='ltr' id='par_1_4' title="bbox 211 414 1268 467">
     <span class='ocr_line' id='line_1_4' title="bbox 211 414 1268 467; baseline -0.005 -12"><span class='ocrx_word' id='word_1_17' title='bbox 211 418 386 467; x_wconf 84' lang='lat' dir='ltr'><strong>Synodum</strong></span> <span class='ocrx_word' id='word_1_18' title='bbox 401 417 552 464; x_wconf 76' lang='lat' dir='ltr'><strong>collegit,</strong></span> <span class='ocrx_word' id='word_1_19' title='bbox 567 422 698 453; x_wconf 87' lang='lat' dir='ltr'><strong>etcum</strong></span> <span class='ocrx_word' id='word_1_20' title='bbox 720 415 864 460; x_wconf 86' lang='lat' dir='ltr'><strong>Acacio,</strong></span> <span class='ocrx_word' id='word_1_21' title='bbox 879 414 1072 452; x_wconf 86' lang='lat' dir='ltr'><strong>Severiano</strong></span> <span class='ocrx_word' id='word_1_22' title='bbox 1092 420 1129 450; x_wconf 89' lang='lat' dir='ltr'><strong>et</strong></span> <span class='ocrx_word' id='word_1_23' title='bbox 1147 414 1268 450; x_wconf 87' lang='lat' dir='ltr'><strong>Antio-</strong></span> 
     </span>
    </p>
   </div>
   <div class='ocr_carea' id='block_1_5' title="bbox 210 476 866 526">
    <p class='ocr_par' dir='ltr' id='par_1_5' title="bbox 210 476 866 526">
     <span class='ocr_line' id='line_1_5' title="bbox 210 476 866 526; baseline -0.005 -10"><span class='ocrx_word' id='word_1_24' title='bbox 210 481 276 517; x_wconf 84' lang='lat' dir='ltr'><strong>cho</strong></span> <span class='ocrx_word' id='word_1_25' title='bbox 291 480 444 523; x_wconf 88' lang='lat' dir='ltr'><strong>iniquum</strong></span> <span class='ocrx_word' id='word_1_26' title='bbox 462 479 680 526; x_wconf 89' lang='lat' dir='ltr'><strong>propositum</strong></span> <span class='ocrx_word' id='word_1_27' title='bbox 699 476 866 523; x_wconf 81' lang='lat' dir='ltr'><strong>explevit.</strong></span> 
     </span>
    </p>
   </div>
   <div class='ocr_carea' id='block_1_6' title="bbox 255 535 1263 586">
    <p class='ocr_par' dir='ltr' id='par_1_6' title="bbox 255 535 1263 586">
     <span class='ocr_line' id='line_1_6' title="bbox 255 535 1263 586; baseline -0.005 -9"><span class='ocrx_word' id='word_1_28' title='bbox 255 541 345 578; x_wconf 86' lang='lat' dir='ltr'><strong>Nihil</strong></span> <span class='ocrx_word' id='word_1_29' title='bbox 376 541 423 577; x_wconf 87' lang='lat' dir='ltr'><strong>ibi</strong></span> <span class='ocrx_word' id='word_1_30' title='bbox 451 541 496 577; x_wconf 90' lang='lat' dir='ltr'><strong>de</strong></span> <span class='ocrx_word' id='word_1_31' title='bbox 524 540 686 586; x_wconf 81' lang='lat' dir='ltr'><strong>Origenis</strong></span> <span class='ocrx_word' id='word_1_32' title='bbox 707 538 848 585; x_wconf 90' lang='lat' dir='ltr'><strong>seriptis</strong></span> <span class='ocrx_word' id='word_1_33' title='bbox 878 538 911 574; x_wconf 92' lang='lat' dir='ltr'><strong>in</strong></span> <span class='ocrx_word' id='word_1_34' title='bbox 939 537 1056 574; x_wconf 89' lang='lat' dir='ltr'><strong>medio</strong></span> <span class='ocrx_word' id='word_1_35' title='bbox 1087 535 1263 583; x_wconf 90' lang='lat' dir='ltr'><strong>prolatum</strong></span> 
     </span>
    </p>
   </div>
   <div class='ocr_carea' id='block_1_7' title="bbox 209 599 1264 648">
    <p class='ocr_par' dir='ltr' id='par_1_7' title="bbox 209 599 1264 648">
     <span class='ocr_line' id='line_1_7' title="bbox 209 599 1264 648; baseline -0.004 -8"><span class='ocrx_word' id='word_1_36' title='bbox 209 605 282 648; x_wconf 76' lang='lat' dir='ltr'><strong>fuit,</strong></span> <span class='ocrx_word' id='word_1_37' title='bbox 301 604 385 640; x_wconf 84' lang='lat' dir='ltr'><strong>nihil</strong></span> <span class='ocrx_word' id='word_1_38' title='bbox 403 603 446 640; x_wconf 90' lang='lat' dir='ltr'><strong>de</strong></span> <span class='ocrx_word' id='word_1_39' title='bbox 463 602 645 638; x_wconf 74' lang='lat' dir='ltr'><strong>Fratribus</strong></span> <span class='ocrx_word' id='word_1_40' title='bbox 662 601 792 648; x_wconf 80' lang='lat' dir='ltr'><strong>Longis</strong></span> <span class='ocrx_word' id='word_1_41' title='bbox 809 599 998 636; x_wconf 78' lang='lat' dir='ltr'><strong>Ammonio</strong></span> <span class='ocrx_word' id='word_1_42' title='bbox 1018 605 1054 636; x_wconf 88' lang='lat' dir='ltr'><strong>et</strong></span> <span class='ocrx_word' id='word_1_43' title='bbox 1071 599 1164 643; x_wconf 85' lang='lat' dir='ltr'><strong>aliis,</strong></span> <span class='ocrx_word' id='word_1_44' title='bbox 1184 610 1264 646; x_wconf 72' lang='lat' dir='ltr'><strong>qua:</strong></span> 
     </span>
    </p>
   </div>
   <div class='ocr_carea' id='block_1_8' title="bbox 209 661 1262 708">
    <p class='ocr_par' dir='ltr' id='par_1_8' title="bbox 209 661 1262 708">
     <span class='ocr_line' id='line_1_8' title="bbox 209 661 1262 708; baseline -0.005 -7"><span class='ocrx_word' id='word_1_45' title='bbox 209 673 321 702; x_wconf 89' lang='lat' dir='ltr'><strong>tamen</strong></span> <span class='ocrx_word' id='word_1_46' title='bbox 348 675 414 700; x_wconf 90' lang='lat' dir='ltr'><strong>una</strong></span> <span class='ocrx_word' id='word_1_47' title='bbox 444 663 614 700; x_wconf 73' lang='lat' dir='ltr'><strong>hactenus</strong></span> <span class='ocrx_word' id='word_1_48' title='bbox 643 662 841 708; x_wconf 72' lang='lat' dir='ltr'><strong>TheOphilo</strong></span> <span class='ocrx_word' id='word_1_49' title='bbox 869 662 1010 697; x_wconf 76' lang='lat' dir='ltr'><strong>fuerant</strong></span> <span class='ocrx_word' id='word_1_50' title='bbox 1035 661 1262 708; x_wconf 91' lang='lat' dir='ltr'><strong>querelarum</strong></span> 
     </span>
    </p>
   </div>
   <div class='ocr_carea' id='block_1_9' title="bbox 207 722 1263 772">
    <p class='ocr_par' dir='ltr' id='par_1_9' title="bbox 207 722 1263 772">
     <span class='ocr_line' id='line_1_9' title="bbox 207 722 1263 772; baseline -0.003 -9"><span class='ocrx_word' id='word_1_51' title='bbox 207 737 309 764; x_wconf 90' lang='lat' dir='ltr'><strong>causa</strong></span> <span class='ocrx_word' id='word_1_52' title='bbox 329 738 336 761; x_wconf 95' lang='lat'><strong>:</strong></span> <span class='ocrx_word' id='word_1_53' title='bbox 358 736 425 772; x_wconf 86' lang='lat' dir='ltr'><strong>pax</strong></span> <span class='ocrx_word' id='word_1_54' title='bbox 448 725 538 761; x_wconf 83' lang='lat' dir='ltr'><strong>facta</strong></span> <span class='ocrx_word' id='word_1_55' title='bbox 569 735 649 761; x_wconf 94' lang='lat' dir='ltr'><strong>cum</strong></span> <span class='ocrx_word' id='word_1_56' title='bbox 679 725 750 760; x_wconf 85' lang='lat' dir='ltr'><strong>illis</strong></span> <span class='ocrx_word' id='word_1_57' title='bbox 776 729 864 760; x_wconf 89' lang='lat' dir='ltr'><strong>erat.</strong></span> <span class='ocrx_word' id='word_1_58' title='bbox 897 722 1158 760; x_wconf 86' lang='lat' dir='ltr'><strong>Consccleratis</strong></span> <span class='ocrx_word' id='word_1_59' title='bbox 1182 733 1263 760; x_wconf 85' lang='lat' dir='ltr'><strong>sese</strong></span> 
     </span>
    </p>
   </div>
   <div class='ocr_carea' id='block_1_10' title="bbox 205 785 1261 835">
    <p class='ocr_par' dir='ltr' id='par_1_10' title="bbox 205 785 1261 835">
     <span class='ocr_line' id='line_1_10' title="bbox 205 785 1261 835; baseline -0.004 -11"><span class='ocrx_word' id='word_1_60' title='bbox 205 788 363 834; x_wconf 70' lang='lat' dir='ltr'><strong>adiunxit</strong></span> <span class='ocrx_word' id='word_1_61' title='bbox 381 787 544 835; x_wconf 82' lang='lat' dir='ltr'><strong>Cyrinus,</strong></span> <span class='ocrx_word' id='word_1_62' title='bbox 565 786 801 824; x_wconf 84' lang='lat' dir='ltr'><strong>Chalcedenis</strong></span> <span class='ocrx_word' id='word_1_63' title='bbox 825 787 1028 832; x_wconf 85' lang='lat' dir='ltr'><strong>episcopus,</strong></span> <span class='ocrx_word' id='word_1_64' title='bbox 1049 796 1154 832; x_wconf 88' lang='lat' dir='ltr'><strong>quem</strong></span> <span class='ocrx_word' id='word_1_65' title='bbox 1173 785 1261 820; x_wconf 87' lang='lat' dir='ltr'><strong>vidi-</strong></span> 
     </span>
    </p>
   </div>
   <div class='ocr_carea' id='block_1_11' title="bbox 207 847 1262 896">
    <p class='ocr_par' dir='ltr' id='par_1_11' title="bbox 207 847 1262 896">
     <span class='ocr_line' id='line_1_11' title="bbox 207 847 1262 896; baseline -0.002 -10"><span class='ocrx_word' id='word_1_66' title='bbox 207 860 284 886; x_wconf 88' lang='lat' dir='ltr'><strong>nms</strong></span> <span class='ocrx_word' id='word_1_67' title='bbox 309 861 352 886; x_wconf 86' lang='lat' dir='ltr'><strong>ex</strong></span> <span class='ocrx_word' id='word_1_68' title='bbox 379 849 569 896; x_wconf 81' lang='lat' dir='ltr'><strong>improviso</strong></span> <span class='ocrx_word' id='word_1_69' title='bbox 600 849 770 885; x_wconf 83' lang='lat' dir='ltr'><strong>Marulhae</strong></span> <span class='ocrx_word' id='word_1_70' title='bbox 796 858 920 894; x_wconf 81' lang='lat' dir='ltr'><strong>gressu</strong></span> <span class='ocrx_word' id='word_1_71' title='bbox 949 848 1046 894; x_wconf 87' lang='lat' dir='ltr'><strong>pedis</strong></span> <span class='ocrx_word' id='word_1_72' title='bbox 1077 847 1262 884; x_wconf 85' lang='lat' dir='ltr'><strong>doloribus</strong></span> 
     </span>
    </p>
   </div>
   <div class='ocr_carea' id='block_1_12' title="bbox 206 910 1260 958">
    <p class='ocr_par' dir='ltr' id='par_1_12' title="bbox 206 910 1260 958">
     <span class='ocr_line' id='line_1_12' title="bbox 206 910 1260 958; baseline -0.004 -10"><span class='ocrx_word' id='word_1_73' title='bbox 206 912 436 956; x_wconf 72' lang='lat' dir='ltr'><strong>laborantem,</strong></span> <span class='ocrx_word' id='word_1_74' title='bbox 454 912 513 958; x_wconf 91' lang='lat' dir='ltr'><strong>qui</strong></span> <span class='ocrx_word' id='word_1_75' title='bbox 529 917 612 948; x_wconf 89' lang='lat' dir='ltr'><strong>tunc</strong></span> <span class='ocrx_word' id='word_1_76' title='bbox 630 921 694 947; x_wconf 89' lang='lat' dir='ltr'><strong>nec</strong></span> <span class='ocrx_word' id='word_1_77' title='bbox 715 911 828 946; x_wconf 89' lang='lat' dir='ltr'><strong>morbi</strong></span> <span class='ocrx_word' id='word_1_78' title='bbox 845 910 968 947; x_wconf 84' lang='lat' dir='ltr'><strong>dolore</strong></span> <span class='ocrx_word' id='word_1_79' title='bbox 985 910 1210 956; x_wconf 67' lang='lat' dir='ltr'><strong>prmpeditns,</strong></span> <span class='ocrx_word' id='word_1_80' title='bbox 1226 910 1260 945; x_wconf 92' lang='lat' dir='ltr'><strong>in</strong></span> 
     </span>
    </p>
   </div>
   <div class='ocr_carea' id='block_1_13' title="bbox 203 970 1258 1019">
    <p class='ocr_par' dir='ltr' id='par_1_13' title="bbox 203 970 1258 1019">
     <span class='ocr_line' id='line_1_13' title="bbox 203 970 1258 1019; baseline -0.001 -10"><span class='ocrx_word' id='word_1_81' title='bbox 203 972 372 1009; x_wconf 69' lang='lat' dir='ltr'><strong>Joannem</strong></span> <span class='ocrx_word' id='word_1_82' title='bbox 392 982 456 1008; x_wconf 87' lang='lat' dir='ltr'><strong>ceu</strong></span> <span class='ocrx_word' id='word_1_83' title='bbox 476 972 588 1008; x_wconf 89' lang='lat' dir='ltr'><strong>hostis</strong></span> <span class='ocrx_word' id='word_1_84' title='bbox 615 971 806 1008; x_wconf 90' lang='lat' dir='ltr'><strong>insnrrexit</strong></span> <span class='ocrx_word' id='word_1_85' title='bbox 835 970 999 1019; x_wconf 77' lang='lat' dir='ltr'><strong>(Sozam.</strong></span> <span class='ocrx_word' id='word_1_86' title='bbox 1018 972 1042 1008; x_wconf 81' lang='grc' dir='ltr'><strong>ι.</strong></span> <span class='ocrx_word' id='word_1_87' title='bbox 1064 971 1098 1008; x_wconf 94' lang='lat'><strong>8.</strong></span> <span class='ocrx_word' id='word_1_88' title='bbox 1120 982 1152 1006; x_wconf 88' lang='lat' dir='ltr'><strong>c.</strong></span> <span class='ocrx_word' id='word_1_89' title='bbox 1174 971 1258 1019; x_wconf 84' lang='lat' dir='ltr'><strong>l6).</strong></span> 
     </span>
    </p>
   </div>
   <div class='ocr_carea' id='block_1_14' title="bbox 207 1033 1260 1080">
    <p class='ocr_par' dir='ltr' id='par_1_14' title="bbox 207 1033 1260 1080">
     <span class='ocr_line' id='line_1_14' title="bbox 207 1033 1260 1080; baseline 0 -10"><span class='ocrx_word' id='word_1_90' title='bbox 207 1033 291 1070; x_wconf 91' lang='lat' dir='ltr'><strong>Illud</strong></span> <span class='ocrx_word' id='word_1_91' title='bbox 309 1045 406 1077; x_wconf 86' lang='lat' dir='ltr'><strong>vero,</strong></span> <span class='ocrx_word' id='word_1_92' title='bbox 425 1041 461 1070; x_wconf 91' lang='lat' dir='ltr'><strong>ut</strong></span> <span class='ocrx_word' id='word_1_93' title='bbox 477 1033 627 1080; x_wconf 80' lang='lat' dir='ltr'><strong>carptim</strong></span> <span class='ocrx_word' id='word_1_94' title='bbox 645 1033 775 1076; x_wconf 90' lang='lat' dir='ltr'><strong>dicam,</strong></span> <span class='ocrx_word' id='word_1_95' title='bbox 791 1043 861 1070; x_wconf 90' lang='lat' dir='ltr'><strong>non</strong></span> <span class='ocrx_word' id='word_1_96' title='bbox 877 1033 1020 1079; x_wconf 87' lang='lat' dir='ltr'><strong>impune</strong></span> <span class='ocrx_word' id='word_1_97' title='bbox 1038 1033 1120 1070; x_wconf 84' lang='lat' dir='ltr'><strong>fecit</strong></span> <span class='ocrx_word' id='word_1_98' title='bbox 1139 1045 1146 1068; x_wconf 93' lang='lat'>:</span> <span class='ocrx_word' id='word_1_99' title='bbox 1169 1039 1260 1080; x_wconf 88' lang='lat' dir='ltr'><strong>post-</strong></span> 
     </span>
    </p>
   </div>
   <div class='ocr_carea' id='block_1_15' title="bbox 203 1094 1261 1142">
    <p class='ocr_par' dir='ltr' id='par_1_15' title="bbox 203 1094 1261 1142">
     <span class='ocr_line' id='line_1_15' title="bbox 203 1094 1261 1142; baseline 0.002 -12"><span class='ocrx_word' id='word_1_100' title='bbox 203 1104 242 1130; x_wconf 88' lang='lat' dir='ltr'><strong>ea</strong></span> <span class='ocrx_word' id='word_1_101' title='bbox 270 1095 362 1130; x_wconf 88' lang='lat' dir='ltr'><strong>enim</strong></span> <span class='ocrx_word' id='word_1_102' title='bbox 393 1105 474 1131; x_wconf 90' lang='lat' dir='ltr'><strong>cum</strong></span> <span class='ocrx_word' id='word_1_103' title='bbox 501 1094 594 1132; x_wconf 83' lang='lat' dir='ltr'><strong>male</strong></span> <span class='ocrx_word' id='word_1_104' title='bbox 622 1094 792 1136; x_wconf 89' lang='lat' dir='ltr'><strong>haberet,</strong></span> <span class='ocrx_word' id='word_1_105' title='bbox 809 1104 892 1131; x_wconf 88' lang='lat' dir='ltr'><strong>crus</strong></span> <span class='ocrx_word' id='word_1_106' title='bbox 910 1095 942 1132; x_wconf 88' lang='lat' dir='ltr'><strong>ei</strong></span> <span class='ocrx_word' id='word_1_107' title='bbox 964 1104 1060 1142; x_wconf 80' lang='lat' dir='ltr'><strong>saepe</strong></span> <span class='ocrx_word' id='word_1_108' title='bbox 1075 1105 1094 1130; x_wconf 89' lang='lat' dir='ltr'><strong>a</strong></span> <span class='ocrx_word' id='word_1_109' title='bbox 1113 1095 1261 1132; x_wconf 87' lang='lat' dir='ltr'><strong>medicis</strong></span> 
     </span>
    </p>
   </div>
   <div class='ocr_carea' id='block_1_16' title="bbox 203 1157 1260 1204">
    <p class='ocr_par' dir='ltr' id='par_1_16' title="bbox 203 1157 1260 1204">
     <span class='ocr_line' id='line_1_16' title="bbox 203 1157 1260 1204; baseline 0.002 -12"><span class='ocrx_word' id='word_1_110' title='bbox 203 1157 391 1193; x_wconf 64' lang='lat' dir='ltr'><strong>dissectum</strong></span> <span class='ocrx_word' id='word_1_111' title='bbox 411 1162 478 1194; x_wconf 83' lang='lat' dir='ltr'><strong>est.</strong></span> <span class='ocrx_word' id='word_1_112' title='bbox 497 1157 758 1204; x_wconf 76' lang='lat' dir='ltr'><strong>Superveniens</strong></span> <span class='ocrx_word' id='word_1_113' title='bbox 775 1157 870 1194; x_wconf 88' lang='lat' dir='ltr'><strong>enim</strong></span> <span class='ocrx_word' id='word_1_114' title='bbox 887 1158 1034 1204; x_wconf 85' lang='lat' dir='ltr'><strong>putredo</strong></span> <span class='ocrx_word' id='word_1_115' title='bbox 1053 1164 1165 1194; x_wconf 89' lang='lat' dir='ltr'><strong>totum</strong></span> <span class='ocrx_word' id='word_1_116' title='bbox 1181 1168 1260 1195; x_wconf 81' lang='lat' dir='ltr'><strong>cor-</strong></span> 
     </span>
    </p>
   </div>
   <div class='ocr_carea' id='block_1_17' title="bbox 203 1217 1261 1268">
    <p class='ocr_par' dir='ltr' id='par_1_17' title="bbox 203 1217 1261 1268">
     <span class='ocr_line' id='line_1_17' title="bbox 203 1217 1261 1268; baseline 0.005 -17"><span class='ocrx_word' id='word_1_117' title='bbox 203 1227 267 1263; x_wconf 89' lang='lat' dir='ltr'><strong>pns</strong></span> <span class='ocrx_word' id='word_1_118' title='bbox 283 1217 559 1264; x_wconf 78' lang='lat' dir='ltr'><strong>depascebatur;</strong></span> <span class='ocrx_word' id='word_1_119' title='bbox 579 1218 668 1255; x_wconf 90' lang='lat' dir='ltr'><strong>adeo</strong></span> <span class='ocrx_word' id='word_1_120' title='bbox 692 1225 730 1255; x_wconf 91' lang='lat' dir='ltr'><strong>ut</strong></span> <span class='ocrx_word' id='word_1_121' title='bbox 749 1219 839 1256; x_wconf 87' lang='lat' dir='ltr'><strong>alter</strong></span> <span class='ocrx_word' id='word_1_122' title='bbox 851 1229 992 1266; x_wconf 91' lang='lat' dir='ltr'><strong>quoque</strong></span> <span class='ocrx_word' id='word_1_123' title='bbox 1009 1230 1073 1267; x_wconf 90' lang='lat' dir='ltr'><strong>pes</strong></span> <span class='ocrx_word' id='word_1_124' title='bbox 1089 1221 1180 1256; x_wconf 88' lang='lat' dir='ltr'><strong>idem</strong></span> <span class='ocrx_word' id='word_1_125' title='bbox 1199 1231 1261 1268; x_wconf 86' lang='lat' dir='ltr'><strong>pa-</strong></span> 
     </span>
    </p>
   </div>
   <div class='ocr_carea' id='block_1_18' title="bbox 205 1279 1260 1329">
    <p class='ocr_par' dir='ltr' id='par_1_18' title="bbox 205 1279 1260 1329">
     <span class='ocr_line' id='line_1_18' title="bbox 205 1279 1260 1329; baseline 0.006 -15"><span class='ocrx_word' id='word_1_126' title='bbox 205 1284 335 1314; x_wconf 81' lang='lat' dir='ltr'><strong>teretur</strong></span> <span class='ocrx_word' id='word_1_127' title='bbox 351 1290 390 1316; x_wconf 78' lang='lat' dir='ltr'><strong>ex</strong></span> <span class='ocrx_word' id='word_1_128' title='bbox 413 1285 531 1316; x_wconf 90' lang='lat' dir='ltr'><strong>mutua</strong></span> <span class='ocrx_word' id='word_1_129' title='bbox 551 1279 685 1316; x_wconf 87' lang='lat' dir='ltr'><strong>doloris</strong></span> <span class='ocrx_word' id='word_1_130' title='bbox 703 1281 1038 1324; x_wconf 84' lang='lat' dir='ltr'><strong>communicatione,</strong></span> <span class='ocrx_word' id='word_1_131' title='bbox 1059 1287 1168 1329; x_wconf 91' lang='lat' dir='ltr'><strong>atque</strong></span> <span class='ocrx_word' id='word_1_132' title='bbox 1186 1293 1260 1320; x_wconf 91' lang='lat' dir='ltr'><strong>non</strong></span> 
     </span>
    </p>
   </div>
   <div class='ocr_carea' id='block_1_19' title="bbox 201 1341 1261 1392">
    <p class='ocr_par' dir='ltr' id='par_1_19' title="bbox 201 1341 1261 1392">
     <span class='ocr_line' id='line_1_19' title="bbox 201 1341 1261 1392; baseline 0.006 -16"><span class='ocrx_word' id='word_1_133' title='bbox 201 1341 310 1377; x_wconf 78' lang='lat' dir='ltr'><strong>nuilto</strong></span> <span class='ocrx_word' id='word_1_134' title='bbox 335 1347 414 1387; x_wconf 90' lang='lat' dir='ltr'><strong>post</strong></span> <span class='ocrx_word' id='word_1_135' title='bbox 436 1342 469 1378; x_wconf 91' lang='lat' dir='ltr'><strong>in</strong></span> <span class='ocrx_word' id='word_1_136' title='bbox 487 1341 668 1379; x_wconf 83' lang='lat' dir='ltr'><strong>doloribus</strong></span> <span class='ocrx_word' id='word_1_137' title='bbox 685 1343 880 1380; x_wconf 80' lang='lat' dir='ltr'><strong>exstinctus</strong></span> <span class='ocrx_word' id='word_1_138' title='bbox 899 1350 966 1380; x_wconf 88' lang='lat' dir='ltr'><strong>est.</strong></span> <span class='ocrx_word' id='word_1_139' title='bbox 993 1344 1048 1382; x_wconf 83' lang='lat' dir='ltr'><strong>Ad</strong></span> <span class='ocrx_word' id='word_1_140' title='bbox 1081 1345 1261 1392; x_wconf 82' lang='lat' dir='ltr'><strong>Tthphi-</strong></span> 
     </span>
    </p>
   </div>
   <div class='ocr_carea' id='block_1_20' title="bbox 202 1401 1258 1452">
    <p class='ocr_par' dir='ltr' id='par_1_20' title="bbox 202 1401 1258 1452">
     <span class='ocr_line' id='line_1_20' title="bbox 202 1401 1258 1452; baseline 0.008 -16"><span class='ocrx_word' id='word_1_141' title='bbox 202 1401 271 1438; x_wconf 88' lang='lat' dir='ltr'><strong>lum</strong></span> <span class='ocrx_word' id='word_1_142' title='bbox 292 1401 375 1438; x_wconf 84' lang='lat' dir='ltr'><strong>item</strong></span> <span class='ocrx_word' id='word_1_143' title='bbox 394 1403 523 1440; x_wconf 82' lang='lat' dir='ltr'><strong>defecit</strong></span> <span class='ocrx_word' id='word_1_144' title='bbox 541 1403 672 1440; x_wconf 84' lang='lat' dir='ltr'><strong>Paulus</strong></span> <span class='ocrx_word' id='word_1_145' title='bbox 693 1404 944 1450; x_wconf 80' lang='lat' dir='ltr'><strong>Heracleotes,</strong></span> <span class='ocrx_word' id='word_1_146' title='bbox 972 1405 1032 1452; x_wconf 89' lang='lat' dir='ltr'><strong>qui</strong></span> <span class='ocrx_word' id='word_1_147' title='bbox 1053 1417 1122 1443; x_wconf 91' lang='lat' dir='ltr'><strong>non</strong></span> <span class='ocrx_word' id='word_1_148' title='bbox 1147 1407 1258 1445; x_wconf 87' lang='lat' dir='ltr'><strong>semel</strong></span> 
     </span>
    </p>
   </div>
   <div class='ocr_carea' id='block_1_21' title="bbox 201 1463 1260 1512">
    <p class='ocr_par' dir='ltr' id='par_1_21' title="bbox 201 1463 1260 1512">
     <span class='ocr_line' id='line_1_21' title="bbox 201 1463 1260 1512; baseline 0.002 -10"><span class='ocrx_word' id='word_1_149' title='bbox 201 1474 220 1502; x_wconf 80' lang='lat' dir='ltr'><strong>tt</strong></span> <span class='ocrx_word' id='word_1_150' title='bbox 242 1463 377 1501; x_wconf 91' lang='lat' dir='ltr'><strong>Joanne</strong></span> <span class='ocrx_word' id='word_1_151' title='bbox 405 1465 438 1501; x_wconf 92' lang='lat' dir='ltr'><strong>in</strong></span> <span class='ocrx_word' id='word_1_152' title='bbox 465 1465 615 1512; x_wconf 80' lang='lat' dir='ltr'><strong>negotiis</strong></span> <span class='ocrx_word' id='word_1_153' title='bbox 641 1466 821 1504; x_wconf 85' lang='lat' dir='ltr'><strong>adhibitus</strong></span> <span class='ocrx_word' id='word_1_154' title='bbox 847 1466 975 1505; x_wconf 81' lang='lat' dir='ltr'><strong>fuerat.</strong></span> <span class='ocrx_word' id='word_1_155' title='bbox 1005 1467 1095 1512; x_wconf 84' lang='lat' dir='ltr'><strong>Quid</strong></span> <span class='ocrx_word' id='word_1_156' title='bbox 1115 1468 1143 1504; x_wconf 91' lang='lat' dir='ltr'><strong>si</strong></span> <span class='ocrx_word' id='word_1_157' title='bbox 1164 1467 1260 1506; x_wconf 81' lang='lat' dir='ltr'><strong>diea-</strong></span> 
     </span>
    </p>
   </div>
   <div class='ocr_carea' id='block_1_22' title="bbox 201 1525 1259 1574">
    <p class='ocr_par' dir='ltr' id='par_1_22' title="bbox 201 1525 1259 1574">
     <span class='ocr_line' id='line_1_22' title="bbox 201 1525 1259 1574; baseline 0.006 -16"><span class='ocrx_word' id='word_1_158' title='bbox 201 1534 291 1567; x_wconf 93' lang='lat' dir='ltr'><strong>mns,</strong></span> <span class='ocrx_word' id='word_1_159' title='bbox 319 1535 399 1560; x_wconf 86' lang='lat' dir='ltr'><strong>cum</strong></span> <span class='ocrx_word' id='word_1_160' title='bbox 431 1525 627 1572; x_wconf 82' lang='lat' dir='ltr'><strong>&#39;l&#39;hcophilo</strong></span> <span class='ocrx_word' id='word_1_161' title='bbox 654 1532 780 1571; x_wconf 86' lang='lat' dir='ltr'><strong>patruo</strong></span> <span class='ocrx_word' id='word_1_162' title='bbox 810 1537 876 1562; x_wconf 89' lang='lat' dir='ltr'><strong>suo</strong></span> <span class='ocrx_word' id='word_1_163' title='bbox 904 1527 1058 1564; x_wconf 81' lang='lat' dir='ltr'><strong>adfuisse</strong></span> <span class='ocrx_word' id='word_1_164' title='bbox 1087 1527 1259 1574; x_wconf 83' lang='lat' dir='ltr'><strong>Cyrillum</strong></span> 
     </span>
    </p>
   </div>
   <div class='ocr_carea' id='block_1_23' title="bbox 199 1585 1258 1633">
    <p class='ocr_par' dir='ltr' id='par_1_23' title="bbox 199 1585 1258 1633">
     <span class='ocr_line' id='line_1_23' title="bbox 199 1585 1258 1633; baseline 0.006 -15"><span class='ocrx_word' id='word_1_165' title='bbox 199 1585 376 1632; x_wconf 69' lang='lat' dir='ltr'><strong>iuvenem,</strong></span> <span class='ocrx_word' id='word_1_166' title='bbox 395 1586 454 1632; x_wconf 87' lang='lat' dir='ltr'><strong>qui</strong></span> <span class='ocrx_word' id='word_1_167' title='bbox 475 1593 592 1632; x_wconf 72' lang='lat' dir='ltr'><strong>postea</strong></span> <span class='ocrx_word' id='word_1_168' title='bbox 612 1586 810 1632; x_wconf 86' lang='lat' dir='ltr'><strong>Theophilo</strong></span> <span class='ocrx_word' id='word_1_169' title='bbox 829 1589 1012 1633; x_wconf 89' lang='lat' dir='ltr'><strong>successit,</strong></span> <span class='ocrx_word' id='word_1_170' title='bbox 1032 1599 1072 1626; x_wconf 89' lang='lat' dir='ltr'><strong>ac</strong></span> <span class='ocrx_word' id='word_1_171' title='bbox 1099 1589 1258 1625; x_wconf 88' lang='lat' dir='ltr'><strong>doctrina</strong></span> 
     </span>
    </p>
   </div>
   <div class='ocr_carea' id='block_1_24' title="bbox 199 1647 776 1694">
    <p class='ocr_par' dir='ltr' id='par_1_24' title="bbox 199 1647 776 1694">
     <span class='ocr_line' id='line_1_24' title="bbox 199 1647 776 1694; baseline 0.003 -11"><span class='ocrx_word' id='word_1_172' title='bbox 199 1647 502 1694; x_wconf 79' lang='lat' dir='ltr'><strong>sanetimouiaquc</strong></span> <span class='ocrx_word' id='word_1_173' title='bbox 517 1648 670 1685; x_wconf 79' lang='lat' dir='ltr'><strong>celebris</strong></span> <span class='ocrx_word' id='word_1_174' title='bbox 691 1649 776 1685; x_wconf 79' lang='lat' dir='ltr'><strong>fuit?</strong></span> 
     </span>
    </p>
   </div>
   <div class='ocr_carea' id='block_1_25' title="bbox 245 1705 1256 1757">
    <p class='ocr_par' dir='ltr' id='par_1_25' title="bbox 245 1705 1256 1757">
     <span class='ocr_line' id='line_1_25' title="bbox 245 1705 1256 1757; baseline 0.002 -13"><span class='ocrx_word' id='word_1_175' title='bbox 245 1705 504 1744; x_wconf 80' lang='lat' dir='ltr'><strong>Criminationes</strong></span> <span class='ocrx_word' id='word_1_176' title='bbox 534 1714 652 1744; x_wconf 83' lang='lat' dir='ltr'><strong>contra</strong></span> <span class='ocrx_word' id='word_1_177' title='bbox 681 1707 957 1757; x_wconf 73' lang='lat' dir='ltr'><strong>C/irysostomum</strong></span> <span class='ocrx_word' id='word_1_178' title='bbox 984 1709 1118 1747; x_wconf 70' lang='lat' dir='ltr'><strong>oblnlaz.</strong></span> <span class='ocrx_word' id='word_1_179' title='bbox 1139 1731 1186 1737; x_wconf 90' lang='lat'><strong><em>—</em></strong></span> <span class='ocrx_word' id='word_1_180' title='bbox 1215 1710 1256 1746; x_wconf 93' lang='lat' dir='ltr'><strong>lli</strong></span> 
     </span>
    </p>
   </div>
   <div class='ocr_carea' id='block_1_26' title="bbox 197 1769 1256 1816">
    <p class='ocr_par' dir='ltr' id='par_1_26' title="bbox 197 1769 1256 1816">
     <span class='ocr_line' id='line_1_26' title="bbox 197 1769 1256 1816; baseline 0.002 -10"><span class='ocrx_word' id='word_1_181' title='bbox 197 1769 302 1806; x_wconf 82' lang='lat' dir='ltr'><strong>simul</strong></span> <span class='ocrx_word' id='word_1_182' title='bbox 316 1769 468 1816; x_wconf 80' lang='lat' dir='ltr'><strong>judices,</strong></span> <span class='ocrx_word' id='word_1_183' title='bbox 488 1777 713 1807; x_wconf 88' lang='lat' dir='ltr'><strong>accusatores</strong></span> <span class='ocrx_word' id='word_1_184' title='bbox 732 1777 768 1808; x_wconf 92' lang='lat' dir='ltr'><strong>ct</strong></span> <span class='ocrx_word' id='word_1_185' title='bbox 794 1777 902 1807; x_wconf 90' lang='lat' dir='ltr'><strong>testes</strong></span> <span class='ocrx_word' id='word_1_186' title='bbox 927 1777 1027 1807; x_wconf 90' lang='lat' dir='ltr'><strong>erant</strong></span> <span class='ocrx_word' id='word_1_187' title='bbox 1041 1799 1050 1816; x_wconf 94' lang='lat'><strong>,</strong></span> <span class='ocrx_word' id='word_1_188' title='bbox 1071 1771 1126 1808; x_wconf 85' lang='lat' dir='ltr'><strong>vel</strong></span> <span class='ocrx_word' id='word_1_189' title='bbox 1149 1777 1256 1808; x_wconf 87' lang='lat' dir='ltr'><strong>testes</strong></span> 
     </span>
    </p>
   </div>
   <div class='ocr_carea' id='block_1_27' title="bbox 198 1831 1256 1880">
    <p class='ocr_par' dir='ltr' id='par_1_27' title="bbox 198 1831 1256 1880">
     <span class='ocr_line' id='line_1_27' title="bbox 198 1831 1256 1880; baseline 0 -10"><span class='ocrx_word' id='word_1_190' title='bbox 198 1832 304 1870; x_wconf 79' lang='lat' dir='ltr'><strong>falsos</strong></span> <span class='ocrx_word' id='word_1_191' title='bbox 325 1833 537 1870; x_wconf 86' lang='lat' dir='ltr'><strong>advocarant</strong></span> <span class='ocrx_word' id='word_1_192' title='bbox 566 1832 738 1880; x_wconf 82' lang='lat' dir='ltr'><strong>(P/totius</strong></span> <span class='ocrx_word' id='word_1_193' title='bbox 765 1831 926 1869; x_wconf 73' lang='lat' dir='ltr'><strong>Bibliot/t.</strong></span> <span class='ocrx_word' id='word_1_194' title='bbox 947 1833 1022 1869; x_wconf 81' lang='lat' dir='ltr'><strong>cod.</strong></span> <span class='ocrx_word' id='word_1_195' title='bbox 1045 1833 1141 1880; x_wconf 71' lang='lat' dir='ltr'><strong>LIX).</strong></span> <span class='ocrx_word' id='word_1_196' title='bbox 1169 1833 1256 1870; x_wconf 88' lang='lat' dir='ltr'><strong>Tre-</strong></span> 
     </span>
    </p>
   </div>
   <div class='ocr_carea' id='block_1_28' title="bbox 197 1893 1254 1945">
    <p class='ocr_par' dir='ltr' id='par_1_28' title="bbox 197 1893 1254 1945">
     <span class='ocr_line' id='line_1_28' title="bbox 197 1893 1254 1945; baseline 0.001 -13"><span class='ocrx_word' id='word_1_197' title='bbox 197 1893 307 1932; x_wconf 89' lang='lat' dir='ltr'><strong>decim</strong></span> <span class='ocrx_word' id='word_1_198' title='bbox 329 1893 404 1930; x_wconf 75' lang='lat' dir='ltr'><strong>haec</strong></span> <span class='ocrx_word' id='word_1_199' title='bbox 420 1895 617 1930; x_wconf 89' lang='lat' dir='ltr'><strong>actionibus</strong></span> <span class='ocrx_word' id='word_1_200' title='bbox 636 1900 774 1940; x_wconf 81' lang='lat' dir='ltr'><strong>peracta</strong></span> <span class='ocrx_word' id='word_1_201' title='bbox 796 1901 878 1931; x_wconf 91' lang='lat' dir='ltr'><strong>sunt</strong></span> <span class='ocrx_word' id='word_1_202' title='bbox 895 1908 904 1931; x_wconf 88' lang='lat'><strong>:</strong></span> <span class='ocrx_word' id='word_1_203' title='bbox 921 1895 1107 1932; x_wconf 86' lang='lat' dir='ltr'><strong>duodecim</strong></span> <span class='ocrx_word' id='word_1_204' title='bbox 1125 1906 1254 1945; x_wconf 87' lang='lat' dir='ltr'><strong>nempe</strong></span> 
     </span>
    </p>
   </div>
   <div class='ocr_carea' id='block_1_29' title="bbox 197 1955 1253 2002">
    <p class='ocr_par' dir='ltr' id='par_1_29' title="bbox 197 1955 1253 2002">
     <span class='ocr_line' id='line_1_29' title="bbox 197 1955 1253 2002; baseline 0.003 -11"><span class='ocrx_word' id='word_1_205' title='bbox 197 1961 316 1991; x_wconf 81' lang='lat' dir='ltr'><strong>contra</strong></span> <span class='ocrx_word' id='word_1_206' title='bbox 336 1955 508 1992; x_wconf 90' lang='lat' dir='ltr'><strong>Joannem</strong></span> <span class='ocrx_word' id='word_1_207' title='bbox 535 1955 682 2002; x_wconf 70' lang='lat' dir='ltr'><strong>prolata:</strong></span> <span class='ocrx_word' id='word_1_208' title='bbox 709 1961 815 2002; x_wconf 90' lang='lat' dir='ltr'><strong>sunt,</strong></span> <span class='ocrx_word' id='word_1_209' title='bbox 847 1957 949 1994; x_wconf 88' lang='lat' dir='ltr'><strong>tertia</strong></span> <span class='ocrx_word' id='word_1_210' title='bbox 970 1957 1110 1994; x_wconf 84' lang='lat' dir='ltr'><strong>decima</strong></span> <span class='ocrx_word' id='word_1_211' title='bbox 1129 1964 1253 1996; x_wconf 90' lang='lat' dir='ltr'><strong>contra</strong></span> 
     </span>
    </p>
   </div>
   <div class='ocr_carea' id='block_1_30' title="bbox 200 2016 1256 2067">
    <p class='ocr_par' dir='ltr' id='par_1_30' title="bbox 200 2016 1256 2067">
     <span class='ocr_line' id='line_1_30' title="bbox 200 2016 1256 2067; baseline 0.005 -15"><span class='ocrx_word' id='word_1_212' title='bbox 200 2016 404 2054; x_wconf 88' lang='lat' dir='ltr'><strong>llcracliden</strong></span> <span class='ocrx_word' id='word_1_213' title='bbox 424 2023 512 2060; x_wconf 85' lang='lat' dir='ltr'><strong>erat,</strong></span> <span class='ocrx_word' id='word_1_214' title='bbox 533 2027 637 2064; x_wconf 87' lang='lat' dir='ltr'><strong>quem</strong></span> <span class='ocrx_word' id='word_1_215' title='bbox 661 2017 824 2064; x_wconf 84' lang='lat' dir='ltr'><strong>Ephesiis</strong></span> <span class='ocrx_word' id='word_1_216' title='bbox 840 2018 899 2054; x_wconf 88' lang='lat' dir='ltr'><strong>ille</strong></span> <span class='ocrx_word' id='word_1_217' title='bbox 913 2019 1095 2056; x_wconf 86' lang='lat' dir='ltr'><strong>ordinarat</strong></span> <span class='ocrx_word' id='word_1_218' title='bbox 1112 2020 1256 2067; x_wconf 87' lang='lat' dir='ltr'><strong>cpisco-</strong></span> 
     </span>
    </p>
   </div>
   <div class='ocr_carea' id='block_1_31' title="bbox 199 2077 1250 2126">
    <p class='ocr_par' dir='ltr' id='par_1_31' title="bbox 199 2077 1250 2126">
     <span class='ocr_line' id='line_1_31' title="bbox 199 2077 1250 2126; baseline 0.006 -13"><span class='ocrx_word' id='word_1_219' title='bbox 199 2087 276 2122; x_wconf 90' lang='lat' dir='ltr'><strong>pum</strong></span> <span class='ocrx_word' id='word_1_220' title='bbox 297 2090 304 2114; x_wconf 91' lang='lat'><strong>:</strong></span> <span class='ocrx_word' id='word_1_221' title='bbox 325 2077 424 2124; x_wconf 88' lang='lat' dir='ltr'><strong>cujus</strong></span> <span class='ocrx_word' id='word_1_222' title='bbox 445 2084 560 2115; x_wconf 86' lang='lat' dir='ltr'><strong>tamen</strong></span> <span class='ocrx_word' id='word_1_223' title='bbox 579 2078 838 2125; x_wconf 90' lang='lat' dir='ltr'><strong>depositionem</strong></span> <span class='ocrx_word' id='word_1_224' title='bbox 859 2079 1050 2116; x_wconf 80' lang='lat' dir='ltr'><strong>invalidam</strong></span> <span class='ocrx_word' id='word_1_225' title='bbox 1074 2081 1225 2119; x_wconf 85' lang='lat' dir='ltr'><strong>reddere</strong></span> <span class='ocrx_word' id='word_1_226' title='bbox 1241 2109 1250 2126; x_wconf 90' lang='lat'><strong>,</strong></span> 
     </span>
    </p>
   </div>
   <div class='ocr_carea' id='block_1_32' title="bbox 197 2137 1252 2186">
    <p class='ocr_par' dir='ltr' id='par_1_32' title="bbox 197 2137 1252 2186">
     <span class='ocr_line' id='line_1_32' title="bbox 197 2137 1252 2186; baseline 0.007 -13"><span class='ocrx_word' id='word_1_227' title='bbox 197 2137 272 2174; x_wconf 89' lang='lat' dir='ltr'><strong>aliis</strong></span> <span class='ocrx_word' id='word_1_228' title='bbox 289 2139 467 2175; x_wconf 89' lang='lat' dir='ltr'><strong>nonnullis</strong></span> <span class='ocrx_word' id='word_1_229' title='bbox 486 2139 770 2185; x_wconf 88' lang='lat' dir='ltr'><strong>prohibentibus,</strong></span> <span class='ocrx_word' id='word_1_230' title='bbox 791 2140 936 2176; x_wconf 89' lang='lat' dir='ltr'><strong>minime</strong></span> <span class='ocrx_word' id='word_1_231' title='bbox 955 2146 1158 2186; x_wconf 88' lang='lat' dir='ltr'><strong>potuerunt.</strong></span> <span class='ocrx_word' id='word_1_232' title='bbox 1179 2142 1252 2180; x_wconf 87' lang='lat' dir='ltr'><strong>lle-</strong></span> 
     </span>
    </p>
   </div>
   <div class='ocr_carea' id='block_1_33' title="bbox 198 2199 1253 2249">
    <p class='ocr_par' dir='ltr' id='par_1_33' title="bbox 198 2199 1253 2249">
     <span class='ocr_line' id='line_1_33' title="bbox 198 2199 1253 2249; baseline 0.004 -14"><span class='ocrx_word' id='word_1_233' title='bbox 198 2199 334 2236; x_wconf 62' lang='lat' dir='ltr'><strong>raelidse</strong></span> <span class='ocrx_word' id='word_1_234' title='bbox 346 2205 462 2237; x_wconf 90' lang='lat' dir='ltr'><strong>autem</strong></span> <span class='ocrx_word' id='word_1_235' title='bbox 477 2206 662 2236; x_wconf 85' lang='lat' dir='ltr'><strong>accusator</strong></span> <span class='ocrx_word' id='word_1_236' title='bbox 680 2200 744 2236; x_wconf 81' lang='lat' dir='ltr'><strong>fuit</strong></span> <span class='ocrx_word' id='word_1_237' title='bbox 760 2200 946 2243; x_wconf 82' lang='lat' dir='ltr'><strong>Macarius,</strong></span> <span class='ocrx_word' id='word_1_238' title='bbox 963 2201 1161 2248; x_wconf 78' lang='lat' dir='ltr'><strong>Magnetum</strong></span> <span class='ocrx_word' id='word_1_239' title='bbox 1176 2203 1253 2249; x_wconf 83' lang='lat' dir='ltr'><strong>epi-</strong></span> 
     </span>
    </p>
   </div>
   <div class='ocr_carea' id='block_1_34' title="bbox 197 2260 1256 2308">
    <p class='ocr_par' dir='ltr' id='par_1_34' title="bbox 197 2260 1256 2308">
     <span class='ocr_line' id='line_1_34' title="bbox 197 2260 1256 2308; baseline 0.005 -14"><span class='ocrx_word' id='word_1_240' title='bbox 197 2269 332 2306; x_wconf 88' lang='lat' dir='ltr'><strong>scopus.</strong></span> <span class='ocrx_word' id='word_1_241' title='bbox 374 2260 522 2298; x_wconf 83' lang='lat' dir='ltr'><strong>Joannis</strong></span> <span class='ocrx_word' id='word_1_242' title='bbox 552 2271 638 2298; x_wconf 90' lang='lat' dir='ltr'><strong>vero</strong></span> <span class='ocrx_word' id='word_1_243' title='bbox 680 2260 924 2308; x_wconf 86' lang='lat' dir='ltr'><strong>Chrysostomi</strong></span> <span class='ocrx_word' id='word_1_244' title='bbox 967 2268 1153 2299; x_wconf 70' lang='lat' dir='ltr'><strong>accusator</strong></span> <span class='ocrx_word' id='word_1_245' title='bbox 1191 2263 1256 2299; x_wconf 82' lang='lat' dir='ltr'><strong>fuit</strong></span> 
     </span>
    </p>
   </div>
   <div class='ocr_carea' id='block_1_35' title="bbox 197 2320 1255 2372">
    <p class='ocr_par' dir='ltr' id='par_1_35' title="bbox 197 2320 1255 2372">
     <span class='ocr_line' id='line_1_35' title="bbox 197 2320 1255 2372; baseline 0.005 -15"><span class='ocrx_word' id='word_1_246' title='bbox 197 2320 344 2358; x_wconf 89' lang='lat' dir='ltr'><strong>Joannes</strong></span> <span class='ocrx_word' id='word_1_247' title='bbox 364 2323 552 2367; x_wconf 83' lang='lat' dir='ltr'><strong>Diaconus,</strong></span> <span class='ocrx_word' id='word_1_248' title='bbox 575 2323 730 2370; x_wconf 89' lang='lat' dir='ltr'><strong>episcopi</strong></span> <span class='ocrx_word' id='word_1_249' title='bbox 759 2323 814 2359; x_wconf 90' lang='lat' dir='ltr'><strong>sui</strong></span> <span class='ocrx_word' id='word_1_250' title='bbox 840 2323 954 2370; x_wconf 89' lang='lat' dir='ltr'><strong>palam</strong></span> <span class='ocrx_word' id='word_1_251' title='bbox 973 2323 1100 2369; x_wconf 88' lang='lat' dir='ltr'><strong>hostis,</strong></span> <span class='ocrx_word' id='word_1_252' title='bbox 1116 2325 1176 2372; x_wconf 89' lang='lat' dir='ltr'><strong>qui</strong></span> <span class='ocrx_word' id='word_1_253' title='bbox 1197 2335 1255 2362; x_wconf 89' lang='lat' dir='ltr'><strong>sc-</strong></span> 
     </span>
    </p>
   </div>
   <div class='ocr_carea' id='block_1_36' title="bbox 197 2385 1252 2432">
    <p class='ocr_par' dir='ltr' id='par_1_36' title="bbox 197 2385 1252 2432">
     <span class='ocr_line' id='line_1_36' title="bbox 197 2385 1252 2432; baseline 0.005 -14"><span class='ocrx_word' id='word_1_254' title='bbox 197 2391 339 2429; x_wconf 81' lang='lat' dir='ltr'><strong>quentes</strong></span> <span class='ocrx_word' id='word_1_255' title='bbox 357 2385 624 2422; x_wconf 87' lang='lat' dir='ltr'><strong>criminationes</strong></span> <span class='ocrx_word' id='word_1_256' title='bbox 647 2385 682 2422; x_wconf 90' lang='lat' dir='ltr'><strong>in</strong></span> <span class='ocrx_word' id='word_1_257' title='bbox 711 2385 884 2423; x_wconf 81' lang='lat' dir='ltr'><strong>Joannem</strong></span> <span class='ocrx_word' id='word_1_258' title='bbox 903 2385 1108 2432; x_wconf 88' lang='lat' dir='ltr'><strong>episcopum</strong></span> <span class='ocrx_word' id='word_1_259' title='bbox 1123 2387 1252 2423; x_wconf 88' lang='lat' dir='ltr'><strong>attulit.</strong></span> 
     </span>
    </p>
   </div>
   <div class='ocr_carea' id='block_1_37' title="bbox 243 2445 1256 2496">
    <p class='ocr_par' dir='ltr' id='par_1_37' title="bbox 243 2445 1256 2496">
     <span class='ocr_line' id='line_1_37' title="bbox 243 2445 1256 2496; baseline 0.006 -16"><span class='ocrx_word' id='word_1_260' title='bbox 243 2445 292 2481; x_wconf 72' lang='grc'><strong>1⁸³.</strong></span> <span class='ocrx_word' id='word_1_261' title='bbox 320 2446 419 2492; x_wconf 86' lang='lat' dir='ltr'><strong>Quod</strong></span> <span class='ocrx_word' id='word_1_262' title='bbox 438 2457 477 2484; x_wconf 84' lang='lat' dir='ltr'><strong>se</strong></span> <span class='ocrx_word' id='word_1_263' title='bbox 493 2457 514 2484; x_wconf 89' lang='lat' dir='ltr'><strong>e</strong></span> <span class='ocrx_word' id='word_1_264' title='bbox 533 2447 721 2484; x_wconf 88' lang='lat' dir='ltr'><strong>diaconatu</strong></span> <span class='ocrx_word' id='word_1_265' title='bbox 741 2447 948 2492; x_wconf 83' lang='lat' dir='ltr'><strong>amovissct,</strong></span> <span class='ocrx_word' id='word_1_266' title='bbox 969 2448 1052 2496; x_wconf 89' lang='lat' dir='ltr'><strong>quia</strong></span> <span class='ocrx_word' id='word_1_267' title='bbox 1073 2449 1149 2495; x_wconf 91' lang='lat' dir='ltr'><strong>ipse</strong></span> <span class='ocrx_word' id='word_1_268' title='bbox 1168 2459 1256 2496; x_wconf 88' lang='lat' dir='ltr'><strong>pue-</strong></span> 
     </span>
    </p>
   </div>
   <div class='ocr_carea' id='block_1_38' title="bbox 196 2509 918 2546">
    <p class='ocr_par' dir='ltr' id='par_1_38' title="bbox 196 2509 918 2546">
     <span class='ocr_line' id='line_1_38' title="bbox 196 2509 918 2546; baseline 0.006 -5"><span class='ocrx_word' id='word_1_269' title='bbox 196 2515 270 2542; x_wconf 92' lang='lat' dir='ltr'><strong>rum</strong></span> <span class='ocrx_word' id='word_1_270' title='bbox 287 2516 387 2544; x_wconf 76' lang='lat' dir='ltr'><strong>Sllllll]</strong></span> <span class='ocrx_word' id='word_1_271' title='bbox 407 2509 639 2546; x_wconf 89' lang='lat' dir='ltr'><strong>domesticum</strong></span> <span class='ocrx_word' id='word_1_272' title='bbox 656 2509 918 2546; x_wconf 84' lang='lat' dir='ltr'><strong>verberaverat.</strong></span> 
     </span>
    </p>
   </div>
   <div class='ocr_carea' id='block_1_39' title="bbox 241 2567 1251 2618">
    <p class='ocr_par' dir='ltr' id='par_1_39' title="bbox 241 2567 1251 2618">
     <span class='ocr_line' id='line_1_39' title="bbox 241 2567 1251 2618; baseline 0.004 -15"><span class='ocrx_word' id='word_1_273' title='bbox 241 2567 292 2603; x_wconf 69' lang='lat'><strong>2°.</strong></span> <span class='ocrx_word' id='word_1_274' title='bbox 313 2569 411 2613; x_wconf 87' lang='lat' dir='ltr'><strong>Quod</strong></span> <span class='ocrx_word' id='word_1_275' title='bbox 429 2569 584 2606; x_wconf 89' lang='lat' dir='ltr'><strong>Joannes</strong></span> <span class='ocrx_word' id='word_1_276' title='bbox 599 2570 742 2616; x_wconf 83' lang='lat' dir='ltr'><strong>quidam</strong></span> <span class='ocrx_word' id='word_1_277' title='bbox 762 2570 955 2606; x_wconf 82' lang='lat' dir='ltr'><strong>Monachus</strong></span> <span class='ocrx_word' id='word_1_278' title='bbox 971 2570 1074 2617; x_wconf 86' lang='lat' dir='ltr'><strong>jussu</strong></span> <span class='ocrx_word' id='word_1_279' title='bbox 1094 2570 1172 2618; x_wconf 89' lang='lat' dir='ltr'><strong>ejus</strong></span> <span class='ocrx_word' id='word_1_280' title='bbox 1189 2581 1251 2607; x_wconf 87' lang='lat' dir='ltr'><strong>va-</strong></span> 
     </span>
    </p>
   </div>
   <div class='ocr_carea' id='block_1_40' title="bbox 196 2627 1253 2678">
    <p class='ocr_par' dir='ltr' id='par_1_40' title="bbox 196 2627 1253 2678">
     <span class='ocr_line' id='line_1_40' title="bbox 196 2627 1253 2678; baseline 0.009 -17"><span class='ocrx_word' id='word_1_281' title='bbox 196 2627 370 2672; x_wconf 80' lang='lat' dir='ltr'><strong>pulasset,</strong></span> <span class='ocrx_word' id='word_1_282' title='bbox 403 2635 649 2678; x_wconf 87' lang='lat' dir='ltr'><strong>raptatusque,</strong></span> <span class='ocrx_word' id='word_1_283' title='bbox 683 2641 725 2668; x_wconf 89' lang='lat' dir='ltr'><strong>ac</strong></span> <span class='ocrx_word' id='word_1_284' title='bbox 754 2641 836 2668; x_wconf 94' lang='lat' dir='ltr'><strong>cum</strong></span> <span class='ocrx_word' id='word_1_285' title='bbox 869 2631 1100 2670; x_wconf 79' lang='lat' dir='ltr'><strong>dacmoniacis</strong></span> <span class='ocrx_word' id='word_1_286' title='bbox 1127 2640 1253 2670; x_wconf 84' lang='lat' dir='ltr'><strong>catena</strong></span> 
     </span>
    </p>
   </div>
   <div class='ocr_carea' id='block_1_41' title="bbox 197 2687 691 2727">
    <p class='ocr_par' dir='ltr' id='par_1_41' title="bbox 197 2687 691 2727">
     <span class='ocr_line' id='line_1_41' title="bbox 197 2687 691 2727; baseline 0.01 -6"><span class='ocrx_word' id='word_1_287' title='bbox 197 2687 308 2724; x_wconf 79' lang='lat' dir='ltr'><strong>ferrea</strong></span> <span class='ocrx_word' id='word_1_288' title='bbox 323 2689 536 2725; x_wconf 84' lang='lat' dir='ltr'><strong>constrictus</strong></span> <span class='ocrx_word' id='word_1_289' title='bbox 555 2689 691 2727; x_wconf 78' lang='lat' dir='ltr'><strong>fuisset.</strong></span> 
     </span>
    </p>
   </div>
   <div class='ocr_carea' id='block_1_42' title="bbox 243 2748 1254 2802">
    <p class='ocr_par' dir='ltr' id='par_1_42' title="bbox 243 2748 1254 2802">
     <span class='ocr_line' id='line_1_42' title="bbox 243 2748 1254 2802; baseline 0.006 -18"><span class='ocrx_word' id='word_1_290' title='bbox 243 2748 294 2785; x_wconf 83' lang='lat'><strong>5&quot;.</strong></span> <span class='ocrx_word' id='word_1_291' title='bbox 315 2749 414 2794; x_wconf 85' lang='lat' dir='ltr'><strong>Quod</strong></span> <span class='ocrx_word' id='word_1_292' title='bbox 429 2750 646 2788; x_wconf 86' lang='lat' dir='ltr'><strong>eimeliorum</strong></span> <span class='ocrx_word' id='word_1_293' title='bbox 669 2751 866 2801; x_wconf 71' lang='lat' dir='ltr'><strong>(Ecclesire)</strong></span> <span class='ocrx_word' id='word_1_294' title='bbox 889 2763 1054 2802; x_wconf 80' lang='lat' dir='ltr'><strong>magnam</strong></span> <span class='ocrx_word' id='word_1_295' title='bbox 1073 2754 1146 2790; x_wconf 88' lang='lat' dir='ltr'><strong>vim</strong></span> <span class='ocrx_word' id='word_1_296' title='bbox 1166 2765 1254 2791; x_wconf 90' lang='lat' dir='ltr'><strong>ven-</strong></span> 
     </span>
    </p>
   </div>
   <div class='ocr_carea' id='block_1_43' title="bbox 196 2811 351 2848">
    <p class='ocr_par' dir='ltr' id='par_1_43' title="bbox 196 2811 351 2848">
     <span class='ocr_line' id='line_1_43' title="bbox 196 2811 351 2848; baseline 0 -2"><span class='ocrx_word' id='word_1_297' title='bbox 196 2811 351 2848; x_wconf 86' lang='lat' dir='ltr'><strong>didisset.</strong></span> 
     </span>
    </p>
   </div>
   <div class='ocr_carea' id='block_1_44' title="bbox 241 2873 1248 2924">
    <p class='ocr_par' dir='ltr' id='par_1_44' title="bbox 241 2873 1248 2924">
     <span class='ocr_line' id='line_1_44' title="bbox 241 2873 1248 2924; baseline 0.003 -14"><span class='ocrx_word' id='word_1_298' title='bbox 241 2873 291 2910; x_wconf 72' lang='lat'><strong>4&quot;.</strong></span> <span class='ocrx_word' id='word_1_299' title='bbox 312 2873 411 2918; x_wconf 82' lang='lat' dir='ltr'><strong>Quod</strong></span> <span class='ocrx_word' id='word_1_300' title='bbox 443 2884 636 2918; x_wconf 82' lang='lat' dir='ltr'><strong>marmora,</strong></span> <span class='ocrx_word' id='word_1_301' title='bbox 665 2885 742 2922; x_wconf 67' lang='lat' dir='ltr'><strong>qua:</strong></span> <span class='ocrx_word' id='word_1_302' title='bbox 771 2875 954 2914; x_wconf 89' lang='lat' dir='ltr'><strong>Nectarins</strong></span> <span class='ocrx_word' id='word_1_303' title='bbox 980 2877 1175 2924; x_wconf 85' lang='lat' dir='ltr'><strong>reliquerat</strong></span> <span class='ocrx_word' id='word_1_304' title='bbox 1205 2878 1248 2914; x_wconf 89' lang='lat' dir='ltr'><strong>ad</strong></span> 
     </span>
    </p>
   </div>
   <div class='ocr_carea' id='block_1_45' title="bbox 197 2937 1249 2987">
    <p class='ocr_par' dir='ltr' id='par_1_45' title="bbox 197 2937 1249 2987">
     <span class='ocr_line' id='line_1_45' title="bbox 197 2937 1249 2987; baseline 0.005 -16"><span class='ocrx_word' id='word_1_305' title='bbox 197 2939 386 2973; x_wconf 83' lang='lat' dir='ltr'><strong>ornandam</strong></span> <span class='ocrx_word' id='word_1_306' title='bbox 412 2943 543 2975; x_wconf 84' lang='lat' dir='ltr'><strong>sanctae</strong></span> <span class='ocrx_word' id='word_1_307' title='bbox 570 2937 767 2975; x_wconf 73' lang='lat' dir='ltr'><strong>Anastasice</strong></span> <span class='ocrx_word' id='word_1_308' title='bbox 797 2938 985 2976; x_wconf 89' lang='lat' dir='ltr'><strong>ecclesiam</strong></span> <span class='ocrx_word' id='word_1_309' title='bbox 999 2968 1009 2984; x_wconf 91' lang='lat'><strong>,</strong></span> <span class='ocrx_word' id='word_1_310' title='bbox 1029 2941 1106 2987; x_wconf 90' lang='lat' dir='ltr'><strong>ipse</strong></span> <span class='ocrx_word' id='word_1_311' title='bbox 1124 2941 1249 2978; x_wconf 85' lang='lat' dir='ltr'><strong>vcndi-</strong></span> 
     </span>
    </p>
   </div>
   <div class='ocr_carea' id='block_1_46' title="bbox 199 2998 296 3035">
    <p class='ocr_par' dir='ltr' id='par_1_46' title="bbox 199 2998 296 3035">
     <span class='ocr_line' id='line_1_46' title="bbox 199 2998 296 3035; baseline 0.021 -2"><span class='ocrx_word' id='word_1_312' title='bbox 199 2998 296 3035; x_wconf 72' lang='lat' dir='ltr'><strong>derit.</strong></span> 
     </span>
    </p>
   </div>
   <div class='ocr_carea' id='block_1_47' title="bbox 242 3061 1250 3114">
    <p class='ocr_par' dir='ltr' id='par_1_47' title="bbox 242 3061 1250 3114">
     <span class='ocr_line' id='line_1_47' title="bbox 242 3061 1250 3114; baseline 0.004 -16"><span class='ocrx_word' id='word_1_313' title='bbox 242 3061 293 3098; x_wconf 83' lang='lat'><strong>5°.</strong></span> <span class='ocrx_word' id='word_1_314' title='bbox 325 3062 422 3106; x_wconf 85' lang='lat' dir='ltr'><strong>Quod</strong></span> <span class='ocrx_word' id='word_1_315' title='bbox 454 3062 604 3101; x_wconf 85' lang='lat' dir='ltr'><strong>clericos</strong></span> <span class='ocrx_word' id='word_1_316' title='bbox 633 3063 830 3111; x_wconf 87' lang='lat' dir='ltr'><strong>appellaret</strong></span> <span class='ocrx_word' id='word_1_317' title='bbox 847 3065 950 3112; x_wconf 86' lang='lat' dir='ltr'><strong>viles,</strong></span> <span class='ocrx_word' id='word_1_318' title='bbox 971 3072 1172 3114; x_wconf 88' lang='lat' dir='ltr'><strong>corruptos,</strong></span> <span class='ocrx_word' id='word_1_319' title='bbox 1194 3065 1250 3102; x_wconf 89' lang='lat' dir='ltr'><strong>in-</strong></span> 
     </span>
    </p>
   </div>
   <div class='ocr_carea' id='block_1_48' title="bbox 200 3123 552 3168">
    <p class='ocr_par' dir='ltr' id='par_1_48' title="bbox 200 3123 552 3168">
     <span class='ocr_line' id='line_1_48' title="bbox 200 3123 552 3168; baseline 0.011 -10"><span class='ocrx_word' id='word_1_320' title='bbox 200 3123 308 3168; x_wconf 80' lang='lat' dir='ltr'><strong>utiles,</strong></span> <span class='ocrx_word' id='word_1_321' title='bbox 331 3126 552 3162; x_wconf 87' lang='lat' dir='ltr'><strong>triobolares.</strong></span> 
     </span>
    </p>
   </div>
   <div class='ocr_carea' id='block_1_49' title="bbox 244 3185 1252 3238">
    <p class='ocr_par' dir='ltr' id='par_1_49' title="bbox 244 3185 1252 3238">
     <span class='ocr_line' id='line_1_49' title="bbox 244 3185 1252 3238; baseline 0.008 -18"><span class='ocrx_word' id='word_1_322' title='bbox 244 3185 292 3220; x_wconf 83' lang='lat'><strong>6°.</strong></span> <span class='ocrx_word' id='word_1_323' title='bbox 323 3186 421 3232; x_wconf 87' lang='lat' dir='ltr'><strong>Quod</strong></span> <span class='ocrx_word' id='word_1_324' title='bbox 449 3187 486 3224; x_wconf 90' lang='lat' dir='ltr'><strong>S.</strong></span> <span class='ocrx_word' id='word_1_325' title='bbox 511 3187 747 3235; x_wconf 79' lang='lat' dir='ltr'><strong>Epiphaniam</strong></span> <span class='ocrx_word' id='word_1_326' title='bbox 767 3189 918 3227; x_wconf 88' lang='lat' dir='ltr'><strong>delirum</strong></span> <span class='ocrx_word' id='word_1_327' title='bbox 945 3190 1191 3238; x_wconf 86' lang='lat' dir='ltr'><strong>appellaverit,</strong></span> <span class='ocrx_word' id='word_1_328' title='bbox 1215 3197 1252 3228; x_wconf 93' lang='lat' dir='ltr'><strong>ct</strong></span> 
     </span>
    </p>
   </div>
   <div class='ocr_carea' id='block_1_50' title="bbox 199 3247 579 3292">
    <p class='ocr_par' dir='ltr' id='par_1_50' title="bbox 199 3247 579 3292">
     <span class='ocr_line' id='line_1_50' title="bbox 199 3247 579 3292; baseline 0.018 -12"><span class='ocrx_word' id='word_1_329' title='bbox 199 3255 336 3292; x_wconf 86' lang='lat' dir='ltr'><strong>parvum</strong></span> <span class='ocrx_word' id='word_1_330' title='bbox 355 3247 579 3286; x_wconf 75' lang='lat' dir='ltr'><strong>dzcmonium.</strong></span> 
     </span>
    </p>
   </div>
   <div class='ocr_carea' id='block_1_51' title="bbox 244 3308 1251 3356">
    <p class='ocr_par' dir='ltr' id='par_1_51' title="bbox 244 3308 1251 3356">
     <span class='ocr_line' id='line_1_51' title="bbox 244 3308 1251 3356; baseline 0.007 -13"><span class='ocrx_word' id='word_1_331' title='bbox 244 3308 292 3344; x_wconf 87' lang='lat'><strong>7°.</strong></span> <span class='ocrx_word' id='word_1_332' title='bbox 308 3308 406 3354; x_wconf 85' lang='lat' dir='ltr'><strong>Quod</strong></span> <span class='ocrx_word' id='word_1_333' title='bbox 425 3310 617 3348; x_wconf 84' lang='lat' dir='ltr'><strong>Severiano</strong></span> <span class='ocrx_word' id='word_1_334' title='bbox 635 3312 780 3350; x_wconf 88' lang='lat' dir='ltr'><strong>insidias</strong></span> <span class='ocrx_word' id='word_1_335' title='bbox 796 3313 988 3356; x_wconf 81' lang='lat' dir='ltr'><strong>struxerit,</strong></span> <span class='ocrx_word' id='word_1_336' title='bbox 1009 3313 1164 3350; x_wconf 84' lang='lat' dir='ltr'><strong>incitatis</strong></span> <span class='ocrx_word' id='word_1_337' title='bbox 1189 3313 1251 3350; x_wconf 85' lang='lat' dir='ltr'><strong>ad-</strong></span> 
     </span>
    </p>
   </div>
   <div class='ocr_carea' id='block_1_52' title="bbox 199 3371 604 3410">
    <p class='ocr_par' dir='ltr' id='par_1_52' title="bbox 199 3371 604 3410">
     <span class='ocr_line' id='line_1_52' title="bbox 199 3371 604 3410; baseline 0.012 -7"><span class='ocrx_word' id='word_1_338' title='bbox 199 3377 318 3406; x_wconf 82' lang='lat' dir='ltr'><strong>versus</strong></span> <span class='ocrx_word' id='word_1_339' title='bbox 338 3371 432 3408; x_wconf 91' lang='lat' dir='ltr'><strong>illum</strong></span> <span class='ocrx_word' id='word_1_340' title='bbox 450 3373 604 3410; x_wconf 89' lang='lat' dir='ltr'><strong>decanis.</strong></span> 
     </span>
    </p>
   </div>
   <div class='ocr_carea' id='block_1_53' title="bbox 243 3430 1250 3484">
    <p class='ocr_par' dir='ltr' id='par_1_53' title="bbox 243 3430 1250 3484">
     <span class='ocr_line' id='line_1_53' title="bbox 243 3430 1250 3484; baseline 0.007 -19"><span class='ocrx_word' id='word_1_341' title='bbox 243 3430 292 3466; x_wconf 85' lang='lat'><strong>8°.</strong></span> <span class='ocrx_word' id='word_1_342' title='bbox 323 3431 420 3476; x_wconf 89' lang='lat' dir='ltr'><strong>Quod</strong></span> <span class='ocrx_word' id='word_1_343' title='bbox 439 3439 559 3471; x_wconf 89' lang='lat' dir='ltr'><strong>contra</strong></span> <span class='ocrx_word' id='word_1_344' title='bbox 582 3435 718 3472; x_wconf 86' lang='lat' dir='ltr'><strong>clerum</strong></span> <span class='ocrx_word' id='word_1_345' title='bbox 747 3435 873 3472; x_wconf 92' lang='lat' dir='ltr'><strong>librum</strong></span> <span class='ocrx_word' id='word_1_346' title='bbox 899 3436 1144 3484; x_wconf 86' lang='lat' dir='ltr'><strong>sycophantiis</strong></span> <span class='ocrx_word' id='word_1_347' title='bbox 1173 3437 1250 3483; x_wconf 84' lang='lat' dir='ltr'><strong>ple-</strong></span> 
     </span>
    </p>
   </div>
   <div class='ocr_carea' id='block_1_54' title="bbox 200 3494 486 3540">
    <p class='ocr_par' dir='ltr' id='par_1_54' title="bbox 200 3494 486 3540">
     <span class='ocr_line' id='line_1_54' title="bbox 200 3494 486 3540; baseline 0.014 -15"><span class='ocrx_word' id='word_1_348' title='bbox 200 3501 276 3528; x_wconf 90' lang='lat' dir='ltr'><strong>num</strong></span> <span class='ocrx_word' id='word_1_349' title='bbox 295 3494 486 3540; x_wconf 83' lang='lat' dir='ltr'><strong>scripserit.</strong></span> 
     </span>
    </p>
   </div>
   <div class='ocr_carea' id='block_1_55' title="bbox 244 3554 1250 3604">
    <p class='ocr_par' dir='ltr' id='par_1_55' title="bbox 244 3554 1250 3604">
     <span class='ocr_line' id='line_1_55' title="bbox 244 3554 1250 3604; baseline 0.009 -14"><span class='ocrx_word' id='word_1_350' title='bbox 244 3554 294 3590; x_wconf 85' lang='lat'><strong>9°.</strong></span> <span class='ocrx_word' id='word_1_351' title='bbox 313 3555 412 3600; x_wconf 87' lang='lat' dir='ltr'><strong>Quod</strong></span> <span class='ocrx_word' id='word_1_352' title='bbox 432 3559 536 3595; x_wconf 88' lang='lat' dir='ltr'><strong>totius</strong></span> <span class='ocrx_word' id='word_1_353' title='bbox 555 3559 640 3596; x_wconf 84' lang='lat' dir='ltr'><strong>cleri</strong></span> <span class='ocrx_word' id='word_1_354' title='bbox 659 3567 836 3596; x_wconf 88' lang='lat' dir='ltr'><strong>conventu</strong></span> <span class='ocrx_word' id='word_1_355' title='bbox 856 3559 948 3596; x_wconf 84' lang='lat' dir='ltr'><strong>facto</strong></span> <span class='ocrx_word' id='word_1_356' title='bbox 961 3588 970 3604; x_wconf 92' lang='lat'><strong>,</strong></span> <span class='ocrx_word' id='word_1_357' title='bbox 991 3565 1064 3597; x_wconf 90' lang='lat' dir='ltr'><strong>tres</strong></span> <span class='ocrx_word' id='word_1_358' title='bbox 1081 3560 1250 3599; x_wconf 87' lang='lat' dir='ltr'><strong>diaconos</strong></span> 
     </span>
    </p>
   </div>
   <div class='ocr_carea' id='block_1_56' title="bbox 200 3613 1251 3668">
    <p class='ocr_par' dir='ltr' id='par_1_56' title="bbox 200 3613 1251 3668">
     <span class='ocr_line' id='line_1_56' title="bbox 200 3613 1251 3668; baseline 0.01 -20"><span class='ocrx_word' id='word_1_359' title='bbox 200 3613 331 3660; x_wconf 87' lang='lat' dir='ltr'><strong>citarit,</strong></span> <span class='ocrx_word' id='word_1_360' title='bbox 361 3617 540 3665; x_wconf 82' lang='lat' dir='ltr'><strong>Acacium,</strong></span> <span class='ocrx_word' id='word_1_361' title='bbox 571 3620 770 3668; x_wconf 83' lang='lat' dir='ltr'><strong>Edaphium</strong></span> <span class='ocrx_word' id='word_1_362' title='bbox 797 3627 832 3658; x_wconf 91' lang='lat' dir='ltr'><strong>et</strong></span> <span class='ocrx_word' id='word_1_363' title='bbox 857 3620 1056 3664; x_wconf 81' lang='lat' dir='ltr'><strong>Joannem,</strong></span> <span class='ocrx_word' id='word_1_364' title='bbox 1085 3628 1122 3658; x_wconf 89' lang='lat' dir='ltr'><strong>et</strong></span> <span class='ocrx_word' id='word_1_365' title='bbox 1151 3623 1251 3668; x_wconf 87' lang='lat' dir='ltr'><strong>quasi</strong></span> 
     </span>
    </p>
   </div>
   <div class='ocr_carea' id='block_1_57' title="bbox 202 3673 1250 3732">
    <p class='ocr_par' dir='ltr' id='par_1_57' title="bbox 202 3673 1250 3732">
     <span class='ocr_line' id='line_1_57' title="bbox 202 3673 1250 3732; baseline 0.013 -24"><span class='ocrx_word' id='word_1_366' title='bbox 202 3673 374 3716; x_wconf 92' lang='lat' dir='ltr'><strong>humeralc</strong></span> <span class='ocrx_word' id='word_1_367' title='bbox 409 3691 510 3719; x_wconf 90' lang='lat' dir='ltr'><strong>suum</strong></span> <span class='ocrx_word' id='word_1_368' title='bbox 545 3682 651 3720; x_wconf 81' lang='lat' dir='ltr'><strong>furati</strong></span> <span class='ocrx_word' id='word_1_369' title='bbox 687 3689 830 3728; x_wconf 88' lang='lat' dir='ltr'><strong>essent,</strong></span> <span class='ocrx_word' id='word_1_370' title='bbox 861 3684 1062 3727; x_wconf 84' lang='lat' dir='ltr'><strong>accusarit,</strong></span> <span class='ocrx_word' id='word_1_371' title='bbox 1088 3696 1250 3732; x_wconf 67' lang='lat' dir='ltr'><strong>quwreus</strong></span> 
     </span>
    </p>
   </div>
   <div class='ocr_carea' id='block_1_58' title="bbox 203 3743 1106 3793">
    <p class='ocr_par' dir='ltr' id='par_1_58' title="bbox 203 3743 1106 3793">
     <span class='ocr_line' id='line_1_58' title="bbox 203 3743 1106 3793; baseline 0.01 -20"><span class='ocrx_word' id='word_1_372' title='bbox 203 3743 311 3776; x_wconf 90' lang='lat' dir='ltr'><strong>utrum</strong></span> <span class='ocrx_word' id='word_1_373' title='bbox 331 3743 372 3778; x_wconf 88' lang='lat' dir='ltr'><strong>ad</strong></span> <span class='ocrx_word' id='word_1_374' title='bbox 390 3744 495 3781; x_wconf 85' lang='lat' dir='ltr'><strong>alium</strong></span> <span class='ocrx_word' id='word_1_375' title='bbox 513 3747 665 3793; x_wconf 85' lang='lat' dir='ltr'><strong>aliquem</strong></span> <span class='ocrx_word' id='word_1_376' title='bbox 682 3756 783 3782; x_wconf 89' lang='lat' dir='ltr'><strong>nsum</strong></span> <span class='ocrx_word' id='word_1_377' title='bbox 806 3746 891 3782; x_wconf 90' lang='lat' dir='ltr'><strong>illud</strong></span> <span class='ocrx_word' id='word_1_378' title='bbox 912 3747 1106 3792; x_wconf 80' lang='lat' dir='ltr'><strong>cepissent.</strong></span> 
     </span>
    </p>
   </div>
   <div class='ocr_carea' id='block_1_59' title="bbox 247 3800 1251 3852">
    <p class='ocr_par' dir='ltr' id='par_1_59' title="bbox 247 3800 1251 3852">
     <span class='ocr_line' id='line_1_59' title="bbox 247 3800 1251 3852; baseline 0.008 -14"><span class='ocrx_word' id='word_1_379' title='bbox 247 3800 317 3838; x_wconf 77' lang='grc'><strong>10⁸.</strong></span> <span class='ocrx_word' id='word_1_380' title='bbox 337 3803 434 3848; x_wconf 87' lang='lat' dir='ltr'><strong>Quod</strong></span> <span class='ocrx_word' id='word_1_381' title='bbox 452 3807 659 3850; x_wconf 81' lang='lat' dir='ltr'><strong>Antonium,</strong></span> <span class='ocrx_word' id='word_1_382' title='bbox 680 3807 924 3852; x_wconf 88' lang='lat' dir='ltr'><strong>sepulcrorum</strong></span> <span class='ocrx_word' id='word_1_383' title='bbox 942 3806 1148 3844; x_wconf 78' lang='lat' dir='ltr'><strong>violatorem</strong></span> <span class='ocrx_word' id='word_1_384' title='bbox 1168 3819 1251 3846; x_wconf 90' lang='lat' dir='ltr'><strong>con-</strong></span> 
     </span>
    </p>
   </div>
   <div class='ocr_carea' id='block_1_60' title="bbox 204 3861 815 3914">
    <p class='ocr_par' dir='ltr' id='par_1_60' title="bbox 204 3861 815 3914">
     <span class='ocr_line' id='line_1_60' title="bbox 204 3861 815 3914; baseline 0.008 -18"><span class='ocrx_word' id='word_1_385' title='bbox 204 3861 342 3910; x_wconf 73' lang='lat' dir='ltr'><strong>victum,</strong></span> <span class='ocrx_word' id='word_1_386' title='bbox 362 3867 563 3914; x_wconf 87' lang='lat' dir='ltr'><strong>episcopum</strong></span> <span class='ocrx_word' id='word_1_387' title='bbox 585 3867 815 3906; x_wconf 84' lang='lat' dir='ltr'><strong>ordinaverit.</strong></span> 
     </span>
    </p>
   </div>
   <div class='ocr_carea' id='block_1_61' title="bbox 987 213 1609 256">
    <p class='ocr_par' dir='ltr' id='par_1_61' title="bbox 987 213 1609 256">
     <span class='ocr_line' id='line_1_61' title="bbox 987 213 1609 256; baseline 0.008 -5"><span class='ocrx_word' id='word_1_388' title='bbox 987 213 1110 252; x_wconf 82' lang='lat' dir='ltr'><strong>NUNC</strong></span> <span class='ocrx_word' id='word_1_389' title='bbox 1136 213 1317 253; x_wconf 77' lang='lat' dir='ltr'><strong>PRIMUM</strong></span> <span class='ocrx_word' id='word_1_390' title='bbox 1343 217 1609 256; x_wconf 79' lang='lat' dir='ltr'><strong>ADORNATA.</strong></span> 
     </span>
    </p>
   </div>
   <div class='ocr_carea' id='block_1_62' title="bbox 2345 230 2412 268">
    <p class='ocr_par' dir='ltr' id='par_1_62' title="bbox 2345 230 2412 268">
     <span class='ocr_line' id='line_1_62' title="bbox 2345 230 2412 268; baseline 0.03 -2"><span class='ocrx_word' id='word_1_391' title='bbox 2345 230 2412 268; x_wconf 75' lang='grc'><strong>198</strong></span> 
     </span>
    </p>
   </div>
   <div class='ocr_carea' id='block_1_63' title="bbox 1393 291 2412 345">
    <p class='ocr_par' dir='ltr' id='par_1_63' title="bbox 1393 291 2412 345">
     <span class='ocr_line' id='line_1_63' title="bbox 1393 291 2412 345; baseline 0.016 -17"><span class='ocrx_word' id='word_1_392' title='bbox 1393 291 1466 328; x_wconf 82' lang='lat' dir='ltr'><strong>ll&#39;.</strong></span> <span class='ocrx_word' id='word_1_393' title='bbox 1488 293 1589 338; x_wconf 89' lang='lat' dir='ltr'><strong>Quod</strong></span> <span class='ocrx_word' id='word_1_394' title='bbox 1608 296 1782 335; x_wconf 87' lang='lat' dir='ltr'><strong>Joannem</strong></span> <span class='ocrx_word' id='word_1_395' title='bbox 1800 301 1967 338; x_wconf 83' lang='lat' dir='ltr'><strong>comitem</strong></span> <span class='ocrx_word' id='word_1_396' title='bbox 2001 303 2035 340; x_wconf 93' lang='lat' dir='ltr'><strong>in</strong></span> <span class='ocrx_word' id='word_1_397' title='bbox 2061 303 2214 342; x_wconf 88' lang='lat' dir='ltr'><strong>militum</strong></span> <span class='ocrx_word' id='word_1_398' title='bbox 2235 305 2412 345; x_wconf 89' lang='lat' dir='ltr'><strong>seditione</strong></span> 
     </span>
    </p>
   </div>
   <div class='ocr_carea' id='block_1_64' title="bbox 1341 353 1552 398">
    <p class='ocr_par' dir='ltr' id='par_1_64' title="bbox 1341 353 1552 398">
     <span class='ocr_line' id='line_1_64' title="bbox 1341 353 1552 398; baseline 0.014 -11"><span class='ocrx_word' id='word_1_399' title='bbox 1341 353 1552 398; x_wconf 87' lang='lat' dir='ltr'><strong>prodiderit.</strong></span> 
     </span>
    </p>
   </div>
   <div class='ocr_carea' id='block_1_65' title="bbox 1389 414 2414 478">
    <p class='ocr_par' dir='ltr' id='par_1_65' title="bbox 1389 414 2414 478">
     <span class='ocr_line' id='line_1_65' title="bbox 1389 414 2414 478; baseline 0.019 -29"><span class='ocrx_word' id='word_1_400' title='bbox 1389 414 1463 450; x_wconf 70' lang='lat'><strong>12&#39;.</strong></span> <span class='ocrx_word' id='word_1_401' title='bbox 1499 415 1601 460; x_wconf 87' lang='lat' dir='ltr'><strong>Quod</strong></span> <span class='ocrx_word' id='word_1_402' title='bbox 1634 428 1750 466; x_wconf 86' lang='lat' dir='ltr'><strong>neque</strong></span> <span class='ocrx_word' id='word_1_403' title='bbox 1777 421 1812 456; x_wconf 92' lang='lat' dir='ltr'><strong>in</strong></span> <span class='ocrx_word' id='word_1_404' title='bbox 1840 423 2028 462; x_wconf 75' lang='lat' dir='ltr'><strong>ecelesxam</strong></span> <span class='ocrx_word' id='word_1_405' title='bbox 2053 427 2272 474; x_wconf 78' lang='lat' dir='ltr'><strong>ingrediens,</strong></span> <span class='ocrx_word' id='word_1_406' title='bbox 2296 440 2414 478; x_wconf 79' lang='lat' dir='ltr'><strong>neque</strong></span> 
     </span>
    </p>
   </div>
   <div class='ocr_carea' id='block_1_66' title="bbox 1339 475 1716 522">
    <p class='ocr_par' dir='ltr' id='par_1_66' title="bbox 1339 475 1716 522">
     <span class='ocr_line' id='line_1_66' title="bbox 1339 475 1716 522; baseline 0.008 -10"><span class='ocrx_word' id='word_1_407' title='bbox 1339 475 1476 520; x_wconf 85' lang='lat' dir='ltr'><strong>exiens,</strong></span> <span class='ocrx_word' id='word_1_408' title='bbox 1495 484 1716 522; x_wconf 86' lang='lat' dir='ltr'><strong>precaretur.</strong></span> 
     </span>
    </p>
   </div>
   <div class='ocr_carea' id='block_1_67' title="bbox 1385 537 2410 601">
    <p class='ocr_par' dir='ltr' id='par_1_67' title="bbox 1385 537 2410 601">
     <span class='ocr_line' id='line_1_67' title="bbox 1385 537 2410 601; baseline 0.02 -29"><span class='ocrx_word' id='word_1_409' title='bbox 1385 537 1462 573; x_wconf 73' lang='lat' dir='ltr'><strong>i5“.</strong></span> <span class='ocrx_word' id='word_1_410' title='bbox 1479 537 1582 582; x_wconf 90' lang='lat' dir='ltr'><strong>Quod</strong></span> <span class='ocrx_word' id='word_1_411' title='bbox 1601 540 1678 576; x_wconf 90' lang='lat' dir='ltr'><strong>sine</strong></span> <span class='ocrx_word' id='word_1_412' title='bbox 1694 541 1798 578; x_wconf 86' lang='lat' dir='ltr'><strong>altari</strong></span> <span class='ocrx_word' id='word_1_413' title='bbox 1815 542 2046 583; x_wconf 88' lang='lat' dir='ltr'><strong>diaconorum</strong></span> <span class='ocrx_word' id='word_1_414' title='bbox 2067 555 2102 586; x_wconf 90' lang='lat' dir='ltr'><strong>et</strong></span> <span class='ocrx_word' id='word_1_415' title='bbox 2117 552 2410 601; x_wconf 83' lang='lat' dir='ltr'><strong>presbyterorum</strong></span> 
     </span>
    </p>
   </div>
   <div class='ocr_carea' id='block_1_68' title="bbox 1337 597 1740 638">
    <p class='ocr_par' dir='ltr' id='par_1_68' title="bbox 1337 597 1740 638">
     <span class='ocr_line' id='line_1_68' title="bbox 1337 597 1740 638; baseline 0.015 -5"><span class='ocrx_word' id='word_1_416' title='bbox 1337 597 1583 636; x_wconf 89' lang='lat' dir='ltr'><strong>ordinationes</strong></span> <span class='ocrx_word' id='word_1_417' title='bbox 1602 601 1740 638; x_wconf 78' lang='lat' dir='ltr'><strong>fecerit.</strong></span> 
     </span>
    </p>
   </div>
   <div class='ocr_carea' id='block_1_69' title="bbox 1384 659 2411 724">
    <p class='ocr_par' dir='ltr' id='par_1_69' title="bbox 1384 659 2411 724">
     <span class='ocr_line' id='line_1_69' title="bbox 1384 659 2411 724; baseline 0.019 -29"><span class='ocrx_word' id='word_1_418' title='bbox 1384 659 1460 696; x_wconf 73' lang='grc'><strong>14⁸.</strong></span> <span class='ocrx_word' id='word_1_419' title='bbox 1479 660 1583 705; x_wconf 86' lang='lat' dir='ltr'><strong>Quod</strong></span> <span class='ocrx_word' id='word_1_420' title='bbox 1602 673 1670 699; x_wconf 92' lang='lat' dir='ltr'><strong>una</strong></span> <span class='ocrx_word' id='word_1_421' title='bbox 1689 664 1914 704; x_wconf 87' lang='lat' dir='ltr'><strong>ordinatione</strong></span> <span class='ocrx_word' id='word_1_422' title='bbox 1931 675 2086 715; x_wconf 88' lang='lat' dir='ltr'><strong>quatuor</strong></span> <span class='ocrx_word' id='word_1_423' title='bbox 2097 672 2204 710; x_wconf 92' lang='lat' dir='ltr'><strong>simul</strong></span> <span class='ocrx_word' id='word_1_424' title='bbox 2220 676 2411 724; x_wconf 86' lang='lat' dir='ltr'><strong>episcopos</strong></span> 
     </span>
    </p>
   </div>
   <div class='ocr_carea' id='block_1_70' title="bbox 1335 724 1482 759">
    <p class='ocr_par' dir='ltr' id='par_1_70' title="bbox 1335 724 1482 759">
     <span class='ocr_line' id='line_1_70' title="bbox 1335 724 1482 759; baseline 0.007 -1"><span class='ocrx_word' id='word_1_425' title='bbox 1335 724 1482 759; x_wconf 87' lang='lat' dir='ltr'><strong>crearit.</strong></span> 
     </span>
    </p>
   </div>
   <div class='ocr_carea' id='block_1_71' title="bbox 1384 784 2411 841">
    <p class='ocr_par' dir='ltr' id='par_1_71' title="bbox 1384 784 2411 841">
     <span class='ocr_line' id='line_1_71' title="bbox 1384 784 2411 841; baseline 0.019 -22"><span class='ocrx_word' id='word_1_426' title='bbox 1384 784 1458 820; x_wconf 71' lang='lat'><strong>15°.</strong></span> <span class='ocrx_word' id='word_1_427' title='bbox 1479 785 1579 830; x_wconf 89' lang='lat' dir='ltr'><strong>Quod</strong></span> <span class='ocrx_word' id='word_1_428' title='bbox 1594 787 1763 825; x_wconf 89' lang='lat' dir='ltr'><strong>mulieres</strong></span> <span class='ocrx_word' id='word_1_429' title='bbox 1777 789 1988 837; x_wconf 80' lang='lat' dir='ltr'><strong>susciperet,</strong></span> <span class='ocrx_word' id='word_1_430' title='bbox 2005 793 2102 830; x_wconf 87' lang='lat' dir='ltr'><strong>solus</strong></span> <span class='ocrx_word' id='word_1_431' title='bbox 2115 805 2196 831; x_wconf 92' lang='lat' dir='ltr'><strong>cum</strong></span> <span class='ocrx_word' id='word_1_432' title='bbox 2216 797 2315 841; x_wconf 82' lang='lat' dir='ltr'><strong>solis.</strong></span> <span class='ocrx_word' id='word_1_433' title='bbox 2332 800 2411 838; x_wconf 80' lang='lat' dir='ltr'><strong>aliis</strong></span> 
     </span>
    </p>
   </div>
   <div class='ocr_carea' id='block_1_72' title="bbox 1333 846 1789 887">
    <p class='ocr_par' dir='ltr' id='par_1_72' title="bbox 1333 846 1789 887">
     <span class='ocr_line' id='line_1_72' title="bbox 1333 846 1789 887; baseline 0.011 -5"><span class='ocrx_word' id='word_1_434' title='bbox 1333 846 1500 882; x_wconf 81' lang='lat' dir='ltr'><strong>erunibus</strong></span> <span class='ocrx_word' id='word_1_435' title='bbox 1520 847 1617 885; x_wconf 81' lang='lat' dir='ltr'><strong>foras</strong></span> <span class='ocrx_word' id='word_1_436' title='bbox 1636 850 1789 887; x_wconf 84' lang='lat' dir='ltr'><strong>emissis.</strong></span> 
     </span>
    </p>
   </div>
   <div class='ocr_carea' id='block_1_73' title="bbox 1383 908 2412 966">
    <p class='ocr_par' dir='ltr' id='par_1_73' title="bbox 1383 908 2412 966">
     <span class='ocr_line' id='line_1_73' title="bbox 1383 908 2412 966; baseline 0.016 -22"><span class='ocrx_word' id='word_1_437' title='bbox 1383 908 1459 945; x_wconf 88' lang='lat' dir='ltr'><strong>lluc</strong></span> <span class='ocrx_word' id='word_1_438' title='bbox 1490 911 1670 956; x_wconf 85' lang='lat' dir='ltr'><strong>respicere</strong></span> <span class='ocrx_word' id='word_1_439' title='bbox 1699 912 1840 950; x_wconf 88' lang='lat' dir='ltr'><strong>videtur</strong></span> <span class='ocrx_word' id='word_1_440' title='bbox 1869 915 1964 960; x_wconf 90' lang='lat' dir='ltr'><strong>quod</strong></span> <span class='ocrx_word' id='word_1_441' title='bbox 1993 917 2043 952; x_wconf 90' lang='lat' dir='ltr'><strong>ait</strong></span> <span class='ocrx_word' id='word_1_442' title='bbox 2071 916 2350 966; x_wconf 86' lang='lat' dir='ltr'><strong>Chrysostomus</strong></span> <span class='ocrx_word' id='word_1_443' title='bbox 2375 924 2412 960; x_wconf 91' lang='lat' dir='ltr'><strong>in</strong></span> 
     </span>
    </p>
   </div>
   <div class='ocr_carea' id='block_1_74' title="bbox 1333 970 2412 1032">
    <p class='ocr_par' dir='ltr' id='par_1_74' title="bbox 1333 970 2412 1032">
     <span class='ocr_line' id='line_1_74' title="bbox 1333 970 2412 1032; baseline 0.012 -25"><span class='ocrx_word' id='word_1_444' title='bbox 1333 970 1493 1016; x_wconf 81' lang='lat' dir='ltr'><strong>Epistula</strong></span> <span class='ocrx_word' id='word_1_445' title='bbox 1528 973 1572 1010; x_wconf 89' lang='lat' dir='ltr'><strong>ad</strong></span> <span class='ocrx_word' id='word_1_446' title='bbox 1603 973 1808 1021; x_wconf 84' lang='lat' dir='ltr'><strong>Cyriacum,</strong></span> <span class='ocrx_word' id='word_1_447' title='bbox 1831 983 1928 1013; x_wconf 92' lang='lat' dir='ltr'><strong>tomo</strong></span> <span class='ocrx_word' id='word_1_448' title='bbox 1954 980 2091 1016; x_wconf 90' lang='lat' dir='ltr'><strong>tertio:</strong></span> <span class='ocrx_word' id='word_1_449' title='bbox 2126 981 2212 1025; x_wconf 82' lang='lat' dir='ltr'><strong>Quin</strong></span> <span class='ocrx_word' id='word_1_450' title='bbox 2242 994 2296 1020; x_wconf 89' lang='lat' dir='ltr'><strong>me</strong></span> <span class='ocrx_word' id='word_1_451' title='bbox 2324 997 2412 1032; x_wconf 80' lang='lat' dir='ltr'><strong>quo-</strong></span> 
     </span>
    </p>
   </div>
   <div class='ocr_carea' id='block_1_75' title="bbox 1332 1035 2410 1082">
    <p class='ocr_par' dir='ltr' id='par_1_75' title="bbox 1332 1035 2410 1082">
     <span class='ocr_line' id='line_1_75' title="bbox 1332 1035 2410 1082; baseline 0.013 -14"><span class='ocrx_word' id='word_1_452' title='bbox 1332 1044 1396 1080; x_wconf 85' lang='lat' dir='ltr'><strong>que</strong></span> <span class='ocrx_word' id='word_1_453' title='bbox 1432 1045 1510 1070; x_wconf 85' lang='lat' dir='ltr'><strong>cum</strong></span> <span class='ocrx_word' id='word_1_454' title='bbox 1555 1035 1696 1073; x_wconf 82' lang='lat' dir='ltr'><strong>muliere</strong></span> <span class='ocrx_word' id='word_1_455' title='bbox 1740 1038 1961 1076; x_wconf 75' lang='lat' dir='ltr'><strong>concubuisse</strong></span> <span class='ocrx_word' id='word_1_456' title='bbox 2007 1041 2242 1080; x_wconf 81' lang='lat' dir='ltr'><strong>criminantur.</strong></span> <span class='ocrx_word' id='word_1_457' title='bbox 2286 1045 2410 1082; x_wconf 64' lang='lat' dir='ltr'><strong>Exuit:</strong></span> 
     </span>
    </p>
   </div>
   <div class='ocr_carea' id='block_1_76' title="bbox 1333 1101 2411 1156">
    <p class='ocr_par' dir='ltr' id='par_1_76' title="bbox 1333 1101 2411 1156">
     <span class='ocr_line' id='line_1_76' title="bbox 1333 1101 2411 1156; baseline 0.015 -28"><span class='ocrx_word' id='word_1_458' title='bbox 1333 1105 1458 1141; x_wconf 82' lang='lat' dir='ltr'><strong>corpus</strong></span> <span class='ocrx_word' id='word_1_459' title='bbox 1495 1108 1634 1140; x_wconf 87' lang='lat' dir='ltr'><strong>meum,</strong></span> <span class='ocrx_word' id='word_1_460' title='bbox 1662 1104 1694 1135; x_wconf 83' lang='lat' dir='ltr'><strong>et</strong></span> <span class='ocrx_word' id='word_1_461' title='bbox 1734 1101 1960 1138; x_wconf 86' lang='lat' dir='ltr'><strong>membrorum</strong></span> <span class='ocrx_word' id='word_1_462' title='bbox 1995 1105 2291 1150; x_wconf 76' lang='lat' dir='ltr'><strong>ntarti/icationcm</strong></span> <span class='ocrx_word' id='word_1_463' title='bbox 2331 1119 2411 1156; x_wconf 81' lang='lat' dir='ltr'><strong>repe</strong></span> 
     </span>
    </p>
   </div>
   <div class='ocr_carea' id='block_1_77' title="bbox 1332 1157 1436 1192">
    <p class='ocr_par' dir='ltr' id='par_1_77' title="bbox 1332 1157 1436 1192">
     <span class='ocr_line' id='line_1_77' title="bbox 1332 1157 1436 1192; baseline 0 0"><span class='ocrx_word' id='word_1_464' title='bbox 1332 1157 1436 1192; x_wconf 74' lang='lat' dir='ltr'><strong>rietia.</strong></span> 
     </span>
    </p>
   </div>
   <div class='ocr_carea' id='block_1_78' title="bbox 1381 1219 2410 1276">
    <p class='ocr_par' dir='ltr' id='par_1_78' title="bbox 1381 1219 2410 1276">
     <span class='ocr_line' id='line_1_78' title="bbox 1381 1219 2410 1276; baseline 0.015 -22"><span class='ocrx_word' id='word_1_465' title='bbox 1381 1219 1455 1255; x_wconf 72' lang='lat'><strong>16°.</strong></span> <span class='ocrx_word' id='word_1_466' title='bbox 1475 1219 1576 1265; x_wconf 90' lang='lat' dir='ltr'><strong>Quod</strong></span> <span class='ocrx_word' id='word_1_467' title='bbox 1596 1221 1840 1260; x_wconf 71' lang='lat' dir='ltr'><strong>haereditatem</strong></span> <span class='ocrx_word' id='word_1_468' title='bbox 1855 1235 1873 1259; x_wconf 89' lang='lat' dir='ltr'><strong>a</strong></span> <span class='ocrx_word' id='word_1_469' title='bbox 1889 1225 2021 1262; x_wconf 86' lang='lat' dir='ltr'><strong>Thecla</strong></span> <span class='ocrx_word' id='word_1_470' title='bbox 2035 1228 2195 1265; x_wconf 87' lang='lat' dir='ltr'><strong>relictam</strong></span> <span class='ocrx_word' id='word_1_471' title='bbox 2213 1241 2276 1276; x_wconf 89' lang='lat' dir='ltr'><strong>per</strong></span> <span class='ocrx_word' id='word_1_472' title='bbox 2290 1231 2410 1269; x_wconf 81' lang='lat' dir='ltr'><strong>Theo-</strong></span> 
     </span>
    </p>
   </div>
   <div class='ocr_carea' id='block_1_79' title="bbox 1336 1280 1692 1319">
    <p class='ocr_par' dir='ltr' id='par_1_79' title="bbox 1336 1280 1692 1319">
     <span class='ocr_line' id='line_1_79' title="bbox 1336 1280 1692 1319; baseline 0.006 -3"><span class='ocrx_word' id='word_1_473' title='bbox 1336 1280 1458 1316; x_wconf 89' lang='lat' dir='ltr'><strong>dulum</strong></span> <span class='ocrx_word' id='word_1_474' title='bbox 1480 1281 1692 1319; x_wconf 82' lang='lat' dir='ltr'><strong>vendiderit.</strong></span> 
     </span>
    </p>
   </div>
   <div class='ocr_carea' id='block_1_80' title="bbox 1382 1340 2410 1401">
    <p class='ocr_par' dir='ltr' id='par_1_80' title="bbox 1382 1340 2410 1401">
     <span class='ocr_line' id='line_1_80' title="bbox 1382 1340 2410 1401; baseline 0.014 -24"><span class='ocrx_word' id='word_1_475' title='bbox 1382 1340 1455 1378; x_wconf 76' lang='lat'><strong>17°.</strong></span> <span class='ocrx_word' id='word_1_476' title='bbox 1481 1341 1582 1388; x_wconf 89' lang='lat' dir='ltr'><strong>Quod</strong></span> <span class='ocrx_word' id='word_1_477' title='bbox 1623 1343 1794 1382; x_wconf 76' lang='lat' dir='ltr'><strong>Ecclesia:</strong></span> <span class='ocrx_word' id='word_1_478' title='bbox 1834 1345 1972 1385; x_wconf 87' lang='lat' dir='ltr'><strong>reditus</strong></span> <span class='ocrx_word' id='word_1_479' title='bbox 2011 1359 2118 1387; x_wconf 88' lang='lat' dir='ltr'><strong>nemo</strong></span> <span class='ocrx_word' id='word_1_480' title='bbox 2161 1353 2300 1389; x_wconf 88' lang='lat' dir='ltr'><strong>noverit</strong></span> <span class='ocrx_word' id='word_1_481' title='bbox 2339 1365 2410 1401; x_wconf 89' lang='lat' dir='ltr'><strong>quo</strong></span> 
     </span>
    </p>
   </div>
   <div class='ocr_carea' id='block_1_81' title="bbox 1333 1408 1476 1446">
    <p class='ocr_par' dir='ltr' id='par_1_81' title="bbox 1333 1408 1476 1446">
     <span class='ocr_line' id='line_1_81' title="bbox 1333 1408 1476 1446; baseline 0 -2"><span class='ocrx_word' id='word_1_482' title='bbox 1333 1408 1476 1446; x_wconf 86' lang='lat' dir='ltr'><strong>abeant.</strong></span> 
     </span>
    </p>
   </div>
   <div class='ocr_carea' id='block_1_82' title="bbox 1379 1469 2411 1530">
    <p class='ocr_par' dir='ltr' id='par_1_82' title="bbox 1379 1469 2411 1530">
     <span class='ocr_line' id='line_1_82' title="bbox 1379 1469 2411 1530; baseline 0.013 -24"><span class='ocrx_word' id='word_1_483' title='bbox 1379 1469 1455 1507; x_wconf 68' lang='lat'><strong>18&#39;.</strong></span> <span class='ocrx_word' id='word_1_484' title='bbox 1478 1471 1579 1514; x_wconf 88' lang='lat' dir='ltr'><strong>Quod</strong></span> <span class='ocrx_word' id='word_1_485' title='bbox 1595 1472 1842 1520; x_wconf 85' lang='lat' dir='ltr'><strong>Serapionem,</strong></span> <span class='ocrx_word' id='word_1_486' title='bbox 1857 1474 1892 1511; x_wconf 90' lang='lat' dir='ltr'><strong>in</strong></span> <span class='ocrx_word' id='word_1_487' title='bbox 1909 1476 2045 1514; x_wconf 87' lang='lat' dir='ltr'><strong>crimen</strong></span> <span class='ocrx_word' id='word_1_488' title='bbox 2063 1484 2241 1523; x_wconf 88' lang='lat' dir='ltr'><strong>vocatum,</strong></span> <span class='ocrx_word' id='word_1_489' title='bbox 2261 1482 2411 1530; x_wconf 83' lang='lat' dir='ltr'><strong>presby-</strong></span> 
     </span>
    </p>
   </div>
   <div class='ocr_carea' id='block_1_83' title="bbox 1333 1532 1698 1570">
    <p class='ocr_par' dir='ltr' id='par_1_83' title="bbox 1333 1532 1698 1570">
     <span class='ocr_line' id='line_1_83' title="bbox 1333 1532 1698 1570; baseline 0.014 -5"><span class='ocrx_word' id='word_1_490' title='bbox 1333 1535 1447 1566; x_wconf 88' lang='lat' dir='ltr'><strong>terum</strong></span> <span class='ocrx_word' id='word_1_491' title='bbox 1467 1532 1698 1570; x_wconf 84' lang='lat' dir='ltr'><strong>ordinaverit.</strong></span> 
     </span>
    </p>
   </div>
   <div class='ocr_carea' id='block_1_84' title="bbox 1385 1593 2407 1651">
    <p class='ocr_par' dir='ltr' id='par_1_84' title="bbox 1385 1593 2407 1651">
     <span class='ocr_line' id='line_1_84' title="bbox 1385 1593 2407 1651; baseline 0.016 -23"><span class='ocrx_word' id='word_1_492' title='bbox 1385 1593 1456 1630; x_wconf 84' lang='lat' dir='ltr'><strong>l9°.</strong></span> <span class='ocrx_word' id='word_1_493' title='bbox 1479 1594 1580 1638; x_wconf 87' lang='lat' dir='ltr'><strong>Quod</strong></span> <span class='ocrx_word' id='word_1_494' title='bbox 1601 1605 1677 1640; x_wconf 89' lang='lat' dir='ltr'><strong>eos,</strong></span> <span class='ocrx_word' id='word_1_495' title='bbox 1697 1598 1755 1643; x_wconf 86' lang='lat' dir='ltr'><strong>qui</strong></span> <span class='ocrx_word' id='word_1_496' title='bbox 1776 1608 1856 1635; x_wconf 94' lang='lat' dir='ltr'><strong>cum</strong></span> <span class='ocrx_word' id='word_1_497' title='bbox 1875 1605 1950 1637; x_wconf 85' lang='lat' dir='ltr'><strong>toto</strong></span> <span class='ocrx_word' id='word_1_498' title='bbox 1970 1602 2058 1638; x_wconf 85' lang='lat' dir='ltr'><strong>orbe</strong></span> <span class='ocrx_word' id='word_1_499' title='bbox 2071 1605 2383 1643; x_wconf 88' lang='lat' dir='ltr'><strong>communicabant</strong></span> <span class='ocrx_word' id='word_1_500' title='bbox 2396 1635 2407 1651; x_wconf 90' lang='lat'><strong>,</strong></span> 
     </span>
    </p>
   </div>
   <div class='ocr_carea' id='block_1_85' title="bbox 1332 1653 2406 1704">
    <p class='ocr_par' dir='ltr' id='par_1_85' title="bbox 1332 1653 2406 1704">
     <span class='ocr_line' id='line_1_85' title="bbox 1332 1653 2406 1704; baseline 0.016 -16"><span class='ocrx_word' id='word_1_501' title='bbox 1332 1653 1442 1700; x_wconf 87' lang='lat' dir='ltr'><strong>ipsius</strong></span> <span class='ocrx_word' id='word_1_502' title='bbox 1461 1657 1636 1693; x_wconf 83' lang='lat' dir='ltr'><strong>sententia</strong></span> <span class='ocrx_word' id='word_1_503' title='bbox 1661 1657 1820 1696; x_wconf 87' lang='lat' dir='ltr'><strong>inclusos</strong></span> <span class='ocrx_word' id='word_1_504' title='bbox 1836 1666 1873 1696; x_wconf 92' lang='lat' dir='ltr'><strong>et</strong></span> <span class='ocrx_word' id='word_1_505' title='bbox 1890 1661 1924 1697; x_wconf 93' lang='lat' dir='ltr'><strong>in</strong></span> <span class='ocrx_word' id='word_1_506' title='bbox 1943 1672 2088 1700; x_wconf 85' lang='lat' dir='ltr'><strong>carcere</strong></span> <span class='ocrx_word' id='word_1_507' title='bbox 2107 1665 2294 1702; x_wconf 81' lang='lat' dir='ltr'><strong>defunctos</strong></span> <span class='ocrx_word' id='word_1_508' title='bbox 2315 1677 2406 1704; x_wconf 86' lang='lat' dir='ltr'><strong>cou-</strong></span> 
     </span>
    </p>
   </div>
   <div class='ocr_carea' id='block_1_86' title="bbox 1333 1717 2409 1776">
    <p class='ocr_par' dir='ltr' id='par_1_86' title="bbox 1333 1717 2409 1776">
     <span class='ocr_line' id='line_1_86' title="bbox 1333 1717 2409 1776; baseline 0.014 -25"><span class='ocrx_word' id='word_1_509' title='bbox 1333 1717 1545 1762; x_wconf 75' lang='lat' dir='ltr'><strong>tcmpSrrit;</strong></span> <span class='ocrx_word' id='word_1_510' title='bbox 1567 1719 1614 1754; x_wconf 89' lang='lat' dir='ltr'><strong>ita</strong></span> <span class='ocrx_word' id='word_1_511' title='bbox 1643 1727 1680 1756; x_wconf 86' lang='lat' dir='ltr'><strong>ut</strong></span> <span class='ocrx_word' id='word_1_512' title='bbox 1702 1731 1748 1758; x_wconf 90' lang='lat' dir='ltr'><strong>ne</strong></span> <span class='ocrx_word' id='word_1_513' title='bbox 1768 1732 1918 1769; x_wconf 86' lang='lat' dir='ltr'><strong>corpora</strong></span> <span class='ocrx_word' id='word_1_514' title='bbox 1945 1725 2087 1772; x_wconf 86' lang='lat' dir='ltr'><strong>quidem</strong></span> <span class='ocrx_word' id='word_1_515' title='bbox 2110 1727 2266 1774; x_wconf 89' lang='lat' dir='ltr'><strong>ipsorum</strong></span> <span class='ocrx_word' id='word_1_516' title='bbox 2288 1730 2409 1776; x_wconf 89' lang='lat' dir='ltr'><strong>sepul-</strong></span> 
     </span>
    </p>
   </div>
   <div class='ocr_carea' id='block_1_87' title="bbox 1333 1779 1874 1828">
    <p class='ocr_par' dir='ltr' id='par_1_87' title="bbox 1333 1779 1874 1828">
     <span class='ocr_line' id='line_1_87' title="bbox 1333 1779 1874 1828; baseline 0.017 -16"><span class='ocrx_word' id='word_1_517' title='bbox 1333 1783 1421 1814; x_wconf 82' lang='lat' dir='ltr'><strong>tura.-</strong></span> <span class='ocrx_word' id='word_1_518' title='bbox 1441 1779 1612 1818; x_wconf 90' lang='lat' dir='ltr'><strong>mandarc</strong></span> <span class='ocrx_word' id='word_1_519' title='bbox 1631 1781 1794 1828; x_wconf 82' lang='lat' dir='ltr'><strong>dignatus</strong></span> <span class='ocrx_word' id='word_1_520' title='bbox 1814 1785 1874 1822; x_wconf 83' lang='lat' dir='ltr'><strong>sit.</strong></span> 
     </span>
    </p>
   </div>
   <div class='ocr_carea' id='block_1_88' title="bbox 1377 1839 2404 1900">
    <p class='ocr_par' dir='ltr' id='par_1_88' title="bbox 1377 1839 2404 1900">
     <span class='ocr_line' id='line_1_88' title="bbox 1377 1839 2404 1900; baseline 0.018 -26"><span class='ocrx_word' id='word_1_521' title='bbox 1377 1839 1453 1876; x_wconf 71' lang='lat'><strong>20°.</strong></span> <span class='ocrx_word' id='word_1_522' title='bbox 1475 1841 1577 1884; x_wconf 87' lang='lat' dir='ltr'><strong>Quod</strong></span> <span class='ocrx_word' id='word_1_523' title='bbox 1597 1845 1862 1883; x_wconf 89' lang='lat' dir='ltr'><strong>sanctissimum</strong></span> <span class='ocrx_word' id='word_1_524' title='bbox 1885 1847 2054 1887; x_wconf 77' lang='lat' dir='ltr'><strong>Acacium</strong></span> <span class='ocrx_word' id='word_1_525' title='bbox 2077 1851 2204 1898; x_wconf 83' lang='lat' dir='ltr'><strong>injuria</strong></span> <span class='ocrx_word' id='word_1_526' title='bbox 2221 1853 2404 1900; x_wconf 70' lang='lat' dir='ltr'><strong>olfecerit,</strong></span> 
     </span>
    </p>
   </div>
   <div class='ocr_carea' id='block_1_89' title="bbox 1327 1901 2262 1956">
    <p class='ocr_par' dir='ltr' id='par_1_89' title="bbox 1327 1901 2262 1956">
     <span class='ocr_line' id='line_1_89' title="bbox 1327 1901 2262 1956; baseline 0.016 -21"><span class='ocrx_word' id='word_1_527' title='bbox 1327 1905 1363 1936; x_wconf 90' lang='lat' dir='ltr'><strong>et</strong></span> <span class='ocrx_word' id='word_1_528' title='bbox 1382 1910 1428 1937; x_wconf 88' lang='lat' dir='ltr'><strong>tte</strong></span> <span class='ocrx_word' id='word_1_529' title='bbox 1445 1901 1490 1938; x_wconf 90' lang='lat' dir='ltr'><strong>ad</strong></span> <span class='ocrx_word' id='word_1_530' title='bbox 1511 1903 1729 1950; x_wconf 87' lang='lat' dir='ltr'><strong>colloquium</strong></span> <span class='ocrx_word' id='word_1_531' title='bbox 1749 1908 1894 1953; x_wconf 85' lang='lat' dir='ltr'><strong>quidem</strong></span> <span class='ocrx_word' id='word_1_532' title='bbox 1917 1909 2032 1956; x_wconf 88' lang='lat' dir='ltr'><strong>ipsum</strong></span> <span class='ocrx_word' id='word_1_533' title='bbox 2063 1913 2262 1951; x_wconf 88' lang='lat' dir='ltr'><strong>admiserit.</strong></span> 
     </span>
    </p>
   </div>
   <div class='ocr_carea' id='block_1_90' title="bbox 1373 1962 2406 2026">
    <p class='ocr_par' dir='ltr' id='par_1_90' title="bbox 1373 1962 2406 2026">
     <span class='ocr_line' id='line_1_90' title="bbox 1373 1962 2406 2026; baseline 0.016 -27"><span class='ocrx_word' id='word_1_534' title='bbox 1373 1962 1449 2000; x_wconf 69' lang='lat'><strong>21°.</strong></span> <span class='ocrx_word' id='word_1_535' title='bbox 1481 1963 1583 2009; x_wconf 89' lang='lat' dir='ltr'><strong>Quod</strong></span> <span class='ocrx_word' id='word_1_536' title='bbox 1619 1967 1854 2016; x_wconf 79' lang='lat' dir='ltr'><strong>Porphyrium</strong></span> <span class='ocrx_word' id='word_1_537' title='bbox 1886 1973 2137 2021; x_wconf 83' lang='lat' dir='ltr'><strong>presbyterum</strong></span> <span class='ocrx_word' id='word_1_538' title='bbox 2158 1976 2344 2026; x_wconf 85' lang='lat' dir='ltr'><strong>Eutropio,</strong></span> <span class='ocrx_word' id='word_1_539' title='bbox 2369 1985 2406 2017; x_wconf 87' lang='lat' dir='ltr'><strong>ut</strong></span> 
     </span>
    </p>
   </div>
   <div class='ocr_carea' id='block_1_91' title="bbox 1325 2024 2004 2076">
    <p class='ocr_par' dir='ltr' id='par_1_91' title="bbox 1325 2024 2004 2076">
     <span class='ocr_line' id='line_1_91' title="bbox 1325 2024 2004 2076; baseline 0.01 -14"><span class='ocrx_word' id='word_1_540' title='bbox 1325 2024 1363 2064; x_wconf 82' lang='lat' dir='ltr'><strong>in</strong></span> <span class='ocrx_word' id='word_1_541' title='bbox 1383 2026 1545 2063; x_wconf 76' lang='lat' dir='ltr'><strong>exsilium</strong></span> <span class='ocrx_word' id='word_1_542' title='bbox 1567 2029 1776 2076; x_wconf 88' lang='lat' dir='ltr'><strong>pelleretur,</strong></span> <span class='ocrx_word' id='word_1_543' title='bbox 1806 2033 2004 2070; x_wconf 69' lang='lat' dir='ltr'><strong>tradiderit.</strong></span> 
     </span>
    </p>
   </div>
   <div class='ocr_carea' id='block_1_92' title="bbox 1374 2087 2402 2146">
    <p class='ocr_par' dir='ltr' id='par_1_92' title="bbox 1374 2087 2402 2146">
     <span class='ocr_line' id='line_1_92' title="bbox 1374 2087 2402 2146; baseline 0.015 -22"><span class='ocrx_word' id='word_1_544' title='bbox 1374 2087 1450 2124; x_wconf 69' lang='lat'><strong>22°.</strong></span> <span class='ocrx_word' id='word_1_545' title='bbox 1472 2089 1574 2134; x_wconf 92' lang='lat' dir='ltr'><strong>Quod</strong></span> <span class='ocrx_word' id='word_1_546' title='bbox 1595 2090 1786 2128; x_wconf 84' lang='lat' dir='ltr'><strong>Venerium</strong></span> <span class='ocrx_word' id='word_1_547' title='bbox 1818 2095 1902 2130; x_wconf 87' lang='lat' dir='ltr'><strong>item</strong></span> <span class='ocrx_word' id='word_1_548' title='bbox 1931 2097 2179 2146; x_wconf 86' lang='lat' dir='ltr'><strong>presbyterum</strong></span> <span class='ocrx_word' id='word_1_549' title='bbox 2207 2111 2288 2137; x_wconf 91' lang='lat' dir='ltr'><strong>cum</strong></span> <span class='ocrx_word' id='word_1_550' title='bbox 2315 2112 2402 2139; x_wconf 89' lang='lat' dir='ltr'><strong>con-</strong></span> 
     </span>
    </p>
   </div>
   <div class='ocr_carea' id='block_1_93' title="bbox 1330 2149 1827 2190">
    <p class='ocr_par' dir='ltr' id='par_1_93' title="bbox 1330 2149 1827 2190">
     <span class='ocr_line' id='line_1_93' title="bbox 1330 2149 1827 2190; baseline 0.012 -6"><span class='ocrx_word' id='word_1_551' title='bbox 1330 2149 1474 2185; x_wconf 91' lang='lat' dir='ltr'><strong>tumelia</strong></span> <span class='ocrx_word' id='word_1_552' title='bbox 1498 2152 1606 2188; x_wconf 88' lang='lat' dir='ltr'><strong>multa</strong></span> <span class='ocrx_word' id='word_1_553' title='bbox 1631 2153 1827 2190; x_wconf 85' lang='lat' dir='ltr'><strong>tradiderit.</strong></span> 
     </span>
    </p>
   </div>
   <div class='ocr_carea' id='block_1_94' title="bbox 1374 2208 2402 2267">
    <p class='ocr_par' dir='ltr' id='par_1_94' title="bbox 1374 2208 2402 2267">
     <span class='ocr_line' id='line_1_94' title="bbox 1374 2208 2402 2267; baseline 0.019 -23"><span class='ocrx_word' id='word_1_554' title='bbox 1374 2208 1452 2246; x_wconf 68' lang='lat'><strong>25°.</strong></span> <span class='ocrx_word' id='word_1_555' title='bbox 1487 2211 1588 2256; x_wconf 89' lang='lat' dir='ltr'><strong>Quod</strong></span> <span class='ocrx_word' id='word_1_556' title='bbox 1621 2214 1669 2250; x_wconf 91' lang='lat' dir='ltr'><strong>illi</strong></span> <span class='ocrx_word' id='word_1_557' title='bbox 1703 2216 1766 2251; x_wconf 88' lang='lat' dir='ltr'><strong>soli</strong></span> <span class='ocrx_word' id='word_1_558' title='bbox 1800 2216 1964 2254; x_wconf 89' lang='lat' dir='ltr'><strong>balneum</strong></span> <span class='ocrx_word' id='word_1_559' title='bbox 1999 2221 2250 2267; x_wconf 86' lang='lat' dir='ltr'><strong>succendatur,</strong></span> <span class='ocrx_word' id='word_1_560' title='bbox 2279 2231 2315 2262; x_wconf 90' lang='lat' dir='ltr'><strong>et</strong></span> <span class='ocrx_word' id='word_1_561' title='bbox 2344 2228 2402 2264; x_wconf 89' lang='lat' dir='ltr'><strong>ubi</strong></span> 
     </span>
    </p>
   </div>
   <div class='ocr_carea' id='block_1_95' title="bbox 1327 2268 2404 2328">
    <p class='ocr_par' dir='ltr' id='par_1_95' title="bbox 1327 2268 2404 2328">
     <span class='ocr_line' id='line_1_95' title="bbox 1327 2268 2404 2328; baseline 0.021 -24"><span class='ocrx_word' id='word_1_562' title='bbox 1327 2268 1480 2316; x_wconf 85' lang='lat' dir='ltr'><strong>laverit,</strong></span> <span class='ocrx_word' id='word_1_563' title='bbox 1513 2273 1685 2320; x_wconf 82' lang='lat' dir='ltr'><strong>Serapion</strong></span> <span class='ocrx_word' id='word_1_564' title='bbox 1726 2279 1860 2314; x_wconf 87' lang='lat' dir='ltr'><strong>aditum</strong></span> <span class='ocrx_word' id='word_1_565' title='bbox 1905 2282 2058 2328; x_wconf 90' lang='lat' dir='ltr'><strong>claudat,</strong></span> <span class='ocrx_word' id='word_1_566' title='bbox 2099 2292 2136 2321; x_wconf 93' lang='lat' dir='ltr'><strong>ut</strong></span> <span class='ocrx_word' id='word_1_567' title='bbox 2171 2287 2263 2324; x_wconf 89' lang='lat' dir='ltr'><strong>alius</strong></span> <span class='ocrx_word' id='word_1_568' title='bbox 2297 2299 2404 2328; x_wconf 82' lang='lat' dir='ltr'><strong>nemo</strong></span> 
     </span>
    </p>
   </div>
   <div class='ocr_carea' id='block_1_96' title="bbox 1327 2329 1434 2367">
    <p class='ocr_par' dir='ltr' id='par_1_96' title="bbox 1327 2329 1434 2367">
     <span class='ocr_line' id='line_1_96' title="bbox 1327 2329 1434 2367; baseline 0.009 -2"><span class='ocrx_word' id='word_1_569' title='bbox 1327 2329 1434 2367; x_wconf 88' lang='lat' dir='ltr'><strong>lavet.</strong></span> 
     </span>
    </p>
   </div>
   <div class='ocr_carea' id='block_1_97' title="bbox 1373 2392 2193 2442">
    <p class='ocr_par' dir='ltr' id='par_1_97' title="bbox 1373 2392 2193 2442">
     <span class='ocr_line' id='line_1_97' title="bbox 1373 2392 2193 2442; baseline 0.018 -14"><span class='ocrx_word' id='word_1_570' title='bbox 1373 2392 1452 2432; x_wconf 66' lang='grc'><strong>24⁸.</strong></span> <span class='ocrx_word' id='word_1_571' title='bbox 1472 2394 1574 2439; x_wconf 82' lang='lat' dir='ltr'><strong>Quod</strong></span> <span class='ocrx_word' id='word_1_572' title='bbox 1594 2397 1670 2433; x_wconf 85' lang='lat' dir='ltr'><strong>sine</strong></span> <span class='ocrx_word' id='word_1_573' title='bbox 1692 2399 1840 2434; x_wconf 78' lang='lat' dir='ltr'><strong>testibus</strong></span> <span class='ocrx_word' id='word_1_574' title='bbox 1858 2401 1990 2438; x_wconf 86' lang='lat' dir='ltr'><strong>multos</strong></span> <span class='ocrx_word' id='word_1_575' title='bbox 2008 2405 2193 2442; x_wconf 90' lang='lat' dir='ltr'><strong>ordinarit.</strong></span> 
     </span>
    </p>
   </div>
   <div class='ocr_carea' id='block_1_98' title="bbox 1377 2455 2402 2516">
    <p class='ocr_par' dir='ltr' id='par_1_98' title="bbox 1377 2455 2402 2516">
     <span class='ocr_line' id='line_1_98' title="bbox 1377 2455 2402 2516; baseline 0.018 -25"><span class='ocrx_word' id='word_1_576' title='bbox 1377 2455 1456 2492; x_wconf 75' lang='lat'><strong>25°.</strong></span> <span class='ocrx_word' id='word_1_577' title='bbox 1479 2457 1580 2502; x_wconf 86' lang='lat' dir='ltr'><strong>Quod</strong></span> <span class='ocrx_word' id='word_1_578' title='bbox 1601 2459 1698 2496; x_wconf 88' lang='lat' dir='ltr'><strong>solus</strong></span> <span class='ocrx_word' id='word_1_579' title='bbox 1723 2460 1804 2497; x_wconf 88' lang='lat' dir='ltr'><strong>edat</strong></span> <span class='ocrx_word' id='word_1_580' title='bbox 1825 2461 2116 2511; x_wconf 87' lang='lat' dir='ltr'><strong>intemperanter,</strong></span> <span class='ocrx_word' id='word_1_581' title='bbox 2134 2468 2328 2516; x_wconf 84' lang='lat' dir='ltr'><strong>Cyclopum</strong></span> <span class='ocrx_word' id='word_1_582' title='bbox 2349 2474 2402 2508; x_wconf 88' lang='lat' dir='ltr'><strong>vi-</strong></span> 
     </span>
    </p>
   </div>
   <div class='ocr_carea' id='block_1_99' title="bbox 1328 2520 2358 2564">
    <p class='ocr_par' dir='ltr' id='par_1_99' title="bbox 1328 2520 2358 2564">
     <span class='ocr_line' id='line_1_99' title="bbox 1328 2520 2358 2564; baseline 0.014 -12"><span class='ocrx_word' id='word_1_583' title='bbox 1328 2521 1400 2553; x_wconf 85' lang='lat' dir='ltr'><strong>tam</strong></span> <span class='ocrx_word' id='word_1_584' title='bbox 1419 2528 1544 2564; x_wconf 79' lang='lat' dir='ltr'><strong>agens.</strong></span> <span class='ocrx_word' id='word_1_585' title='bbox 2345 2520 2358 2531; x_wconf 75' lang='grc'><em>’</em></span> 
     </span>
    </p>
   </div>
   <div class='ocr_carea' id='block_1_100' title="bbox 1373 2579 2407 2642">
    <p class='ocr_par' dir='ltr' id='par_1_100' title="bbox 1373 2579 2407 2642">
     <span class='ocr_line' id='line_1_100' title="bbox 1373 2579 2407 2642; baseline 0.016 -29"><span class='ocrx_word' id='word_1_586' title='bbox 1373 2579 1449 2614; x_wconf 67' lang='lat'><strong>“26&quot;.</strong></span> <span class='ocrx_word' id='word_1_587' title='bbox 1473 2579 1572 2624; x_wconf 86' lang='lat' dir='ltr'><strong>Quod</strong></span> <span class='ocrx_word' id='word_1_588' title='bbox 1604 2581 1678 2628; x_wconf 85' lang='lat' dir='ltr'><strong>ipse</strong></span> <span class='ocrx_word' id='word_1_589' title='bbox 1696 2591 1853 2628; x_wconf 84' lang='lat' dir='ltr'><strong>accuset,</strong></span> <span class='ocrx_word' id='word_1_590' title='bbox 1872 2585 1988 2630; x_wconf 88' lang='lat' dir='ltr'><strong>sitque</strong></span> <span class='ocrx_word' id='word_1_591' title='bbox 2007 2587 2108 2624; x_wconf 89' lang='lat' dir='ltr'><strong>testis</strong></span> <span class='ocrx_word' id='word_1_592' title='bbox 2131 2589 2302 2636; x_wconf 82' lang='lat' dir='ltr'><strong>etjudex.</strong></span> <span class='ocrx_word' id='word_1_593' title='bbox 2327 2593 2407 2642; x_wconf 5' lang='lat' dir='ltr'><strong>Pla-q</strong></span> 
     </span>
    </p>
   </div>
   <div class='ocr_carea' id='block_1_101' title="bbox 1330 2641 2401 2698">
    <p class='ocr_par' dir='ltr' id='par_1_101' title="bbox 1330 2641 2401 2698">
     <span class='ocr_line' id='line_1_101' title="bbox 1330 2641 2401 2698; baseline 0.016 -24"><span class='ocrx_word' id='word_1_594' title='bbox 1330 2649 1488 2686; x_wconf 88' lang='lat' dir='ltr'><strong>numque</strong></span> <span class='ocrx_word' id='word_1_595' title='bbox 1506 2641 1540 2677; x_wconf 92' lang='lat' dir='ltr'><strong>id</strong></span> <span class='ocrx_word' id='word_1_596' title='bbox 1561 2651 1641 2679; x_wconf 88' lang='lat' dir='ltr'><strong>csse</strong></span> <span class='ocrx_word' id='word_1_597' title='bbox 1659 2653 1702 2680; x_wconf 85' lang='lat' dir='ltr'><strong>ex</strong></span> <span class='ocrx_word' id='word_1_598' title='bbox 1731 2644 1788 2688; x_wconf 91' lang='lat' dir='ltr'><strong>iis,</strong></span> <span class='ocrx_word' id='word_1_599' title='bbox 1809 2655 1888 2691; x_wconf 73' lang='lat' dir='ltr'><strong>qua:</strong></span> <span class='ocrx_word' id='word_1_600' title='bbox 1921 2658 2000 2684; x_wconf 92' lang='lat' dir='ltr'><strong>cum</strong></span> <span class='ocrx_word' id='word_1_601' title='bbox 2031 2649 2200 2697; x_wconf 86' lang='lat' dir='ltr'><strong>Martyrio</strong></span> <span class='ocrx_word' id='word_1_602' title='bbox 2219 2655 2401 2698; x_wconf 89' lang='lat' dir='ltr'><strong>protodia-</strong></span> 
     </span>
    </p>
   </div>
   <div class='ocr_carea' id='block_1_102' title="bbox 1327 2702 2402 2758">
    <p class='ocr_par' dir='ltr' id='par_1_102' title="bbox 1327 2702 2402 2758">
     <span class='ocr_line' id='line_1_102' title="bbox 1327 2702 2402 2758; baseline 0.015 -22"><span class='ocrx_word' id='word_1_603' title='bbox 1327 2710 1434 2746; x_wconf 89' lang='lat' dir='ltr'><strong>cono,</strong></span> <span class='ocrx_word' id='word_1_604' title='bbox 1461 2708 1497 2738; x_wconf 93' lang='lat' dir='ltr'><strong>ct</strong></span> <span class='ocrx_word' id='word_1_605' title='bbox 1524 2702 1762 2749; x_wconf 81' lang='lat' dir='ltr'><strong>Prohzcresio,</strong></span> <span class='ocrx_word' id='word_1_606' title='bbox 1785 2705 1900 2752; x_wconf 74' lang='lat' dir='ltr'><strong>Lyciae</strong></span> <span class='ocrx_word' id='word_1_607' title='bbox 1920 2708 2100 2756; x_wconf 83' lang='lat' dir='ltr'><strong>episc0po,</strong></span> <span class='ocrx_word' id='word_1_608' title='bbox 2121 2719 2220 2758; x_wconf 79' lang='lat' dir='ltr'><strong>gesta</strong></span> <span class='ocrx_word' id='word_1_609' title='bbox 2242 2714 2402 2752; x_wconf 76' lang='lat' dir='ltr'><strong>referun-</strong></span> 
     </span>
    </p>
   </div>
   <div class='ocr_carea' id='block_1_103' title="bbox 1326 2767 2081 2798">
    <p class='ocr_par' dir='ltr' id='par_1_103' title="bbox 1326 2767 2081 2798">
     <span class='ocr_line' id='line_1_103' title="bbox 1326 2767 2081 2798; baseline 0 -1"><span class='ocrx_word' id='word_1_610' title='bbox 1326 2767 1394 2798; x_wconf 76' lang='lat' dir='ltr'><strong>llll‘.</strong></span> <span class='ocrx_word' id='word_1_611' title='bbox 2079 2795 2081 2797; x_wconf 96' lang='lat'><strong>.</strong></span> 
     </span>
    </p>
   </div>
   <div class='ocr_carea' id='block_1_104' title="bbox 1373 2823 2400 2880">
    <p class='ocr_par' dir='ltr' id='par_1_104' title="bbox 1373 2823 2400 2880">
     <span class='ocr_line' id='line_1_104' title="bbox 1373 2823 2400 2880; baseline 0.017 -23"><span class='ocrx_word' id='word_1_612' title='bbox 1373 2823 1452 2859; x_wconf 57' lang='grc' dir='ltr'><strong>ἓν.</strong></span> <span class='ocrx_word' id='word_1_613' title='bbox 1493 2823 1596 2868; x_wconf 91' lang='lat' dir='ltr'><strong>Quod</strong></span> <span class='ocrx_word' id='word_1_614' title='bbox 1632 2825 1856 2864; x_wconf 77' lang='lat' dir='ltr'><strong>Memnonem</strong></span> <span class='ocrx_word' id='word_1_615' title='bbox 1888 2829 1921 2864; x_wconf 93' lang='lat' dir='ltr'><strong>in</strong></span> <span class='ocrx_word' id='word_1_616' title='bbox 1952 2830 2106 2868; x_wconf 70' lang='lat' dir='ltr'><strong>ecclesia</strong></span> <span class='ocrx_word' id='word_1_617' title='bbox 2147 2833 2400 2880; x_wconf 83' lang='lat' dir='ltr'><strong>Apostolorum</strong></span> 
     </span>
    </p>
   </div>
   <div class='ocr_carea' id='block_1_105' title="bbox 1323 2887 2398 2947">
    <p class='ocr_par' dir='ltr' id='par_1_105' title="bbox 1323 2887 2398 2947">
     <span class='ocr_line' id='line_1_105' title="bbox 1323 2887 2398 2947; baseline 0.014 -27"><span class='ocrx_word' id='word_1_618' title='bbox 1323 2894 1442 2930; x_wconf 78' lang='lat' dir='ltr'><strong>pugno</strong></span> <span class='ocrx_word' id='word_1_619' title='bbox 1463 2887 1690 2932; x_wconf 87' lang='lat' dir='ltr'><strong>percusserit,</strong></span> <span class='ocrx_word' id='word_1_620' title='bbox 1713 2893 1749 2924; x_wconf 90' lang='lat' dir='ltr'><strong>et</strong></span> <span class='ocrx_word' id='word_1_621' title='bbox 1777 2891 1948 2937; x_wconf 78' lang='lat' dir='ltr'><strong>sanguine</strong></span> <span class='ocrx_word' id='word_1_622' title='bbox 1965 2901 2010 2927; x_wconf 86' lang='lat' dir='ltr'><strong>ex</strong></span> <span class='ocrx_word' id='word_1_623' title='bbox 2030 2901 2092 2930; x_wconf 91' lang='lat' dir='ltr'><strong>ore</strong></span> <span class='ocrx_word' id='word_1_624' title='bbox 2119 2901 2298 2941; x_wconf 87' lang='lat' dir='ltr'><strong>manante,</strong></span> <span class='ocrx_word' id='word_1_625' title='bbox 2320 2909 2398 2947; x_wconf 70' lang='lat' dir='ltr'><strong>my~</strong></span> 
     </span>
    </p>
   </div>
   <div class='ocr_carea' id='block_1_106' title="bbox 1325 2945 1777 2984">
    <p class='ocr_par' dir='ltr' id='par_1_106' title="bbox 1325 2945 1777 2984">
     <span class='ocr_line' id='line_1_106' title="bbox 1325 2945 1777 2984; baseline 0.009 -4"><span class='ocrx_word' id='word_1_626' title='bbox 1325 2945 1433 2981; x_wconf 86' lang='lat' dir='ltr'><strong>steria</strong></span> <span class='ocrx_word' id='word_1_627' title='bbox 1455 2951 1575 2982; x_wconf 88' lang='lat' dir='ltr'><strong>tamen</strong></span> <span class='ocrx_word' id='word_1_628' title='bbox 1595 2947 1777 2984; x_wconf 88' lang='lat' dir='ltr'><strong>obtulerit.</strong></span> 
     </span>
    </p>
   </div>
   <div class='ocr_carea' id='block_1_107' title="bbox 1373 3008 2398 3064">
    <p class='ocr_par' dir='ltr' id='par_1_107' title="bbox 1373 3008 2398 3064">
     <span class='ocr_line' id='line_1_107' title="bbox 1373 3008 2398 3064; baseline 0.015 -20"><span class='ocrx_word' id='word_1_629' title='bbox 1373 3008 1453 3044; x_wconf 69' lang='lat'><strong>28&#39;.</strong></span> <span class='ocrx_word' id='word_1_630' title='bbox 1477 3009 1578 3054; x_wconf 91' lang='lat' dir='ltr'><strong>Quod</strong></span> <span class='ocrx_word' id='word_1_631' title='bbox 1614 3011 1648 3046; x_wconf 93' lang='lat' dir='ltr'><strong>in</strong></span> <span class='ocrx_word' id='word_1_632' title='bbox 1683 3012 1812 3048; x_wconf 91' lang='lat' dir='ltr'><strong>throno</strong></span> <span class='ocrx_word' id='word_1_633' title='bbox 1842 3021 2034 3051; x_wconf 88' lang='lat' dir='ltr'><strong>exueretur</strong></span> <span class='ocrx_word' id='word_1_634' title='bbox 2062 3021 2098 3052; x_wconf 89' lang='lat' dir='ltr'><strong>ct</strong></span> <span class='ocrx_word' id='word_1_635' title='bbox 2125 3017 2342 3064; x_wconf 88' lang='lat' dir='ltr'><strong>indueretur,</strong></span> <span class='ocrx_word' id='word_1_636' title='bbox 2364 3029 2398 3059; x_wconf 92' lang='lat' dir='ltr'><strong>et</strong></span> 
     </span>
    </p>
   </div>
   <div class='ocr_carea' id='block_1_108' title="bbox 1323 3069 1661 3114">
    <p class='ocr_par' dir='ltr' id='par_1_108' title="bbox 1323 3069 1661 3114">
     <span class='ocr_line' id='line_1_108' title="bbox 1323 3069 1661 3114; baseline 0.012 -11"><span class='ocrx_word' id='word_1_637' title='bbox 1323 3069 1506 3114; x_wconf 90' lang='lat' dir='ltr'><strong>pastillum</strong></span> <span class='ocrx_word' id='word_1_638' title='bbox 1526 3071 1661 3107; x_wconf 81' lang='lat' dir='ltr'><strong>ederet.</strong></span> 
     </span>
    </p>
   </div>
   <div class='ocr_carea' id='block_1_109' title="bbox 1369 3131 2400 3192">
    <p class='ocr_par' dir='ltr' id='par_1_109' title="bbox 1369 3131 2400 3192">
     <span class='ocr_line' id='line_1_109' title="bbox 1369 3131 2400 3192; baseline 0.014 -26"><span class='ocrx_word' id='word_1_639' title='bbox 1369 3131 1448 3168; x_wconf 72' lang='lat'><strong>29°.</strong></span> <span class='ocrx_word' id='word_1_640' title='bbox 1468 3131 1569 3177; x_wconf 91' lang='lat' dir='ltr'><strong>Quod</strong></span> <span class='ocrx_word' id='word_1_641' title='bbox 1588 3133 1765 3180; x_wconf 87' lang='lat' dir='ltr'><strong>episcopis</strong></span> <span class='ocrx_word' id='word_1_642' title='bbox 1792 3135 1838 3171; x_wconf 87' lang='lat' dir='ltr'><strong>ab</strong></span> <span class='ocrx_word' id='word_1_643' title='bbox 1855 3145 1892 3172; x_wconf 89' lang='lat' dir='ltr'><strong>sc</strong></span> <span class='ocrx_word' id='word_1_644' title='bbox 1911 3137 2086 3176; x_wconf 89' lang='lat' dir='ltr'><strong>ordinatis</strong></span> <span class='ocrx_word' id='word_1_645' title='bbox 2105 3141 2272 3186; x_wconf 86' lang='lat' dir='ltr'><strong>pecunias</strong></span> <span class='ocrx_word' id='word_1_646' title='bbox 2294 3143 2400 3192; x_wconf 75' lang='lat' dir='ltr'><strong>largi-</strong></span> 
     </span>
    </p>
   </div>
   <div class='ocr_carea' id='block_1_110' title="bbox 1322 3193 2086 3245">
    <p class='ocr_par' dir='ltr' id='par_1_110' title="bbox 1322 3193 2086 3245">
     <span class='ocr_line' id='line_1_110' title="bbox 1322 3193 2086 3245; baseline 0.012 -17"><span class='ocrx_word' id='word_1_647' title='bbox 1322 3198 1436 3237; x_wconf 87' lang='lat' dir='ltr'><strong>retur,</strong></span> <span class='ocrx_word' id='word_1_648' title='bbox 1454 3198 1493 3230; x_wconf 94' lang='lat' dir='ltr'><strong>ut</strong></span> <span class='ocrx_word' id='word_1_649' title='bbox 1509 3203 1574 3240; x_wconf 89' lang='lat' dir='ltr'><strong>per</strong></span> <span class='ocrx_word' id='word_1_650' title='bbox 1593 3194 1673 3230; x_wconf 90' lang='lat' dir='ltr'><strong>illos</strong></span> <span class='ocrx_word' id='word_1_651' title='bbox 1691 3193 1832 3231; x_wconf 83' lang='lat' dir='ltr'><strong>Clerum</strong></span> <span class='ocrx_word' id='word_1_652' title='bbox 1851 3197 2086 3245; x_wconf 85' lang='lat' dir='ltr'><strong>opprimeret.</strong></span> 
     </span>
    </p>
   </div>
   <div class='ocr_carea' id='block_1_111' title="bbox 1372 3253 2398 3304">
    <p class='ocr_par' dir='ltr' id='par_1_111' title="bbox 1372 3253 2398 3304">
     <span class='ocr_line' id='line_1_111' title="bbox 1372 3253 2398 3304; baseline 0.016 -16"><span class='ocrx_word' id='word_1_653' title='bbox 1372 3253 1634 3301; x_wconf 77' lang='lat' dir='ltr'><strong>C/trysoatomus</strong></span> <span class='ocrx_word' id='word_1_654' title='bbox 1646 3256 1693 3290; x_wconf 87' lang='lat' dir='ltr'><strong>ad</strong></span> <span class='ocrx_word' id='word_1_655' title='bbox 1710 3254 1892 3302; x_wconf 82' lang='lat' dir='ltr'><strong>Synodum</strong></span> <span class='ocrx_word' id='word_1_656' title='bbox 1927 3265 2072 3296; x_wconf 72' lang='lat' dir='ltr'><strong>vocatus-</strong></span> <span class='ocrx_word' id='word_1_657' title='bbox 2085 3260 2224 3300; x_wconf 76' lang='lat' dir='ltr'><strong>abnuit.</strong></span> <span class='ocrx_word' id='word_1_658' title='bbox 2241 3285 2288 3292; x_wconf 91' lang='grc'><strong><em>-</em></strong></span> <span class='ocrx_word' id='word_1_659' title='bbox 2337 3267 2398 3304; x_wconf 88' lang='lat' dir='ltr'><strong>llis</strong></span> 
     </span>
    </p>
   </div>
   <div class='ocr_carea' id='block_1_112' title="bbox 1323 3315 2396 3370">
    <p class='ocr_par' dir='ltr' id='par_1_112' title="bbox 1323 3315 2396 3370">
     <span class='ocr_line' id='line_1_112' title="bbox 1323 3315 2396 3370; baseline 0.013 -19"><span class='ocrx_word' id='word_1_660' title='bbox 1323 3315 1453 3351; x_wconf 85' lang='lat' dir='ltr'><strong>oblatis</strong></span> <span class='ocrx_word' id='word_1_661' title='bbox 1479 3316 1746 3352; x_wconf 87' lang='lat' dir='ltr'><strong>accusationum</strong></span> <span class='ocrx_word' id='word_1_662' title='bbox 1767 3319 1957 3365; x_wconf 87' lang='lat' dir='ltr'><strong>capitibus,</strong></span> <span class='ocrx_word' id='word_1_663' title='bbox 1977 3320 2197 3370; x_wconf 88' lang='lat' dir='ltr'><strong>Theophilus</strong></span> <span class='ocrx_word' id='word_1_664' title='bbox 2216 3331 2252 3362; x_wconf 90' lang='lat' dir='ltr'><strong>et</strong></span> <span class='ocrx_word' id='word_1_665' title='bbox 2277 3331 2396 3366; x_wconf 67' lang='lat' dir='ltr'><strong>etctcri</strong></span> 
     </span>
    </p>
   </div>
   <div class='ocr_carea' id='block_1_113' title="bbox 1323 3377 2397 3429">
    <p class='ocr_par' dir='ltr' id='par_1_113' title="bbox 1323 3377 2397 3429">
     <span class='ocr_line' id='line_1_113' title="bbox 1323 3377 2397 3429; baseline 0.011 -16"><span class='ocrx_word' id='word_1_666' title='bbox 1323 3378 1482 3425; x_wconf 72' lang='lat' dir='ltr'><strong>episcopi</strong></span> <span class='ocrx_word' id='word_1_667' title='bbox 1503 3377 1689 3426; x_wconf 89' lang='lat' dir='ltr'><strong>Synodum</strong></span> <span class='ocrx_word' id='word_1_668' title='bbox 1706 3382 1978 3429; x_wconf 87' lang='lat' dir='ltr'><strong>constituentes,</strong></span> <span class='ocrx_word' id='word_1_669' title='bbox 1999 3385 2173 3423; x_wconf 88' lang='lat' dir='ltr'><strong>Joannem</strong></span> <span class='ocrx_word' id='word_1_670' title='bbox 2189 3389 2345 3425; x_wconf 84' lang='lat' dir='ltr'><strong>citarunt</strong></span> <span class='ocrx_word' id='word_1_671' title='bbox 2360 3396 2397 3426; x_wconf 91' lang='lat' dir='ltr'><strong>nt</strong></span> 
     </span>
    </p>
   </div>
   <div class='ocr_carea' id='block_1_114' title="bbox 1323 3439 2389 3496">
    <p class='ocr_par' dir='ltr' id='par_1_114' title="bbox 1323 3439 2389 3496">
     <span class='ocr_line' id='line_1_114' title="bbox 1323 3439 2389 3496; baseline 0.011 -24"><span class='ocrx_word' id='word_1_672' title='bbox 1323 3439 1368 3475; x_wconf 82' lang='lat' dir='ltr'><strong>ad</strong></span> <span class='ocrx_word' id='word_1_673' title='bbox 1385 3439 1568 3486; x_wconf 86' lang='lat' dir='ltr'><strong>Synodum</strong></span> <span class='ocrx_word' id='word_1_674' title='bbox 1589 3449 1813 3487; x_wconf 78' lang='lat' dir='ltr'><strong>compareret</strong></span> <span class='ocrx_word' id='word_1_675' title='bbox 1844 3443 2004 3491; x_wconf 67' lang='lat' dir='ltr'><strong>(Plautius</strong></span> <span class='ocrx_word' id='word_1_676' title='bbox 2021 3458 2056 3494; x_wconf 87' lang='lat' dir='ltr'><strong>p.</strong></span> <span class='ocrx_word' id='word_1_677' title='bbox 2075 3449 2122 3486; x_wconf 75' lang='lat'><strong>55</strong></span> <span class='ocrx_word' id='word_1_678' title='bbox 2140 3455 2172 3484; x_wconf 79' lang='lat' dir='ltr'><strong>et</strong></span> <span class='ocrx_word' id='word_1_679' title='bbox 2188 3461 2280 3496; x_wconf 75' lang='lat' dir='ltr'><strong>seqq.</strong></span> <span class='ocrx_word' id='word_1_680' title='bbox 2303 3449 2389 3484; x_wconf 80' lang='lat' dir='ltr'><strong>Pul-</strong></span> 
     </span>
    </p>
   </div>
   <div class='ocr_carea' id='block_1_115' title="bbox 1323 3500 2393 3556">
    <p class='ocr_par' dir='ltr' id='par_1_115' title="bbox 1323 3500 2393 3556">
     <span class='ocr_line' id='line_1_115' title="bbox 1323 3500 2393 3556; baseline 0.008 -20"><span class='ocrx_word' id='word_1_681' title='bbox 1323 3501 1394 3537; x_wconf 84' lang='lat' dir='ltr'><strong>Iad.</strong></span> <span class='ocrx_word' id='word_1_682' title='bbox 1433 3500 1602 3549; x_wconf 82' lang='lat' dir='ltr'><strong>Dialog.).</strong></span> <span class='ocrx_word' id='word_1_683' title='bbox 1637 3501 1749 3540; x_wconf 88' lang='lat' dir='ltr'><strong>Erant</strong></span> <span class='ocrx_word' id='word_1_684' title='bbox 1775 3510 1859 3543; x_wconf 92' lang='lat' dir='ltr'><strong>tunc</strong></span> <span class='ocrx_word' id='word_1_685' title='bbox 1886 3517 1965 3544; x_wconf 89' lang='lat' dir='ltr'><strong>cmn</strong></span> <span class='ocrx_word' id='word_1_686' title='bbox 1993 3508 2132 3546; x_wconf 87' lang='lat' dir='ltr'><strong>Joanne</strong></span> <span class='ocrx_word' id='word_1_687' title='bbox 2161 3511 2393 3556; x_wconf 80' lang='lat' dir='ltr'><strong>quadraginta</strong></span> 
     </span>
    </p>
   </div>
   <div class='ocr_carea' id='block_1_116' title="bbox 1323 3563 2395 3618">
    <p class='ocr_par' dir='ltr' id='par_1_116' title="bbox 1323 3563 2395 3618">
     <span class='ocr_line' id='line_1_116' title="bbox 1323 3563 2395 3618; baseline 0.007 -20"><span class='ocrx_word' id='word_1_688' title='bbox 1323 3563 1494 3609; x_wconf 86' lang='lat' dir='ltr'><strong>episcopi,</strong></span> <span class='ocrx_word' id='word_1_689' title='bbox 1527 3563 1695 3602; x_wconf 86' lang='lat' dir='ltr'><strong>sedentes</strong></span> <span class='ocrx_word' id='word_1_690' title='bbox 1724 3565 1759 3602; x_wconf 86' lang='lat' dir='ltr'><strong>in</strong></span> <span class='ocrx_word' id='word_1_691' title='bbox 1795 3569 1949 3607; x_wconf 91' lang='lat' dir='ltr'><strong>triclinio</strong></span> <span class='ocrx_word' id='word_1_692' title='bbox 1983 3572 2176 3618; x_wconf 82' lang='lat' dir='ltr'><strong>cpiscopii,</strong></span> <span class='ocrx_word' id='word_1_693' title='bbox 2211 3577 2395 3616; x_wconf 87' lang='lat' dir='ltr'><strong>stupentes</strong></span> 
     </span>
    </p>
   </div>
   <div class='ocr_carea' id='block_1_117' title="bbox 1323 3623 2394 3676">
    <p class='ocr_par' dir='ltr' id='par_1_117' title="bbox 1323 3623 2394 3676">
     <span class='ocr_line' id='line_1_117' title="bbox 1323 3623 2394 3676; baseline 0.003 -16"><span class='ocrx_word' id='word_1_694' title='bbox 1323 3623 1504 3670; x_wconf 88' lang='lat' dir='ltr'><strong>quomodo</strong></span> <span class='ocrx_word' id='word_1_695' title='bbox 1531 3635 1626 3668; x_wconf 87' lang='lat' dir='ltr'><strong>rcus,</strong></span> <span class='ocrx_word' id='word_1_696' title='bbox 1649 3632 1684 3662; x_wconf 90' lang='lat' dir='ltr'><strong>et</strong></span> <span class='ocrx_word' id='word_1_697' title='bbox 1707 3636 1852 3676; x_wconf 86' lang='lat' dir='ltr'><strong>propter</strong></span> <span class='ocrx_word' id='word_1_698' title='bbox 1881 3631 2029 3667; x_wconf 89' lang='lat' dir='ltr'><strong>crimina</strong></span> <span class='ocrx_word' id='word_1_699' title='bbox 2057 3631 2154 3667; x_wconf 81' lang='lat' dir='ltr'><strong>solus</strong></span> <span class='ocrx_word' id='word_1_700' title='bbox 2173 3629 2218 3664; x_wconf 85' lang='lat' dir='ltr'><strong>ad</strong></span> <span class='ocrx_word' id='word_1_701' title='bbox 2237 3628 2394 3664; x_wconf 89' lang='lat' dir='ltr'><strong>Comita-</strong></span> 
     </span>
    </p>
   </div>
   <div class='ocr_carea' id='block_1_118' title="bbox 1325 3685 2395 3736">
    <p class='ocr_par' dir='ltr' id='par_1_118' title="bbox 1325 3685 2395 3736">
     <span class='ocr_line' id='line_1_118' title="bbox 1325 3685 2395 3736; baseline 0.006 -14"><span class='ocrx_word' id='word_1_702' title='bbox 1325 3692 1397 3722; x_wconf 91' lang='lat' dir='ltr'><strong>tum</strong></span> <span class='ocrx_word' id='word_1_703' title='bbox 1419 3691 1454 3721; x_wconf 88' lang='lat' dir='ltr'><strong>et</strong></span> <span class='ocrx_word' id='word_1_704' title='bbox 1482 3685 1703 3734; x_wconf 87' lang='lat' dir='ltr'><strong>lmperialem</strong></span> <span class='ocrx_word' id='word_1_705' title='bbox 1731 3691 1910 3728; x_wconf 90' lang='lat' dir='ltr'><strong>civitatem</strong></span> <span class='ocrx_word' id='word_1_706' title='bbox 1940 3692 2062 3728; x_wconf 90' lang='lat' dir='ltr'><strong>venire</strong></span> <span class='ocrx_word' id='word_1_707' title='bbox 2086 3690 2222 3736; x_wconf 74' lang='lat' dir='ltr'><strong>jussus,</strong></span> <span class='ocrx_word' id='word_1_708' title='bbox 2243 3699 2322 3725; x_wconf 86' lang='lat' dir='ltr'><strong>cum</strong></span> <span class='ocrx_word' id='word_1_709' title='bbox 2344 3696 2395 3728; x_wconf 87' lang='lat' dir='ltr'><strong>tot</strong></span> 
     </span>
    </p>
   </div>
   <div class='ocr_carea' id='block_1_119' title="bbox 1323 3749 2393 3800">
    <p class='ocr_par' dir='ltr' id='par_1_119' title="bbox 1323 3749 2393 3800">
     <span class='ocr_line' id='line_1_119' title="bbox 1323 3749 2393 3800; baseline 0.005 -15"><span class='ocrx_word' id='word_1_710' title='bbox 1323 3749 1501 3796; x_wconf 85' lang='lat' dir='ltr'><strong>episcopis</strong></span> <span class='ocrx_word' id='word_1_711' title='bbox 1519 3750 1722 3790; x_wconf 73' lang='lat' dir='ltr'><strong>advenisset</strong></span> <span class='ocrx_word' id='word_1_712' title='bbox 1743 3765 1751 3789; x_wconf 95' lang='lat'>:</span> <span class='ocrx_word' id='word_1_713' title='bbox 1774 3764 1844 3800; x_wconf 90' lang='lat' dir='ltr'><strong>quo</strong></span> <span class='ocrx_word' id='word_1_714' title='bbox 1874 3759 1978 3799; x_wconf 84' lang='lat' dir='ltr'><strong>pacto</strong></span> <span class='ocrx_word' id='word_1_715' title='bbox 1999 3751 2195 3798; x_wconf 86' lang='lat' dir='ltr'><strong>principum</strong></span> <span class='ocrx_word' id='word_1_716' title='bbox 2214 3756 2249 3786; x_wconf 92' lang='lat' dir='ltr'><strong>ct</strong></span> <span class='ocrx_word' id='word_1_717' title='bbox 2279 3753 2393 3798; x_wconf 77' lang='lat' dir='ltr'><strong>magi--</strong></span> 
     </span>
    </p>
   </div>
   <div class='ocr_carea' id='block_1_120' title="bbox 1323 3811 2392 3860">
    <p class='ocr_par' dir='ltr' id='par_1_120' title="bbox 1323 3811 2392 3860">
     <span class='ocr_line' id='line_1_120' title="bbox 1323 3811 2392 3860; baseline 0.003 -15"><span class='ocrx_word' id='word_1_718' title='bbox 1323 3817 1498 3848; x_wconf 86' lang='lat' dir='ltr'><strong>stratuum</strong></span> <span class='ocrx_word' id='word_1_719' title='bbox 1531 3814 1726 3850; x_wconf 79' lang='lat' dir='ltr'><strong>sententias</strong></span> <span class='ocrx_word' id='word_1_720' title='bbox 1755 3815 1872 3849; x_wconf 91' lang='lat' dir='ltr'><strong>subito</strong></span> <span class='ocrx_word' id='word_1_721' title='bbox 1903 3815 2184 3854; x_wconf 83' lang='lat' dir='ltr'><strong>commutassct,</strong></span> <span class='ocrx_word' id='word_1_722' title='bbox 2217 3811 2392 3860; x_wconf 79' lang='lat' dir='ltr'><strong>plerisque</strong></span> 
     </span>
    </p>
   </div>
   <div class='ocr_carea' id='block_1_121' title="bbox 1324 3871 2390 3921">
    <p class='ocr_par' dir='ltr' id='par_1_121' title="bbox 1324 3871 2390 3921">
     <span class='ocr_line' id='line_1_121' title="bbox 1324 3871 2390 3921; baseline -0.005 -13"><span class='ocrx_word' id='word_1_723' title='bbox 1324 3879 1367 3909; x_wconf 88' lang='lat' dir='ltr'><strong>dc</strong></span> <span class='ocrx_word' id='word_1_724' title='bbox 1387 3873 1493 3912; x_wconf 85' lang='lat' dir='ltr'><strong>Clcro</strong></span> <span class='ocrx_word' id='word_1_725' title='bbox 1515 3875 1578 3921; x_wconf 83' lang='lat' dir='ltr'><strong>ipsi</strong></span> <span class='ocrx_word' id='word_1_726' title='bbox 1599 3874 1849 3911; x_wconf 75' lang='lat' dir='ltr'><strong>annitentibus.</strong></span> <span class='ocrx_word' id='word_1_727' title='bbox 1875 3872 2002 3907; x_wconf 85' lang='lat' dir='ltr'><strong>Verum</strong></span> <span class='ocrx_word' id='word_1_728' title='bbox 2036 3881 2123 3906; x_wconf 90' lang='lat' dir='ltr'><strong>auro</strong></span> <span class='ocrx_word' id='word_1_729' title='bbox 2143 3871 2261 3908; x_wconf 88' lang='lat' dir='ltr'><strong>omnia</strong></span> <span class='ocrx_word' id='word_1_730' title='bbox 2281 3882 2390 3919; x_wconf 59' lang='lat' dir='ltr'><strong>prima</strong></span> 
     </span>
    </p>
   </div>
  </div>
