2694 4342
269 242 338 280 199

264 333 299 361 et
319 319 436 359 l'acilia
463 314 674 352 redduntur.
698 308 838 344 Interea
869 311 956 339 vero
987 300 1148 338 Joannes
1165 307 1183 332 a
1203 293 1350 343 Synodo

263 358 307 423 ad
330 385 508 429 Quercum
531 375 661 412 citatur
677 377 716 410 et
730 376 942 415 comparere
956 364 1116 412 iubetur.
1145 358 1356 407 Respondet

265 422 358 484 illo:
376 443 418 480 Si
435 445 571 486 apertos
591 436 704 472 hostes
721 443 763 470 ea:
785 429 947 479 judicttm
968 425 1089 464 ordine
1102 422 1353 465 submovet-itis,

264 513 388 556 pra'sto
423 514 514 546 sum,
551 509 672 546 tneque
704 495 848 536 sistam;
869 498 920 534 ut,
943 491 972 528 si
1004 490 1079 538 quis
1115 499 1167 524 mc
1187 491 1354 529 accuset,

263 548 404 606 ransom
419 565 532 600 dicunt
551 573 563 598 :
581 563 634 598 sin
661 559 698 596 id
717 559 831 603 facere
848 552 1127 594 detrectaveritis,
1149 551 1278 597 quoties
1305 548 1357 584 ci-

264 629 391 672 tubitt's,
413 626 499 664 nihil
519 623 718 672 proficiatis.
741 621 794 657 Illi
823 628 910 656 vero
928 626 1020 664 quos
1045 613 1188 652 excludi
1211 611 1357 648 volebat

263 699 368 729 ctam
411 687 658 736 Theophilus,
689 682 934 725 Severianus,
967 677 1122 715 Aeacius
1163 680 1200 712 et.
1231 673 1358 710 Antio-

265 756 368 792 chus.

317 818 440 856 Primo
467 813 720 854 examinarunt
749 813 858 856 caput
888 805 1044 854 primum
1073 808 1109 840 et
1129 798 1328 838 secundum
1349 824 1359 841 ,

269 893 352 932 quso
379 881 556 919 Joannem
576 877 768 914 diaconum
787 879 824 910 et
840 871 1018 909 Joannem
1039 864 1254 904 Monachum
1277 872 1362 910 spe.

271 925 432 985 exaltant.
453 943 544 980 Hine
564 943 754 986 ceperunt
769 940 895 973 contra
913 929 1132 968 llcraeliden
1153 925 1300 974 Ephesi,
1327 930 1365 961 et

274 1010 474 1048 l'alladium
495 1003 762 1050 llclenopolcos
780 1002 972 1047 episcopos
989 993 1186 1041 inquirere.
1205 989 1364 1027 Joannes

271 1084 360 1110 vero
391 1068 604 1112 Monachus,
633 1065 693 1114 qui
726 1064 760 1100 in
782 1059 944 1099 secundo
961 1057 1078 1103 capite
1096 1063 1205 1101 supra
1224 1060 1364 1088 memo-

275 1145 396 1176 ratur,
428 1131 588 1170 libellum
624 1127 768 1170 obtulit,
800 1131 976 1160 accusans
1007 1116 1236 1159 Heracliden,
1269 1112 1364 1161 quod

275 1196 481 1245 Origenista
500 1198 610 1234 esset,
629 1197 664 1227 et
692 1187 787 1236 quod
806 1185 982 1222 Caesarem
999 1179 1201 1218 Palaestinae
1220 1177 1254 1212 in
1272 1175 1368 1212 furto

276 1237 526 1307 deprehensus
547 1253 689 1296 fuisset,
711 1247 870 1296 Aquiliui
890 1243 1032 1282 diaconi
1061 1242 1276 1278 vestimenta
1310 1237 1367 1272 iu-

276 1299 377 1359 rat-us
399 1332 407 1355 :
429 1324 461 1355 et
491 1314 644 1365 quamvis
679 1312 758 1349 talis
791 1315 899 1352 esset,
934 1305 1066 1354 inquit,
1087 1303 1241 1340 Joannes
1270 1299 1368 1335 illum

279 1381 410 1429 Ephesi
429 1361 629 1428 episcopum
642 1373 826 1412 ordinavit.
845 1368 1048 1408 Accusabat
1068 1370 1242 1412 praeterea
1260 1361 1370 1399 Joan—

278 1455 377 1489 nem,
399 1423 496 1490 quod
519 1423 630 1477 multa
652 1436 745 1473 mala
783 1433 886 1482 (Haec
913 1431 1030 1467 vitiata
1049 1426 1222 1472 videntur)
1242 1423 1370 1470 Orige-

281 1509 456 1545 nistarum
475 1513 584 1542 causa
602 1509 731 1549 passus
751 1502 863 1541 esset,
884 1505 950 1542 per
983 1491 1236 1538 Serapionem,
1257 1485 1372 1534 quod-

279 1582 350 1618 que
393 1569 493 1605 illum
539 1565 712 1602 misisset.
761 1561 900 1598 ﬂorum
944 1555 1132 1605 praemisso
1174 1551 1370 1595 examine,

281 1631 490 1679 inquisitum
509 1634 565 1664 est
581 1625 712 1664 deinde
733 1625 768 1660 iu
790 1627 899 1669 caput
915 1628 1052 1658 nonum
1071 1615 1342 1654 accusationum
1360 1641 1370 1657 ,

283 1691 378 1740 quod
397 1697 472 1727 tres
491 1689 665 1724 diaconos
685 1685 730 1721 de
753 1685 846 1720 l'urto
867 1680 1066 1718 hunieralis
1085 1677 1139 1714 sui
1167 1675 1374 1713 accusavis-

284 1761 362 1795 set;
385 1758 421 1788 ct
437 1749 650 1798 vigesimum
670 1747 878 1793 septimum,
897 1743 992 1790 quod
1010 1741 1238 1778 Memnonem
1254 1747 1375 1786 pugno

286 1814 538 1863 percussisset,
561 1818 632 1848 ete.

335 1878 424 1914 Alia:
437 1877 472 1912 in
496 1875 776 1922 Chrysostonmm
795 1867 1063 1905 criminationes.
1083 1885 1132 1891 —
1152 1864 1281 1900 Postea
1297 1851 1392 1898 rur—1

285 1951 364 1977 sum
385 1938 542 1976 lsaaeius
559 1936 768 1984 episcopum
789 1929 1002 1968 Heracliden
1025 1925 1202 1963 accusavit
1225 1931 1264 1961 ut
1293 1923 1376 1960 Ori-

286 2004 487 2051 genistam,
521 1999 582 2048 qui
619 2008 639 2034 a
677 1995 906 2032 sanctissimo
946 1988 1150 2037 Epiphanio
1189 1997 1307 2034 neque
1341 1985 1377 2021 in

289 2065 520 2112 precationis,
552 2071 670 2108 neque
699 2059 744 2095 ad
779 2065 915 2093 mensa:
947 2052 1169 2090 coasortiunt
1198 2049 1380 2086 admissus

292 2111 432 2163 luisset.
455 2112 721 2162 Protulifidem
743 2118 898 2156 isaacius
914 2115 1075 2152 libellum
1105 2119 1231 2149 contra
1258 2111 1378 2158 Chry-

291 2194 506 2229 sostomum,
525 2185 603 2220 hare
631 2182 894 2219 continentem.

341 2250 392 2286 1°.
418 2249 466 2284 De
485 2247 624 2284 Joanne
645 2243 819 2280 Monacbo
838 2243 911 2288 jam
933 2244 1150 2282 memorato,
1171 2236 1265 2284 quod
1295 2247 1379 2285 pro-

292 2318 372 2360 pter
389 2309 612 2356 Origenistas
631 2305 837 2352 vapulasset
853 2310 889 2339 et
908 2303 1003 2340 ferro
1025 2303 1166 2337 vinctus
1192 2299 1330 2336 fuisset.

338 2373 391 2410 2°.
411 2372 512 2418 Quod
533 2373 573 2408 li.
607 2369 832 2416 Epiphanius
865 2373 1013 2414 propter
1043 2366 1110 2402 hos
1128 2363 1351 2411 Origenistas
1369 2391 1377 2405 ,

295 2435 541 2477 Anuuonium,
573 2431 822 2480 Euthymimn,
854 2429 1067 2471 Eusebium,
1102 2425 1315 2464 Heracliden
1347 2431 1383 2461 et

295 2497 505 2537 Palladium,
527 2505 609 2532 cum
627 2494 690 2530 illo
711 2493 886 2529 noluisset
905 2490 1185 2527 communicare.

341 2558 393 2594 '5".
415 2557 518 2604 Quod
549 2555 850 2603 hospitalitatem,
871 2553 972 2590 solus
990 2551 1151 2600 quotidie
1170 2550 1380 2593 comedens,

293 2621 512 2666 despiceret.

341 2684 394 2720 li".
416 2683 520 2728 Quod
542 2682 577 2719 in
595 2681 746 2718 ecclesia
765 2679 914 2716 dixisset
931 2678 1088 2714 Mensam
1108 2686 1190 2713 esse
1210 2675 1382 2712 furiarum

295 2748 451 2793 plenam.

416 2807 520 2852 Quod
551 2807 586 2843 in
616 2805 766 2844 ecclesia
796 2803 984 2852 gloriando
1011 2801 1162 2838 dixisset
1185 2813 1262 2837 ante
1282 2808 1313 2836 et
1333 2801 1386 2835 in-

293 2872 404 2907 sanie.

345 2933 409 2970 llic
429 2939 553 2970 notare
571 2932 714 2969 videtur
740 2931 880 2968 initiunt
903 2930 1059 2965 homilia:
1079 2929 1172 2964 illius
1193 2927 1386 2974 singularis

297 3004 402 3033 antea
423 2997 581 3038 lllt‘tilltIE,
617 3005 725 3042 quam
749 2994 886 3036 habuit,
910 2999 1098 3040 postquam
1135 2990 1296 3026 Eudoxia
1319 2991 1387 3026 Int-

300 3058 480 3104 pet‘alrit'c
495 3057 694 3094 comitante
714 3063 749 3092 et
779 3054 930 3102 pedibus
959 3055 1028 3089 iter
1056 3059 1185 3098 agente
1204 3051 1388 3097 Reliquias

303 3125 500 3166 martyrum
523 3119 756 3155 transtulerat
785 3117 820 3154 itt
848 3116 1040 3154 ecclesiam
1073 3125 1200 3151 novent
1223 3114 1387 3150 milliari-

303 3180 367 3216 lms
394 3181 706 3228 Constantinopoli
727 3180 936 3216 distantem.
965 3178 1024 3215 Sic
1054 3178 1150 3215 enim
1171 3178 1205 3212 in
1235 3176 1387 3213 ecclesia

302 3241 360 3276 illa
393 3240 578 3278 homiliam
609 3242 745 3287 incipit,
783 3241 872 3285 Quid
908 3241 1036 3283 dicunt,
1066 3245 1098 3275 et
1127 3249 1208 3285 quia
1239 3237 1390 3284 loquar?

305 3298 454 3336 Exsulta
501 3305 534 3334 et
571 3300 726 3336 insanio.
751 3300 801 3345 (id
824 3305 1040 3347 sequentem
1061 3298 1168 3336 etiam
1195 3300 1386 3336 articulum

303 3359 480 3408 Ivspkﬁlj

351 3422 403 3458 6°.
424 3422 525 3466 Quod
544 3423 726 3469 explicare
754 3423 897 3468 debeat,
927 3437 1006 3473 quae
1037 3427 1108 3463 sint
1131 3427 1200 3462 illa:
1221 3425 1337 3469 furiae,
1354 3431 1390 3462 ct

304 3483 388 3531 quid
427 3483 495 3520 sibi
525 3484 610 3520 velit
643 3485 744 3528 illud,
779 3485 924 3522 Exsulta
953 3495 984 3523 et
1018 3489 1153 3524 insanio
1176 3499 1188 3524 :
1208 3487 1272 3524 has
1293 3487 1389 3524 enim

307 3546 466 3583 Ecclesia
488 3555 594 3582 voces
615 3545 768 3593 ignorat.

351 3608 406 3645 ⁸1⁸.
434 3608 537 3654 Quod
559 3608 738 3645 licentiam
761 3610 1010 3655 peccatoribus
1031 3612 1212 3656 pra-beiet
1239 3612 1389 3648 dicens:

314 3669 350 3705 Si
369 3671 489 3706 iterum
511 3670 672 3718 peccasti,
694 3671 817 3706 iterant
843 3672 1074 3719 paznitentiam
1092 3686 1168 3719 ugc,
1203 3682 1233 3709 et
1262 3674 1393 3720 quoties

308 3735 510 3780 peccaueris,
534 3735 608 3771 veni
627 3734 674 3771 ad
691 3745 744 3770 me
763 3745 776 3772 :
793 3741 823 3772 et
846 3746 908 3782 ego
935 3741 966 3771 te
985 3737 1126 3772 sonabo.

359 3796 412 3833 8'.
434 3798 537 3843 Quod
568 3799 604 3836 in
632 3799 788 3836 ecclesia
818 3797 1107 3846 blaspltemasscl
1135 3798 1274 3845 dicens,
1291 3798 1394 3837 Citri-

311 3863 404 3892 stum
429 3867 634 3904 precantem
652 3861 732 3899 ideo
749 3871 818 3897 non
840 3860 1048 3898 exauditum
1067 3859 1190 3904 fuisse,
1211 3861 1306 3908 quod
1322 3872 1394 3898 non

315 3925 350 3951 ιιι
369 3921 554 3964 oportebat
573 3930 739 3969 precatus
755 3929 862 3961 esset.

996 221 1036 258 S.
1064 215 1256 257 JOANNIS
1281 212 1608 252 CHRYSOSTOMI
1641 213 1762 255 VITA.
2422 213 2478 254 τεθῇ

1478 291 1530 328 9°.
1563 291 1666 339 Quod
1687 291 1732 329 ad
1752 291 1968 330 seditionem
1997 291 2166 340 populum
2196 291 2372 338 excitaret,
2391 300 2482 331 etiam

1428 357 1602 394 adversus
1625 356 1830 404 Synodum.

1479 419 1554 458 10°.
1577 419 1680 466 Quod
1717 418 1893 466 gentiles,
1928 419 1988 465 qui
2024 417 2135 454 multa
2169 417 2257 453 mala
2294 416 2484 455 Christianis

1431 482 1642 527 intulerant,
1665 481 1898 528 suscepisset,
1923 480 2008 517 etin
2027 477 2178 516 ecclesia
2206 478 2368 516 retineret
2395 486 2486 526 atque

1431 543 1654 580 defenderet.

1483 606 1559 642 ll“.
1592 605 1694 650 Quod
1717 604 1855 640 alienas
1886 601 2072 639 invaderet
2091 601 2302 649 provincias,
2322 608 2355 637 et
2373 602 2486 638 ibidem

1433 669 1626 716 episcopos
1653 666 1852 704 ordinaret.

1485 732 1560 768 l2“.
1583 730 1687 776 Quod
1708 730 1900 778 episcopos
1917 727 2133 766 contumelia
2157 727 2324 770 alliceret,
2341 733 2374 763 ct
2398 731 2486 770 im,-

1434 799 1549 839 γάτσυς
1580 791 1685 840 (Ιιατ
1721 803 1787 828 vox
1822 792 1940 828 vitiata
1979 788 2139 838 videtur)
2173 789 2310 836 juberet
2343 789 2490 835 oxpcllie

1436 857 1545 894 domo
1566 865 1645 892 sua.

1491 919 1568 958 15“.
1609 919 1712 965 Quod
1749 919 1903 956 clericos
1936 917 2116 955 inusitatis
2145 915 2362 954 contumeliis
2391 915 2492 952 alftcev

1437 991 1508 1022 ret.

1489 1048 1565 1085 14⁸.
1587 1046 1691 1094 Quod
1711 1046 1865 1083 aliorum
1885 1044 2049 1092 deposita
2075 1043 2108 1080 vi
2128 1049 2280 1090 raperet.

1490 1111 1566 1149 15°.
1590 1110 1694 1156 Quod
1713 1110 1792 1147 sine
1821 1115 2001 1146 conventu
2033 1113 2069 1144 et
2097 1114 2224 1155 przeter
2244 1106 2332 1143 Cleri
2351 1105 2492 1142 volunta-

1441 1180 1512 1212 tem
1535 1173 1783 1210 ordinationes
1800 1171 1949 1208 laceret.

1490 1237 1566 1275 16°.
1593 1236 1696 1282 Quod
1727 1234 1952 1282 Origenistas
1984 1232 2188 1280 reciperet,
2217 1229 2494 1267 communicantes

1442 1311 1532 1338 vero
1561 1310 1642 1337 cum
1677 1297 1856 1342 Ecclesia,
1889 1295 2030 1334 etiamsi
2063 1291 2364 1331 commendatitias
2393 1291 2494 1327 literas

1444 1363 1632 1407 afferrent,
1657 1362 1690 1397 in
1721 1370 1908 1398 carcerem
1938 1358 2124 1406 coojectos
2152 1367 2222 1392 non
2255 1356 2412 1402 eriperet,
2437 1353 2496 1389 into

1444 1426 1527 1463 illos
1557 1425 1596 1462 in
1614 1435 1762 1461 carcere
1791 1423 1990 1460 morientes
2012 1432 2082 1457 non
2104 1419 2282 1456 inviseret.

1493 1489 1570 1526 l7“.
1609 1487 1712 1534 Quod
1742 1487 1880 1524 alienos
1913 1494 2040 1522 servos
2075 1482 2232 1520 nortdum
2261 1478 2496 1520 manumissos,

1445 1553 1519 1590 imo
1536 1551 1645 1588 etiam
1663 1556 1868 1593 accusatos,
1891 1549 2083 1595 episcopos
2103 1545 2314 1583 ordinasset.

1497 1615 1572 1652 l8°.
1592 1612 1697 1658 Quod
1719 1613 1836 1660 ipsum
1851 1611 2024 1647 lsaacium
2038 1609 2132 1646 male
2150 1617 2243 1660 scepe
2261 1606 2458 1642 mulctasset.

1496 1657 1657 1714 Primum
1677 1657 1764 1712 vero
1783 1679 1892 1722 caput
1909 1673 1954 1710 de
1973 1672 2112 1710 Joanne
2129 1657 2312 1712 Mona-eho,
2340 1665 2424 1713 quod
2439 1665 2499 1711 jam

1448 1747 1555 1777 antea
1577 1738 1822 1776 examinatum
1842 1735 1972 1781 fuerat,
1991 1735 2112 1772 denuo
2137 1739 2304 1770 excutere
2321 1729 2498 1766 noluerunt.

1447 1803 1518 1840 Sed
1547 1803 1593 1839 de
1613 1800 1774 1838 secundo
1793 1798 1890 1847 quod
1914 1807 2043 1844 nempe
2070 1797 2108 1834 S.
2128 1794 2344 1842 Epiphanius
2369 1802 2407 1828 c0
2423 1789 2501 1837 quod

1449 1865 1666 1914 Origcnistis
1685 1864 1836 1908 faveret,
1869 1872 1951 1900 cum
1971 1863 2034 1899 illo
2061 1859 2323 1898 communicare
2340 1854 2502 1894 noluisset,

1451 1929 1688 1978 perquisitum
1723 1928 1810 1971 fuit;
1849 1927 2088 1973 similiterque
2120 1924 2164 1961 de
2193 1923 2354 1968 septimo,
2385 1919 2416 1954 iu
2446 1925 2505 1962 quo

1451 2000 1550 2032 certe
1571 1993 1661 2030 nihil
1677 2003 1696 2028 a
1718 1992 1922 2029 Christiana
1944 1989 2131 2037 disciplina
2162 1986 2314 2023 alienum
2331 1980 2507 2028 deprchen-

1451 2057 1563 2094 ditur.
1596 2056 1647 2093 De
1686 2056 1793 2093 tertio
1824 2061 1950 2101 postea
1978 2060 2096 2090 actum
2130 2051 2208 2094 fuit,
2241 2049 2274 2085 in
2305 2055 2372 2094 quo
2399 2042 2508 2080 dicitur

1452 2120 1769 2168 (Zhrysostomum,
1787 2119 1846 2166 qui
1867 2118 1968 2154 solus
1986 2115 2148 2164 quotidie
2175 2111 2384 2150 comederet,
2403 2104 2507 2152 hospi-

1456 2183 1629 2218 talitatem
1651 2181 1839 2228 despicere
1859 2179 2046 2216 videretur
2063 2189 2072 2213 :
2093 2183 2270 2222 testesque
2287 2169 2424 2209 adhibiti
2441 2171 2510 2204 sunt

1456 2243 1626 2281 Arsacias
1657 2243 1860 2291 presbyter,
1883 2242 1942 2288 qui
1967 2246 2090 2287 postea
2117 2238 2366 2285 Chrysostomo
2384 2239 2509 2268 succes-

1456 2307 1502 2342 sit
1538 2319 1546 2342 :
1581 2289 1742 2352 itemque
1769 2289 1923 2340 VAtticus
1961 2309 1998 2340 ct
2031 2301 2195 2348 Elpidius
2229 2293 2428 2346 presbyteri,
2460 2289 2509 2336 qui

1456 2369 1580 2405 nescio
1593 2367 1678 2415 quid
1699 2367 1783 2404 inde
1801 2363 2064 2403 critninationis
2081 2374 2112 2400 et
2123 2372 2210 2399 uere
2224 2361 2417 2408 potuerunt,
2431 2350 2510 2399 quod

1457 2441 1587 2477 nempe
1607 2430 1739 2477 prmsul
1762 2435 1835 2465 tam
1864 2426 2114 2475 frequentibus
2140 2422 2298 2470 corporis
2316 2414 2510 2465 aegritudini-

1457 2493 1524 2530 bus
1549 2493 1718 2528 laborans
1741 2491 1842 2528 solus
1859 2488 2080 2527 contederet.
2105 2487 2174 2534 Ipsi
2192 2493 2328 2532 quoque
2347 2490 2420 2517 cuin
2437 2479 2512 2513 Aea-

1457 2555 1514 2590 cio
1536 2553 1750 2601 presbytero
1769 2551 1816 2588 de
1836 2557 1966 2598 quarto
1984 2549 2274 2586 criminationum
2294 2543 2415 2588 capite,
2432 2536 2511 2586 quod

1459 2627 1590 2662 nempe
1621 2615 1781 2652 Joannes
1811 2614 1845 2649 in
1885 2612 2038 2649 ecclesia
2072 2611 2238 2653 dixisset,
2272 2607 2418 2644 Mensam
2447 2608 2513 2637 esse

1460 2678 1637 2715 furiarum
1673 2677 1840 2722 plenam,
1873 2681 1984 2711 testes
2015 2673 2172 2710 l‘ucrunt.
2203 2671 2388 2716 Postquam
2413 2670 2512 2700 autem

1461 2741 1538 2777 hate
1557 2749 1707 2776 excussa
1733 2737 1845 2781 fuere,
1868 2736 2030 2784 prardicti
2052 2733 2266 2783 presbyteri,
2291 2738 2324 2768 et
2343 2738 2417 2766 cum
2442 2723 2512 2771 ipsis

1459 2803 1568 2839 ctiam
1589 2800 1786 2837 Eudmmon
1809 2805 1844 2836 ot
1871 2798 2079 2844 Onesimus,
2102 2795 2314 2834 sententiam
2342 2783 2513 2828 accelera“

1461 2864 1701 2912 postularunt.

1510 2927 1595 2964 lla-c
1620 2932 1698 2962 acta
1721 2935 1740 2961 a
1761 2924 1891 2962 Photio
1910 2924 2016 2960 allata
2049 2928 2088 2959 ut
2107 2926 2272 2968 suspecta
2295 2913 2405 2963 rejicit
2422 2911 2508 2948 Barn-

1461 2991 1564 3034 nius;
1588 3000 1714 3027 verum
1733 2999 1752 3024 a
1774 2989 2006 3025 Tillentontio
2031 2987 2183 3033 aliisque
2211 2983 2296 3020 viris
2324 2971 2510 3017 doctissimis

1457 3053 1541 3100 jure
1573 3051 1792 3100 exploditur.
1829 3052 1917 3086 Acta
1949 3050 2046 3087 enim
2079 3048 2138 3085 illa
2168 3057 2226 3084 res
2261 3049 2297 3081 ut
2326 3049 2404 3078 vere
2424 3039 2508 3083 $051“

1462 3121 1546 3152 sunt
1565 3115 1767 3158 euuntiant,
1788 3120 1923 3150 etcum
1945 3110 2104 3148 Palladio
2122 3111 2156 3146 in
2177 3107 2340 3143 onmibus
2357 3102 2426 3138 fere
2442 3105 2515 3133 con-

1462 3178 1624 3216 sentiunt
1656 3189 1666 3214 :
1697 3177 1732 3212 in
1765 3175 1982 3224 quibusdam
2013 3174 2109 3211 enim
2145 3171 2251 3208 etiam
2285 3162 2424 3204 Palladi
2453 3163 2514 3194 MC

1463 3240 1558 3277 circa
1577 3249 1639 3276 res
1658 3243 1696 3276 et
1721 3244 1800 3276 acta
1833 3236 1998 3284 qumdam
2018 3235 2126 3272 variat
2153 3237 2255 3269 crant
2283 3226 2468 3276 opiniones,
2487 3221 2516 3250 ιιι

1463 3303 1499 3340 in
1530 3301 1766 3350 sequentibus
1795 3300 1990 3336 videbitur.
2027 3301 2198 3335 Actorum
2232 3293 2338 3330 etiam
2366 3301 2383 3324 :i
2411 3281 2518 3322 i‘lmlio

1465 3365 1732 3411 deseriptorum
1753 3363 1946 3400 veritatem
1977 3361 2108 3408 probat
2127 3356 2306 3396 accusatio
2326 3352 2381 3388 illa
2399 3347 2516 3396 quinta.

1464 3438 1534 3474 qua
1551 3426 1684 3463 dicitur
1708 3427 1742 3461 in
1763 3425 1940 3462 coucione
1962 3423 2114 3471 quadam
2136 3421 2202 3456 ltoc
2227 3415 2421 3466 protulisse,
2441 3409 2518 3472 insit-

1465 3490 1535 3526 nio.
1569 3491 1657 3534 Qua:
1677 3499 1746 3525 vox
1779 3487 1932 3524 habetur
1949 3486 2050 3523 initio
2070 3481 2266 3524 coneionis,
2288 3485 2387 3525 quam
2416 3465 2520 3508 habui!

1468 3551 1632 3588 lindoxia
1663 3553 1825 3599 Augusta
1858 3553 2049 3596 praesente,
2079 3555 2184 3593 quam
2212 3540 2414 3580 concionem
2441 3535 2519 3567 ιιιιιιί

1468 3613 1624 3660 primttnt
1644 3613 1821 3650 edidimus
1839 3611 1882 3648 Τ.
1901 3610 1976 3647 ΧΗ.

1517 3676 1570 3713 Ex
1589 3677 1681 3713 actis
1701 3677 1788 3724 ipsis
1819 3679 2001 3711 mutuatus
2031 3670 2178 3708 Photius
2209 3665 2391 3714 episcopos
2419 3655 2520 3702 Syno-

1468 3739 1554 3776 dum
1575 3740 1672 3776 illam
1693 3721 1955 3776 constituentes
1973 3732 2206 3782 quadraginta
2226 3727 2378 3776 quinque
2393 3721 2522 3782 iniuncto

1469 3801 1582 3839 fuisse
1615 3802 1713 3839 dicit.
1750 3800 1883 3838 Verum
1917 3776 2008 3835 an.
2042 3776 2160 3844 potius
2198 3787 2354 3828 habenda
2385 3776 2524 3820 Palladio

1471 3862 1630 3911 (Pallad.
1652 3863 1782 3911 ΗΜΛ),
1806 3862 1865 3908 qui
1889 3860 2030 3908 triginta
2045 3867 2106 3894 sex
2127 3860 2261 3892 tantum
2277 3849 2382 3886 fuisse
2400 3846 2523 3878 asseve-

1473 3930 1552 3968 rat;
1576 3927 1622 3962 ita
1651 3933 1688 3961 ut
1719 3925 1832 3970 major
1864 3930 1946 3958 tunc
1977 3920 2226 3967 episcoporum
2259 3915 2422 3948 munerus
2454 3905 2522 3936 CUI"
