3932 6190
287 289 384 344 901

247 463 252 467 ,
284 405 492 459 Joanne
531 407 675 455 esset
703 417 716 454 :
747 414 866 454 nam
912 397 1254 468 quadraginta
1300 410 1522 450 numero
1552 404 1704 448 erant
1743 411 1872 448 cou-

249 475 522 602 ‘gregati;
546 492 635 562 qui
666 492 924 544 adversus
938 489 1288 557 Theophilum
1315 485 1646 555 septuaginta
1671 485 1876 539 libellos

292 584 552 602 l-l,,L-..‘
653 581 918 602 ,η-ηξι·,,.-
971 580 1170 602 _:_-_.1_
1243 578 1567 602 -.....:-.....o....
1617 575 1633 602 I
1674 573 1854 602 υηηιηι

257 573 595 650 ξῦεώεὴξιηι,
650 581 918 649 manifesta
968 580 1171 650 piacula
1239 578 1571 632 continentes
1616 575 1633 644 (
1671 573 1873 628 Pallad.

253 645 540 754 :Dialog.)
576 645 707 726 Dum
753 645 826 724 illi
870 669 938 724 de
965 645 1124 723 rebus
1157 667 1529 722 ecclesiasticis
1576 680 1873 718 sermonem

253 764 260 786 ‘
293 766 576 826 haberent,
604 763 900 816 nuntiatum
928 769 1011 814 est
1034 760 1220 814 adesse
1244 759 1382 828 quia
1409 757 1702 825 Theophilo
1730 757 1873 809 missi

287 864 497 918 essent,
548 868 739 921 nempe
783 853 1091 905 Dioscorum
1142 861 1195 904 et
1233 850 1476 911 Paulum,
1522 847 1609 917 qui
1654 863 1876 916 nuperc

289 947 452 1017 Libya
483 945 709 1000 ordinati
748 944 972 998 fuerant.
999 943 1230 997 Juvenes
1255 943 1403 1011 jubet
1425 942 1512 996 ille
1539 943 1755 996 intrare.
1788 941 1874 992 lu-

286 1039 452 1106 gressi
473 1038 545 1090 illi
568 1036 848 1091 schedulas
873 1035 1164 1105 proferunt,
1181 1050 1311 1104 quas
1329 1034 1730 1088 voluitJoanues
1747 1034 1870 1103 legi.

286 1129 436 1183 Tune
463 1129 647 1198 jubent
689 1128 762 1180 illi
806 1127 1084 1194 Theophili
1127 1141 1348 1195 puerum
1395 1125 1600 1194 legere;
1631 1124 1744 1177 hmo
1775 1141 1863 1176 au-

287 1230 394 1274 tem
424 1219 476 1272 in
504 1217 716 1273 schedis
746 1215 1051 1271 ferebantur
1080 1235 1092 1268 :
1126 1216 1317 1269 Sancta
1349 1214 1586 1279 Synodus
1613 1215 1680 1266 ad
1713 1215 1874 1280 Quer-

284 1327 402 1362 cum
431 1317 750 1378 congregata.
780 1307 1001 1360 Libellos
1031 1307 1312 1376 accepimus
1357 1307 1617 1360 adversum
1658 1317 1722 1368 te,
1757 1307 1874 1374 inli-

283 1403 397 1454 nita
435 1383 639 1454 crimina
673 1399 995 1452 continentes.
1027 1399 1206 1451 Adesto
1230 1398 1401 1467 igitur,
1435 1407 1592 1450 tecum
1620 1397 1872 1450 adducens

284 1491 617 1561 Serapionem
660 1501 705 1545 et
748 1489 972 1561 Tigrinm
1020 1489 1330 1560 presbyteros
1374 1507 1392 1542 :
1438 1491 1498 1544 iis
1560 1492 1690 1543 enim
1744 1507 1870 1559 opus

281 1594 376 1636 est.

350 1675 606 1737 Joannes,
639 1674 710 1726 uti
743 1689 900 1740 supra
933 1672 1160 1726 diximus
1188 1712 1201 1737 ,
1239 1688 1296 1726 se
1327 1682 1562 1740 paratum
1593 1686 1709 1726 esse
1741 1688 1867 1740 pro-

284 1765 459 1820 fessus
510 1765 682 1818 fuerat
727 1765 776 1817 iu
830 1764 1045 1834 Synodo
1095 1763 1160 1817 ad
1211 1763 1474 1830 Qucrcnm
1525 1778 1863 1830 comparere,

279 1855 573 1912 dummodo
592 1854 904 1924 exjudicum
926 1869 1148 1908 numero
1170 1854 1482 1908 tollerentur
1503 1853 1555 1916 ii,
1582 1854 1668 1922 qui
1688 1861 1867 1922 aperte

280 1947 482 1999 inimici
524 1945 604 2000 sui
638 1954 788 1999 erant
838 1962 850 1998 :
891 1958 1082 2013 nempe
1121 1943 1468 2012 Theophilus,
1512 1943 1860 2006 Severianus,

280 2039 578 2094 Antiochus
627 2048 682 2094 et
727 2037 972 2092 Aeacius.
1031 2037 1227 2091 Verum
1278 2037 1509 2106 episcopi
1566 2045 1690 2089 tunc
1743 2050 1862 2088 cum

281 2132 489 2188 Joanne
533 2131 974 2202 congregati,tres
1017 2130 1293 2200 episcopos
1320 2129 1577 2183 miserunt
1601 2128 1663 2181 ad
1693 2128 1866 2181 Theo-

281 2224 506 2292 philum,
539 2237 730 2291 nempe
761 2220 1096 2290 Lupicinum,
1132 2220 1453 2274 Demetrium
1483 2229 1536 2274 et
1565 2218 1858 2288 Eulysium,

280 2316 730 2385 presbyterosque
770 2312 936 2375 duos,
985 2311 1308 2366 Germanum
1355 2320 1512 2379 atque
1565 2307 1818 2364 Severum
1846 2350 1860 2372 ,

287 2405 430 2459 viros
456 2413 666 2459 sanctos
687 2413 740 2458 et
780 2403 882 2456 lide
907 2402 1116 2472 dignos,
1145 2401 1234 2471 qui
1265 2400 1558 2470 TheOplnlo
1586 2399 1860 2453 dicerent:

278 2494 412 2548 Noli
439 2512 516 2548 res
545 2493 784 2547 Ecclesia:
810 2491 1108 2554 subvertere,
1156 2507 1245 2544 nec
1294 2489 1570 2543 Ecclesiam
1599 2489 1822 2541 scindere
1845 2530 1860 2553 ,

276 2595 488 2654 prapter
536 2601 685 2652 quam
737 2582 874 2636 Deus
922 2582 972 2635 in
1021 2598 1220 2634 carnem
1273 2579 1548 2633 descendit.
1596 2577 1655 2632 Si
1698 2587 1862 2630 autem

277 2677 567 2731 inordinate
593 2674 833 2728 Nica'nos
877 2689 1092 2726 canones
1136 2671 1373 2725 subvertis
1421 2679 1747 2741 trecentorum
1776 2667 1863 2721 de-

273 2785 387 2820 cem
414 2775 458 2819 et
485 2775 592 2816 octo
623 2764 991 2832 episcoporum,
1021 2771 1066 2813 et
1096 2769 1236 2813 extra
1263 2760 1440 2812 limites
1469 2759 1602 2811 litem
1622 2757 1862 2827 judicas:

271 2858 386 2924 iam
416 2855 588 2907 melius
628 2854 801 2923 facito,
834 2850 992 2904 transi
1032 2850 1098 2901 ad
1128 2866 1216 2902 nos
1257 2849 1308 2901 in
1352 2847 1522 2900 urbem
1553 2847 1752 2916 optimis
1791 2847 1863 2899 le-

273 2950 429 3014 gibus
477 2951 760 3016 fundatam,
809 2959 897 2996 nec
935 2959 1072 2995 more
1119 2941 1261 2995 Caini
1305 2941 1502 2993 Abclem
1542 2955 1773 3006 provoces
1812 2940 1863 2992 in

269 3053 549 3108 campum;
601 3047 652 3088 ut
702 3051 791 3088 nos
842 3044 888 3086 te
936 3035 1076 3104 prius
1122 3033 1406 3085 audiamus.
1451 3030 1702 3083 Habemus
1731 3030 1862 3083 enim

269 3130 519 3182 adversus
569 3139 615 3179 te
667 3125 856 3179 libellos
923 3124 1238 3193 septuaginta
1294 3125 1514 3190 capitum
1587 3121 1860 3173 manifesta

271 3220 486 3288 piacula
517 3218 820 3270 continentes
863 3232 880 3268 .'
923 3226 966 3267 et
998 3215 1162 3282 plures
1191 3230 1378 3270 sumus.
1409 3228 1556 3274 quant
1599 3220 1682 3262 tua
1706 3228 1860 3280 syno-

269 3313 396 3371 c'as,
425 3307 514 3361 Dei
537 3307 698 3377 gratia
719 3304 1018 3374 congregati,
1056 3319 1155 3355 non
1185 3302 1252 3353 ad
1277 3302 1574 3355 eversionem
1603 3301 1858 3365 Ecclesiw,

270 3402 371 3453 sed
395 3400 461 3450 ad
503 3415 675 3467 pacem
705 3397 1000 3448 curandam.
1037 3393 1112 3446 Tu
1141 3395 1271 3446 cnint
1303 3394 1578 3445 tricesimus
1604 3403 1773 3446 sextus
1811 3410 1861 3446 es

270 3509 341 3544 ex
376 3492 521 3542 unica
568 3489 860 3558 provincia;
888 3504 975 3539 nos
1013 3503 1124 3540 vero
1169 3502 1339 3538 sumus
1369 3485 1704 3554 quadraginta
1730 3501 1756 3537 e
1784 3485 1860 3536 di-

272 3583 434 3635 versis
458 3581 742 3648 provinciis,
768 3579 893 3631 inter
918 3595 1042 3646 quos
1085 3593 1258 3630 sumas
1282 3577 1431 3628 etiam
1457 3586 1640 3642 septem
1681 3585 1862 3628 metro-

275 3673 473 3740 politct'.
504 3670 569 3723 Et
594 3680 976 3722 consentaneum
1004 3675 1092 3730 est,
1119 3677 1172 3718 ut
1191 3667 1351 3718 minor
1375 3681 1608 3717 numerus
1629 3682 1658 3717 a
1683 3667 1863 3734 majori

272 3773 434 3829 atque
477 3761 656 3829 potiori
695 3758 965 3812 secundum
1021 3774 1235 3809 canones
1285 3756 1563 3825 judicetur.
1611 3755 1862 3808 Habemus

272 3853 414 3906 enim
444 3861 488 3904 et
513 3851 770 3919 epistolam
801 3859 958 3911 tuam,
1000 3865 1086 3916 per
1120 3864 1271 3915 quam
1317 3863 1484 3899 mones
1517 3847 1863 3916 coepiscopum

275 3951 507 3995 nostrum
546 3939 794 3992 Joannem
823 3981 835 4005 ,
865 3940 1229 3991 accusationem
1267 3949 1406 3991 extra
1446 3939 1625 3990 limites
1650 3955 1748 3990 non
1778 3940 1863 3990 de—

277 4040 400 4088 bere
423 4034 640 4085 admitti.
677 4031 841 4095 Unde,
871 4031 1211 4083 ecclesiasticis
1233 4031 1419 4099 legibus
1456 4029 1743 4098 obsequens,
1775 4047 1858 4082 ac-

277 4134 536 4180 cusatores
557 4135 665 4178 tuos
688 4139 910 4193 precare,
938 4133 988 4174 ut
1030 4124 1104 4176 vel
1126 4124 1186 4176 ab
1209 4123 1490 4175 accusando
1514 4133 1558 4176 te
1589 4123 1858 4186 desistant,

279 4219 363 4270 eo!
383 4234 444 4270 ne
470 4224 735 4285 provocent
760 4225 806 4267 te
828 4225 877 4267 ut
898 4215 964 4266 ad
986 4212 1237 4266 Joannem
1260 4214 1486 4266 accedas.
1515 4214 1627 4266 Alia
1657 4230 1863 4282 quoque

284 4311 372 4361 his
397 4308 726 4377 adjecerunt,
757 4322 873 4376 qua:
904 4306 970 4358 ab
999 4304 1186 4359 eodem
1217 4304 1449 4358 Palladio
1474 4305 1789 4358 referuntur.

356 4401 441 4452 Ait
491 4413 618 4453 vero
658 4398 1069 4469 Chrysostomus
1109 4396 1159 4449 in
1209 4396 1444 4464 Epistula
1486 4412 1576 4449 sua
1609 4397 1672 4450 ad
1704 4399 1862 4450 Innu-

281 4492 514 4544 centium
557 4490 752 4558 Papam
771 4532 784 4556 ,
803 4493 865 4546 T.
884 4493 936 4546 '5.
953 4506 1001 4543 c.
1019 4490 1140 4545 551.
1158 4489 1192 4545 1,
1209 4489 1297 4554 22,
1321 4483 1679 4554 Theophilum
1697 4488 1860 4540 advo-

282 4589 488 4642 cavisse
542 4583 970 4638 archidiaconum
1031 4580 1710 4648 Constantinopolitanum,
1775 4581 1863 4648 qui

283 4678 424 4732 land
477 4676 637 4730 dubie
667 4674 902 4744 partibus
946 4673 1056 4726 suis
1076 4671 1344 4736 haerebat;
1390 4680 1548 4741 atque
1587 4672 1700 4740 ejus
1739 4687 1866 4740 ope.

282 4784 340 4822 ra
384 4768 601 4823 Clerum
647 4781 857 4820 omnem
899 4765 997 4818 sibi
1039 4763 1360 4831 adjunxisse.
1405 4763 1518 4815 Jam
1556 4763 1694 4816 enim
1734 4763 1866 4815 vidi-

282 4875 405 4916 mus
443 4859 656 4915 Clcrnm
696 4855 1337 4924 Constantinopolitannm
1362 4895 1375 4918 ,
1410 4855 1558 4921 cujus
1584 4854 1866 4908 dissolutos

282 4969 465 5009 :nores
495 4952 792 5006 incessebat
814 4949 1222 5019 Cbrysostomus
1243 4988 1257 5010 ,
1286 4945 1532 4999 infestum
1561 4946 1655 5013 ipsi
1682 4944 1860 4998 fuisse.

356 5045 592 5100 Joannes
612 5057 759 5104 vero,
784 5049 1059 5112 postquam
1086 5037 1331 5108 Synodus
1359 5037 1474 5090 haec
1496 5036 1862 5104 responderat,

285 5138 341 5188 in
373 5135 540 5204 prima
561 5135 666 5199 jam
694 5147 786 5186 sua
814 5130 1178 5200 responsione,
1208 5127 1274 5182 de
1299 5143 1399 5195 qna
1430 5127 1675 5195 superius
1697 5169 1710 5189 ,
1734 5127 1862 5180 insi-

282 5237 456 5286 stcns.
487 5226 600 5277 hmc
626 5223 764 5277 datis
795 5222 962 5275 literis
991 5217 1297 5288 respondit,
1327 5232 1383 5271 se
1414 5218 1465 5270 in
1509 5217 1696 5285 quovis
1727 5219 1863 5279 loco,

284 5317 387 5368 etsi
416 5316 465 5369 id
495 5315 546 5368 in
574 5314 784 5367 civitate
814 5311 925 5365 fieri
953 5309 1204 5379 eporttiit,
1230 5317 1467 5376 paratum
1497 5322 1614 5360 esse
1636 5307 1698 5360 ad
1723 5308 1864 5375 judi-

286 5407 429 5458 cium
459 5403 814 5466 subeundum,
841 5400 1126 5455 dummodo
1149 5398 1454 5453 manifestos
1479 5398 1718 5452 inimicos
1743 5413 1866 5452 suos

286 5513 357 5549 ex
385 5504 649 5549 conventu
682 5509 776 5547 suo
807 5494 1078 5561 cjicerent,
1110 5507 1301 5560 nempe
1328 5489 1705 5559 Theophilum.
1734 5492 1867 5542 Ara-

286 5588 431 5639 cium
452 5627 465 5646 ,
496 5585 838 5641 Severianum
866 5593 917 5639 et
947 5583 1262 5636 Antiochum
1288 5623 1300 5644 ,
1331 5597 1462 5650 quos
1486 5582 1650 5649 aperti
1680 5580 1783 5633 odii
1816 5593 1865 5634 et

289 5678 578 5732 inimicitia!
600 5679 746 5749 signa
774 5678 980 5731 dedisse
1010 5677 1257 5746 probabat
1279 5693 1290 5738 ',
1311 5674 1582 5727 declarans
1608 5690 1661 5726 sc
1679 5675 1862 5725 ctiam-

1491 280 1672 337 NUNC
1711 281 1970 336 PRIMUM
2013 282 2404 340 ADORNATA.

3456 291 3563 344 ‘23?

1985 395 2027 447 si
2073 395 2250 450 decies
2280 397 2474 452 millies
2518 401 2777 469 miserint,
2812 402 2995 458 eadem
3027 418 3239 474 semper
3269 420 3556 475 responsu-

1984 502 2100 538 l'lllll
2125 501 2265 541 CSSO.

2057 579 2168 633 lllis
2196 590 2371 634 autem
2395 584 2480 650 qui
2511 586 2852 640 mittebantur
2877 589 3126 657 egressis,
3153 591 3293 644 venit
3315 590 3563 648 Notarius

1982 668 2185 722 habens
2208 671 2523 740 rescriptum
2553 674 2922 742 Imperatoris,
2952 679 3034 730 cui
3068 679 3263 734 inserta
3295 691 3409 734 crat
3438 697 3562 750 sup-

1982 758 2192 845 plicatio
2230 761 2597 830 episcoporum
2639 766 2934 832 petentium
2975 777 3031 820 ut
3066 769 3296 824 Joannes
3329 772 3393 824 ad
3421 773 3562 841 judi-

1980 849 2117 902 cium
2163 850 2357 905 invitus
2400 853 2697 920 sisteretur,
2745 855 2999 926 illumque
3031 858 3280 914 Notarius
3317 863 3382 915 ad
3417 863 3561 931 judi-

1979 942 2118 995 cium
2153 944 2372 1012 urgebat
2400 962 2412 996 :
2448 946 2560 1013 ipse
2587 961 2714 1000 vero
2741 947 2924 1002 eadem
2962 949 3073 1016 ipsa
3114 967 3230 1019 qme
3265 968 3421 1020 supra
3451 953 3558 1007 No-

1981 1035 2114 1089 tario
2145 1037 2435 1104 respondit.
2461 1038 2696 1094 Subinde
2716 1049 2892 1096 autem
2916 1082 2928 1104 ,
2958 1056 3056 1096 nec
3084 1058 3229 1095 mora
3251 1084 3266 1107 ,
3299 1056 3560 1100 venerunt

1978 1126 2082 1180 duo
2113 1127 2404 1198 presbyteri
2442 1129 2662 1185 Joannis
2682 1173 2696 1194 ,
2737 1131 3007 1201 Eugenius
3030 1174 3044 1197 ,
3081 1134 3168 1202 qui
3199 1135 3556 1203 episcopatum

1979 1215 2245 1271 lleraclete
2283 1220 2332 1271 in
2365 1221 2773 1288 conspirationis
2810 1223 3113 1276 mercedem
3149 1234 3464 1293 acceperat,
3500 1235 3552 1279 et

1977 1307 2205 1364 lsaacius
2231 1312 2550 1373 Monachus.
2578 1329 2681 1367 non
2711 1314 2944 1368 melioris
2973 1326 3112 1369 notae
3143 1317 3300 1370 homo
3321 1359 3335 1381 ,
3364 1317 3428 1370 ad
3461 1315 3558 1387 Sy-

1976 1400 2169 1454 nodum
2198 1403 2340 1455 illum
2367 1404 2751 1472 compellantes
2774 1447 2789 1471 ,
2823 1417 2877 1460 ut
2905 1407 3107 1476 objecta
3139 1409 3360 1462 crimina
3386 1408 3556 1464 diluc-

1976 1499 2076 1544 ret.
2111 1492 2201 1545 llis
2227 1495 2498 1562 respondit
2529 1496 2762 1552 Joannes
2790 1514 2881 1567 per
2907 1500 3184 1568 episcopos
3212 1501 3261 1553 in
3284 1499 3554 1571 Synodtun

1972 1582 2036 1634 ad
2068 1581 2330 1648 Quercum
2366 1587 2577 1640 missos.
2613 1588 3023 1657 Proxitnutnque
3067 1592 3177 1646 fore
3218 1592 3462 1659 videbat,
3496 1604 3550 1648 ιιι

1973 1674 2023 1726 in
2055 1683 2159 1726 tam
2186 1675 2471 1730 damnabili
2501 1686 2641 1732 coetu
2671 1679 2783 1746 ipse
2809 1680 3055 1736 innoxius
3089 1682 3242 1748 licet,
3272 1699 3428 1739 causa
3458 1700 3552 1740 ca-

1972 1763 2140 1817 deret.

2043 1854 2121 1908 llli
2148 1871 2273 1910 vero
2302 1857 2536 1927 episcopi
2565 1859 2629 1913 ad
2666 1860 2936 1931 Synodmn
2970 1864 3153 1928 missi,
3189 1867 3418 1934 pessime
3453 1885 3549 1921 ex«

1970 1946 2106 2014 cepti
2139 1945 2318 2012 fuere;
2351 1949 2510 2002 alium
2538 1952 2679 2005 enim
2711 1954 3020 2008 verberibus
3049 1954 3339 2012 aﬂ'ecerunt
3362 1999 3377 2024 ,
3414 1959 3550 2015 alte-

1969 2035 2080 2090 rius
2109 2047 2282 2091 vestes
2309 2038 2729 2108 discerpserunt,
2754 2042 2902 2096 alteri
2927 2054 3142 2097 catenas
3171 2046 3372 2101 ferreas
3409 2049 3548 2103 collo

1968 2125 2398 2194 circumposuere
2423 2170 2436 2192 ,
2465 2144 2594 2197 quas
2631 2140 2814 2184 sancto
2858 2131 3048 2186 Joanni
3095 2144 3448 2202 paraverant,
3493 2146 3549 2189 ut

1970 2217 2046 2269 sic
2076 2218 2350 2286 conjectus
2384 2219 2433 2272 in
2466 2221 2760 2274 naviculam
2801 2223 2850 2274 in
2898 2222 3129 2290 ignotum
3166 2224 3337 2277 locum
3369 2241 3552 2278 aman-

1968 2309 2203 2374 daretur,
2234 2309 2475 2364 dmmone
2505 2312 2644 2374 illos,
2671 2313 2835 2381 inquit
2865 2313 3150 2378 Palladius,
3181 2316 3338 2368 veluti
3369 2316 3548 2371 leones

1966 2396 2238 2453 elferente.
2268 2398 2490 2464 Quidam
2518 2415 2647 2454 vero
2685 2417 2749 2455 ex
2795 2402 2858 2454 iis
2882 2404 2967 2471 qui
3007 2403 3152 2456 missi
3186 2402 3396 2456 fuerant
3427 2419 3548 2472 per-

1969 2487 2137 2541 territi
2179 2487 2245 2540 ad
2298 2487 2558 2542 Joannem
2606 2504 2710 2542 non
2747 2499 3084 2545 reverterunt
3127 2493 3143 2561 (
3177 2491 3381 2545 Sozam.
3424 2494 3460 2546 ι.
3492 2494 3545 2547 8.

1966 2593 2010 2628 c.
2044 2574 2130 2646 l7)
2159 2594 2171 2630 :
2201 2577 2500 2630 Demetrius
2522 2587 2720 2643 autem,
2753 2589 2806 2632 et
2832 2581 3150 2649 quicumque
3174 2581 3394 2634 Joannis
3420 2597 3549 2636 con-

1966 2669 2186 2722 sortium
2208 2667 2412 2721 cunctis
2439 2667 2596 2722 rebus
2612 2670 3022 2738 anteponebant,
3051 2670 3114 2722 ad
3137 2671 3284 2723 illum
3316 2672 3542 2726 rediere.

1967 2757 2168 2812 Eodem
2219 2759 2305 2812 die
2339 2775 2515 2811 cursor
2556 2769 2599 2811 et
2638 2761 2860 2812 notarius
2885 2802 2898 2824 ,
2936 2777 2997 2814 ex
3040 2761 3241 2813 Palatio
3269 2762 3544 2815 venientes

1967 2849 2222 2902 Joannem
2266 2849 2520 2918 urgebant
2559 2858 2615 2902 ut
2657 2849 2721 2901 ad
2760 2850 3036 2917 episcopos
3075 2851 3354 2904 accederet
3385 2869 3398 2905 :
3428 2853 3545 2906 illos

1965 2953 2094 2992 vero
2113 2939 2302 2992 hortati
2325 2948 2466 3001 sunt,
2487 2944 2542 2992 ut
2559 2938 2816 3007 judicium
2845 2941 3221 2994 accelerarent.
3248 2941 3369 2995 llaec
3388 2957 3546 3010 porro

1966 3030 2141 3082 omnia
2167 3068 2182 3092 ,
2224 3037 2282 3082 ut
2319 3029 2537 3082 credere
2566 3037 2682 3095 est,
2720 3029 3036 3083 moliebatur
3077 3029 3311 3083 Eudoxia
3351 3031 3545 3086 Joanni

1967 3128 2150 3172 nostro
2178 3119 2402 3172 infensa.
2840 3104 2845 3109 ’

2036 3208 2418 3278 Cltrysostomus
2433 3209 2483 3262 in
2511 3208 2718 3279 Synodo
2747 3210 2812 3262 ad
2837 3209 3083 3274 Quercum
3109 3212 3378 3265 damnatur
3399 3221 3441 3264 et
3461 3213 3548 3265 de-

1967 3302 2188 3370 ponitur.
2221 3332 2288 3341 —-
2313 3302 2447 3354 Aliis
2473 3316 2602 3355 vero
2625 3303 2973 3366 instantibus,
3003 3303 3194 3356 Paulus
3235 3303 3544 3357 llcraclcota

1967 3393 2167 3461 primus
2206 3407 2392 3445 omnes
2428 3393 2743 3445 sententiain
2785 3394 2961 3446 dicere
2997 3395 3216 3462 rogavit.
3262 3396 3546 3449 Statutum-

1966 3500 2068 3552 quc
2100 3482 2192 3535 fuit
2219 3483 2474 3536 Joannem
2503 3497 2529 3532 a
2557 3482 2683 3535 sede
2714 3483 3018 3550 pellendum
3050 3499 3167 3537 esse
3197 3501 3208 3535 :
3239 3501 3396 3552 quam
3424 3501 3546 3538 scn-

1967 3575 2184 3629 tentiam
2224 3574 2439 3641 protulit
2475 3573 2790 3643 Gymnasius
2827 3575 3141 3642 episcopus,
3169 3584 3220 3628 et
3248 3585 3547 3644 postremus

1967 3666 2314 3735 Theophilus.
2342 3664 2538 3719 Omnes
2575 3674 2747 3718 autem
2783 3665 3013 3733 episc0pi
3061 3681 3285 3718 numero
3320 3667 3546 3735 quadra-

1966 3758 2107 3826 ginta
2135 3757 2362 3826 quinque
2388 3763 2539 3809 erant
2558 3795 2571 3819 ,
2606 3755 2647 3807 si
2671 3754 2801 3808 ﬁdes
2831 3755 2898 3808 sit
2927 3755 3058 3808 actis
3086 3771 3112 3806 a
3142 3755 3328 3808 Photio
3351 3757 3542 3810 allatis.

1970 3849 2090 3900 ll:rc
2122 3861 2280 3914 porro
2321 3854 2436 3898 acta
2479 3843 2664 3912 rejeeit
2694 3845 2950 3898 Baronius
2976 3887 2988 3906 .
3021 3847 3106 3914 qui
3151 3861 3180 3898 a
3212 3845 3379 3898 doctis
3418 3847 3546 3900 viris

1962 3938 2083 4006 jure
2126 3936 2445 4005 exploditur.
2492 3935 2622 3995 Nam
2662 3944 2776 3989 acta
2809 3935 2896 3988 illa
2927 3951 3050 3988 vera
3077 3951 3195 3989 esse
3225 3946 3406 4004 putant
3435 3946 3543 3990 tum

1967 4031 2052 4081 alii
2084 4029 2223 4081 docti
2248 4028 2366 4089 viri,
2394 4038 2500 4080 tum
2539 4027 2914 4096 sagacissimus
2942 4027 3329 4080 Tillemontius.
3359 4027 3547 4082 Crimi-

1969 4121 2208 4173 naliunes
2253 4133 2415 4186 porro
2455 4119 2569 4171 illas
2594 4157 2608 4181 ,
2648 4117 2731 4171 vel
2773 4117 2944 4170 nullas
2971 4157 2986 4180 ,
3019 4119 3098 4170 vel
3129 4127 3400 4172 contortas
3421 4161 3435 4184 ,
3461 4119 3543 4172 vel

1967 4212 2184 4264 omnino
2210 4210 2365 4264 falsas
2390 4225 2508 4264 esse
2536 4219 2719 4278 putant
2748 4219 2854 4262 tum
2885 4209 3122 4274 Pltotins,
3152 4220 3257 4262 tum
3286 4221 3545 4279 quotquot

1968 4303 2078 4356 veri
2125 4317 2306 4355 amore
2349 4311 2617 4354 tenentur.
2648 4299 2703 4353 ιιι
2733 4299 3086 4353 damnationis
3119 4316 3243 4352 vero
3281 4304 3542 4354 sententia

1969 4397 2099 4449 nihil
2129 4394 2266 4449 aliud
2300 4394 2583 4457 ferebatur,
2615 4408 2772 4462 quam
2804 4392 2944 4461 quod
2981 4393 3030 4444 in
3063 4391 3278 4462 Synodo
3317 4407 3533 4460 compa-

1969 4503 2090 4542 rere
2120 4487 2398 4542 noluisset.

2043 4580 2229 4632 Postea
2277 4577 2500 4630 mittitur
2525 4573 2590 4627 ad
2636 4572 2848 4627 Clerum
2893 4572 3541 4641 Constantinopolitanum

1972 4669 2192 4737 epistola
2224 4665 2417 4735 (Pltot.
2447 4663 2570 4717 Cod.
2604 4679 2691 4717 tax
2716 4661 2756 4726 ),
2786 4677 2886 4731 qua
2916 4660 3259 4715 nuntiabatur
3283 4661 3542 4716 Joannem

1973 4776 2000 4810 a
2028 4759 2156 4812 sede
2187 4757 2454 4824 dcjcctum
2486 4753 2648 4807 fuisse
2670 4795 2683 4820 ,
2712 4754 3041 4822 idipsumque
3070 4752 3376 4822 Imperatori
3409 4769 3546 4806 nun-

1975 4850 2170 4901 tiatur:
2204 4847 2496 4899 addebatur
2531 4845 2691 4899 etiam
2716 4844 2860 4898 illum
2905 4844 3042 4897 ltesre
3074 4843 3366 4912 majestatis
3395 4860 3544 4898 reum

1973 4939 2251 4992 declarari.
2287 4937 2608 4989 llortabatnr
2634 4945 2808 4988 autem
2847 4934 3226 5002 Imperatorem
3261 4934 3541 5004 Synodus,

1973 5041 2028 5084 ut
2051 5032 2258 5099 jnheret
2287 5029 2430 5082 illum
2456 5027 2598 5097 ejiri,
2632 5036 2684 5080 et
2712 5041 2895 5096 poenas
2916 5027 3056 5081 hnsaa
3082 5027 3372 5096 majestatis
3397 5027 3541 5079 dare.

1973 5124 2175 5177 L‘t‘salll
2205 5131 2380 5175 autem
2414 5120 2742 5188 tnajcstatem
2772 5119 3018 5173 dicebant
3057 5118 3196 5188 quod
3241 5115 3543 5185 lmperatri-

1973 5234 2085 5270 cem
2126 5213 2424 5268 chabelem
2472 5212 2792 5281 appellasset
2847 5230 2858 5264 :
2899 5211 2964 5266 ad
3026 5211 3138 5263 hrec
3176 5208 3336 5262 oblati
3382 5205 3543 5258 libelli

1973 5321 2088 5360 sant
2119 5323 2145 5358 a
2174 5305 2448 5366 Gcrnutio,
2481 5305 2697 5358 Paulino
2724 5313 2776 5359 et
2800 5302 3184 5371 Eugnomonio,
3209 5299 3295 5368 qui
3321 5313 3379 5351 se
3410 5296 3547 5363 inju-

1972 5412 2050 5453 stc
2077 5415 2103 5450 a
2135 5397 2337 5451 Joanne
2376 5397 2678 5464 episcopatu
2724 5394 2904 5462 pulsos
2943 5390 3316 5459 querebantur.
3347 5387 3543 5440 Verum

1972 5491 2059 5561 qui
2090 5490 2394 5558 episcopatu
2425 5487 2492 5542 ab
2523 5502 2585 5541 eo
2616 5487 2766 5552 ejecti
2802 5484 3025 5543 fuerant,
3062 5479 3269 5534 nonnisi
3310 5488 3430 5547 post
3459 5493 3543 5531 sco

1973 5586 2201 5640 cundum
2243 5584 2487 5639 exsilium
2530 5581 2643 5650 ejus
2672 5575 2892 5631 restituti
2932 5585 3092 5636 sunt,
3123 5583 3256 5628 teste
3291 5571 3542 5626 Palladio.

1976 5678 2101 5730 l‘ost
2130 5675 2240 5729 1ιιῐξε
2272 5684 2444 5725 autem
2465 5667 2789 5735 Theophilus
2811 5679 2926 5715 cum
2957 5663 3227 5717 Fratribus
3257 5664 3444 5729 Longis
3474 5662 3532 5715 la-
