3932 6190
366 260 466 312 203

365 371 558 425 cilllme
583 363 951 421 reconciliatus
975 366 1057 413 est
1078 373 1094 422 ;
1120 363 1262 410 tanta
1288 354 1428 409 enim
1451 349 1757 407 eliminandi
1781 349 1940 403 Joan-

366 462 448 515 nis
473 455 719 528 cupidine
757 451 1067 514 tenebatur,
1107 455 1166 502 ut
1194 453 1386 501 czetera
1425 445 1602 499 omnia
1634 456 1816 512 parum
1847 455 1938 495 cu-

363 559 523 605 rarct.

434 635 696 693 Arcadius
732 632 951 707 Synodo
987 629 1262 698 rescripsit
1299 636 1354 683 et
1393 626 1611 682 Joannis
1649 623 1939 694 depositio-

365 743 486 784 nem
514 725 851 780 confirmavit
880 721 1076 796 (Pltot.
1107 736 1196 775 ιιι
1215 762 1228 784 ,
1255 735 1320 774 1.x
1343 718 1383 789 ).
1409 718 1602 773 Verum
1631 715 1770 785 quod
1797 715 1937 768 lzesm

361 817 652 886 tnajestatis
677 816 878 871 crimen
908 821 1131 881 spectat,
1163 826 1268 864 nou
1293 808 1582 864 attendisse
1609 806 1813 860 videtur
1837 804 1937 856 lm-

361 919 608 979 perator;
661 906 753 962 sed
774 947 787 973 ,
821 905 991 975 inquit
1036 902 1299 957 Palladius
1350 901 1368 971 (
1399 899 1606 954 Pallad.
1643 897 1847 968 Dialog.
1880 897 1933 967 ),

362 1001 503 1055 Deus
537 1013 630 1054 eor
665 998 781 1067 ejus
809 996 1068 1052 emollivit
1097 1035 1112 1062 ,
1156 1003 1214 1049 ut
1248 1009 1340 1049 cor
1366 993 1576 1047 leonum
1610 992 1938 1048 emollivcrat

359 1106 483 1161 erga
513 1088 804 1144 Danielcm.
847 1088 973 1142 Illuc
999 1086 1217 1143 Joannis
1243 1085 1505 1154 depositio
1534 1085 1632 1138 sub
1660 1069 1935 1152 vesperam

358 1183 593 1238 nuntiata
636 1183 840 1236 fuerat:
869 1197 974 1251 quo
1012 1189 1282 1248 comperto
1319 1179 1542 1248 populus
1576 1177 1642 1230 ad
1683 1163 1932 1246 gravissi-

358 1291 498 1330 mam
541 1275 855 1329 seditionem
894 1274 1151 1327 excitatus
1180 1281 1260 1324 est
1292 1288 1303 1324 :
1340 1280 1549 1341 totaque
1588 1277 1742 1323 nocte
1771 1283 1932 1322 excu-

358 1368 543 1421 bantes
569 1407 584 1431 ,
628 1380 748 1419 eum
777 1364 844 1418 ab
864 1363 1088 1418 ecclesia
1119 1361 1305 1416 adduci
1339 1376 1440 1413 non
1474 1360 1612 1428 passi
1643 1366 1805 1422 sunt,
1839 1357 1932 1412 sed

357 1472 568 1510 causam
592 1456 706 1524 ejus
734 1456 785 1509 in
814 1455 1012 1524 majore
1032 1453 1257 1508 concilio
1278 1450 1666 1520 dijudicandam
1688 1465 1806 1505 esse
1826 1450 1934 1503 cla-

357 1549 589 1602 tnabant.
619 1546 686 1601 Et
710 1562 830 1600 cum
859 1553 1105 1615 urgerent
1130 1545 1161 1598 ii
1183 1585 1198 1609 ,
1229 1544 1419 1613 quibus
1443 1542 1494 1596 id
1521 1542 1586 1596 ab
1613 1542 1934 1610 lmperatorc

358 1637 660 1691 mandatum
699 1635 889 1698 fuerat,
913 1646 970 1687 ut
991 1649 1112 1689 eum
1140 1634 1192 1686 in
1213 1633 1459 1687 exsilium
1491 1632 1830 1692 abducerent,
1859 1631 1933 1684 illi

357 1727 553 1780 relucta
563 1727 769 1780 bantur.

428 1818 812 1887 Cltrysostonms
851 1817 902 1868 in
944 1815 1176 1869 exsiliunt
1216 1815 1434 1868 ducitur.
1464 1845 1532 1855 -—-
1557 1813 1739 1884 Neque
1764 1813 1932 1883 jussui

361 1908 700 1977 imperatoris
731 1905 827 1960 sibi
857 1906 1034 1959 statim
1061 1904 1501 1974 acquieseendum
1542 1905 1744 1974 putavit
1767 1904 1935 1975 Chry-

354 2007 622 2052 sostomus
651 1995 950 2067 (Cltrysost.
970 2001 1006 2044 t.
1037 1994 1088 2048 5.
1120 2015 1166 2050 c.
1195 1994 1357 2062 J51);
1397 1993 1610 2048 nonnisi
1653 1994 1795 2049 enim
1819 2002 1935 2060 post

357 2089 573 2142 biduum
603 2102 661 2141 se
688 2088 750 2140 iis
781 2086 990 2140 tradidit
1016 2127 1030 2149 ,
1068 2086 1161 2156 qui
1203 2100 1262 2140 se
1303 2086 1356 2140 in
1383 2086 1625 2141 exsilium
1654 2087 1934 2156 deportare

355 2176 626 2233 curabant.
657 2176 952 2231 Excubanti
981 2186 1157 2232 autem
1185 2185 1239 2231 et
1259 2191 1316 2232 se
1341 2177 1471 2233 tueri
1499 2179 1709 2232 conanti
1742 2179 1933 2247 populo

354 2267 645 2321 orationem
671 2266 871 2334 habuit,
896 2269 946 2320 in
969 2282 1070 2336 qua
1093 2267 1282 2321 mirum
1307 2276 1556 2336 quantam
1576 2269 1737 2322 animi
1765 2267 1930 2322 ﬁrmi-

355 2365 516 2409 tatem
540 2355 808 2422 exhibeat,
836 2371 934 2411 nec
961 2367 1185 2411 mortem
1221 2372 1278 2411 se
1304 2367 1541 2412 metuere
1565 2359 1692 2413 dicit
1724 2376 1735 2410 :
1767 2374 1935 2429 popu-

354 2445 568 2514 lumque
593 2445 832 2498 hortatur
853 2445 917 2499 ad
942 2446 1247 2513 patientiam
1275 2449 1326 2499 in
1349 2447 1590 2500 adversis
1613 2466 1626 2501 :
1647 2447 1931 2517 hostesque

354 2549 480 2588 suos
506 2534 713 2588 mordet
736 2535 947 2588 acriter.
974 2533 1094 2587 Non
1114 2537 1266 2600 enim,
1292 2535 1480 2604 inquit,
1505 2545 1707 2605 propter
1732 2537 1930 2593 divitias

355 2624 529 2677 mundi
562 2625 771 2678 insidias
797 2625 962 2695 patior
988 2641 1005 2676 :
1031 2624 1164 2692 quod
1183 2625 1228 2678 si
1251 2635 1373 2678 esset
1395 2665 1408 2692 ,
1441 2627 1610 2694 utique
1645 2627 1929 2681 contristari

353 2715 575 2769 deberent
601 2731 618 2769 :
647 2732 734 2769 nec
757 2724 958 2785 prapler
977 2715 1182 2784 aliquod
1207 2725 1478 2783 peccatunt,
1505 2717 1591 2770 sed
1611 2728 1814 2786 prapter
1838 2735 1927 2772 ca-

352 2807 548 2860 ritatem
574 2848 586 2871 ,
615 2823 764 2876 quant
803 2823 919 2875 erga
959 2821 1042 2858 vos
1068 2806 1222 2858 habeo
1253 2821 1270 2858 :
1299 2807 1414 2874 quia
1444 2808 1613 2859 omnia
1640 2824 1734 2877 ago
1761 2818 1814 2860 ut
1843 2825 1928 2862 ros

352 2897 624 2965 proﬁciatis
644 2938 657 2959 ,
684 2908 726 2950 et
755 2915 815 2952 tte
838 2898 946 2966 quis
972 2898 1274 2950 subintroeat
1305 2897 1370 2949 ad
1391 2900 1787 2951 couturbandum
1810 2917 1925 2969 gre-

350 3003 457 3056 gem
481 2988 599 3040 bene
618 2988 915 3052 institutum,
941 2989 1027 3040 sed
1058 2996 1111 3040 ut
1147 2989 1480 3058 permaneatis
1519 2989 1570 3041 in
1611 2990 1927 3058 simplicitate

349 3076 485 3142 fidei.
518 3076 639 3128 "(ec
667 3087 740 3128 est
760 3093 914 3128 causa
945 3077 1280 3146 periculorum
1307 3093 1530 3129 meorum
1556 3118 1569 3143 ,
1594 3086 1637 3129 et
1666 3080 1772 3133 lucc
1791 3081 1925 3148 sufﬁ-

349 3165 484 3217 ciunt
510 3165 632 3219 mihi
655 3165 720 3216 ad
741 3181 996 3218 coronant.
1025 3166 1260 3219 Tandem
1292 3165 1520 3220 Joannes
1545 3166 1729 3221 videns
1757 3167 1926 3239 lmpe-

351 3264 600 3320 ratorem,
625 3270 682 3308 se
709 3256 760 3308 in
783 3256 1025 3308 exsilium
1050 3256 1236 3309 abduci
1254 3255 1549 3325 jubentem,
1576 3258 1626 3310 in
1653 3261 1924 3327 proposito

349 3343 629 3413 persistere
651 3386 664 3406 ,
697 3346 851 3398 tertio
888 3355 1003 3414 post
1043 3346 1430 3401 damnationem
1462 3347 1548 3402 die
1577 3350 1714 3402 circa
1758 3351 1921 3404 uteri-

349 3435 488 3488 diem
515 3436 652 3487 ultro
679 3450 736 3487 se
768 3437 877 3504 ipse
909 3436 1142 3500 tradidit,
1163 3437 1326 3490 inscia
1346 3439 1526 3506 populi
1552 3441 1918 3496 multitudine:

345 3526 562 3580 cavebat
600 3527 740 3579 enim
782 3543 846 3581 ne
888 3527 1052 3597 ipsius
1079 3544 1240 3582 caura
1286 3532 1536 3585 tumultus
1580 3533 1917 3587 excitaretur.

346 3617 435 3671 Sic
465 3618 528 3672 ab
562 3618 795 3672 Ecclesia
821 3619 1078 3686 expulsus
1111 3619 1341 3675 Joannes
1365 3661 1379 3685 ,
1423 3621 1612 3676 ductus
1651 3634 1730 3676 est
1760 3639 1788 3677 a
1819 3624 1922 3678 Co-

347 3708 475 3762 ntite
517 3723 636 3762 cum
682 3709 894 3762 militari
925 3725 1083 3763 manu
1110 3710 1172 3763 ad
1215 3711 1399 3765 navale
1425 3713 1476 3765 in
1503 3713 1639 3767 ostio
1664 3714 1816 3770 Ponti
1843 3717 1917 3768 si-

347 3807 456 3851 tum
484 3839 497 3862 ,
540 3798 678 3866 quod
711 3799 901 3852 llieron
933 3799 1191 3853 vocabant
1221 3815 1234 3864 ;
1283 3799 1409 3854 hinc
1449 3818 1574 3855 vero
1610 3803 1674 3857 ad
1701 3820 1918 3874 campos

348 3887 571 3942 l’t-zeneti
601 3887 859 3958 Bithynia:
883 3888 1140 3944 adductus
1169 3897 1271 3956 est,
1298 3891 1436 3960 quod
1475 3901 1589 3947 erat
1629 3909 1660 3948 e
1703 3896 1918 3965 regione

344 3975 684 4031 Nicomedize.

415 4070 489 4122 ita
530 4071 710 4138 pulsus
737 4070 967 4126 Joannes
1001 4072 1197 4142 gratias
1237 4073 1424 4142 agebat
1468 4075 1614 4138 Deo,
1665 4077 1752 4131 illa
1796 4076 1915 4134 Jobi

342 4163 501 4218 verba
519 4173 761 4232 repetens
783 4164 800 4235 (
831 4165 1012 4234 Chrys.
1036 4176 1072 4218 t.
1093 4167 1144 4220 5.
1169 4183 1214 4219 c.
1234 4166 1357 4220 459.
1379 4163 1474 4219 441
1490 4163 1506 4231 )
1523 4184 1536 4219 :
1553 4167 1801 4223 Dominus
1825 4169 1915 4222 de-

347 4255 417 4308 dit
448 4297 462 4320 ,
520 4256 766 4310 Dominus
791 4257 1032 4311 abstulit:
1062 4259 1188 4311 sicut
1217 4257 1432 4312 Domino
1463 4260 1683 4327 placuit,
1718 4262 1789 4314 ita
1834 4263 1916 4331 [a-

343 4355 477 4398 ctum
515 4354 637 4400 est:
684 4346 748 4400 sit
796 4362 975 4399 nomen
1015 4345 1220 4400 Domini
1263 4347 1568 4402 benedictum
1611 4351 1664 4403 in
1706 4353 1909 4406 sarcula.

342 4436 508 4502 Quem
542 4437 592 4490 in
624 4437 795 4491 locum
827 4437 1084 4492 adductus
1113 4446 1256 4492 esset
1286 4439 1595 4507 ignorabant
1619 4440 1701 4494 vel
1731 4456 1910 4496 sacer-

340 4522 492 4579 dotes
520 4525 594 4578 illi
626 4525 817 4580 invidia
858 4527 1141 4592 exerceati,
1171 4527 1260 4596 qui
1304 4527 1402 4595 ipsi
1448 4527 1665 4583 insidias
1702 4540 1910 4584 struxe-

339 4624 492 4668 rant:
515 4615 654 4684 quod
682 4625 902 4671 curante
927 4616 1221 4686 Theophilo
1246 4617 1442 4672 factum
1480 4634 1599 4674 esse
1629 4621 1912 4678 verisimile

337 4711 438 4760 est.
471 4705 794 4772 TheOphilus
825 4721 968 4770 vero,
1001 4707 1090 4776 qui
1131 4707 1401 4780 Synodum
1431 4725 1580 4763 suam
1611 4711 1910 4766 Constanti-

341 4795 517 4864 n0poli
556 4795 827 4850 celebrare
867 4811 1027 4852 ausus
1071 4813 1175 4853 non
1219 4810 1330 4862 est,
1376 4811 1653 4870 postquam
1680 4803 1910 4859 Joannes

337 4886 520 4956 pulsus
547 4884 714 4940 fuerat
743 4888 762 4958 (
790 4886 985 4941 Ibidem
1012 4889 1050 4958 ),
1081 4889 1132 4944 in
1173 4891 1355 4947 urbem
1411 4894 1624 4947 intravit
1650 4904 1808 4964 atque
1856 4896 1910 4950 in

334 4976 612 5032 ecclesiam
642 4977 788 5031 venit
809 4993 928 5031 eum
955 4980 1172 5035 asscclis
1196 4981 1324 5035 suis.
1349 4983 1404 5036 Si
1434 4984 1564 5040 lides
1590 4986 1657 5038 sit
1684 4986 1909 5055 Georgio

333 5065 693 5120 Alexandrino
717 5107 732 5130 ,
778 5066 1123 5122 barbarorum
1152 5069 1242 5124 ille
1267 5086 1417 5126 more
1446 5087 1564 5127 cum
1595 5074 1908 5129 satellitibus

331 5161 441 5214 suis
467 5157 698 5213 intravit.
723 5156 854 5224 Quia
883 5174 1007 5213 vero
1036 5159 1191 5214 mina:
1214 5163 1404 5230 saepius
1446 5163 1659 5218 intentte
1687 5180 1788 5218 non
1817 5181 1909 5233 po-

331 5257 505 5305 terant
545 5249 798 5320 populum
829 5249 1016 5305 sedare
1041 5290 1056 5316 ,
1086 5250 1220 5319 pulsi
1249 5251 1466 5307 Joannis
1491 5270 1770 5310 mmrorem
1802 5271 1906 5309 non

331 5339 608 5406 ferentem,
634 5341 826 5396 violata
853 5341 950 5396 fuit
975 5345 1268 5397 reverentia
1293 5344 1530 5400 ccclesiis
1551 5346 1745 5402 debita.
1773 5347 1906 5403 Cum

331 5434 473 5486 enim
514 5433 866 5504 imperatores
905 5437 955 5489 in
999 5437 1111 5492 haec
1145 5449 1322 5492 sancta
1352 5438 1494 5507 pacis
1519 5441 1629 5494 loca
1651 5482 1664 5506 ,
1698 5442 1905 5496 nonnisi

337 5523 523 5587 positis
551 5527 711 5579 armis
739 5541 801 5582 ac
828 5526 1124 5584 diademate
1164 5529 1363 5598 ingredi
1405 5528 1669 5594 siderent;
1703 5541 1826 5585 tunc
1855 5533 1904 5586 in

333 5611 582 5668 ecclesias
606 5616 827 5686 ingressi
855 5631 972 5674 sunt
1002 5622 1330 5677 inimicorum
1364 5622 1545 5686 instar,
1575 5625 1759 5676 armati
1791 5625 1905 5679 telis

1415 241 1471 296 S.
1503 236 1779 294 JOANNIS
1815 231 2281 289 CHRYSOSTOMI
2325 231 2504 299 VlTA,

3521 231 3620 289 204

2045 354 2098 397 et
2130 344 2305 397 clavas
2340 351 2627 413 gestantes,
2661 341 3017 413 populumque
3042 357 3106 397 ex
3138 341 3378 398 ecclesnis
3401 342 3623 412 depule-

2044 445 2202 499 runt,
2236 434 2324 504 qui
2355 435 2599 503 patientia
2627 444 2680 488 et
2723 433 2965 503 precibus
2993 443 3190 488 tantum
3226 434 3439 488 illorum
3477 435 3648 488 luro-'

2043 541 2156 580 rem
2175 539 2515 594 compescere
2533 524 2831 591 studebant,
2852 534 2904 579 et
2925 532 3098 579 tamen
3116 525 3478 596 baptisterium
3504 541 3625 580 san-
3651 592 3653 594 η

2041 615 2199 684 guine
2229 615 2304 668 illi
2330 614 2750 684 compleverunt.

2112 704 2241 760 Cum
2285 706 2363 761 sic
2401 707 2748 761 abduceretur
2786 706 3053 774 Joannes,
3096 707 3184 762 ubi
3218 722 3330 762 rem
3370 707 3602 778 cognovi

2042 798 2266 866 populus
2286 838 2299 862 ,
2330 798 2633 852 tumultuari
2660 798 2842 867 cmpit,
2867 810 2919 852 et
2947 797 3325 867 lmperatorem
3353 809 3623 870 totamque

2041 888 2310 960 Synodum
2332 931 2347 956 ,
2384 891 2752 959 prmcipueque
2783 889 3135 959 TlteOphilum
3166 899 3219 946 et
3247 891 3618 958 Severianum,

2041 982 2334 1036 maledictis
2379 982 2595 1051 appetiit
2644 980 2662 1055 (
2703 981 2850 1036 Socr.
2895 983 2932 1035 ι.
2965 982 3018 1036 6.
3065 999 3110 1035 c.
3142 983 3225 1036 17.
3260 983 3465 1037 Sozam.
3497 985 3534 1036 Ι.
3563 983 3617 1038 8.

2041 1090 2085 1126 c.
2115 1073 2181 1128 l8
2207 1071 2247 1145 ).
2276 1074 2446 1128 Ambo
2475 1075 2617 1128 enim
2649 1074 2952 1128 insidiarum
2986 1075 3037 1128 in
3068 1086 3306 1129 sanctum
3337 1077 3617 1144 praesulem

2041 1175 2281 1220 auctores
2326 1183 2444 1220 csse
2496 1165 2824 1220 ferebantur.
2879 1165 3198 1220 Severianus
3243 1183 3370 1222 vero
3405 1183 3524 1221 cum
3566 1169 3616 1222 in

2039 1258 2262 1312 ecclesia
2297 1273 2393 1328 per
2433 1257 2485 1310 id
2526 1265 2730 1327 tempus
2760 1273 3061 1312 sermonem
3100 1258 3355 1326 haberet,
3401 1269 3616 1313 senten-

2043 1352 2190 1418 tiam,
2224 1366 2325 1421 qua
2353 1351 2584 1406 Joannes
2613 1350 2883 1420 depositus
2914 1351 3101 1416 fuerat,
3133 1349 3382 1414 laudavit,
3412 1362 3469 1403 ut
3492 1367 3617 1404 eon-

2040 1449 2120 1496 tra
2147 1441 2413 1496 hominem
2461 1435 2796 1511 arrogantem
2839 1441 2998 1494 latam
3026 1481 3039 1505 ,
3079 1442 3284 1495 etiamsi
3327 1457 3433 1494 non
3472 1443 3615 1496 aliud

2038 1532 2240 1586 crimen
2267 1531 2425 1600 objici
2453 1540 2652 1600 posset.
2682 1531 2884 1586 Caetera
2910 1532 3050 1586 enim
3079 1532 3290 1598 delicta,
3323 1533 3612 1602 inquiebat,

2042 1624 2180 1677 Deus
2212 1623 2516 1678 hominibus
2547 1626 2788 1688 remittit,
2813 1625 3054 1693 superbis
3086 1633 3260 1678 autem
3292 1627 3510 1679 resistit.
3543 1627 3612 1678 Ea

2037 1730 2164 1768 vero
2185 1715 2249 1769 de
2271 1730 2425 1770 causa
2453 1716 2674 1784 populus
2699 1717 2996 1786 indignatus
3020 1717 3072 1770 in
3096 1717 3458 1786 majoremque
3484 1717 3612 1770 imm

2037 1806 2331 1859 concitatus
2369 1813 2468 1859 est.
2513 1805 2692 1874 Neque
2734 1806 2955 1861 ulterius
2995 1823 3024 1860 a
3073 1808 3331 1861 seditione
3378 1809 3612 1861 revocari

2040 1908 2264 1967 poterat,
2285 1898 2375 1952 scd
2396 1909 2449 1952 et
2476 1899 2524 1952 in
2556 1900 2793 1953 ecclesiis
2818 1901 2944 1968 ipsis
2962 1909 3014 1954 et
3048 1900 3098 1952 in
3118 1898 3233 1953 foro
3265 1900 3612 1953 tumultuaba-

2038 1997 2141 2040 tur.
2173 1989 2358 2057 Ingens
2383 2004 2510 2042 vero
2542 1991 2716 2058 populi
2744 1992 2895 2044 turba
2922 1990 2986 2045 ad
3017 1991 3268 2045 Palatium
3296 1993 3534 2061 perrexit
3559 2002 3612 2047 et

2038 2078 2413 2147 lmperatorem
2455 2079 2732 2150 deprecata
2783 2091 2944 2136 estut
2987 2082 3086 2136 sibi
3132 2093 3398 2152 pastoretn
3457 2099 3609 2138 suum

2037 2171 2358 2224 restitueret.

2106 2259 2189 2314 Ea:
2214 2271 2356 2314 terrae
2380 2273 2515 2314 ntotu
2542 2261 2923 2333 Chrysostomas
2949 2274 3228 2319 revocatur.
3245 2297 3312 2304 —
3332 2266 3472 2321 Inter
3497 2267 3608 2321 hzec

2034 2359 2209 2403 autem
2235 2350 2418 2404 Palatii
2443 2351 2742 2406 cubiculum
2773 2368 3087 2408 concussum
3117 2365 3214 2417 est,
3242 2365 3294 2409 et
3319 2365 3472 2410 terra:
3497 2371 3610 2411 mo-

2036 2447 2119 2492 tus
2156 2455 2376 2509 magnus
2408 2441 2589 2494 urbem
2621 2444 2890 2511 quassavit
2929 2443 3167 2515 (Pallad.
3203 2444 3340 2497 Dial.
3373 2443 3604 2499 Theodo-

2033 2539 2126 2580 ret.
2150 2528 2186 2582 l.
2215 2531 2265 2583 5.
2293 2529 2466 2602 αὖά).
2491 2531 2604 2600 Quo
2632 2531 2823 2586 factum
2848 2542 2902 2586 ut
2929 2535 3204 2602 perterrita
3224 2535 3478 2602 Eudoxio,
3503 2535 3605 2589 lm-

2033 2629 2276 2686 peratore
2305 2622 2461 2675 etiam
2487 2632 2772 2689 annuente,
2802 2625 2997 2692 populo
3022 2627 3402 2692 conelamante,
3428 2628 3492 2682 de
3519 2644 3605 2682 re-

2033 2713 2268 2766 vocando
2302 2711 2506 2766 Joanne
2545 2721 2798 2766 statutum
2838 2714 3012 2768 fuerit.
3056 2715 3254 2770 Eadem
3299 2717 3408 2784 ipsa
3453 2728 3605 2772 nocte

2032 2804 2269 2858 Eudoxia
2293 2803 2496 2858 litteras
2520 2804 2586 2858 ad
2612 2804 2866 2859 Joannem
2895 2805 3056 2870 misit,
3080 2822 3302 2875 quarunt
3331 2809 3603 2861 exordium

2030 2895 2119 2949 ille
2149 2894 2308 2948 refert
2335 2895 2352 2964 (
2378 2894 2562 2964 Chrys.
2587 2905 2624 2949 t.
2653 2895 2706 2949 5.
2729 2910 2775 2949 c.
2804 2894 3469 2969 MSJJO):Nearbitrelur
3497 2915 3606 2951 sau-

2029 2985 2172 3037 ctitas
2202 2995 2305 3048 tua,
2330 2985 2516 3053 inquit,
2549 3001 2626 3037 nte
2652 2985 2741 3038 illa
2763 2986 2953 3038 novisse
2972 3002 3082 3054 qua:
3108 2995 3245 3056 gesta
3271 2998 3386 3040 sunt
3412 3002 3431 3040 :
3461 2991 3607 3039 inno-

2029 3092 2143 3129 cens
2160 3091 2248 3146 ego
2265 3092 2375 3128 sunt
2396 3092 2425 3127 a
2443 3075 2686 3145 sanguine
2711 3086 2816 3128 tuo.
2845 3074 2873 3127 1
2883 3077 3076 3144 mprobi
3103 3088 3147 3130 et
3175 3078 3360 3147 perditi
3381 3080 3605 3130 homines

2029 3167 2157 3219 hanc
2182 3177 2407 3220 struxere
2428 3166 2731 3218 machinam.
2762 3165 2815 3218 Μ
2822 3183 2992 3219 earum
3017 3167 3354 3236 lacrymarum
3379 3169 3511 3220 testis
3535 3178 3605 3220 est

2028 3255 2182 3320 Deus,
2199 3257 2280 3309 cui
2296 3273 2439 3310 sacra
2457 3257 2607 3327 facio.
2625 3257 2801 3326 Pergit
2823 3272 2948 3310 vero
2969 3257 3376 3328 Chrysostomus
3401 3276 3412 3308 :
3437 3259 3604 3324 Quam

2027 3347 2312 3400 libationem
2337 3346 2560 3412 effudit?
2590 3347 2827 3416 lacrymm
2856 3349 2963 3417 ejus
2995 3348 3164 3400 libatio
3194 3360 3353 3401 erant.
3382 3347 3478 3402 Cui
3514 3366 3604 3401 sa-

2025 3451 2114 3490 Cra
2142 3436 2296 3489 facio.
2327 3436 2577 3490 Sacerdos
2608 3438 2696 3488 illa
2731 3453 2907 3505 nempe
2926 3478 2938 3498 ,
2978 3455 3065 3506 per
3090 3439 3302 3507 seipsant
3329 3439 3563 3491 ordinata
3587 3481 3600 3502 ,

2023 3542 2135 3595 qua:
2165 3525 2272 3578 Deo
2308 3525 2543 3592 offerebat
2577 3527 2825 3595 lacrymas
2848 3567 2862 3591 ,
2895 3529 3256 3596 confessionem
3285 3539 3334 3592 et
3358 3529 3606 3597 paeniten-

2023 3618 2164 3682 tiam,
2196 3633 2293 3670 non
2324 3634 2413 3687 pro
2449 3617 2733 3680 sacerdote,
2761 3617 2847 3669 sed
2875 3634 2964 3686 pro
2997 3617 3258 3682 Ecclesia,
3296 3635 3387 3688 pro
3414 3623 3602 3688 papula

2023 3709 2266 3777 disperso.
2305 3706 2501 3761 Memor
2540 3718 2669 3760 certe
2706 3719 2810 3761 erat
2849 3720 2896 3762 et
2939 3710 3157 3776 ﬁliorum
3187 3720 3232 3762 et
3264 3712 3603 3780 baptismatis.

2022 3797 2294 3852 Recordor
2322 3812 2417 3866 per
2443 3813 2629 3851 manus
2661 3806 2774 3852 tuas
2805 3798 2941 3851 tilios
2969 3814 3116 3852 meos
3157 3799 3319 3853 fuisse
3360 3801 3602 3868 baptiza-

2023 3896 2124 3942 tos.
2162 3886 2286 3940 Hazc
2329 3887 2659 3956 Intperatrix.
2699 3887 2832 3940 lliuc
2870 3888 2959 3941 illa
3004 3889 3382 3958 lmperatorem
3426 3891 3595 3955 adiit,

2020 3978 2239 4048 ejusque
2268 3993 2439 4048 genua
2476 3978 2726 4047 tangebat
2755 3994 2875 4032 cum
2909 3979 3154 4049 lacrymis
3187 3981 3508 4049 obsecrans,
3543 3994 3600 4037 ut

2020 4068 2346 4123 sacerdotem
2375 4078 2649 4123 revocaret
2681 4086 2694 4122 :
2730 4067 2890 4122 Nulla
2920 4071 3060 4123 nobis
3081 4111 3096 4136 ,
3138 4071 3439 4139 inquiebat,
3483 4088 3599 4143 spes

2018 4159 2228 4230 Imperii
2255 4171 2497 4230 superest,
2530 4161 2626 4214 nisi
2651 4161 2815 4229 ipsum
2845 4161 3158 4213 reducamus.
3185 4161 3332 4214 Illam
3357 4177 3483 4215 vero
3505 4178 3595 4216 vo-

2017 4248 2534 4320 cat,Chrysostomus
2560 4260 2778 4304 matrem
2807 4249 3182 4316 Ecclesiarum,
3213 4251 3454 4305 altricem
3482 4267 3595 4305 mo-

2017 4342 2327 4410 nachorum,
2357 4350 2660 4395 sanctorum
2689 4350 2982 4409 patronam,
3016 4356 3301 4410 pauperum
3330 4343 3592 4399 baculum.

2018 4435 2124 4489 llas
2148 4450 2305 4504 porro
2322 4432 2504 4487 laudes
2525 4431 2918 4495 Tillemontius,
2938 4448 2967 4486 a
2991 4432 3217 4502 Georgio
3235 4435 3592 4488 Alexandrino

2016 4525 2269 4595 deceptus
2292 4565 2306 4590 ,
2337 4523 2484 4594 quasi
2514 4523 2582 4576 ab
2607 4522 2845 4577 Eudoxia
2873 4523 3041 4578 dictas
3084 4525 3133 4577 in
3171 4523 3391 4578 Joannis
3425 4527 3586 4579 hono-

2014 4631 2148 4682 rem,
2180 4615 2278 4685 ipsi
2307 4614 2500 4670 Joanni
2530 4613 2728 4679 tribuit,
2754 4629 2857 4667 non
2883 4613 3310 4669 animadvertetis
3335 4616 3401 4669 ad
3429 4615 3586 4671 Joan-

2015 4721 2135 4760 nem
2163 4721 2268 4760 non
2291 4704 2554 4774 quadrare
2581 4703 2732 4772 illud,
2766 4703 2982 4758 Matrem
3013 4703 3352 4758 Ecclesiarum
3377 4707 3583 4779 (Chrys.

2015 4808 2052 4851 ι.
2085 4800 2138 4853 5.
2166 4812 2213 4849 c.
2241 4795 2364 4853 tte.
2389 4795 2424 4847 l.
2454 4791 2563 4865 t5).

2087 4888 2416 4958 Theophilus
2433 4905 2579 4957 vero,
2598 4891 2708 4961 qui,
2732 4898 2863 4946 teste
2885 4891 3117 4946 Palladio
3142 4888 3384 4962 (Pallad.
3405 4893 3580 4962 Dial.),

2013 4979 2266 5035 diaconos
2288 4979 2442 5046 duos,
2474 4996 2697 5052 quorum
2725 4980 2860 5035 alter
2891 4981 3190 5045 homicidii,
3221 4981 3360 5036 alter
3380 4983 3583 5039 adu-Ite.

2015 5073 2076 5126 rii
2107 5087 2263 5127 causa
2288 5071 2512 5140 depositi
2540 5070 2766 5136 fuerant,
2801 5072 2850 5125 in
2878 5071 3159 5140 pristinum
3183 5072 3403 5141 gradum
3433 5074 3584 5127 resti-

2014 5175 2206 5230 tuerat,
2225 5166 2333 5235 jam
2358 5174 2489 5219 teste
2505 5164 2732 5234 Georgio
2758 5163 3116 5218 Alexandrino
3144 5165 3196 5218 in
3225 5164 3400 5220 locum
3427 5164 3585 5220 Joan~

2014 5257 2095 5308 nis
2124 5255 2190 5309 ab
2230 5269 2288 5308 se
2330 5253 2568 5322 improbe
2596 5252 2860 5323 depositi,
2893 5254 3054 5307 alium
3082 5255 3389 5325 episcopum
3422 5255 3580 5310 desti-

2013 5355 2232 5400 naverat
2278 5354 2330 5400 et
2361 5346 2759 5409 nominaverat,
2792 5353 2846 5399 et
2881 5346 3192 5415 rescriptum
3222 5362 3283 5400 ea
3310 5347 3376 5401 de
3404 5362 3463 5402 re
3492 5347 3582 5400 ha-

2014 5439 2170 5494 bebat
2198 5453 2361 5510 penes
2384 5453 2462 5504 se,
2487 5438 2572 5492 cui
2599 5437 3028 5508 subscripserunt
3050 5439 3257 5508 plurimi
3283 5439 3582 5494 Constanti-

2013 5532 2300 5600 nopolitani
2328 5529 2580 5601 episcopi.
2609 5530 2678 5584 At
2698 5544 2798 5584 non
2825 5530 3062 5598 permisit
3090 5530 3228 5586 Deus
3251 5573 3264 5597 ,
3285 5530 3579 5603 improbum

2013 5625 2310 5694 hujustnodi
2341 5622 2654 5694 rescriptum
2686 5622 2736 5675 in
2766 5623 2935 5678 lucem
2966 5623 3192 5694 prodire.
