2694 4342
195 247 262 286 205

241 326 398 372 Rogante
409 325 525 370 itaque
539 321 709 365 Eudoxia,
720 321 916 367 Imperator
928 320 1060 366 legatos
1075 318 1171 354 misit
1187 318 1248 364 qui

199 386 366 422 Joannem
387 384 594 420 reducerent
607 409 618 425 .
639 383 864 419 etcivitatem
882 379 1038 426 periculo
1056 379 1250 414 liberarent

197 446 307 495 (Socr.
323 446 348 482 ι.
366 445 399 482 6.
415 457 445 482 c.
464 446 519 480 16.
543 444 682 481 Sozam.
694 444 718 480 ι.
731 444 766 480 8.
779 455 809 478 c.
825 443 898 489 I8).
919 442 1002 477 Post
1021 441 1084 476 hos
1100 440 1247 476 secundi

195 507 287 542 missi
297 512 389 549 sunt,
405 512 441 542 et
468 511 546 552 post
565 505 740 542 secundos
766 503 873 546 tertii,
888 503 934 538 ita
952 509 989 538 ut
1003 501 1182 547 Bosporus
1197 501 1247 536 le-

193 575 346 614 gatorum
386 565 610 602 multitudine
656 565 868 612 operiretur.
905 563 963 600 Sic
1000 561 1246 598 Theodoretus

193 628 236 674 (ι.
259 628 292 664 5.
307 638 337 663 c.
361 627 436 674 54).
451 627 577 663 Verum
599 626 764 663 Socrates
787 631 824 662 et
846 625 1063 661 Sozomenus
1083 623 1247 660 hrcetan-

193 696 262 724 tum
275 688 393 724 dicunt
409 700 418 722 :
434 687 628 733 Imperator
640 697 721 724 eum
733 687 920 724 celerrime
934 686 1092 722 revocari
1121 685 1242 730 jussit.

190 749 312 785 Missus
333 749 437 794 igitur
457 749 556 784 Briso
575 750 741 796 Augustm
765 747 960 791 eunuchus,
994 745 1142 783 offendit
1162 756 1242 782 cum

190 809 348 850 Praeneti,
361 809 454 856 quod
469 810 664 856 emporium
679 815 732 846 est
748 820 791 845 ex
805 808 954 844 adverso
967 807 1182 844 Nicomedia:
1197 807 1245 842 si-

189 876 316 913 tum,ct
331 869 656 916 Constantinopolin
675 870 790 906 redire
807 869 917 914 jubet.
938 868 974 904 Id
991 879 1069 903 cum
1087 867 1244 903 novisset

187 931 349 977 populus,
367 938 403 967 ut
417 932 554 967 obviam
571 932 618 967 illi
636 931 855 977 procederet,
869 930 997 966 ostium
1013 929 1238 975 Propontidis

197 994 344 1040 navigiis
363 994 510 1030 obtexit.
531 993 588 1030 Sic
608 993 782 1028 innumeri
795 993 828 1028 in
844 1002 1028 1028 occursum
1041 992 1117 1037 ejus
1136 1001 1242 1027 veno-

185 1060 280 1097 runt,
299 1064 422 1089 cereas
457 1054 552 1090 faces
582 1054 822 1100 prmferentes.
843 1053 891 1088 lta
921 1052 1030 1088 redux
1060 1051 1238 1093 Joannes,

183 1114 298 1150 statim
310 1115 460 1160 negabat
475 1125 513 1150 se
527 1115 559 1149 iu
574 1115 695 1150 urbem
709 1115 947 1160 ingressurum
960 1124 1052 1154 esse,
1064 1113 1128 1148 nisi
1145 1113 1240 1158 prius

185 1173 218 1209 in
236 1176 368 1219 majore
401 1174 559 1221 judicum
575 1185 749 1211 consessu
771 1176 941 1211 innocuus
967 1175 1210 1211 declararetur
1229 1187 1237 1210 :

183 1235 217 1271 in
233 1235 450 1279 suburbano,
467 1235 559 1281 quod
575 1235 739 1271 Mariana:
751 1236 881 1272 dicitur
896 1235 978 1282 (Soz
986 1245 1134 1272 omenus
1146 1236 1241 1272 Ana-

183 1297 274 1344 phun
287 1300 416 1343 vocat),
429 1297 598 1339 substitit,
609 1297 727 1344 ibique
741 1298 974 1333 mansit.Cum
985 1305 1104 1333 autem
1121 1306 1238 1333 moras

182 1364 350 1400 necteret,
369 1368 484 1404 neque
503 1357 637 1404 ingredi
657 1359 774 1400 vellet,
792 1358 891 1404 plebs
909 1359 942 1394 in
959 1359 1237 1405 indignationem

182 1419 348 1466 prorupit,
376 1421 566 1466 statimque
585 1421 618 1456 in
649 1421 744 1466 ipsos
780 1421 1016 1467 Imperatores
1049 1421 1236 1457 maledicta

181 1481 372 1526 congessit.
393 1481 545 1527 Ideoque
573 1481 849 1528 Chrysostomus
880 1483 914 1518 in
947 1482 1069 1518 urbem
1101 1482 1237 1528 ingredi

179 1548 320 1576 coactus
335 1548 402 1584 est,
420 1541 561 1576 obviam
589 1541 639 1577 illi
661 1543 755 1577 venit
773 1543 958 1578 multitudo
979 1543 1084 1590 vulgi.
1105 1550 1237 1578 etcum

179 1610 315 1637 srnnma
340 1603 536 1638 reverentia
558 1603 592 1637 in
612 1603 800 1638 ecclesiam
817 1603 974 1645 deducit,
996 1615 1102 1640 orans
1122 1610 1158 1639 ut
1175 1613 1238 1649 pro

179 1673 278 1698 more
307 1673 372 1698 suo
404 1663 436 1698 in
469 1663 661 1708 episcopali
693 1663 859 1699 cathedra
888 1664 1023 1706 sedeat,
1053 1671 1089 1700 et
1114 1675 1238 1710 pacem

177 1723 306 1768 popqu
324 1731 548 1769 appreeetur.
569 1722 655 1759 Cum
684 1732 865 1762 recusaret
897 1725 954 1762 ille
971 1735 1012 1762 ac
1031 1725 1181 1769 diceret,
1202 1725 1235 1762 id

177 1783 333 1830 judicum
363 1785 506 1820 decreto
535 1785 611 1821 ﬁeri
636 1795 724 1831 opus
747 1796 845 1830 esse,
865 1792 900 1822 et
925 1794 1090 1832 oportere
1111 1793 1148 1822 ut
1180 1787 1234 1824 iia

179 1846 300 1892 quibus
323 1847 579 1882 condemnatus
594 1845 722 1889 fuerat,
741 1847 852 1892 ipsum
873 1847 1099 1883 absolverent
1120 1859 1128 1882 :
1149 1855 1233 1884 tunc

180 1909 324 1953 populus
343 1909 454 1955 magis
472 1909 652 1955 magisque
667 1909 864 1944 concitatus
882 1909 996 1954 ipsum
1017 1909 1232 1944 concionan-

181 1975 245 2005 tem
275 1969 391 2006 videre
426 1970 570 2006 ontuino
598 1969 732 2015 voluit,
763 1975 800 2006 et
815 1970 970 2006 Joannes
998 1970 1065 2016 ipsi
1093 1980 1230 2006 morem

179 2041 298 2078 gerere
313 2038 454 2069 εοξιειυς
471 2038 538 2068 est.

221 2093 338 2130 Redua:
355 2094 608 2142 Chrysostomus
623 2095 790 2130 orationes
802 2095 888 2130 duas
905 2095 1107 2132 [μύει-1η
1119 2097 1232 2134 eccle-

179 2155 226 2192 sia
242 2163 354 2192 autem
375 2157 641 2204 Apostolorum,
664 2157 821 2203 inquam
850 2163 934 2193 tunc
955 2158 1134 2204 ingressus
1161 2165 1229 2203 est,

180 2217 378 2254 concionem
404 2218 682 2264 extemporalem
701 2224 736 2254 et
757 2217 1004 2266 brevissimam
1034 2219 1158 2254 habuit
1188 2220 1231 2256 ad

180 2279 349 2324 populum,
367 2280 424 2316 ubi
446 2281 518 2315 Deo
535 2279 716 2314 multoties
735 2279 929 2321 benedixit,
941 2286 976 2315 et
988 2279 1079 2316 hanc
1091 2291 1230 2324 vocem,

178 2337 368 2376 Benedictus
403 2340 512 2385 Dens,
546 2341 750 2386 frequenter
779 2341 1019 2386 pronuntiavit
1039 2341 1229 2388 (Chrysost.

179 2404 203 2432 t.
229 2407 257 2436 ι’.
283 2399 380 2445 459)
419 2413 428 2436 :
462 2402 618 2448 dicitque
647 2402 812 2438 inimicos
840 2412 924 2438 suos
953 2410 1130 2438 amatores
1164 2404 1230 2439 sibi

179 2462 302 2498 multos
333 2464 577 2500 cenciliavisse
603 2465 782 2510 etiamque
800 2463 957 2507 Judacos,
979 2464 1073 2510 quod
1094 2470 1129 2499 et
1143 2465 1232 2500 infra

179 2523 312 2566 repetit.
332 2524 382 2559 Ac
403 2524 447 2560 de
468 2531 564 2560 tanta
585 2525 812 2561 multitudine
830 2525 1002 2572 gaudens,
1017 2525 1137 2560 laetitia
1151 2535 1232 2572 per-

179 2583 272 2621 fusus
300 2586 410 2622 dicit:
435 2587 544 2624 Ilodic
573 2590 738 2625 circenses
765 2596 856 2633 sunt,
875 2596 906 2624 et
924 2599 1020 2624 uerno
1051 2589 1158 2632 adest,
1175 2588 1234 2624 sed

177 2655 289 2682 onmes
315 2648 350 2682 in
377 2649 548 2684 ecclesiam
579 2662 637 2686 ceu
673 2659 833 2688 torrentes
862 2653 1112 2698 confluxerunt.
1133 2651 1178 2688 Se
1199 2651 1233 2686 in

179 2708 328 2744 ecclesia
345 2709 408 2746 SS.
431 2712 676 2756 Apostolorum
708 2715 908 2750 concionari
931 2713 1148 2755 testiﬁcatur,
1174 2712 1232 2748 ubi

178 2777 276 2806 erant
293 2771 332 2806 S.
351 2771 525 2808 Timothei
553 2773 724 2820 reliquiae.
747 2775 783 2810 Iu
803 2775 870 2812 [ine
897 2786 981 2812 vero
1001 2776 1104 2822 lupos
1131 2775 1234 2810 aufu-

179 2832 268 2878 gisse
285 2832 382 2877 dicit,
395 2843 466 2879 quo
477 2833 699 2871 subindicare
710 2835 848 2872 videtur
865 2836 977 2883 ipsum
992 2835 1232 2882 Theophilum

180 2893 246 2939 jam
266 2905 306 2931 ex
325 2895 468 2932 civitate
487 2906 670 2942 egressum
687 2906 766 2933 esse
788 2909 796 2933 :
817 2908 896 2944 quae
913 2903 1029 2934 tamen
1059 2907 1118 2934 res
1135 2897 1232 2934 difﬁ-

163 2956 304 3006 lcultate
321 2969 390 2994 non
411 2965 525 2995 vacat.
545 2959 756 3006 lnsequcnte
773 2959 830 2996 die
855 2960 960 2996 aliam
993 2961 1115 2998 habuit
1143 2971 1232 2997 con-

183 3018 311 3056 cionem
335 3020 530 3068 lortgiorem
553 3033 561 3057 :
584 3022 620 3058 in
637 3031 705 3068 qua
726 3022 840 3067 primo
869 3023 1089 3060 Pharaonem
1117 3021 1230 3070 Egy-

187 3079 286 3124 ptium
300 3088 480 3127 comparat
495 3092 576 3118 cum
604 3083 674 3119 alio
700 3083 884 3130 Egyptio,
910 3084 970 3131 qui
1004 3084 1097 3120 haud
1125 3085 1232 3120 dubie

184 3146 232 3176 est
251 3140 477 3188 Theophilus,
506 3143 694 3190 episcopus
725 3144 1002 3188 Alexandrinus,
1027 3145 1181 3191 dicitque
1196 3145 1232 3181 in

185 3198 246 3236 hac
265 3201 426 3240 Ecclesia:
455 3204 657 3241 Calamitate
680 3205 866 3242 haereticos
885 3205 928 3242 ad
947 3205 1052 3242 {idem
1083 3216 1234 3242 conver-

185 3269 238 3296 sos
265 3261 383 3301 fuisse.
401 3264 540 3302 Judaeos
569 3265 736 3302 meliores
751 3267 922 3312 evasisse,
938 3273 1044 3313 atque
1065 3266 1108 3302 ad
1127 3265 1233 3302 Chri-

185 3322 310 3360 stianos
339 3327 555 3370 accurrisse;
585 3327 621 3363 in
651 3327 855 3374 hujusmodi
893 3334 1010 3364 autem
1031 3327 1232 3364 calamitate

184 3383 418 3431 baptisterium
437 3390 602 3436 sanguine
623 3389 798 3437 repletum
823 3390 946 3427 fuisse.
964 3389 1102 3426 Laudat
1120 3399 1232 3436 popu-

185 3444 251 3482 lum
270 3457 289 3482 a
316 3447 384 3484 fide
407 3454 442 3484 et
469 3453 680 3488 constantia.
715 3452 919 3498 Deindeque
947 3451 1168 3488 convertitur
1197 3451 1233 3487 in

188 3505 301 3542 Iauch
320 3508 484 3546 Eudoxia:
499 3511 678 3558 Augusta),
694 3512 795 3558 cujus
813 3511 972 3558 epistola:
991 3511 1034 3546 ad
1053 3521 1092 3547 se
1113 3511 1233 3547 missa:

190 3575 315 3612 partem
357 3570 490 3614 adfert,
525 3573 692 3620 illamque
735 3573 909 3609 encomiis
937 3571 1106 3608 celebrat.
1139 3571 1231 3608 Dicit

188 3637 296 3667 autem
313 3632 382 3678 hic,
406 3640 443 3670 ut
460 3645 579 3680 supra,
601 3636 762 3672 inimicos
783 3635 817 3671 in
839 3633 956 3681 fugam
985 3643 1108 3670 versos
1137 3644 1230 3672 esse.

189 3688 335 3728 Alteram
351 3700 429 3740 post
455 3695 604 3733 reditum
631 3706 734 3732 suum
753 3695 933 3731 homiliam
955 3694 1078 3730 habuit
1096 3695 1234 3742 longio-

189 3759 272 3793 rem,
291 3764 364 3800 qua:
381 3755 423 3792 de
441 3755 639 3792 Chananzea
659 3756 878 3801 inscribitur,
894 3755 939 3792 de
957 3765 1026 3802 qua
1041 3756 1232 3794 videndum

190 3810 346 3850 Monitum
365 3825 519 3858 nostrum
539 3817 581 3853 Τ.
599 3818 638 3864 5,
663 3819 697 3850 0.
715 3815 798 3850 447.

223 3872 322 3910 Aiunt
333 3875 488 3914 Socrates
499 3877 614 3926 (Socr.
627 3877 725 3913 (.6.c.
737 3875 797 3924 I7)
807 3875 1064 3914 etSozomcnus
1077 3877 1229 3925 (Sozom.

979 239 1100 278 NUNC
1126 240 1302 280 PRIMUM
1331 242 1594 282 ADORNATA.

2323 253 2394 290 900

1323 319 1348 354 ι.
1361 319 1396 355 8.
1409 329 1439 354 c.
1453 319 1528 366 I9),
1539 328 1723 367 postquam
1735 323 1890 362 Joannes
1903 326 1938 362 in
1951 326 2072 363 sedem
2089 338 2190 364 suam
2207 329 2392 366 restitutus

1322 379 1685 428 fucratTheophilum
1701 385 1899 423 Heraclidis
1911 398 2054 424 causam
2073 396 2109 425 et
2128 389 2391 428 ordinationem

1321 442 1502 488 inquirere
1527 443 1697 488 voluisse,
1729 451 1767 482 ut
1797 446 1880 482 inde
1897 449 2123 486 occasionem
2154 451 2328 497 arriperet
2347 451 2391 488 ad

1319 501 1492 538 Joannem
1525 503 1780 540 damnandum.
1814 505 2021 544 Heraclides
2050 520 2136 546 vero
2160 521 2229 547 nou
2251 512 2389 556 aderat,

1322 571 1510 611 tamenque
1531 565 1576 601 de
1597 566 1657 602 illo
1675 566 1822 603 absente
1838 567 2078 613 judicabatur,
2099 573 2199 617 quasi
2215 573 2389 619 quosdam

1320 625 1451 670 injuste
1483 625 1715 670 damnasset,
1742 634 1779 664 et
1813 629 1949 664 catenis
1978 630 2117 665 vinctos
2147 642 2212 678 per
2236 634 2389 670 mediam

1315 685 1554 733 Ephesiorum
1589 688 1712 724 urbem
1747 689 2158 736 traduxisset.Cumque
2172 691 2328 730 Joannes
2353 701 2390 731 et

1315 749 1376 794 qui
1407 758 1488 784 cum
1523 749 1582 785 illo
1613 749 1764 785 aderant
1793 749 1956 786 dicerent
1981 750 2026 786 de
2055 752 2265 788 absentibus
2292 754 2388 799 judi-

1315 810 1408 845 cium
1439 809 1522 846 ferrt
1553 821 1623 846 non
1651 810 1796 853 debere,
1819 810 2050 847 Alexandrini
2083 819 2208 848 eontra
2237 821 2386 851 conten-

1314 871 1467 913 debant,
1499 871 1740 908 admittendos
1767 882 1848 908 esse
1887 878 2118 908 accusatores
2161 873 2384 920 Heraclidis,

1314 935 1396 970 licet
1413 945 1494 970 eum
1514 935 1698 970 absentem
1730 941 1955 970 accusarent.
1992 935 2119 971 Gravis
2147 936 2230 973 inde
2258 937 2386 973 seditio

1314 995 1409 1032 inter
1429 996 1846 1042 Constantinopolitanos
1865 1002 1902 1032 et
1922 997 2189 1032 Alexandrinos
2207 1006 2284 1034 orta
2303 1006 2382 1035 est:

1311 1058 1574 1104 commissaque
1605 1069 1738 1105 pugna,
1762 1059 1862 1095 multi
1883 1059 2073 1104 vulnerati,
2097 1060 2240 1106 quidam
2273 1062 2384 1097 etiam

1312 1119 1514 1165 interempti
1533 1126 1630 1156 sunt.
1654 1120 1736 1156 Ilaec
1765 1130 1846 1156 cum
1863 1121 2002 1156 videret
2023 1121 2265 1168 Theophilus,
2287 1123 2383 1160 illico

1311 1181 1566 1218 Alexandriam
1595 1181 1744 1228 aufugit.
1767 1181 1862 1218 Idem
1883 1183 1943 1218 alii
1965 1193 2106 1228 quoque
2133 1183 2384 1231 feceruntepi-

1309 1243 1422 1288 scopi,
1442 1247 1572 1288 praeter
1601 1253 1734 1288 paucos
1754 1243 1814 1289 qui
1834 1241 1982 1278 Joannis
2013 1251 2130 1288 partes
2163 1245 2378 1282 tuebantur:

1309 1305 1499 1350 cunctique
1517 1309 1658 1350 arrepta
1675 1303 1755 1350 fuga
1770 1303 1814 1340 ad
1835 1314 1917 1340 suas
1932 1303 2036 1340 sedes
2056 1311 2296 1340 reverterunt.

1355 1365 1452 1409 Haec,
1465 1371 1652 1412 postquam
1661 1365 1818 1402 Joannes
1829 1365 1862 1401 in
1873 1365 1994 1401 sedem
2005 1376 2104 1400 suam
2117 1367 2302 1402 restitutus
2313 1366 2380 1404 lue-

1308 1433 1376 1468 rat,
1392 1434 1490 1473 gesta
1513 1426 1624 1462 fuisse
1645 1426 1804 1462 referunt
1824 1425 1990 1463 Socrates
2007 1433 2042 1463 et
2059 1426 2282 1464 Sozomenus
2294 1457 2302 1469 ,
2318 1429 2379 1474 qui

1311 1495 1511 1533 postremus
1533 1489 1631 1524 illum
1651 1489 1722 1534 jam
1742 1489 1948 1525 restitutum
1966 1489 2074 1526 fuisse
2091 1496 2282 1535 antequam
2303 1490 2379 1526 hinc

1309 1557 1498 1595 agerentur
1518 1557 1639 1596 aperte
1660 1551 1758 1586 dicit.
1785 1550 1954 1588 Socrates
1975 1561 2060 1587 vero
2087 1551 2241 1596 idipsnm
2272 1562 2377 1598 pror-

1309 1621 1370 1646 sus
1399 1611 1568 1647 insinuat.
1591 1611 1678 1648 Nam
1713 1620 1900 1660 postquam
1917 1613 2090 1649 Joannem
2107 1615 2179 1658 jam
2199 1615 2231 1649 in
2253 1614 2376 1650 sedem

1308 1682 1408 1708 suam
1436 1672 1622 1709 reductum
1656 1673 1765 1710 fuisse
1796 1681 2029 1718 narraverat,
2060 1681 2168 1720 caput
2197 1675 2376 1711 decimum

1307 1734 1497 1780 septimum
1529 1735 1680 1779 orditur,
1717 1735 1775 1770 ubi
1807 1735 1882 1772 haec
1910 1743 2154 1779 recensentur,
2175 1744 2374 1772 utcausam

1304 1795 1510 1830 certaminis
1528 1795 1619 1830 inter
1633 1795 2048 1842 Constantiuopolitanos
2063 1804 2098 1834 et
2113 1798 2374 1834 Alexandrinos

1303 1861 1338 1891 et
1358 1855 1473 1902 fugam
1497 1856 1686 1902 Theophili
1702 1857 1848 1894 referat.
1869 1858 1904 1894 Si
1936 1867 2054 1895 autem
2087 1860 2163 1895 haec
2194 1861 2241 1895 ita
2274 1866 2373 1906 gesta

1303 1916 1388 1959 sint,
1411 1917 1601 1952 dicendum
1623 1929 1702 1954 esse
1723 1919 1865 1954 videtur
1881 1919 2120 1966 Theophilum
2151 1921 2272 1966 paucis
2298 1921 2375 1958 die-

1304 1976 1370 2012 bus
1401 1983 1480 2024 post
1510 1979 1714 2014 restitutum
1732 1979 1906 2016 Joannem
1927 1980 2121 2026 aufugisse,
2145 1989 2178 2018 et
2196 1982 2276 2018 ideo
2297 1989 2375 2018 tan-

1305 2037 1418 2074 tillum
1440 2040 1616 2076 mansisse
1631 2039 1956 2087 Constantinopoli,
1989 2042 2072 2088 quia
2102 2053 2182 2078 eum
2215 2043 2374 2081 Joannes

1303 2107 1490 2136 revocatus
1509 2101 1646 2144 fuisset,
1667 2112 1737 2136 non
1757 2101 2022 2138 contradixerat
2041 2103 2183 2149 quidem
2207 2105 2286 2148 ille;
2309 2105 2372 2142 sed

1303 2169 1382 2195 cum
1413 2161 1611 2198 Heraclidis
1638 2172 1785 2198 causam
1805 2163 1838 2198 in
1862 2164 2018 2200 medium
2039 2166 2259 2211 protulisset,
2279 2176 2372 2212 quo-

1304 2221 1398 2256 niam
1417 2221 1475 2258 hic
1492 2232 1511 2257 a
1529 2222 1667 2260 Joanne
1699 2223 1886 2260 Ordinatus
1913 2225 2043 2269 fuerat,
2067 2226 2102 2261 in
2129 2227 2372 2272 suspicionem

1303 2281 1470 2324 venisse,
1501 2283 1595 2328 quod
1629 2295 1770 2320 rursum
1804 2285 1951 2320 Joannis
1980 2296 2126 2322 Causam
2169 2287 2372 2333 diSqttit'et'e

1305 2343 1423 2386 vellet,
1457 2349 1493 2378 ut
1523 2345 1623 2380 illum
1658 2345 1800 2380 tandem
1823 2356 1841 2380 a
1862 2347 1947 2381 Sede
1975 2346 2371 2394 Constantinopolitana

1304 2403 1524 2440 deturbaret.
1545 2405 1676 2440 Verum
1709 2411 1826 2440 tamen
1847 2413 1902 2440 est
1919 2406 2269 2452 Chrysostomum-iu
2298 2410 2374 2454 epi~

1303 2465 1394 2500 stola
1414 2465 1457 2499 ad
1474 2464 1716 2500 lnuocentimn
1737 2465 1857 2500 dicere
1893 2475 1933 2502 se
1954 2465 2233 2512 (T.5.col.:‘532.
2247 2468 2270 2503 ἰ.
2293 2467 2368 2515 58)

1305 2533 1491 2572 postquam
1521 2526 1555 2560 in
1583 2525 1704 2562 sedem
1737 2535 1836 2561 suam
1857 2527 2042 2561 restitutus
2060 2531 2130 2569 est,
2153 2527 2197 2562 ab
2221 2527 2376 2571 Impera-

1306 2593 1383 2623 tore
1397 2587 1608 2632 postulasse.
1630 2593 1666 2622 ut
1681 2585 1863 2632 Synodum
1880 2592 2038 2632 cogeret,
2057 2585 2116 2622 ubi
2130 2585 2175 2621 de
2186 2595 2248 2620 sua
2265 2595 2373 2622 causa

1300 2645 1520 2692 judicaretur
1541 2658 1548 2682 :
1571 2653 1606 2682 et
1624 2657 1705 2682 cum
1737 2646 1779 2682 ad
1812 2647 1907 2681 illam
1926 2645 2122 2692 cogendam
2142 2645 2374 2691 Imperatoris

1304 2709 1417 2744 literae
1436 2708 1470 2743 in
1495 2708 1614 2742 omnia
1643 2707 1719 2742 loca
1751 2708 1993 2749 mitterentur,
2015 2706 2254 2752 TheOphilum
2281 2707 2374 2744 male

1303 2770 1370 2806 sibi
1391 2771 1590 2813 conscium,
1613 2769 1729 2806 media
1748 2775 1867 2813 nocte,
1883 2779 2078 2805 conscensa
2101 2769 2180 2804 navi
2199 2779 2278 2806 cum
2301 2770 2374 2806 suis

1303 2830 1496 2878 aufugisse.
1518 2829 1618 2868 Unde
1639 2829 1811 2876 consequi
1835 2829 1990 2872 videtur,
2027 2829 2264 2875 Theophilum
2296 2835 2375 2876 post

1303 2893 1456 2930 reditum
1475 2893 1623 2930 Joannis
1648 2893 1785 2939 aliquot
1799 2891 1924 2928 diebus
1945 2890 2253 2937 Constantinopoli
2271 2902 2374 2926 man-

1303 2955 1407 2999 sisse,
1427 2953 1540 2990 donec
1557 2953 1725 2990 videlicet
1754 2959 1904 3000 rogante
1927 2952 2066 2988 Joanne
2099 2951 2300 2998 Imperator
2330 2952 2373 2988 li-

1303 3023 1399 3053 teras
1419 3017 1550 3062 ubique
1570 3015 1667 3052 misit
1683 3015 1727 3052 ad
1744 3015 1926 3062 Synodum
1949 3013 2160 3060 cogendam.
2175 3013 2264 3048 Cum
2285 3023 2372 3059 ergo

1304 3077 1338 3113 in
1355 3077 1598 3118 concioaibus,
1617 3086 1704 3122 quas
1727 3076 1762 3112 in
1777 3075 1834 3111 die
1851 3075 1986 3110 reditus
1999 3082 2032 3111 et
2044 3074 2214 3120 postridie
2231 3075 2368 3118 habuit,

1303 3138 1396 3176 dicat
1408 3139 1572 3174 inimicos
1583 3148 1667 3174 suos
1681 3137 1874 3182 aufugisse,
1886 3137 1938 3172 sic
1951 3136 2201 3182 intelligendus
2215 3136 2372 3174 videtur.

1352 3201 1543 3248 Postquam
1563 3199 1720 3246 episcopi
1734 3198 1798 3242 illi,
1811 3199 1869 3244 qui
1881 3197 2066 3245 Synodum
2086 3198 2120 3234 in
2135 3197 2374 3242 Quercucon-

1303 3263 1506 3304 stitueraut,
1537 3271 1617 3297 cum
1636 3259 1749 3306 gloria
1775 3259 1944 3295 reducem
1969 3259 2130 3295 videntes
2152 3258 2371 3307 Chrysosto-

1304 3334 1416 3367 mum,
1438 3323 1699 3365 discesserant;
1719 3320 1938 3368 Theophilus
1952 3349 1960 3364 ,
1979 3321 2037 3366 qui
2061 3320 2371 3368 Constantinopoli

1305 3392 1388 3422 tunc
1400 3392 1494 3429 erat,
1505 3384 1726 3432 quiescebat,
1748 3393 1815 3420 nec
1828 3388 1950 3420 contra
1967 3383 2066 3419 illum
2081 3383 2262 3430 quidpiam
2286 3393 2368 3430 pro-

1303 3447 1399 3484 ferre
1414 3447 1506 3483 ultra
1519 3445 1674 3482 audebat
1689 3456 1697 3481 :
1719 3444 1796 3480 hmc
1809 3451 1906 3482 certe
1919 3445 2032 3491 potuit
2045 3445 2240 3492 generatim
2251 3444 2370 3480 dicere

1303 3507 1592 3556 Chrysostomus.
1619 3506 1785 3553 Alioquin
1810 3515 1897 3543 vero
1925 3505 2003 3542 [nec
2043 3505 2366 3542 Alexandrinorum

1303 3581 1382 3608 cum
1393 3568 1800 3615 Constantinopolitanis
1814 3568 1996 3605 contentio
2007 3572 2044 3604 et
2055 3577 2170 3612 pugna
2186 3573 2256 3598 non
2268 3561 2368 3595 vidc-

1305 3638 1360 3668 tur
1370 3641 1474 3678 posse
1482 3636 1564 3666 ante
1572 3630 1624 3666 Ch
1631 3631 1819 3678 rysostomi
1831 3630 1982 3666 reditum
1999 3624 2186 3664 accidisse.
2209 3620 2367 3658 Severia-

1304 3703 1372 3729 nus
1389 3702 1530 3740 quoquc
1549 3691 1766 3728 Gabalorum
1785 3692 1916 3737 aliique
1929 3697 2057 3725 omnes
2073 3682 2218 3720 Joannis
2232 3679 2366 3740 inimici

1303 3755 1419 3802 fugam
1443 3754 1616 3792 fecerunt.
1635 3754 1742 3791 Addit
1771 3763 1857 3790 vero
1883 3748 2061 3787 Palladius
2081 3742 2245 3808 (Pallad.
2267 3739 2367 3808 ρὶαί.

1302 3801 1716 3864 constantinopolitanos
1728 3811 1965 3859 Theophilum
1979 3805 2198 3854 qumSiViSSei
2217 3808 2254 3840 ιιι
2267 3801 2367 3839 illum

1303 3879 1340 3909 in
1360 3889 1458 3914 mare
1480 3879 1742 3924 demergereut.
