2742 4342
344 272 414 308 207

397 352 482 386 Post
497 344 688 390 TheOphili
711 341 828 388 fugam
848 348 921 376 non
956 338 1112 375 cessavit
1143 337 1426 384 (.‘hrysostomus

347 425 358 460 ι
386 414 427 450 Τ.
445 413 480 448 5.
499 421 531 444 c.
549 407 633 444 552.
649 417 686 442 η.
705 405 728 440 '5
748 403 760 450 )
780 402 1039 449 Imperatorem
1065 399 1222 447 precari,
1247 404 1284 434 ut
1313 398 1430 446 Syno-

346 459 414 510 dus
434 473 562 508 iterum
583 473 774 514 cogeretur
793 465 838 501 ad
860 473 1006 501 causam
1025 473 1126 498 suam
1148 459 1429 503 retractandum,

347 544 458 583 utque
485 532 710 578 Theophilus
736 530 880 567 adesset
907 528 1069 576 rogabat.
1090 527 1184 563 Misit
1217 525 1430 571 lmperator,

345 599 406 644 qui
438 595 680 642 Theophilum
712 592 833 629 redire
863 590 1033 638 juberent
1076 599 1158 625 cum
1202 585 1434 624 consortibus

347 661 422 695 suis
441 659 624 701 omnibus,
645 663 682 692 ut
701 663 888 702 gestorum
907 663 1056 689 suorum
1092 651 1272 688 ratiouem
1305 648 1434 686 redde-

350 729 443 758 rent.
465 720 529 758 Ille
548 731 634 756 vero
654 717 885 765 Imperatoris
916 716 1033 763 jussui
1065 725 1135 751 non
1157 712 1433 760 obtemperavit,

352 790 554 831 prmtexens
586 783 709 830 populi
738 781 968 820 seditionem.
989 779 1050 825 qui
1076 778 1337 826 Chrysostomo
1357 781 1436 811 stu-

351 845 474 882 debat.
493 845 617 892 Neque
639 851 757 880 tamen
779 841 934 879 cessavit
952 839 1236 888 Chrysostomus
1253 839 1298 874 ab
1319 837 1436 882 lmpe-

354 913 475 944 ratore
505 906 687 953 postulare
713 911 752 942 ut
782 903 952 952 Synodus
984 908 1187 949 cogeretur,
1205 901 1240 937 in
1259 910 1327 947 qua
1361 899 1438 946 ipse

355 980 501 1007 causam
523 979 625 1006 suam
650 974 906 1015 propugnaret.
941 966 1165 1012 Supererant
1195 963 1312 1000 adhuc
1343 962 1439 1000 Con-

356 1032 589 1078 stantinopoli
611 1031 748 1078 aliquot
767 1031 927 1078 episcopi
946 1029 1042 1077 Syri,
1057 1028 1117 1076 qui
1143 1037 1224 1064 cum
1238 1025 1440 1072 The0pliilo

358 1094 393 1130 in
413 1093 560 1141 Synodo
579 1093 623 1129 ad
640 1094 818 1138 Quercum
851 1098 976 1129 contra
1005 1089 1182 1126 Joannem
1217 1087 1436 1124 sententiam

357 1157 547 1194 dixerant:
570 1156 635 1192 hos
656 1156 764 1192 etiam
783 1155 930 1202 Synodo
950 1160 1034 1189 tunc
1063 1150 1236 1198 cogendae
1267 1151 1442 1186 interesse

359 1221 509 1268 rogabat
526 1219 698 1256 Joannes.
721 1217 850 1254 Narrat
876 1226 962 1252 vero
981 1215 1206 1252 Sozomenus
1237 1212 1395 1259 (Sozam.
1417 1210 1440 1248 Ι.

359 1284 396 1321 8.
427 1293 458 1318 c.
492 1281 571 1329 19),
606 1287 686 1328 pest
728 1290 932 1327 regressum
973 1277 1224 1326 Clirysostomi
1259 1275 1444 1321 sexaginta

359 1343 505 1381 circiter
523 1344 712 1390 episcopos
727 1371 736 1386 ,
753 1342 814 1389 qui
842 1339 1158 1387 Constantinopoli
1173 1342 1418 1376 convenerant
1433 1365 1442 1379 ,

360 1415 437 1445 acta
470 1407 605 1456 Synodi
633 1407 668 1443 in
699 1407 841 1452 Quercu
869 1405 967 1442 nulla
999 1414 1082 1441 esse
1109 1402 1374 1443 deelaravisse,
1409 1405 1446 1436 et

362 1476 448 1506 tunc
475 1469 774 1517 Chrysostomum
807 1467 1029 1515 episcopalia
1045 1466 1166 1503 munia
1188 1464 1443 1510 resumpsisse.

367 1520 576 1568 Reclamant
593 1541 678 1568 vero
700 1530 826 1578 nuperi
855 1529 1054 1576 scriptores
1087 1528 1153 1564 hac
1175 1526 1272 1563 ducti
1293 1524 1444 1560 ratione.

365 1593 400 1630 Si
422 1593 492 1629 hoc
513 1593 560 1628 ita
579 1600 720 1640 gestum
750 1592 890 1635 fuisset,
914 1591 982 1628 hoc
999 1595 1098 1627 certe
1119 1588 1270 1624 dixisset
1289 1587 1447 1632 Chryso-

367 1663 507 1692 slomus
526 1655 733 1692 Innocentio
751 1655 872 1702 Papa),
894 1663 974 1700 qua:
998 1657 1097 1698 gesta
1114 1650 1256 1687 fuerant
1274 1647 1446 1684 referens.

367 1717 498 1754 Verum
514 1716 738 1754 Sozomenus
758 1727 829 1752 non
851 1715 938 1752 dicit
959 1715 1025 1750 hos
1051 1713 1243 1760 episcopos
1261 1709 1448 1757 Synodum

367 1779 630 1822 celebravisse;
663 1779 724 1815 sed
759 1778 876 1814 solum
911 1776 1117 1812 declarasse
1149 1773 1449 1820 Chrysoslomum

370 1840 500 1887 injuste
515 1840 718 1888 depositum
740 1841 875 1882 fuisse;
893 1845 929 1874 et
945 1845 1016 1872 tam
1039 1836 1146 1872 n'mlta
1161 1835 1320 1871 Joannes
1341 1839 1447 1877 tacet,

371 1907 408 1937 ut
429 1901 587 1938 nesciam
607 1911 651 1936 an
673 1901 752 1948 ejus
769 1899 914 1936 silentio
941 1896 1072 1944 aliquid
1104 1903 1230 1932 contra
1259 1894 1451 1931 Sozomeni

370 1963 614 2000 narrationem
631 1962 752 1999 inferri
773 1961 902 2008 possit.

420 2025 498 2062 Non
533 2025 702 2062 diuturna
734 2024 894 2061 Joannes
929 2021 1186 2068 tranquillitate
1219 2020 1286 2056 frui
1323 2020 1450 2066 potuit.

373 2087 459 2123 Post
471 2087 561 2123 duos
590 2096 745 2132 namque
773 2090 920 2120 exactos
949 2093 968 2118 a
999 2083 1116 2118 reditu
1147 2091 1305 2123 menses,
1338 2080 1454 2127 inquit

374 2145 553 2184 Palladius
570 2157 605 2192 p.
628 2147 825 2188 75,rerum
860 2144 1010 2180 mutatio
1038 2149 1155 2189 carpta
1185 2148 1240 2179 est
1269 2154 1276 2177 :
1305 2141 1454 2178 Joannis

374 2208 470 2244 enim
487 2207 623 2244 inimici
647 2207 737 2243 nihil
766 2217 836 2242 non
857 2205 1052 2242 movebant
1069 2209 1109 2241 ut
1125 2204 1275 2252 pristina
1296 2210 1374 2240 acta
1392 2214 1454 2240 re—

378 2276 553 2318 peterent.
588 2269 762 2306 Arcadius
793 2278 880 2304 vero
909 2268 1110 2314 Imperator
1141 2266 1237 2304 mitis
1270 2266 1456 2314 facilisque

377 2339 466 2376 erat,
484 2331 546 2368 sed
567 2341 609 2368 ex
631 2331 764 2378 ingenii
783 2330 928 2367 levitate
948 2329 993 2366 ad
1011 2330 1227 2366 sententiam
1247 2329 1455 2366 mutandam

379 2404 527 2440 pronus.
544 2393 707 2430 Eudoxia
738 2403 825 2430 vero
851 2394 1012 2441 Augusta
1041 2393 1156 2436 illum,
1177 2399 1216 2429 ut
1241 2399 1400 2440 putatur,
1418 2401 1458 2430 ut

375 2463 502 2494 contra
519 2456 696 2494 Joannem
715 2456 834 2494 denuo
854 2456 1000 2493 saeviret
1025 2456 1232 2492 concitavit.
1254 2455 1378 2502 Neque
1397 2465 1457 2492 re-

379 2519 448 2557 fert
465 2519 660 2564 Palladius,
683 2529 751 2567 qua
771 2519 816 2556 de
837 2528 944 2556 causa
974 2518 1034 2555 illa
1053 2517 1228 2556 Joannem
1247 2517 1368 2554 denuo
1389 2519 1457 2554 im-

379 2583 536 2630 petierit,
559 2589 670 2631 atque
690 2589 730 2620 ut
764 2593 846 2619 eum
877 2581 1086 2620 deturbaret
1112 2591 1240 2620 omnes
1272 2581 1458 2618 machinas

379 2647 558 2684 moverit:
580 2657 706 2684 verum
730 2645 901 2683 Socrates
919 2651 956 2682 et
983 2645 1208 2682 Sozomenus
1226 2645 1320 2680 hanc
1339 2643 1458 2680 denuo

381 2709 474 2756 pulsi
488 2708 637 2746 Joannis
657 2709 884 2745 occasionem
904 2707 1102 2754 proferunt.

429 2771 662 2820 Chrysostomi
690 2771 824 2808 dicendi
854 2771 992 2806 libertas
1031 2767 1228 2806 Eudoxiam
1255 2769 1366 2804 demto
1397 2779 1458 2804 ex-

379 2833 760 2881 asperat.—Argentea
773 2837 891 2868 statua
905 2831 1079 2868 Eudoxiae
1095 2834 1278 2878 Augustae,
1294 2829 1459 2866 muliebri

382 2895 474 2932 stola
489 2896 646 2941 amictae,
661 2905 768 2942 supra
783 2895 897 2932 basim
911 2901 946 2931 et
961 2894 1166 2931 columnam
1187 2899 1308 2930 erecta
1328 2891 1458 2936 fuerat,

383 2958 548 3004 proxime
567 2957 760 2994 ecclesiam
774 2955 812 2992 S.
832 2955 998 3001 Sophice;
1019 2955 1065 2990 ita
1084 2960 1123 2990 ut
1153 2954 1246 2990 inter
1271 2959 1461 3000 utramque

385 3019 499 3055 media
519 3018 706 3055 dumtaxat
725 3017 851 3064 plateae
866 3017 920 3052 via
936 3015 1125 3063 iuterjecta
1139 3021 1235 3052 esset
1249 3013 1364 3062 (Socr.
1384 3014 1404 3049 1.
1423 3013 1459 3050 6.

385 3081 494 3118 c.18.
515 3080 656 3117 Sozam.
675 3080 700 3116 ι.
723 3079 760 3116 8.
779 3090 810 3114 c.
841 3078 921 3125 ‘20).
953 3079 1046 3114 Ante
1080 3077 1175 3114 illam
1207 3081 1360 3113 statuam
1396 3085 1462 3122 pro

387 3149 530 3188 recepto
547 3151 648 3178 more
667 3141 858 3188 populares
875 3139 949 3176 ludi
966 3139 1138 3176 celebrati
1157 3144 1254 3174 sunt.
1282 3137 1386 3184 Saepe
1408 3137 1462 3172 vi-

389 3203 506 3240 dimus
531 3202 829 3251 Chrysostomum
860 3208 984 3240 contra
1020 3200 1228 3248 hujusmodi
1259 3199 1462 3248 spectacula

389 3263 761 3310 declamantem,quia
786 3273 916 3310 nempe
937 3263 972 3299 in
991 3261 1198 3310 hujusmodi
1229 3262 1376 3298 ludicris
1404 3271 1464 3298 re-

393 3323 458 3359 bus
475 3334 620 3370 semper
633 3324 796 3371 quaedam
814 3325 1108 3368 adn'iittebantur,
1129 3334 1209 3372 quae
1241 3322 1465 3360 Christiano-

393 3395 472 3420 rum
494 3385 655 3420 moribus
683 3391 720 3421 et
738 3395 832 3422 vera:
851 3386 972 3432 pietati
988 3386 1279 3423 adversarentur.
1308 3384 1465 3430 Quapro

391 3451 472 3493 pler
487 3445 784 3494 Chrysostomus,
811 3456 894 3483 cum
924 3447 1003 3484 haec
1031 3453 1117 3484 ante
1147 3446 1270 3484 valvas
1301 3444 1466 3482 ecclesiae

393 3508 484 3546 facta
493 3515 654 3546 cerneret
662 3508 861 3555 ,pristinam
873 3509 1042 3556 loquendi
1052 3510 1252 3546 libertatem
1264 3515 1464 3550 resumens,

393 3576 520 3607 contra
537 3580 599 3608 eos
610 3570 670 3618 qui
689 3570 864 3616 ejusmodi
879 3570 984 3608 ludos
1001 3572 1188 3614 curabant,
1203 3570 1259 3607 vel
1275 3569 1344 3605 illis
1361 3569 1468 3605 inter-

397 3639 498 3668 erant
513 3660 523 3677 ,
545 3642 627 3668 cum
647 3631 872 3669 vehementia
888 3633 992 3670 solita
1023 3633 1257 3670 concionatus
1277 3637 1344 3668 est.
1367 3630 1468 3666 Hanc

397 3701 434 3730 ut
461 3695 718 3731 contumeliam
745 3705 766 3730 a
793 3694 933 3733 Joanne
966 3695 1034 3732 sibi
1053 3695 1186 3732 illatam
1208 3693 1318 3730 fuisse
1340 3698 1470 3739 putans

399 3755 572 3800 Eudoxia,
591 3756 625 3792 in
646 3756 736 3793 iram
754 3757 946 3799 concitata.
972 3767 1098 3794 rursus
1122 3755 1374 3802 episeoliorum
1403 3753 1470 3800 Sy-

400 3816 530 3852 nodum
549 3817 722 3855 adversus
741 3818 842 3855 illum
858 3817 1069 3866 cungregari
1087 3817 1238 3852 curavit.

447 3875 512 3913 Hic
528 3888 637 3924 porro
653 3879 821 3916 Socrates
841 3889 882 3916 se
900 3879 1048 3916 Joannis
1065 3883 1164 3924 gesta
1181 3875 1384 3922 improbare
1401 3884 1470 3911 non

404 3935 616 3976 dissimulat.
634 3939 822 3978 Debuissct
836 3941 949 3985 enim,
973 3941 1101 3986 inquit,
1121 3941 1220 3987 prius
1237 3938 1363 3975 blanda
1383 3937 1469 3975 hor-

1072 258 1110 295 S.
1139 255 1329 295 JUANNIS
1357 250 1678 292 CllllYSOSTOMl
1709 250 1831 298 VITA,
2483 251 2536 289 9.03

1502 334 1638 370 talione
1658 331 1884 379 Principibus
1905 327 2072 375 suadere,
2090 335 2130 366 ut
2149 327 2193 367 ab
2211 327 2401 376 hujusmodi
2419 329 2538 373 ludicris

1504 395 1745 438 abstinerent,
1765 402 1882 440 neque
1898 392 2038 439 probris
2057 393 2228 438 impetere
2244 401 2318 435 eos,
2336 394 2391 440 qui
2411 394 2468 431 ista
2482 395 2540 433 fieri

1505 461 1766 504 pra'eeperant.
1782 455 1917 492 Verum
1933 454 2012 501 quis
2032 454 2099 490 scit
2117 463 2162 490 an
2181 455 2368 500 Augustam
2387 465 2448 492 non
2463 457 2543 503 prius

1506 517 1690 554 monuerit
1709 522 1854 553 sanctus
1870 514 2047 551 antistes?
2061 514 2182 556 Certe.
2200 514 2369 551 referente
2382 515 2545 564 Tthphn-

1507 589 1566 624 ne,
1587 579 1870 626 Chrysostomus
1892 577 2104 626 Praefectum
2122 575 2239 619 urbis,
2263 575 2350 612 ludis
2373 575 2546 622 hujusmodi

1509 641 1754 689 praepositum,
1777 640 1844 678 hac
1863 639 1909 676 de
1930 650 1970 676 re
1990 637 2140 675 monuit.
2157 636 2220 674 ille
2240 647 2344 680 vero,
2375 636 2430 683 qui
2453 637 2546 674 illaul-

1508 705 1630 741 chmus
1649 709 1739 749 erat,
1764 703 1968 740 Eudoxiam
1991 701 2076 738 adiit
2099 700 2298 736 nuntiatum
2317 699 2363 737 illi
2382 709 2444 734 non
2463 710 2546 746 possr

1508 767 1683 804 Joannem
1706 767 1812 811 ferre,
1834 771 1873 802 ut
1887 770 2017 802 stature
2032 773 2106 800 sua:
2122 762 2236 799 honor
2251 760 2476 807 exhiberetur,
2490 772 2547 809 quo

1509 831 1624 878 magis
1643 831 1804 866 animum
1822 829 1902 876 ejus
1921 833 2168 874 exasperaret.

1559 891 1720 930 Eudoxia
1751 892 1859 940 igitur
1893 890 1928 927 id
1961 891 1996 926 in
2026 887 2278 926 contumeliam
2310 896 2404 923 suam
2435 885 2546 923 dictum

1512 961 1698 1002 reputans,
1722 964 1848 991 rursus
1870 953 2020 990 Joannis
2039 951 2232 999 perniciem
2251 948 2436 986 machinata
2451 955 2508 992 est,
2521 956 2549 985 et

1513 1017 1699 1066 Synodum
1717 1017 1972 1063 episcoporum
1994 1013 2166 1050 adversus
2183 1012 2278 1048 illum
2299 1011 2485 1058 congregari
2500 1021 2548 1047 cu-

1514 1081 1619 1117 ravit.
1647 1080 1684 1116 Id
1717 1080 1774 1116 ubi
1807 1079 1954 1116 rescivit
1973 1077 2130 1114 Joannes
2145 1104 2154 1118 ,
2175 1077 2204 1112 si
2233 1073 2317 1110 lidcs
2334 1074 2376 1109 sit
2391 1072 2550 1110 Socratiet

1514 1144 1717 1181 Sozomeno
1733 1170 1742 1184 ,
1763 1142 1859 1178 illam
1897 1140 2080 1176 homiliam
2109 1137 2251 1181 habuit,
2270 1146 2346 1183 qua:
2362 1135 2409 1172 sic
2427 1135 2548 1179 incipit:

1519 1207 1669 1243 Rursum
1689 1204 1860 1241 Herodias
1878 1203 1976 1250 furit.
1999 1200 2193 1238 llomiliam
2213 1209 2297 1235 vero
2318 1197 2370 1233 his
2387 1195 2491 1233 verbis
2507 1195 2550 1230 in-

1517 1270 1708 1316 cipientem
1727 1269 1762 1304 in
1779 1275 1906 1304 octavo
1921 1266 2036 1302 Tomo
2054 1265 2146 1300 inter
2161 1257 2484 1309 spuriasedidimusc.
2495 1258 2554 1294 $831.

1519 1333 1619 1370 Putat
1629 1340 1748 1368 autem
1757 1328 2118 1368 SaviliusGrtcculum
2131 1324 2326 1374 quempiam
2336 1323 2474 1368 ineptum
2483 1319 2552 1355 ctin~

1517 1395 1662 1431 doctum
1672 1421 1681 1439 ,
1695 1404 1775 1430 cum
1785 1391 1878 1440 apud
1888 1392 2072 1429 Socratem
2081 1396 2117 1426 et
2125 1389 2356 1425 Sozornenum
2374 1383 2434 1420 hoc
2441 1381 2553 1425 concio-

1518 1458 1575 1494 nis
1587 1457 1801 1504 principiqu
1812 1455 1960 1492 vidisset
1976 1482 1986 1498 ,
2004 1453 2096 1489 hanc
2109 1451 2313 1488 concionem
2331 1445 2552 1492 ineptissimam

1519 1520 1707 1567 prmmisso
1719 1517 1924 1564 hujusmodi
1942 1515 2118 1563 principio
2133 1513 2296 1550 edidisse.
2315 1512 2356 1546 At
2367 1519 2439 1545 cum
2455 1506 2553 1551 hujus-

1520 1582 1617 1618 modi
1633 1581 1796 1629 opusculi
1817 1586 1944 1616 auctor
1962 1575 2233 1624 antiquissimus
2253 1573 2296 1608 sit
2317 1573 2406 1618 (nam
2423 1568 2462 1604 ab
2477 1568 2552 1603 Ana-

1520 1645 1631 1682 stasio
1649 1644 1785 1682 Sinaita
1806 1643 1936 1680 citatur
1950 1640 1978 1689 ),
2004 1639 2172 1677 libentius
2197 1635 2374 1674 crederem
2404 1631 2464 1668 hoc
2487 1640 2556 1676 opu-

1521 1708 1660 1744 sculum
1691 1718 1710 1743 a
1744 1706 1910 1744 Grieculo
1935 1703 2090 1752 quodam
2111 1732 2119 1748 ,
2153 1706 2342 1746 antequam
2370 1695 2556 1733 Soeratesct

1522 1769 1745 1806 Suzomcnus
1767 1768 1990 1810 scriberent,
2015 1765 2229 1803 adornatum
2249 1762 2363 1797 fuisse.
2382 1757 2450 1794 Neu
2469 1763 2555 1802 pauca

1523 1831 1620 1866 enim
1654 1830 1828 1866 habemus
1862 1828 2052 1875 opuscula,
2079 1827 2187 1864 etiam
2217 1819 2446 1870 Chrysoswmi
2475 1820 2558 1852 atate

1523 1892 1632 1936 edita,
1655 1891 1734 1938 ejus
1756 1891 1904 1927 nomine
1922 1889 2116 1936 publicata.

1572 1953 1620 1991 Ut
1638 1959 1676 1990 ut
1696 1964 1754 1990 res
1771 1959 1850 1998 est,
1869 1953 2018 1990 Joannis
2050 1951 2205 1994 inimici,
2241 1957 2316 1984 rem
2347 1944 2409 1981 sibi
2435 1952 2472 1978 cx
2495 1944 2559 1974 volo

1525 2015 1655 2052 cedere
1675 2015 1862 2059 videntes,
1901 2013 1946 2050 ad
1965 2011 2205 2060 Theophilum
2240 2004 2474 2046 Alexandriam
2498 1999 2561 2060 uiitf

1526 2085 1626 2122 tunt,
1649 2077 1837 2114 hortantes
1859 2083 1899 2113 ut
1917 2059 2256 2120 Constantinopolin
2285 2068 2438 2110 veniret,
2455 2068 2521 2104 aut,
2538 2059 2561 2095 si

1526 2141 1669 2188 plebem
1688 2139 1964 2182 reformidaret,
1996 2137 2050 2174 rei
2070 2134 2236 2184 gerendae
2256 2130 2394 2168 modum
2413 2125 2471 2164 sibi

1527 2183 1715 2240 scriberet.
1745 2200 1973 2248 Theophilus
1993 2183 2083 2236 vero
2102 2206 2242 2234 memor
2259 2191 2350 2230 haud
2377 2190 2422 2225 ita
2450 2183 2562 2233 pridem

1528 2265 1702 2303 trausacti
1732 2263 1908 2312 periculi.
1943 2262 2063 2298 denuo
2093 2260 2185 2296 istuc
2217 2257 2285 2294 iter
2315 2251 2483 2312 suscipere
2507 2251 2563 2280 non

1527 2337 1637 2366 ausus
1653 2332 1710 2366 est
1723 2339 1734 2372 ;
1749 2325 1813 2364 sed
1829 2324 1928 2363 misit
1947 2329 2022 2360 tres
2036 2322 2224 2370 episcopos
2236 2346 2246 2361 ,
2265 2314 2428 2354 Paulum,
2444 2308 2562 2372 Palpe-

1528 2401 1610 2428 nem
1629 2395 1666 2427 et.
1683 2389 1793 2426 alium
1809 2397 1936 2425 recens
1953 2385 2170 2426 ordinatum;
2187 2380 2282 2417 misit
2305 2377 2406 2414 etiam
2421 2368 2564 2428 quosdam

1529 2461 1702 2495 canones,
1717 2461 1808 2498 quos
1823 2449 1996 2486 adversus
2012 2447 2158 2483 beatum
2170 2439 2397 2480 Athanasium
2413 2429 2516 2498 Ariatli
2527 2427 2566 2463 Ῑθο

1531 2519 1678 2557 cerant,
1702 2492 1743 2548 ut
1772 2511 1816 2548 iis
1841 2514 2032 2548 uterentur
2063 2506 2237 2543 adversus
2256 2501 2435 2539 Joannem.
2459 2492 2495 2530 lli

1531 2582 1603 2612 tem
1623 2550 1782 2611 cariones
1809 2573 1845 2608 in
1865 2569 2094 2608 Antiocheno
2111 2565 2265 2604 concilio
2284 2561 2366 2599 anni
2393 2557 2452 2594 5M
2471 2550 2566 2601 public

1529 2636 1601 2673 cati
1617 2635 1774 2672 fuerant.
1793 2633 1832 2669 In
1849 2633 1891 2668 iis
1905 2641 1995 2668 vero
2009 2629 2250 2670 statuebatur,
2267 2630 2305 2662 ut
2319 2623 2347 2660 si
2367 2619 2442 2668 quis
2452 2615 2566 2662 cpisco-

1531 2708 1599 2746 pus
1619 2708 1640 2734 a
1670 2695 1828 2733 concilio
1857 2693 2014 2741 quodam
2036 2691 2224 2739 depositus
2242 2687 2302 2724 vel
2327 2694 2370 2721 ex
2401 2690 2454 2722 se.
2471 2674 2565 2712 "019‘

1531 2743 1709 2808 imperiali
1729 2758 1944 2795 auctoritate
1962 2755 2086 2794 sedem
2105 2763 2210 2791 suam
2237 2749 2430 2797 repeteret,
2454 2743 2484 2777 in
2501 2745 2566 2808 per:

1531 2804 1684 2870 petuum
1701 2821 1774 2868 jam
1797 2819 1985 2866 depositus
2007 2823 2172 2854 maneret
2187 2843 2196 2858 ,
2215 2822 2281 2850 nec
2297 2812 2413 2870 posset
2423 2804 2566 2870 umquam

1532 2865 1576 2921 ad
1593 2865 1742 2920 causam
1762 2865 1954 2918 dicendam
1985 2878 2141 2916 admitti.
2173 2875 2247 2913 Nec
2277 2865 2496 2916 Theophilum
2519 2867 2568 2905 νυ-

1533 2945 1610 2983 duit
1645 2945 1861 2982 Arianorum
1897 2951 2085 2984 canones,
2122 2938 2168 2974 ad
2205 2932 2405 2984 pellendum
2437 2927 2568 2984 sanetur“

1533 3007 1770 3044 Athanasium
1803 3003 2001 3047 conflatos,
2039 3001 2084 3038 ad
2105 3001 2249 3037 beatum
2279 2995 2448 3032 Joannem
2470 2979 2569 3022 esetle

1534 3067 1770 3116 rejiciendum
1791 3065 1976 3102 adhibere.

1582 3132 1742 3170 Joannes
1758 3139 1846 3166 vero
1869 3127 1913 3164 ad
1929 3125 2107 3173 synodum
2135 3133 2173 3160 se
2191 3125 2378 3158 venturum
2397 3119 2431 3152 et
2452 3111 2571 3173 causa":

1535 3195 1716 3232 dicturum
1747 3201 1828 3228 esse
1846 3171 2028 3236 pollicitus
2058 3186 2175 3223 fuerat
2202 3195 2210 3219 :
2241 3175 2429 3218 dummodo
2458 3171 2496 3212 ii.

1535 3261 1662 3304 aperte
1678 3253 1814 3291 inimici
1830 3251 1898 3288 sibi
1915 3256 2034 3291 erant,
2053 3258 2098 3285 ex
2112 3245 2270 3294 judicum
2287 3238 2427 3304 sedibus
2445 3234 2574 3304 “mgf:

1536 3284 1660 3355 rentur
1683 3326 1692 3350 :
1715 3325 1786 3351 non
1820 3312 1963 3349 auditus
2001 3317 2120 3346 tamen
2145 3307 2334 3344 damnatus
2363 3299 2481 3336 fuerat.
2507 3284 2576 3355 Tal?

1537 3387 1624 3415 vero
1645 3375 1776 3424 synodi
1794 3383 1906 3422 genus
1929 3373 1997 3409 hoc
2017 3370 2164 3407 nomine
2183 3361 2429 3414 appellandum
2442 3362 2502 3392 non

1538 3423 1773 3486 conspicuum
1793 3441 1860 3472 est.
1891 3433 1965 3471 Nec
1993 3433 2064 3469 nisi
2096 3425 2322 3476 imperatoris
2348 3423 2478 3486 jussua

1541 3472 1700 3486 --.ατη
2149 3472 2158 3476 ,

1539 3502 1666 3550 pulsus
1679 3529 1689 3545 ,
1706 3499 1943 3547 ejusdemque
1968 3496 2070 3543 jussu
2101 3495 2136 3530 in
2157 3491 2278 3528 sedem
2294 3490 2453 3524 reversus
2470 3472 2576 3550 lue":-

1540 3541 1595 3602 λι)
1617 3563 1798 3612 episcopis
1817 3559 2066 3608 congregatis,
2098 3555 2236 3602 majore
2265 3555 2410 3587 numero
2428 3541 2578 3612 quam"

1541 3629 1600 3676 qui
1629 3601 1818 3676 Synodum
1858 3623 1902 3660 ad
1936 3623 2115 3668 Qucrcum
2147 3601 2578 3676 constituebant,‘<‘i:“fj:'ﬂ'

1541 3661 1642 3727 suam
1658 3661 1919 3736 propugnatam
1935 3661 2045 3721 fuisse
2059 3679 2213 3718 dicebat.
2228 3674 2430 3736 Eodemque.
2443 3661 2580 3736 te???

1805 3748 1864 3796 qui
1888 3748 1922 3783 in
1943 3745 2010 3782 hac
2031 3735 2312 3787 Pseudosynodo

1543 3814 1613 3852 dex
1639 3813 1812 3856 sedebat,
1847 3811 1881 3847 in
1903 3818 2048 3846 causam
2079 3808 2226 3842 vocatus
2246 3799 2378 3836 fuerat.
2406 3786 2584 3876 :1"

1766 3875 1770 3876 ν
1841 3874 1846 3876 .
2051 3869 2071 3876 ι.
2126 3866 2142 3876 ιν
2171 3875 2177 3876 κ
2191 3862 2307 3876 -II-_,‘0
2355 3860 2386 3876 nl
2423 3861 2438 3876 1]
2472 3870 2478 3876 .

2494 3913 2531 3941 ea
2545 3895 2582 3935 ad

2512 3353 2576 3384 €558

2508 3404 2577 3444 sede

1543 3877 1642 3922 ginta
1669 3848 1960 3914 criminationum
1981 3869 2096 3916 capita
2115 3862 2336 3922 depelleret,
2355 3860 2389 3890 et
2409 3848 2488 3922 falsa

1548 3919 1822 3986 comprobaret,
1843 3937 1890 3972 ita
1910 3941 1948 3970 ut
1963 3932 2080 3970 omnia
2099 3933 2222 3964 contra
2239 3923 2295 3969 jus
2316 3919 2434 3962 fasque
2448 3919 2479 3946 in
