2742 4342
206 225 274 265 909

208 304 381 349 Quercum
399 303 542 353 Synodo
561 312 638 342 acta
659 314 802 351 essent,
839 308 868 343 si
903 314 1020 344 tamen
1051 309 1184 356 Synodi
1207 321 1271 348 no-

209 377 288 404 ineu
307 375 513 404 mereretur.
533 367 621 404 Cum
641 379 726 405 vero
746 369 878 406 Natalis
892 370 970 407 dies
995 372 1133 407 Domini
1151 371 1269 409 adve-

211 428 318 464 nisset
342 427 464 476 (Socr.
488 430 512 464 ι.
531 428 566 464 6.
589 439 619 464 ε.
647 429 712 476 IS)
728 459 737 473 ,
758 429 956 477 Imperator
973 431 1018 468 ad
1047 431 1238 469 ecclesiam
1257 461 1266 476 ,

210 489 257 524 uti
275 496 525 533 consueverat,
551 501 620 526 non
649 493 800 528 accessit
821 521 830 534 ,
850 494 912 529 sed
932 493 1058 530 Joanni
1086 496 1269 532 mandavit

208 559 246 587 se
264 560 333 586 non
364 552 460 597 prius
482 562 562 588 cum
585 553 646 588 illo
665 555 1013 592 communicaturum
1033 567 1134 602 esse,
1157 568 1266 604 quam

207 611 299 648 illata
316 612 382 649 sibi
404 614 552 650 crimina
571 615 746 652 diluisset.

265 674 426 721 Synodus
447 675 605 712 adversus
635 677 910 724 Cltrysoslpmum
925 679 1034 716 demto
1053 681 1200 727 cogitur.
1218 702 1266 708 —

210 732 298 771 IIuIti
321 745 426 781 porro
441 737 597 783 episcopi
614 749 756 775 venere.
775 739 826 774 Ex
845 738 947 786 Syria
966 751 1067 784 vero,
1083 740 1267 788 Cappado-

203 796 256 831 cia
273 823 283 838 ,
313 797 424 834 Ponto
441 805 478 835 et
499 799 649 846 Phrygia
673 800 826 837 universi
854 802 1118 848 metropolitani
1137 810 1172 840 et
1191 804 1267 851 epi-

203 859 300 906 βεορί
319 861 519 908 congregati
540 869 622 898 sunt
638 890 648 908 ,
671 873 785 909 exque
814 863 894 900 aliis
914 865 1038 900 vicinis
1057 866 1262 912 regionibus

205 918 360 965 (Pallad.
393 921 561 970 Dialog.).
582 923 675 959 Inter
692 923 772 960 illos
785 931 903 960 autem
931 925 990 961 isti
1005 934 1258 971 memorantur,

205 983 354 1019 Aeacius
375 983 509 1020 Bene-.u
523 1012 532 1028 ,
553 984 720 1021 Leontius
748 987 918 1034 Ancyrae,
939 989 1149 1024 Ammonius
1166 989 1258 1025 Lao-

204 1044 314 1082 diceae
349 1047 383 1082 in
421 1047 548 1094 Syria,
581 1059 659 1096 quae
693 1049 824 1086 Adusta
857 1051 1129 1096 nominabatur,
1162 1053 1264 1089 Briso

205 1106 458 1154 Philippopolis
479 1111 512 1146 in
548 1111 698 1147 Thracia
715 1139 726 1156 ,
745 1111 956 1150 Theodorus
974 1113 1126 1162 Tyanzc,
1161 1116 1262 1161 Cyri-

207 1180 271 1207 nus
290 1171 525 1210 Chalcedonis
538 1202 548 1218 ,
572 1174 732 1220 Elpidius
748 1175 934 1213 Laodicea:
953 1177 986 1212 in
1005 1177 1105 1224 Syria
1120 1205 1130 1222 ,
1151 1177 1264 1214 'I‘ran-

204 1232 330 1279 quillus
361 1241 398 1270 et
425 1235 485 1270 alii
515 1237 779 1282 quamplurimi.
812 1237 900 1274 Dum
938 1239 1015 1275 haec
1053 1247 1262 1286 agerentur,

203 1295 354 1334 Joannes
371 1298 544 1344 adjunctis
571 1299 804 1346 quadraginta
829 1300 968 1338 duobus
987 1301 1165 1348 episeopis
1179 1313 1265 1339 con-

203 1365 325 1396 ventus
351 1361 501 1406 agebat,
523 1368 559 1398 et
588 1361 741 1408 populus
759 1372 885 1408 magna
905 1374 985 1400 cmn
1009 1364 1120 1400 animi
1138 1365 1265 1400 alacri-

204 1425 273 1457 tate
289 1421 366 1468 ejus
393 1421 554 1458 doctrina
576 1421 771 1460 fruebatur.
791 1424 890 1461 Solet
909 1426 1004 1462 enim
1022 1437 1122 1462 vana:
1141 1426 1264 1473 gloriae

206 1493 331 1530 expers
361 1484 502 1520 animus
529 1485 564 1520 in
583 1485 844 1523 calamitatibus
858 1487 1108 1533 jucundiorem
1135 1495 1170 1525 et
1198 1499 1264 1535 po-

203 1544 388 1580 lentiorem
408 1555 610 1581 sermonem
628 1546 826 1584 ell'undere.
847 1547 943 1584 Inter
973 1559 1036 1586 eos
1053 1551 1112 1596 qui
1134 1549 1264 1586 Joanni

201 1604 388 1649 favebant,
418 1611 522 1642 erant
550 1606 735 1652 EIpidius,
776 1607 1029 1656 Tranquillus,
1058 1610 1264 1647 Alexander

201 1665 482 1713 Basilinopoleos
513 1667 547 1704 in
577 1668 741 1714 Bithynia
761 1697 772 1713 ,
793 1669 1003 1707 Theodorus
1021 1671 1176 1720 Tyanm,
1212 1675 1265 1709 vir

201 1726 331 1771 probus
353 1739 362 1762 :
384 1728 442 1774 qui
463 1739 543 1765 cum
563 1739 605 1765 ex
629 1730 694 1774 iis,
715 1742 795 1777 qua:
814 1737 897 1768 tunc
917 1733 950 1768 in
965 1733 1150 1780 colloquiis
1171 1735 1263 1771 fere-

197 1789 325 1824 bautur
339 1816 348 1832 ,
369 1789 560 1837 Theophili
581 1793 880 1838 conspirationem
911 1794 1170 1838 intellexisset,
1206 1807 1263 1833 re-

201 1851 286 1888 lictis
306 1852 470 1889 omnibus
497 1853 709 1898 insalutatis,
743 1855 935 1892 Eeclesiam
965 1866 1066 1893 suam
1095 1860 1259 1904 repetiit,

201 1917 341 1965 longum
361 1920 564 1958 valedicens
581 1921 772 1959 Comitatui
791 1924 865 1960 sive
883 1925 975 1961 aula:
1003 1925 1258 1972 Imperatoriae,

199 1987 362 2026 suamque
375 1981 608 2029 provinciam,
620 1984 730 2031 inquit
742 1985 919 2023 Palladius
931 1986 1085 2034 Dialog.,
1095 1987 1140 2024 ad
1153 1988 1259 2024 tinem

200 2049 305 2088 usque
319 2043 351 2078 in
370 2043 438 2080 ﬁde
457 2043 698 2082 Romanorum
717 2055 1006 2094 perseverantem
1023 2051 1259 2086 conservavit.

243 2103 404 2152 Episcopi
425 2111 544 2143 autem
566 2117 691 2144 omnes
713 2118 794 2144 cum
823 2110 1007 2146 venissent
1028 2110 1141 2158 (Anno
1161 2111 1260 2157 404),

200 2163 446 2214 cujuscumque
467 2168 578 2214 partis
599 2176 742 2216 essent,
764 2181 845 2206 cum
863 2171 999 2208 Joanne
1018 2173 1262 2210 communica-

199 2236 278 2266 vere
294 2257 302 2272 ,
329 2240 374 2268 ne
393 2231 516 2268 eadem
536 2233 632 2279 ipsa,
655 2243 736 2280 quae
765 2235 886 2281 prius,
916 2237 1134 2273 acciderent.
1156 2237 1259 2282 Quod

199 2297 274 2325 cum
283 2290 330 2328 ad
347 2302 452 2330 aures
473 2293 704 2340 Imperatoris
723 2302 758 2331 et
778 2297 948 2343 Augusta:
964 2298 1146 2342 venisset,
1169 2309 1264 2345 :cgre

201 2353 347 2390 tulerunt
372 2356 420 2392 illi
451 2367 530 2393 eam
557 2367 640 2394 cum
673 2357 812 2396 Joanne
843 2361 1147 2398 communionem.
1173 2362 1262 2399 Cum

201 2423 303 2460 porro
321 2415 477 2454 Joannes
495 2417 530 2454 in
551 2417 736 2466 Synodum
757 2421 936 2465 venisset,
955 2421 1102 2460 adfuere
1119 2432 1265 2460 accusa-

200 2480 290 2513 tores
301 2477 397 2524 ejus:
411 2481 470 2526 qui
484 2490 564 2517 cum
581 2482 760 2530 egregiam
775 2483 852 2530 ejus
869 2484 979 2520 animi
993 2484 1156 2522 ﬁduciam
1165 2485 1266 2522 vidc-

199 2543 290 2581 rent,
303 2539 422 2576 animo
440 2541 630 2586 cadebant,
644 2544 690 2580 ita
707 2551 744 2581 ut
760 2546 816 2582 vix
833 2546 926 2592 loqui
938 2546 1123 2584 auderent.
1139 2547 1174 2584 Id
1189 2548 1264 2586 ani~

200 2599 460 2638 madvertentcs
476 2604 632 2652 episcopi
652 2607 779 2654 reliqui
796 2607 910 2654 (Socr.
932 2609 957 2644 l.
977 2608 1012 2646 6.
1041 2621 1071 2644 c.
1089 2608 1148 2657 18)
1165 2637 1174 2653 ,
1193 2619 1266 2646 cae-

201 2664 294 2694 teras
310 2660 450 2706 quidem
465 2664 729 2704 criminationes
757 2669 949 2706 mittendas
969 2680 1050 2708 esse
1069 2670 1262 2717 duxerunt,

199 2719 244 2756 de
264 2720 330 2757 hoc
362 2729 479 2760 autem
510 2735 580 2762 uno
600 2729 834 2772 quaestionem
864 2730 1066 2768 habendam
1099 2743 1180 2770 esse
1197 2733 1262 2770 de-

200 2779 444 2827 claraveram,
472 2785 566 2831 quod
585 2793 665 2832 post
690 2787 945 2835 depositiouem
967 2793 1102 2840 absque
1126 2793 1263 2842 Synodi

203 2842 408 2880 auctoritate
424 2871 434 2888 ,
466 2854 531 2882 suo
553 2846 664 2892 ipsius
689 2849 838 2887 arbitrio
865 2853 1103 2901 episcopalem
1139 2856 1262 2893 sedem

205 2898 400 2940 invasisset.
430 2903 602 2944 Leontius
633 2919 720 2946 vero
745 2912 955 2959 Ancyranus
987 2898 1024 2952 et
1049 2918 1264 2955 Ammonius

205 2960 419 3004 Laodicenus
437 2967 624 3018 TheOphili
641 2972 844 3019 opinionem
863 2984 1074 3024 sequentes,
1090 2979 1183 3018 hanc
1201 2993 1264 3018 so-

210 3022 273 3090 lam
301 3030 533 3073 quaestionem
559 3035 770 3072 movendam
797 3047 876 3075 esse
895 3022 1069 3078 dixerunt
1091 3043 1260 3090 (Pallad.

209 3084 294 3122 Dial.
313 3088 410 3126 Socr.
434 3092 458 3128 l.
475 3092 508 3128 6.
525 3105 555 3130 c.
573 3095 647 3141 18).
661 3095 858 3144 ReSpondit
871 3111 955 3138 vero
974 3084 1146 3149 Joannes,
1161 3105 1266 3152 quin-

207 3156 270 3191 que
289 3153 322 3185 et
355 3153 534 3200 sexaginta
551 3156 738 3204 episcopos
767 3160 926 3206 quicum
955 3162 1033 3209 ipso
1064 3167 1265 3203 communi-

207 3215 392 3258 caverant,
419 3215 486 3252 hoc
507 3216 709 3258 decrevisse
727 3251 737 3268 ,
771 3229 810 3258 ut
843 3225 978 3262 scilicet
1014 3227 1138 3266 sedem
1161 3239 1263 3268 suam

207 3278 389 3316 repeteret.
408 3275 576 3318 Leontius
592 3289 731 3328 contra,
747 3284 815 3322 hoc
833 3287 1058 3325 mendacium
1073 3289 1263 3338 impuden-

210 3336 443 3402 ternprotulit:
469 3339 608 3389 Plures,
629 3345 760 3392 inquit,
778 3349 872 3396 fuere
886 3377 895 3394 ,
915 3361 935 3386 ο
958 3336 1134 3398 Joannes,
1157 3355 1216 3402 qui
1235 3361 1266 3391 te

209 3393 240 3430 in
257 3395 395 3464 .Spizado
413 3404 730 3446 condemnaverunt.
750 3393 787 3448 Id
817 3393 913 3460 quod
942 3424 987 3451 ne
1013 3416 1074 3452 alii
1095 3393 1239 3464 quidem
1253 3447 1264 3464 ,

214 3458 264 3501 qui
287 3459 318 3496 in
337 3461 478 3510 Synodo
493 3468 536 3504 ad
552 3470 730 3516 Quercum
749 3458 906 3522 fuerant,
937 3477 1058 3515 dicere
1075 3458 1153 3517 ausi
1179 3458 1267 3519 luis;

211 3523 371 3588 sent.‘Ad
397 3525 472 3564 hmc
490 3539 574 3568 vero
593 3533 734 3572 dicebat
761 3535 918 3574 Joannes
946 3549 1120 3577 eanonem
1141 3543 1266 3588 illum,

213 3589 278 3648 quo
307 3583 371 3631 ipsi
406 3589 632 3640 nitebantur,
664 3607 735 3634 non
766 3599 938 3636 Ecclesia:
957 3600 1173 3648 Catholicae,
1203 3583 1266 3642 sed

214 3643 416 3687 Arianorum
435 3662 514 3692 esse
537 3669 545 3691 :
564 3658 752 3706 episcopos
772 3662 866 3698 enim
889 3663 1091 3701 Antiochia:
1119 3677 1268 3715 congre-

215 3712 381 3773 gatosgad
413 3719 640 3758 evertendam
667 3721 990 3763 Consubstantialis
1023 3726 1152 3773 ﬁdem,
1187 3712 1268 3768 eum

216 3767 497 3837 odioﬂagrarent
513 3780 684 3820 adversus
703 3783 938 3822 Athanasium
950 3815 960 3831 ,
983 3787 1077 3826 hunc
1091 3799 1267 3830 canonem

217 3832 381 3870 emisisse.

261 3889 413 3936 synodus
427 3899 704 3949 Chrysostomum
717 3916 740 3942 α
755 3907 835 3944 sede
864 3908 1059 3958 pellendum
1085 3925 1156 3951 esse
1181 3928 1266 3963 pro-

41 4207 332 4280 μ

983 231 1106 270 ἱῐυΝΟ
1134 234 1309 274 PRIJIUJI
1338 237 1607 275 ADORNATA.

2353 243 2426 279 ‘210

1349 314 1494 349 nuntiat.
1513 335 1561 340 —
1575 316 1744 360 Aeacius,
1765 319 1979 363 Antiochus,
2011 320 2180 368 Cyrinus,
2209 321 2424 358 Severianus

1345 385 1424 409 cum
1457 376 1649 414 Ammouio
1682 384 1719 414 et
1759 379 1912 417 Leontio
1946 381 2202 429 Imperatorem
2229 383 2420 427 adierunt,

1343 437 1582 485 dixeruntque
1611 442 1814 478 evocandos
1835 453 1914 480 esse
1939 455 1983 482 ex
2004 453 2104 491 parte
2133 446 2280 487 Joannis
2294 447 2424 484 decem

1349 502 1539 548 episcopos
1556 530 1565 544 .
1598 503 1642 538 ad
1663 505 1922 542 cent-iliandam
1945 509 2145 546 canouibus
2170 511 2421 548 auctoritatem

1343 561 1515 607 (Pallad.
1543 563 1579 598 iu
1615 563 1804 612 Dialogo).
1844 565 1996 612 Ingressi
2034 575 2152 605 autem
2191 570 2353 617 Elpidius
2388 579 2424 608 rt

1341 624 1574 672 Tranquillus
1598 627 1799 664 suadebant
1817 628 2054 674 Imperatori,
2083 642 2154 666 non
2177 641 2345 678 oportere
2363 635 2417 671 in-

1341 686 1434 723 dicta
1453 698 1559 724 causa
1579 689 1660 735 ejici
1676 690 1866 726 Joannem.
1883 691 1970 726 Cum
1993 696 2112 727 autem
2135 691 2282 729 Joannis
2297 694 2422 730 adver—

1339 750 1425 786 sarii
1459 751 1743 796 altercarentur,
1773 753 1936 800 Elpidius
1972 753 2180 800 Imperatori
2214 757 2422 802 proposuit,

1342 819 1380 848 ut
1409 813 1562 850 Aeacius
1589 821 1625 850 ct
1657 816 1856 853 Antiochus
1885 816 2157 854 subscriberent
2189 827 2230 855 se
2260 819 2425 866 ejusdem

1339 885 1371 910 es
1381 885 1418 911 se
1439 875 1521 912 ﬁdei
1540 882 1646 923 atque
1677 887 1739 914 eos
1755 879 1813 925 qui
1835 889 1994 916 canentes
2021 879 2212 916 ediderunt
2226 907 2234 923 ,
2257 891 2348 926 quos
2368 881 2417 917 illi

1339 937 1549 974 orthodoxis
1577 940 1839 986 proponebant.
1884 941 2084 988 Imperator
2114 951 2202 978 vero
2231 942 2422 979 subridens

1339 997 1428 1034 dixit
1442 999 1622 1036 Antiocho
1637 1014 1645 1037 :
1662 1001 1756 1038 Nihil
1772 1002 1858 1038 mihi
1873 1003 1994 1039 utilius
2007 1003 2163 1040 videtur.
2181 1004 2232 1040 Illi
2252 1015 2338 1041 vero
2355 1015 2420 1042 ceu

1339 1059 1512 1107 vertigine
1529 1063 1639 1108 capti,
1660 1073 1700 1100 se
1717 1063 1985 1112 subscripturos
1998 1065 2142 1109 dixere,
2161 1075 2278 1113 neque
2302 1072 2421 1102 tamen

1339 1129 1461 1167 postea
1477 1123 1738 1171 subscripsere.
1754 1127 1972 1174 Interimque
1989 1128 2147 1164 Joannes
2167 1139 2246 1165 cum
2265 1129 2421 1176 quadra-

1340 1184 1438 1230 ginta
1454 1185 1596 1222 duobus
1607 1187 1786 1234 episcopis
1796 1189 2001 1236 frequenter
2012 1192 2247 1228 conveniebat
2261 1197 2298 1228 et
2307 1192 2421 1228 collo-

1337 1248 1418 1293 quia
1438 1249 1624 1294 miscebat,
1645 1251 1847 1298 populoque
1878 1262 1943 1288 suo
1960 1263 2083 1288 sanam
2105 1253 2306 1290 doctrinam
2328 1266 2422 1301 pra:-

1337 1308 1458 1345 dicare
1475 1321 1546 1346 non
1565 1310 1774 1348 desistebat.
1791 1313 1884 1357 Quid
1898 1320 2018 1350 autem
2041 1315 2098 1351 illa
2119 1315 2421 1362 Pseudosynodus

1338 1377 1460 1407 contra
1477 1371 1774 1419 Chrysostomum
1793 1375 2046 1421 [)I‘OIllIIIlIﬂrIl,
2063 1386 2136 1412 non
2148 1378 2316 1414 convenit
2329 1378 2422 1414 inter

1338 1433 1532 1479 scriptorcs
1550 1447 1558 1470 :
1575 1442 1786 1482 certumque
1804 1445 1922 1474 tamen
1953 1438 2094 1475 videtur
2109 1440 2205 1486 ipsos
2227 1440 2317 1476 hanc
2335 1451 2420 1486 pro-

1340 1495 1464 1532 tulisse
1479 1498 1691 1534 sententiam
1707 1527 1716 1541 ,
1733 1509 1752 1534 a
1771 1499 1856 1536 sedc
1875 1500 2080 1546 pellendum
2103 1511 2184 1538 esse
2202 1513 2283 1538 cum
2295 1531 2304 1544 ,
2320 1503 2380 1549 qui
2399 1515 2418 1537 ει

1338 1556 1483 1604 Synodo
1506 1558 1696 1596 damnatus
1723 1567 1759 1598 et
1789 1560 1974 1608 depositus
1993 1591 2001 1606 ,
2031 1561 2154 1600 sedem
2188 1573 2289 1599 suam
2311 1574 2418 1610 repe-

1339 1619 1458 1656 ticrat.

1387 1683 1524 1721 Deinde
1543 1695 1628 1722 vero
1656 1685 1857 1724 Antiochus
1877 1688 2085 1734 Imperatori
2117 1689 2230 1725 suasit
2251 1695 2313 1733 ut,
2333 1699 2415 1726 cum

1333 1744 1406 1790 jam
1437 1745 1574 1783 Pascha
1605 1747 1830 1791 immineret.
1852 1750 1995 1797 juberet
2015 1751 2217 1798 Imperator
2235 1752 2414 1790 Joannem

1335 1818 1378 1843 ex
1402 1808 1560 1846 Ecclesia
1579 1811 1701 1856 egredi
1725 1811 1844 1856 (Pull.
1868 1825 1904 1859 ρ.
1926 1815 1966 1850 81
1982 1815 2010 1862 ).
2043 1815 2097 1852 Illi
2115 1826 2252 1853 morem
2281 1827 2412 1864 gerens

1335 1870 1531 1915 Arcadius,
1563 1871 1693 1909 Joanni
1725 1874 1909 1912 mandavit
1947 1883 1984 1912 ut
2014 1877 2174 1914 ECclesia
2207 1877 2412 1914 excederet.

1335 1931 1538 1978 Respondit
1557 1933 1732 1978 Joannes,
1765 1945 1804 1971 se
1823 1945 1842 1971 a
1865 1937 1938 1972 Deo
1961 1937 2157 1974 Ecelesiam
2179 1939 2362 1984 accepisse
2379 1947 2414 1975 et

1334 1993 1380 2030 ab
1414 1994 1477 2032 illo
1512 1997 1592 2032 solo
1623 1997 1704 2043 ejici
1733 2007 1853 2044 posse.
1883 1999 1942 2035 Ait
1967 2010 2076 2046 porro
2097 2000 2266 2038 Socrates
2293 2002 2345 2048 (ι.
2377 2004 2412 2038 ti.

1334 2067 1364 2091 c.
1385 2055 1458 2106 IS)
1488 2057 1665 2095 Joannem
1699 2061 1940 2107 obsequutum
1959 2071 2042 2099 esse
2062 2061 2230 2099 mandato
2252 2063 2411 2109 Impera-

1336 2118 1436 2154 toris.
1470 2118 1603 2157 Contra
1633 2133 1721 2159 vero
1751 2122 1932 2160 Palladius
1955 2131 2078 2161 narrat
2111 2125 2262 2162 sabbato
2289 2133 2413 2162 saneto

1335 2188 1418 2215 cum
1436 2179 1504 2226 ipsi
1534 2182 1746 2220 mandatum
1765 2184 1810 2220 ab
1842 2185 2062 2232 imperatore
2090 2186 2240 2226 missum
2259 2185 2386 2224 luisset
2403 2215 2414 2232 ,

1336 2239 1512 2278 Joannem
1558 2243 1685 2280 eadem
1719 2255 1800 2292 quae
1831 2252 1937 2284 antea
1975 2249 2206 2295 respondisse
2235 2248 2412 2296 (Pallad.

1335 2299 1492 2349 Dialog.)
1500 2327 1510 2338 .

1385 2361 1569 2400 Instabant
1583 2375 1727 2412 semper
1743 2368 1897 2404 Aeacius
1917 2374 1954 2405 et
1981 2369 2180 2408 Antiochus
2196 2399 2206 2415 ,
2225 2377 2263 2408 et
2281 2372 2413 2418 deponi

1337 2423 1511 2461 Joannem
1551 2427 1706 2474 ejieique
1739 2429 1986 2475 postulabant.
2021 2431 2184 2478 Cumque
2219 2433 2414 2478 Imperator

1337 2485 1491 2524 Imreret
1509 2498 1551 2524 ac
1571 2497 1758 2525 vereretur
1771 2517 1780 2533 ,
1807 2497 1882 2526 tum
1903 2491 1972 2528 diei
2002 2493 2230 2529 sanctitatem
2245 2521 2254 2536 ,
2279 2499 2352 2530 tum
2372 2506 2416 2532 ne

1337 2556 1457 2586 motus
1485 2551 1607 2598 populi
1629 2553 1870 2597 excitaretur,
1895 2553 2021 2590 dixere
2055 2555 2208 2592 Aeacius
2226 2561 2263 2592 et
2290 2556 2416 2593 Antio-

1337 2613 1426 2649 chus
1449 2624 1458 2648 :
1483 2612 1518 2648 In
1539 2619 1646 2660 caput
1674 2621 1838 2652 nostrum
1865 2616 1913 2652 sit
1940 2615 2090 2652 Joannis
2109 2616 2303 2663 depositio.
2323 2617 2415 2654 Tum

1337 2673 1572 2721 quadraginta
1594 2675 1644 2711 illi
1663 2676 1821 2722 episcopi
1838 2705 1848 2722 ,
1867 2676 1927 2723 qui
1947 2687 2030 2714 cum
2057 2677 2198 2714 Joanne
2214 2680 2418 2716 consentie-

1338 2735 1448 2780 bant,
1467 2737 1724 2784 imperatorem
1748 2744 1784 2775 et
1813 2739 2011 2785 Augustam
2039 2739 2235 2784 adierunt,
2255 2741 2316 2788 qui
2342 2747 2416 2778 tttm

1337 2800 1510 2848 martyria
1529 2810 1594 2837 seu
1612 2801 1787 2838 ecclesias
1809 2808 1987 2849 matyrum
2009 2802 2216 2840 inviscbant
2231 2832 2241 2848 ,
2261 2803 2416 2840 obnixe-

1337 2871 1407 2908 que
1425 2861 1558 2908 precati
1574 2868 1658 2898 sunt
1673 2889 1684 2906 ,
1718 2868 1756 2899 ut
1777 2863 1974 2900 Ecclesium
1993 2863 2054 2900 Dei
2077 2864 2110 2900 in
2127 2875 2216 2912 pace
2234 2865 2416 2912 relinque-

1337 2928 1446 2968 rent,
1467 2923 1696 2970 maximeque
1717 2931 1864 2972 propter
1884 2925 2022 2964 Pascha
2043 2932 2082 2964 et
2111 2932 2260 2973 propter
2273 2937 2335 2964 eos
2355 2929 2415 2974 qui

1339 2985 1580 3032 regenerandi
1607 2993 1725 3024 erant.
1747 2989 1799 3024 Ae
1819 2998 1900 3024 cum
1918 2988 2005 3025 nihil
2025 2989 2220 3036 impetrare
2240 2997 2386 3036 possent
2403 3018 2414 3034 ,

1338 3047 1484 3093 Paulus,
1500 3049 1691 3096 episc0pus
1719 3049 1864 3093 Cratize,
1885 3051 2053 3088 clamavit
2073 3063 2081 3087 :
2103 3051 2278 3095 Eudoxio,
2302 3052 2414 3088 Deum

1339 3111 1425 3149 time
1438 3139 1448 3155 ,
1469 3119 1611 3149 tuorum
1630 3113 1827 3150 liberorum
1848 3113 2022 3150 miserere
2038 3125 2046 3148 :
2070 3123 2186 3161 neque
2203 3114 2316 3152 violes
2331 3124 2416 3151 san-

1337 3181 1432 3210 ctam
1451 3174 1585 3211 Christi
1612 3175 1880 3212 solemnitatem
1902 3177 2088 3224 sanguinis
2109 3177 2298 3214 ellusione.
2325 3177 2414 3215 Tum

1339 3236 1388 3272 illi
1408 3236 1643 3285 quadraginta
1665 3238 1824 3286 episcopi
1845 3240 1966 3277 moesti
1985 3240 2028 3277 ad
2043 3239 2242 3278 diversoria
2257 3251 2297 3279 se
2312 3251 2415 3279 rece-

1340 3308 1426 3344 pere
1445 3308 1522 3335 sua.

1389 3359 1516 3397 Milites
1527 3361 1704 3398 ecclesia»:
1717 3362 2192 3410 invadunt.—Primipilares
2205 3375 2291 3402 vero
2301 3364 2418 3413 Chry-

1341 3424 1491 3460 sostomi
1518 3424 1642 3461 hostes
1689 3425 1790 3462 illum
1823 3425 2015 3464 detrudere
2047 3427 2247 3474 cogitantes
2274 3428 2415 3473 lChrys.

1343 3485 1464 3522 1.5.c.
1482 3486 1650 3524 55211.5
1673 3485 1684 3534 )
1703 3515 1714 3533 ,
1743 3498 1824 3525 cum
1856 3488 2086 3536 Imperatoris
2109 3491 2234 3537 copias
2263 3489 2307 3524 ad
2339 3497 2415 3524 ma-

1343 3559 1428 3584 num
1449 3547 1630 3586 haberent
1645 3577 1654 3594 ,
1669 3549 1860 3588 collectam
1881 3551 2035 3589 militum
2056 3559 2208 3589 turmam
2226 3550 2415 3585 miserunt-

1342 3608 1378 3644 In
1397 3609 1476 3656 ipso
1496 3609 1646 3648 sabbato
1667 3617 1795 3650 sancto
1826 3613 1870 3651 ad
1891 3624 2080 3661 vesperam
2112 3613 2146 3648 in
2173 3607 2345 3646 ecclesias
2365 3607 2415 3641 in-

1341 3672 1454 3718 grcssi
1482 3673 1630 3720 milites,
1654 3675 1798 3713 Clerum
1821 3687 1966 3713 omnem
1989 3675 2050 3722 qui
2071 3683 2152 3710 cum
2181 3671 2321 3706 Joanne
2340 3677 2416 3705 erat

1341 3734 1525 3778 eiecerunt
1541 3764 1551 3778 ,
1571 3743 1609 3773 et
1625 3738 1738 3774 armis
1748 3737 1991 3774 sanctuarium
2006 3733 2163 3778 undique
2177 3728 2414 3766 obsederunt.

1341 3795 1510 3834 Mulieres
1528 3808 1672 3845 quoque
1692 3808 1875 3835 sacrarum
1895 3795 2025 3832 :edium
2041 3819 2050 3836 ,
2072 3801 2152 3838 qum
2181 3800 2220 3826 se
2239 3797 2416 3827 exuerat"

1343 3865 1378 3893 ut
1401 3859 1682 3906 haptizarentur,
1705 3865 1801 3896 metu
1819 3855 2018 3904 perterrier
2033 3879 2043 3896 ,
2067 3851 2170 3888 ηιιάίε
2187 3850 2416 3898 διιῖυὲενυηιὶ

1344 3932 1458 3960 neme
1480 3923 1575 3958 enim
1603 3920 1870 3958 concedebatur
1891 3917 1960 3953 illis
1979 3921 2016 3952 ut
2037 3925 2076 3951 se
2110 3913 2271 3951 vclarent
2285 3943 2293 3959 ,
2328 3914 2416 3952 sicut
