  <div class='ocr_page' id='page_1' title='image "/cluster/home/n/w/nwhite01/storage/ocr_20150623/47/hvd.32044073501884/203.png"; bbox 0 0 2742 4342; ppageno 0'>
   <div class='ocr_carea' id='block_1_1' title="bbox 333 275 399 312">
    <p class='ocr_par' dir='ltr' id='par_1_1' title="bbox 333 275 399 312">
     <span class='ocr_line' id='line_1_1' title="bbox 333 275 399 312; baseline 0 0"><span class='ocrx_word' id='word_1_1' title='bbox 333 275 399 312; x_wconf 74' lang='grc'><strong>211</strong></span> 
     </span>
    </p>
   </div>
   <div class='ocr_carea' id='block_1_2' title="bbox 329 328 1397 390">
    <p class='ocr_par' dir='ltr' id='par_1_2' title="bbox 329 328 1397 390">
     <span class='ocr_line' id='line_1_2' title="bbox 329 328 1397 390; baseline -0.025 0"><span class='ocrx_word' id='word_1_2' title='bbox 329 354 498 390; x_wconf 72' lang='lat' dir='ltr'><strong>mulieres</strong></span> <span class='ocrx_word' id='word_1_3' title='bbox 524 349 694 383; x_wconf 82' lang='lat' dir='ltr'><strong>honestas</strong></span> <span class='ocrx_word' id='word_1_4' title='bbox 712 341 829 378; x_wconf 88' lang='lat' dir='ltr'><strong>decet.</strong></span> <span class='ocrx_word' id='word_1_5' title='bbox 857 337 978 375; x_wconf 64' lang='lat' dir='ltr'><strong>Multa:</strong></span> <span class='ocrx_word' id='word_1_6' title='bbox 1003 335 1111 373; x_wconf 88' lang='lat' dir='ltr'><strong>etiam</strong></span> <span class='ocrx_word' id='word_1_7' title='bbox 1141 331 1300 379; x_wconf 85' lang='lat' dir='ltr'><strong>acceptis</strong></span> <span class='ocrx_word' id='word_1_8' title='bbox 1321 328 1397 364; x_wconf 86' lang='lat' dir='ltr'><strong>vul—</strong></span> 
     </span>
    </p>
   </div>
   <div class='ocr_carea' id='block_1_3' title="bbox 326 390 1397 456">
    <p class='ocr_par' dir='ltr' id='par_1_3' title="bbox 326 390 1397 456">
     <span class='ocr_line' id='line_1_3' title="bbox 326 390 1397 456; baseline -0.024 -5"><span class='ocrx_word' id='word_1_9' title='bbox 326 413 474 451; x_wconf 70' lang='lat' dir='ltr'><strong>neribus</strong></span> <span class='ocrx_word' id='word_1_10' title='bbox 486 407 742 456; x_wconf 80' lang='lat' dir='ltr'><strong>ejiciebantur,</strong></span> <span class='ocrx_word' id='word_1_11' title='bbox 763 407 800 440; x_wconf 88' lang='lat' dir='ltr'><strong>et</strong></span> <span class='ocrx_word' id='word_1_12' title='bbox 823 399 998 448; x_wconf 76' lang='lat' dir='ltr'><strong>sanguine</strong></span> <span class='ocrx_word' id='word_1_13' title='bbox 1026 395 1268 444; x_wconf 76' lang='lat' dir='ltr'><strong>implebantur</strong></span> <span class='ocrx_word' id='word_1_14' title='bbox 1288 390 1397 439; x_wconf 81' lang='lat' dir='ltr'><strong>pisci—</strong></span> 
     </span>
    </p>
   </div>
   <div class='ocr_carea' id='block_1_4' title="bbox 325 453 1402 516">
    <p class='ocr_par' dir='ltr' id='par_1_4' title="bbox 325 453 1402 516">
     <span class='ocr_line' id='line_1_4' title="bbox 325 453 1402 516; baseline -0.021 -5"><span class='ocrx_word' id='word_1_15' title='bbox 325 484 380 510; x_wconf 81' lang='lat' dir='ltr'><strong>me</strong></span> <span class='ocrx_word' id='word_1_16' title='bbox 393 500 404 516; x_wconf 92' lang='lat'><strong>,</strong></span> <span class='ocrx_word' id='word_1_17' title='bbox 424 453 623 515; x_wconf 40' lang='lat' dir='ltr'><strong>cruo&#39;reque</strong></span> <span class='ocrx_word' id='word_1_18' title='bbox 643 466 734 503; x_wconf 90' lang='lat' dir='ltr'><strong>sacri</strong></span> <span class='ocrx_word' id='word_1_19' title='bbox 757 464 883 501; x_wconf 77' lang='lat' dir='ltr'><strong>latices</strong></span> <span class='ocrx_word' id='word_1_20' title='bbox 910 459 1164 498; x_wconf 83' lang='lat' dir='ltr'><strong>rubescebant.</strong></span> <span class='ocrx_word' id='word_1_21' title='bbox 1197 455 1321 502; x_wconf 85' lang='lat' dir='ltr'><strong>Neque</strong></span> <span class='ocrx_word' id='word_1_22' title='bbox 1341 453 1402 489; x_wconf 92' lang='lat' dir='ltr'><strong>hic</strong></span> 
     </span>
    </p>
   </div>
   <div class='ocr_carea' id='block_1_5' title="bbox 326 524 1402 572">
    <p class='ocr_par' dir='ltr' id='par_1_5' title="bbox 326 524 1402 572">
     <span class='ocr_line' id='line_1_5' title="bbox 326 524 1402 572; baseline -0.02 0"><span class='ocrx_word' id='word_1_23' title='bbox 326 545 444 572; x_wconf 81' lang='lat' dir='ltr'><strong>rerum</strong></span> <span class='ocrx_word' id='word_1_24' title='bbox 473 531 554 568; x_wconf 81' lang='lat' dir='ltr'><strong>linis</strong></span> <span class='ocrx_word' id='word_1_25' title='bbox 572 530 638 567; x_wconf 91' lang='lat' dir='ltr'><strong>fuit</strong></span> <span class='ocrx_word' id='word_1_26' title='bbox 659 541 668 566; x_wconf 93' lang='lat'><strong>:</strong></span> <span class='ocrx_word' id='word_1_27' title='bbox 690 529 724 566; x_wconf 93' lang='lat' dir='ltr'><strong>in</strong></span> <span class='ocrx_word' id='word_1_28' title='bbox 745 529 864 564; x_wconf 87' lang='lat' dir='ltr'><strong>locum</strong></span> <span class='ocrx_word' id='word_1_29' title='bbox 885 525 995 563; x_wconf 87' lang='lat' dir='ltr'><strong>etiam</strong></span> <span class='ocrx_word' id='word_1_30' title='bbox 1016 524 1051 560; x_wconf 92' lang='lat' dir='ltr'><strong>in</strong></span> <span class='ocrx_word' id='word_1_31' title='bbox 1081 531 1152 569; x_wconf 88' lang='lat' dir='ltr'><strong>quo</strong></span> <span class='ocrx_word' id='word_1_32' title='bbox 1171 525 1296 556; x_wconf 84' lang='lat' dir='ltr'><strong>sancta</strong></span> <span class='ocrx_word' id='word_1_33' title='bbox 1313 527 1402 554; x_wconf 89' lang='lat' dir='ltr'><strong>eon-</strong></span> 
     </span>
    </p>
   </div>
   <div class='ocr_carea' id='block_1_6' title="bbox 327 579 1401 638">
    <p class='ocr_par' dir='ltr' id='par_1_6' title="bbox 327 579 1401 638">
     <span class='ocr_line' id='line_1_6' title="bbox 327 579 1401 638; baseline -0.019 -4"><span class='ocrx_word' id='word_1_34' title='bbox 327 598 400 634; x_wconf 89' lang='lat' dir='ltr'><strong>dita</strong></span> <span class='ocrx_word' id='word_1_35' title='bbox 415 595 654 634; x_wconf 92' lang='lat' dir='ltr'><strong>servabantur</strong></span> <span class='ocrx_word' id='word_1_36' title='bbox 673 590 824 638; x_wconf 79' lang='lat' dir='ltr'><strong>ingrcssi</strong></span> <span class='ocrx_word' id='word_1_37' title='bbox 850 595 935 625; x_wconf 90' lang='lat' dir='ltr'><strong>sunt</strong></span> <span class='ocrx_word' id='word_1_38' title='bbox 963 585 1098 624; x_wconf 87' lang='lat' dir='ltr'><strong>milites</strong></span> <span class='ocrx_word' id='word_1_39' title='bbox 1141 591 1296 630; x_wconf 84' lang='lat' dir='ltr'><strong>quorum</strong></span> <span class='ocrx_word' id='word_1_40' title='bbox 1331 579 1401 615; x_wconf 88' lang='lat' dir='ltr'><strong>ali-</strong></span> 
     </span>
    </p>
   </div>
   <div class='ocr_carea' id='block_1_7' title="bbox 330 643 1404 707">
    <p class='ocr_par' dir='ltr' id='par_1_7' title="bbox 330 643 1404 707">
     <span class='ocr_line' id='line_1_7' title="bbox 330 643 1404 707; baseline -0.019 -11"><span class='ocrx_word' id='word_1_41' title='bbox 330 666 418 707; x_wconf 91' lang='lat' dir='ltr'><strong>quot</strong></span> <span class='ocrx_word' id='word_1_42' title='bbox 457 657 568 694; x_wconf 89' lang='lat' dir='ltr'><strong>nullis</strong></span> <span class='ocrx_word' id='word_1_43' title='bbox 601 654 728 692; x_wconf 77' lang='lat' dir='ltr'><strong>initiati</strong></span> <span class='ocrx_word' id='word_1_44' title='bbox 770 657 874 688; x_wconf 85' lang='lat' dir='ltr'><strong>erant</strong></span> <span class='ocrx_word' id='word_1_45' title='bbox 911 647 1094 697; x_wconf 75' lang='lat' dir='ltr'><strong>mysteriis</strong></span> <span class='ocrx_word' id='word_1_46' title='bbox 1117 673 1127 690; x_wconf 96' lang='lat'><strong>,</strong></span> <span class='ocrx_word' id='word_1_47' title='bbox 1162 643 1404 686; x_wconf 84' lang='lat' dir='ltr'><strong>videruntque</strong></span> 
     </span>
    </p>
   </div>
   <div class='ocr_carea' id='block_1_8' title="bbox 327 703 1404 764">
    <p class='ocr_par' dir='ltr' id='par_1_8' title="bbox 327 703 1404 764">
     <span class='ocr_line' id='line_1_8' title="bbox 327 703 1404 764; baseline -0.019 -6"><span class='ocrx_word' id='word_1_48' title='bbox 327 729 447 758; x_wconf 88' lang='lat' dir='ltr'><strong>tamen</strong></span> <span class='ocrx_word' id='word_1_49' title='bbox 465 718 584 756; x_wconf 87' lang='lat' dir='ltr'><strong>omnia</strong></span> <span class='ocrx_word' id='word_1_50' title='bbox 609 728 689 764; x_wconf 74' lang='lat' dir='ltr'><strong>qua:</strong></span> <span class='ocrx_word' id='word_1_51' title='bbox 707 716 803 752; x_wconf 89' lang='lat' dir='ltr'><strong>intus</strong></span> <span class='ocrx_word' id='word_1_52' title='bbox 823 711 1058 750; x_wconf 87' lang='lat' dir='ltr'><strong>servabantur</strong></span> <span class='ocrx_word' id='word_1_53' title='bbox 1074 720 1083 744; x_wconf 90' lang='lat'><strong>:</strong></span> <span class='ocrx_word' id='word_1_54' title='bbox 1101 707 1186 754; x_wconf 88' lang='lat' dir='ltr'><strong>quin</strong></span> <span class='ocrx_word' id='word_1_55' title='bbox 1201 712 1237 742; x_wconf 91' lang='lat' dir='ltr'><strong>et</strong></span> <span class='ocrx_word' id='word_1_56' title='bbox 1251 703 1404 740; x_wconf 86' lang='lat' dir='ltr'><strong>sanctis-</strong></span> 
     </span>
    </p>
   </div>
   <div class='ocr_carea' id='block_1_9' title="bbox 327 767 1407 826">
    <p class='ocr_par' dir='ltr' id='par_1_9' title="bbox 327 767 1407 826">
     <span class='ocr_line' id='line_1_9' title="bbox 327 767 1407 826; baseline -0.019 -5"><span class='ocrx_word' id='word_1_57' title='bbox 327 785 440 822; x_wconf 85' lang='lat' dir='ltr'><strong>simus</strong></span> <span class='ocrx_word' id='word_1_58' title='bbox 453 780 588 819; x_wconf 86' lang='lat' dir='ltr'><strong>Christi</strong></span> <span class='ocrx_word' id='word_1_59' title='bbox 611 778 756 826; x_wconf 80' lang='lat' dir='ltr'><strong>sanguis</strong></span> <span class='ocrx_word' id='word_1_60' title='bbox 768 783 805 813; x_wconf 92' lang='lat' dir='ltr'><strong>ut</strong></span> <span class='ocrx_word' id='word_1_61' title='bbox 821 777 854 812; x_wconf 94' lang='lat' dir='ltr'><strong>in</strong></span> <span class='ocrx_word' id='word_1_62' title='bbox 879 775 938 811; x_wconf 92' lang='lat' dir='ltr'><strong>lali</strong></span> <span class='ocrx_word' id='word_1_63' title='bbox 959 771 1115 809; x_wconf 88' lang='lat' dir='ltr'><strong>tumultu</strong></span> <span class='ocrx_word' id='word_1_64' title='bbox 1129 767 1294 806; x_wconf 88' lang='lat' dir='ltr'><strong>accidere</strong></span> <span class='ocrx_word' id='word_1_65' title='bbox 1309 771 1407 814; x_wconf 88' lang='lat' dir='ltr'><strong>pote-</strong></span> 
     </span>
    </p>
   </div>
   <div class='ocr_carea' id='block_1_10' title="bbox 329 830 1406 892">
    <p class='ocr_par' dir='ltr' id='par_1_10' title="bbox 329 830 1406 892">
     <span class='ocr_line' id='line_1_10' title="bbox 329 830 1406 892; baseline -0.018 -8"><span class='ocrx_word' id='word_1_66' title='bbox 329 854 400 892; x_wconf 90' lang='lat' dir='ltr'><strong>rat,</strong></span> <span class='ocrx_word' id='word_1_67' title='bbox 424 847 458 882; x_wconf 89' lang='lat' dir='ltr'><strong>in</strong></span> <span class='ocrx_word' id='word_1_68' title='bbox 475 845 628 882; x_wconf 83' lang='lat' dir='ltr'><strong>militum</strong></span> <span class='ocrx_word' id='word_1_69' title='bbox 651 849 772 879; x_wconf 87' lang='lat' dir='ltr'><strong>vestes</strong></span> <span class='ocrx_word' id='word_1_70' title='bbox 789 840 924 877; x_wconf 83' lang='lat' dir='ltr'><strong>effusus</strong></span> <span class='ocrx_word' id='word_1_71' title='bbox 942 844 1010 875; x_wconf 87' lang='lat' dir='ltr'><strong>est.</strong></span> <span class='ocrx_word' id='word_1_72' title='bbox 1030 837 1133 874; x_wconf 91' lang='lat' dir='ltr'><strong>Tunc</strong></span> <span class='ocrx_word' id='word_1_73' title='bbox 1153 833 1272 871; x_wconf 86' lang='lat' dir='ltr'><strong>omnia</strong></span> <span class='ocrx_word' id='word_1_74' title='bbox 1283 842 1350 868; x_wconf 88' lang='lat' dir='ltr'><strong>ceu</strong></span> <span class='ocrx_word' id='word_1_75' title='bbox 1369 830 1406 866; x_wconf 92' lang='lat' dir='ltr'><strong>in</strong></span> 
     </span>
    </p>
   </div>
   <div class='ocr_carea' id='block_1_11' title="bbox 331 892 1407 952">
    <p class='ocr_par' dir='ltr' id='par_1_11' title="bbox 331 892 1407 952">
     <span class='ocr_line' id='line_1_11' title="bbox 331 892 1407 952; baseline -0.018 -6"><span class='ocrx_word' id='word_1_76' title='bbox 331 908 518 946; x_wconf 84' lang='lat' dir='ltr'><strong>barbarica</strong></span> <span class='ocrx_word' id='word_1_77' title='bbox 540 907 740 952; x_wconf 88' lang='lat' dir='ltr'><strong>irroptione</strong></span> <span class='ocrx_word' id='word_1_78' title='bbox 762 908 902 950; x_wconf 87' lang='lat' dir='ltr'><strong>patrata</strong></span> <span class='ocrx_word' id='word_1_79' title='bbox 921 900 1074 938; x_wconf 91' lang='lat' dir='ltr'><strong>vidisses</strong></span> <span class='ocrx_word' id='word_1_80' title='bbox 1095 911 1103 933; x_wconf 96' lang='lat'>:</span> <span class='ocrx_word' id='word_1_81' title='bbox 1124 894 1298 942; x_wconf 84' lang='lat' dir='ltr'><strong>vnlgusin</strong></span> <span class='ocrx_word' id='word_1_82' title='bbox 1319 892 1407 930; x_wconf 91' lang='lat' dir='ltr'><strong>soli-</strong></span> 
     </span>
    </p>
   </div>
   <div class='ocr_carea' id='block_1_12' title="bbox 333 957 1409 1016">
    <p class='ocr_par' dir='ltr' id='par_1_12' title="bbox 333 957 1409 1016">
     <span class='ocr_line' id='line_1_12' title="bbox 333 957 1409 1016; baseline -0.018 -8"><span class='ocrx_word' id='word_1_83' title='bbox 333 972 492 1008; x_wconf 87' lang='lat' dir='ltr'><strong>tudinem</strong></span> <span class='ocrx_word' id='word_1_84' title='bbox 519 969 726 1016; x_wconf 75' lang='lat' dir='ltr'><strong>l’ugabatur;</strong></span> <span class='ocrx_word' id='word_1_85' title='bbox 747 965 941 1003; x_wconf 86' lang='lat' dir='ltr'><strong>multitudo</strong></span> <span class='ocrx_word' id='word_1_86' title='bbox 965 962 1082 1000; x_wconf 87' lang='lat' dir='ltr'><strong>omnis</strong></span> <span class='ocrx_word' id='word_1_87' title='bbox 1103 965 1205 997; x_wconf 80' lang='lat' dir='ltr'><strong>extra</strong></span> <span class='ocrx_word' id='word_1_88' title='bbox 1225 957 1409 994; x_wconf 85' lang='lat' dir='ltr'><strong>civitatem</strong></span> 
     </span>
    </p>
   </div>
   <div class='ocr_carea' id='block_1_13' title="bbox 332 1020 1408 1077">
    <p class='ocr_par' dir='ltr' id='par_1_13' title="bbox 332 1020 1408 1077">
     <span class='ocr_line' id='line_1_13' title="bbox 332 1020 1408 1077; baseline -0.018 -6"><span class='ocrx_word' id='word_1_89' title='bbox 332 1034 568 1076; x_wconf 78' lang='lat' dir='ltr'><strong>versabatur;</strong></span> <span class='ocrx_word' id='word_1_90' title='bbox 586 1038 762 1077; x_wconf 87' lang='lat' dir='ltr'><strong>erantque</strong></span> <span class='ocrx_word' id='word_1_91' title='bbox 780 1027 946 1065; x_wconf 77' lang='lat' dir='ltr'><strong>ecclesiae</strong></span> <span class='ocrx_word' id='word_1_92' title='bbox 961 1027 995 1062; x_wconf 90' lang='lat' dir='ltr'><strong>in</strong></span> <span class='ocrx_word' id='word_1_93' title='bbox 1011 1030 1107 1060; x_wconf 86' lang='lat' dir='ltr'><strong>tanta</strong></span> <span class='ocrx_word' id='word_1_94' title='bbox 1122 1020 1314 1059; x_wconf 87' lang='lat' dir='ltr'><strong>festivitate</strong></span> <span class='ocrx_word' id='word_1_95' title='bbox 1328 1027 1408 1054; x_wconf 89' lang='lat' dir='ltr'><strong>om-</strong></span> 
     </span>
    </p>
   </div>
   <div class='ocr_carea' id='block_1_14' title="bbox 336 1078 1413 1140">
    <p class='ocr_par' dir='ltr' id='par_1_14' title="bbox 336 1078 1413 1140">
     <span class='ocr_line' id='line_1_14' title="bbox 336 1078 1413 1140; baseline -0.018 -8"><span class='ocrx_word' id='word_1_96' title='bbox 336 1097 422 1132; x_wconf 90' lang='lat' dir='ltr'><strong>nino</strong></span> <span class='ocrx_word' id='word_1_97' title='bbox 450 1105 587 1132; x_wconf 81' lang='lat' dir='ltr'><strong>vacuae.</strong></span> <span class='ocrx_word' id='word_1_98' title='bbox 610 1092 778 1140; x_wconf 68' lang='lat' dir='ltr'><strong>Episcolii</strong></span> <span class='ocrx_word' id='word_1_99' title='bbox 797 1091 879 1138; x_wconf 90' lang='lat' dir='ltr'><strong>plus</strong></span> <span class='ocrx_word' id='word_1_100' title='bbox 899 1087 1135 1136; x_wconf 82' lang='lat' dir='ltr'><strong>quadraginta</strong></span> <span class='ocrx_word' id='word_1_101' title='bbox 1150 1112 1159 1128; x_wconf 87' lang='lat'><strong>,</strong></span> <span class='ocrx_word' id='word_1_102' title='bbox 1181 1082 1241 1130; x_wconf 87' lang='lat' dir='ltr'><strong>qui</strong></span> <span class='ocrx_word' id='word_1_103' title='bbox 1261 1078 1413 1118; x_wconf 79' lang='lat' dir='ltr'><strong>Joannis</strong></span> 
     </span>
    </p>
   </div>
   <div class='ocr_carea' id='block_1_15' title="bbox 335 1144 1412 1198">
    <p class='ocr_par' dir='ltr' id='par_1_15' title="bbox 335 1144 1412 1198">
     <span class='ocr_line' id='line_1_15' title="bbox 335 1144 1412 1198; baseline -0.017 -3"><span class='ocrx_word' id='word_1_104' title='bbox 335 1157 518 1196; x_wconf 85' lang='lat' dir='ltr'><strong>consortio</strong></span> <span class='ocrx_word' id='word_1_105' title='bbox 540 1155 764 1198; x_wconf 87' lang='lat' dir='ltr'><strong>fruebantur,</strong></span> <span class='ocrx_word' id='word_1_106' title='bbox 779 1163 862 1188; x_wconf 90' lang='lat' dir='ltr'><strong>cum</strong></span> <span class='ocrx_word' id='word_1_107' title='bbox 877 1150 985 1187; x_wconf 90' lang='lat' dir='ltr'><strong>Clero</strong></span> <span class='ocrx_word' id='word_1_108' title='bbox 1003 1155 1039 1185; x_wconf 88' lang='lat' dir='ltr'><strong>ct</strong></span> <span class='ocrx_word' id='word_1_109' title='bbox 1055 1147 1186 1194; x_wconf 90' lang='lat' dir='ltr'><strong>populo</strong></span> <span class='ocrx_word' id='word_1_110' title='bbox 1205 1144 1284 1181; x_wconf 91' lang='lat' dir='ltr'><strong>sine</strong></span> <span class='ocrx_word' id='word_1_111' title='bbox 1303 1151 1412 1179; x_wconf 88' lang='lat' dir='ltr'><strong>causa</strong></span> 
     </span>
    </p>
   </div>
   <div class='ocr_carea' id='block_1_16' title="bbox 340 1203 1415 1265">
    <p class='ocr_par' dir='ltr' id='par_1_16' title="bbox 340 1203 1415 1265">
     <span class='ocr_line' id='line_1_16' title="bbox 340 1203 1415 1265; baseline -0.018 -9"><span class='ocrx_word' id='word_1_112' title='bbox 340 1220 376 1256; x_wconf 89' lang='lat' dir='ltr'><strong>in</strong></span> <span class='ocrx_word' id='word_1_113' title='bbox 396 1218 515 1265; x_wconf 82' lang='lat' dir='ltr'><strong>fugam</strong></span> <span class='ocrx_word' id='word_1_114' title='bbox 547 1216 642 1253; x_wconf 81' lang='lat' dir='ltr'><strong>versi</strong></span> <span class='ocrx_word' id='word_1_115' title='bbox 675 1219 772 1250; x_wconf 89' lang='lat' dir='ltr'><strong>sunt.</strong></span> <span class='ocrx_word' id='word_1_116' title='bbox 809 1210 1006 1248; x_wconf 89' lang='lat' dir='ltr'><strong>Horrendis</strong></span> <span class='ocrx_word' id='word_1_117' title='bbox 1040 1205 1245 1255; x_wconf 81' lang='lat' dir='ltr'><strong>hujusmodi</strong></span> <span class='ocrx_word' id='word_1_118' title='bbox 1270 1203 1415 1250; x_wconf 83' lang='lat' dir='ltr'><strong>ﬂagitiis</strong></span> 
     </span>
    </p>
   </div>
   <div class='ocr_carea' id='block_1_17' title="bbox 337 1267 1416 1322">
    <p class='ocr_par' dir='ltr' id='par_1_17' title="bbox 337 1267 1416 1322">
     <span class='ocr_line' id='line_1_17' title="bbox 337 1267 1416 1322; baseline -0.017 -5"><span class='ocrx_word' id='word_1_119' title='bbox 337 1280 458 1317; x_wconf 85' lang='lat' dir='ltr'><strong>omnia</strong></span> <span class='ocrx_word' id='word_1_120' title='bbox 477 1279 587 1316; x_wconf 81' lang='lat' dir='ltr'><strong>mixta</strong></span> <span class='ocrx_word' id='word_1_121' title='bbox 609 1276 824 1322; x_wconf 82' lang='lat' dir='ltr'><strong>turbataque</strong></span> <span class='ocrx_word' id='word_1_122' title='bbox 842 1277 946 1310; x_wconf 88' lang='lat' dir='ltr'><strong>erant</strong></span> <span class='ocrx_word' id='word_1_123' title='bbox 968 1283 977 1308; x_wconf 92' lang='lat'>:</span> <span class='ocrx_word' id='word_1_124' title='bbox 1000 1270 1132 1316; x_wconf 85' lang='lat' dir='ltr'><strong>ubique</strong></span> <span class='ocrx_word' id='word_1_125' title='bbox 1151 1278 1217 1315; x_wconf 89' lang='lat' dir='ltr'><strong>per</strong></span> <span class='ocrx_word' id='word_1_126' title='bbox 1234 1267 1310 1302; x_wconf 89' lang='lat' dir='ltr'><strong>fora</strong></span> <span class='ocrx_word' id='word_1_127' title='bbox 1324 1291 1334 1308; x_wconf 92' lang='lat'><strong>,</strong></span> <span class='ocrx_word' id='word_1_128' title='bbox 1351 1273 1416 1310; x_wconf 85' lang='lat' dir='ltr'><strong>per</strong></span> 
     </span>
    </p>
   </div>
   <div class='ocr_carea' id='block_1_18' title="bbox 337 1329 1414 1386">
    <p class='ocr_par' dir='ltr' id='par_1_18' title="bbox 337 1329 1414 1386">
     <span class='ocr_line' id='line_1_18' title="bbox 337 1329 1414 1386; baseline -0.019 -6"><span class='ocrx_word' id='word_1_129' title='bbox 337 1343 464 1380; x_wconf 87' lang='lat' dir='ltr'><strong>domos</strong></span> <span class='ocrx_word' id='word_1_130' title='bbox 483 1367 492 1384; x_wconf 90' lang='lat'><strong>,</strong></span> <span class='ocrx_word' id='word_1_131' title='bbox 507 1350 573 1386; x_wconf 86' lang='lat' dir='ltr'><strong>per</strong></span> <span class='ocrx_word' id='word_1_132' title='bbox 591 1336 805 1375; x_wconf 82' lang='lat' dir='ltr'><strong>solitudines</strong></span> <span class='ocrx_word' id='word_1_133' title='bbox 819 1363 830 1380; x_wconf 94' lang='lat'><strong>,</strong></span> <span class='ocrx_word' id='word_1_134' title='bbox 848 1345 914 1382; x_wconf 90' lang='lat' dir='ltr'><strong>per</strong></span> <span class='ocrx_word' id='word_1_135' title='bbox 942 1343 1070 1370; x_wconf 90' lang='lat' dir='ltr'><strong>omnes</strong></span> <span class='ocrx_word' id='word_1_136' title='bbox 1089 1329 1245 1367; x_wconf 81' lang='lat' dir='ltr'><strong>civitatis</strong></span> <span class='ocrx_word' id='word_1_137' title='bbox 1271 1330 1391 1374; x_wconf 88' lang='lat' dir='ltr'><strong>partes</strong></span> <span class='ocrx_word' id='word_1_138' title='bbox 1405 1351 1414 1368; x_wconf 89' lang='lat'><strong>,</strong></span> 
     </span>
    </p>
   </div>
   <div class='ocr_carea' id='block_1_19' title="bbox 339 1390 1416 1446">
    <p class='ocr_par' dir='ltr' id='par_1_19' title="bbox 339 1390 1416 1446">
     <span class='ocr_line' id='line_1_19' title="bbox 339 1390 1416 1446; baseline -0.019 -6"><span class='ocrx_word' id='word_1_139' title='bbox 339 1403 459 1440; x_wconf 88' lang='lat' dir='ltr'><strong>omnia</strong></span> <span class='ocrx_word' id='word_1_140' title='bbox 487 1400 654 1438; x_wconf 86' lang='lat' dir='ltr'><strong>lamentis</strong></span> <span class='ocrx_word' id='word_1_141' title='bbox 669 1427 680 1444; x_wconf 96' lang='lat'><strong>,</strong></span> <span class='ocrx_word' id='word_1_142' title='bbox 699 1397 913 1446; x_wconf 88' lang='lat' dir='ltr'><strong>ejnlatibus,</strong></span> <span class='ocrx_word' id='word_1_143' title='bbox 936 1400 972 1431; x_wconf 91' lang='lat' dir='ltr'><strong>et</strong></span> <span class='ocrx_word' id='word_1_144' title='bbox 992 1393 1152 1430; x_wconf 87' lang='lat' dir='ltr'><strong>fontibus</strong></span> <span class='ocrx_word' id='word_1_145' title='bbox 1175 1390 1416 1436; x_wconf 84' lang='lat' dir='ltr'><strong>lacrymarum</strong></span> 
     </span>
    </p>
   </div>
   <div class='ocr_carea' id='block_1_20' title="bbox 343 1445 1418 1512">
    <p class='ocr_par' dir='ltr' id='par_1_20' title="bbox 343 1445 1418 1512">
     <span class='ocr_line' id='line_1_20' title="bbox 343 1445 1418 1512; baseline -0.017 -12"><span class='ocrx_word' id='word_1_146' title='bbox 343 1465 448 1512; x_wconf 88' lang='lat' dir='ltr'><strong>plena</strong></span> <span class='ocrx_word' id='word_1_147' title='bbox 465 1474 476 1506; x_wconf 88' lang='lat'><strong>;</strong></span> <span class='ocrx_word' id='word_1_148' title='bbox 496 1467 534 1498; x_wconf 90' lang='lat' dir='ltr'><strong>ut</strong></span> <span class='ocrx_word' id='word_1_149' title='bbox 551 1471 620 1497; x_wconf 95' lang='lat' dir='ltr'><strong>non</strong></span> <span class='ocrx_word' id='word_1_150' title='bbox 641 1460 748 1496; x_wconf 90' lang='lat' dir='ltr'><strong>modo</strong></span> <span class='ocrx_word' id='word_1_151' title='bbox 763 1459 823 1506; x_wconf 89' lang='lat' dir='ltr'><strong>qui</strong></span> <span class='ocrx_word' id='word_1_152' title='bbox 845 1458 879 1494; x_wconf 93' lang='lat' dir='ltr'><strong>in</strong></span> <span class='ocrx_word' id='word_1_153' title='bbox 895 1455 1064 1494; x_wconf 72' lang='lat' dir='ltr'><strong>mrumnis</strong></span> <span class='ocrx_word' id='word_1_154' title='bbox 1078 1451 1336 1491; x_wconf 81' lang='lat' dir='ltr'><strong>versabantur,</strong></span> <span class='ocrx_word' id='word_1_155' title='bbox 1355 1445 1418 1484; x_wconf 88' lang='lat' dir='ltr'><strong>sed</strong></span> 
     </span>
    </p>
   </div>
   <div class='ocr_carea' id='block_1_21' title="bbox 340 1507 1419 1571">
    <p class='ocr_par' dir='ltr' id='par_1_21' title="bbox 340 1507 1419 1571">
     <span class='ocr_line' id='line_1_21' title="bbox 340 1507 1419 1571; baseline -0.017 -10"><span class='ocrx_word' id='word_1_156' title='bbox 340 1507 378 1563; x_wconf 77' lang='lat' dir='ltr'><strong>et</strong></span> <span class='ocrx_word' id='word_1_157' title='bbox 397 1524 459 1571; x_wconf 87' lang='lat' dir='ltr'><strong>qui</strong></span> <span class='ocrx_word' id='word_1_158' title='bbox 479 1523 567 1559; x_wconf 83' lang='lat' dir='ltr'><strong>nihil</strong></span> <span class='ocrx_word' id='word_1_159' title='bbox 583 1523 654 1558; x_wconf 84' lang='lat' dir='ltr'><strong>tale</strong></span> <span class='ocrx_word' id='word_1_160' title='bbox 673 1521 922 1568; x_wconf 86' lang='lat' dir='ltr'><strong>patiebantur;</strong></span> <span class='ocrx_word' id='word_1_161' title='bbox 939 1527 1009 1554; x_wconf 92' lang='lat' dir='ltr'><strong>non</strong></span> <span class='ocrx_word' id='word_1_162' title='bbox 1024 1513 1201 1553; x_wconf 82' lang='lat' dir='ltr'><strong>Catholici</strong></span> <span class='ocrx_word' id='word_1_163' title='bbox 1217 1510 1339 1553; x_wconf 91' lang='lat' dir='ltr'><strong>modo,</strong></span> <span class='ocrx_word' id='word_1_164' title='bbox 1356 1507 1419 1545; x_wconf 89' lang='lat' dir='ltr'><strong>sed</strong></span> 
     </span>
    </p>
   </div>
   <div class='ocr_carea' id='block_1_22' title="bbox 341 1570 1422 1627">
    <p class='ocr_par' dir='ltr' id='par_1_22' title="bbox 341 1570 1422 1627">
     <span class='ocr_line' id='line_1_22' title="bbox 341 1570 1422 1627; baseline -0.017 -4"><span class='ocrx_word' id='word_1_165' title='bbox 341 1570 450 1624; x_wconf 87' lang='lat' dir='ltr'><strong>etiam</strong></span> <span class='ocrx_word' id='word_1_166' title='bbox 473 1584 645 1627; x_wconf 70' lang='lat' dir='ltr'><strong>hmrelici,</strong></span> <span class='ocrx_word' id='word_1_167' title='bbox 662 1583 791 1627; x_wconf 70' lang='lat' dir='ltr'><strong>Judmi,</strong></span> <span class='ocrx_word' id='word_1_168' title='bbox 805 1580 1004 1618; x_wconf 76' lang='lat' dir='ltr'><strong>idololatrze</strong></span> <span class='ocrx_word' id='word_1_169' title='bbox 1018 1587 1100 1614; x_wconf 89' lang='lat' dir='ltr'><strong>cum</strong></span> <span class='ocrx_word' id='word_1_170' title='bbox 1115 1572 1309 1612; x_wconf 82' lang='lat' dir='ltr'><strong>Catltolicis</strong></span> <span class='ocrx_word' id='word_1_171' title='bbox 1323 1570 1422 1607; x_wconf 88' lang='lat' dir='ltr'><strong>dole-</strong></span> 
     </span>
    </p>
   </div>
   <div class='ocr_carea' id='block_1_23' title="bbox 345 1631 1424 1692">
    <p class='ocr_par' dir='ltr' id='par_1_23' title="bbox 345 1631 1424 1692">
     <span class='ocr_line' id='line_1_23' title="bbox 345 1631 1424 1692; baseline -0.015 -8"><span class='ocrx_word' id='word_1_172' title='bbox 345 1653 428 1684; x_wconf 86' lang='lat' dir='ltr'><strong>rent</strong></span> <span class='ocrx_word' id='word_1_173' title='bbox 449 1658 457 1682; x_wconf 93' lang='lat'><strong>:</strong></span> <span class='ocrx_word' id='word_1_174' title='bbox 481 1653 517 1682; x_wconf 91' lang='lat' dir='ltr'><strong>et</strong></span> <span class='ocrx_word' id='word_1_175' title='bbox 533 1646 633 1692; x_wconf 88' lang='lat' dir='ltr'><strong>quasi</strong></span> <span class='ocrx_word' id='word_1_176' title='bbox 649 1649 850 1690; x_wconf 79' lang='lat' dir='ltr'><strong>expugnata</strong></span> <span class='ocrx_word' id='word_1_177' title='bbox 867 1642 912 1678; x_wconf 91' lang='lat' dir='ltr'><strong>ab</strong></span> <span class='ocrx_word' id='word_1_178' title='bbox 930 1640 1093 1677; x_wconf 81' lang='lat' dir='ltr'><strong>hostibus</strong></span> <span class='ocrx_word' id='word_1_179' title='bbox 1113 1637 1276 1678; x_wconf 86' lang='lat' dir='ltr'><strong>civitate,</strong></span> <span class='ocrx_word' id='word_1_180' title='bbox 1295 1631 1424 1670; x_wconf 87' lang='lat' dir='ltr'><strong>tumul-</strong></span> 
     </span>
    </p>
   </div>
   <div class='ocr_carea' id='block_1_24' title="bbox 346 1697 1301 1754">
    <p class='ocr_par' dir='ltr' id='par_1_24' title="bbox 346 1697 1301 1754">
     <span class='ocr_line' id='line_1_24' title="bbox 346 1697 1301 1754; baseline -0.014 -9"><span class='ocrx_word' id='word_1_181' title='bbox 346 1715 408 1754; x_wconf 92' lang='lat' dir='ltr'><strong>tu,</strong></span> <span class='ocrx_word' id='word_1_182' title='bbox 431 1708 670 1753; x_wconf 85' lang='lat' dir='ltr'><strong>trepidatione</strong></span> <span class='ocrx_word' id='word_1_183' title='bbox 689 1713 725 1742; x_wconf 90' lang='lat' dir='ltr'><strong>et</strong></span> <span class='ocrx_word' id='word_1_184' title='bbox 739 1706 884 1752; x_wconf 91' lang='lat' dir='ltr'><strong>planetu</strong></span> <span class='ocrx_word' id='word_1_185' title='bbox 905 1703 1011 1750; x_wconf 89' lang='lat' dir='ltr'><strong>plena</strong></span> <span class='ocrx_word' id='word_1_186' title='bbox 1042 1705 1146 1737; x_wconf 82' lang='lat' dir='ltr'><strong>erant</strong></span> <span class='ocrx_word' id='word_1_187' title='bbox 1165 1697 1301 1734; x_wconf 88' lang='lat' dir='ltr'><strong>omnia.</strong></span> 
     </span>
    </p>
   </div>
   <div class='ocr_carea' id='block_1_25' title="bbox 396 1756 1425 1815">
    <p class='ocr_par' dir='ltr' id='par_1_25' title="bbox 396 1756 1425 1815">
     <span class='ocr_line' id='line_1_25' title="bbox 396 1756 1425 1815; baseline -0.015 -9"><span class='ocrx_word' id='word_1_188' title='bbox 396 1770 506 1806; x_wconf 75' lang='lat' dir='ltr'><strong>Addit</strong></span> <span class='ocrx_word' id='word_1_189' title='bbox 521 1779 609 1806; x_wconf 88' lang='lat' dir='ltr'><strong>vero</strong></span> <span class='ocrx_word' id='word_1_190' title='bbox 635 1768 916 1815; x_wconf 80' lang='lat' dir='ltr'><strong>Chrysostomus</strong></span> <span class='ocrx_word' id='word_1_191' title='bbox 945 1764 1029 1800; x_wconf 87' lang='lat' dir='ltr'><strong>talia</strong></span> <span class='ocrx_word' id='word_1_192' title='bbox 1057 1771 1165 1797; x_wconf 88' lang='lat' dir='ltr'><strong>ausos</strong></span> <span class='ocrx_word' id='word_1_193' title='bbox 1193 1768 1276 1796; x_wconf 86' lang='lat' dir='ltr'><strong>esse</strong></span> <span class='ocrx_word' id='word_1_194' title='bbox 1305 1756 1425 1793; x_wconf 94' lang='lat' dir='ltr'><strong>inimi-</strong></span> 
     </span>
    </p>
   </div>
   <div class='ocr_carea' id='block_1_26' title="bbox 349 1820 1423 1880">
    <p class='ocr_par' dir='ltr' id='par_1_26' title="bbox 349 1820 1423 1880">
     <span class='ocr_line' id='line_1_26' title="bbox 349 1820 1423 1880; baseline -0.016 -10"><span class='ocrx_word' id='word_1_195' title='bbox 349 1843 412 1871; x_wconf 91' lang='lat' dir='ltr'><strong>cos</strong></span> <span class='ocrx_word' id='word_1_196' title='bbox 429 1837 561 1880; x_wconf 75' lang='lat' dir='ltr'><strong>przcter</strong></span> <span class='ocrx_word' id='word_1_197' title='bbox 575 1831 790 1867; x_wconf 86' lang='lat' dir='ltr'><strong>sententiam</strong></span> <span class='ocrx_word' id='word_1_198' title='bbox 809 1827 962 1876; x_wconf 85' lang='lat' dir='ltr'><strong>piissimi</strong></span> <span class='ocrx_word' id='word_1_199' title='bbox 977 1822 1225 1872; x_wconf 83' lang='lat' dir='ltr'><strong>Imperatoris.</strong></span> <span class='ocrx_word' id='word_1_200' title='bbox 1246 1820 1423 1857; x_wconf 88' lang='lat' dir='ltr'><strong>Nimirum</strong></span> 
     </span>
    </p>
   </div>
   <div class='ocr_carea' id='block_1_27' title="bbox 351 1882 1425 1936">
    <p class='ocr_par' dir='ltr' id='par_1_27' title="bbox 351 1882 1425 1936">
     <span class='ocr_line' id='line_1_27' title="bbox 351 1882 1425 1936; baseline -0.016 -4"><span class='ocrx_word' id='word_1_201' title='bbox 351 1897 466 1932; x_wconf 89' lang='lat' dir='ltr'><strong>bonus</strong></span> <span class='ocrx_word' id='word_1_202' title='bbox 485 1904 529 1931; x_wconf 89' lang='lat' dir='ltr'><strong>ac</strong></span> <span class='ocrx_word' id='word_1_203' title='bbox 549 1893 644 1929; x_wconf 91' lang='lat' dir='ltr'><strong>mitis</strong></span> <span class='ocrx_word' id='word_1_204' title='bbox 661 1891 856 1934; x_wconf 82' lang='lat' dir='ltr'><strong>Arcadius,</strong></span> <span class='ocrx_word' id='word_1_205' title='bbox 879 1889 940 1936; x_wconf 92' lang='lat' dir='ltr'><strong>qni</strong></span> <span class='ocrx_word' id='word_1_206' title='bbox 955 1887 1000 1924; x_wconf 88' lang='lat' dir='ltr'><strong>ab</strong></span> <span class='ocrx_word' id='word_1_207' title='bbox 1029 1883 1244 1922; x_wconf 80' lang='lat' dir='ltr'><strong>adversariis</strong></span> <span class='ocrx_word' id='word_1_208' title='bbox 1265 1882 1425 1928; x_wconf 81' lang='lat' dir='ltr'><strong>Chryso-</strong></span> 
     </span>
    </p>
   </div>
   <div class='ocr_carea' id='block_1_28' title="bbox 349 1947 1424 2000">
    <p class='ocr_par' dir='ltr' id='par_1_28' title="bbox 349 1947 1424 2000">
     <span class='ocr_line' id='line_1_28' title="bbox 349 1947 1424 2000; baseline -0.017 -8"><span class='ocrx_word' id='word_1_209' title='bbox 349 1955 458 1992; x_wconf 88' lang='lat' dir='ltr'><strong>stomi</strong></span> <span class='ocrx_word' id='word_1_210' title='bbox 472 1955 664 2000; x_wconf 84' lang='lat' dir='ltr'><strong>deceptus,</strong></span> <span class='ocrx_word' id='word_1_211' title='bbox 682 1951 885 2000; x_wconf 83' lang='lat' dir='ltr'><strong>pellendum</strong></span> <span class='ocrx_word' id='word_1_212' title='bbox 901 1950 1002 1986; x_wconf 93' lang='lat' dir='ltr'><strong>illum</strong></span> <span class='ocrx_word' id='word_1_213' title='bbox 1021 1955 1102 1984; x_wconf 84' lang='lat' dir='ltr'><strong>esse</strong></span> <span class='ocrx_word' id='word_1_214' title='bbox 1120 1947 1334 1986; x_wconf 88' lang='lat' dir='ltr'><strong>censuerat,</strong></span> <span class='ocrx_word' id='word_1_215' title='bbox 1351 1949 1424 1976; x_wconf 88' lang='lat' dir='ltr'><strong>non</strong></span> 
     </span>
    </p>
   </div>
   <div class='ocr_carea' id='block_1_29' title="bbox 353 2001 1427 2065">
    <p class='ocr_par' dir='ltr' id='par_1_29' title="bbox 353 2001 1427 2065">
     <span class='ocr_line' id='line_1_29' title="bbox 353 2001 1427 2065; baseline -0.018 -10"><span class='ocrx_word' id='word_1_216' title='bbox 353 2017 500 2065; x_wconf 85' lang='lat' dir='ltr'><strong>putabat</strong></span> <span class='ocrx_word' id='word_1_217' title='bbox 517 2025 678 2062; x_wconf 89' lang='lat' dir='ltr'><strong>eousque</strong></span> <span class='ocrx_word' id='word_1_218' title='bbox 706 2021 942 2060; x_wconf 90' lang='lat' dir='ltr'><strong>processuros</strong></span> <span class='ocrx_word' id='word_1_219' title='bbox 973 2018 1053 2047; x_wconf 85' lang='lat' dir='ltr'><strong>esse</strong></span> <span class='ocrx_word' id='word_1_220' title='bbox 1077 2005 1358 2044; x_wconf 84' lang='lat' dir='ltr'><strong>consceleratos.</strong></span> <span class='ocrx_word' id='word_1_221' title='bbox 1390 2001 1427 2038; x_wconf 87' lang='lat' dir='ltr'><strong>ld</strong></span> 
     </span>
    </p>
   </div>
   <div class='ocr_carea' id='block_1_30' title="bbox 356 2063 1428 2122">
    <p class='ocr_par' dir='ltr' id='par_1_30' title="bbox 356 2063 1428 2122">
     <span class='ocr_line' id='line_1_30' title="bbox 356 2063 1428 2122; baseline -0.017 -5"><span class='ocrx_word' id='word_1_222' title='bbox 356 2087 461 2116; x_wconf 89' lang='lat' dir='ltr'><strong>nocte</strong></span> <span class='ocrx_word' id='word_1_223' title='bbox 490 2079 624 2120; x_wconf 88' lang='lat' dir='ltr'><strong>multa,</strong></span> <span class='ocrx_word' id='word_1_224' title='bbox 645 2077 760 2122; x_wconf 86' lang='lat' dir='ltr'><strong>inquit</strong></span> <span class='ocrx_word' id='word_1_225' title='bbox 788 2075 971 2115; x_wconf 82' lang='lat' dir='ltr'><strong>Joannes,</strong></span> <span class='ocrx_word' id='word_1_226' title='bbox 991 2072 1125 2107; x_wconf 87' lang='lat' dir='ltr'><strong>factum</strong></span> <span class='ocrx_word' id='word_1_227' title='bbox 1143 2072 1222 2112; x_wconf 89' lang='lat' dir='ltr'><strong>est,</strong></span> <span class='ocrx_word' id='word_1_228' title='bbox 1249 2063 1428 2112; x_wconf 89' lang='lat' dir='ltr'><strong>episcopis</strong></span> 
     </span>
    </p>
   </div>
   <div class='ocr_carea' id='block_1_31' title="bbox 357 2125 1431 2180">
    <p class='ocr_par' dir='ltr' id='par_1_31' title="bbox 357 2125 1431 2180">
     <span class='ocr_line' id='line_1_31' title="bbox 357 2125 1431 2180; baseline -0.015 -3"><span class='ocrx_word' id='word_1_229' title='bbox 357 2141 435 2176; x_wconf 75' lang='lat' dir='ltr'><strong>lucc</strong></span> <span class='ocrx_word' id='word_1_230' title='bbox 453 2139 737 2180; x_wconf 88' lang='lat' dir='ltr'><strong>instruentibus,</strong></span> <span class='ocrx_word' id='word_1_231' title='bbox 760 2143 796 2172; x_wconf 89' lang='lat' dir='ltr'><strong>et</strong></span> <span class='ocrx_word' id='word_1_232' title='bbox 815 2135 935 2171; x_wconf 91' lang='lat' dir='ltr'><strong>multis</strong></span> <span class='ocrx_word' id='word_1_233' title='bbox 950 2133 985 2168; x_wconf 92' lang='lat' dir='ltr'><strong>in</strong></span> <span class='ocrx_word' id='word_1_234' title='bbox 1008 2131 1097 2168; x_wconf 90' lang='lat' dir='ltr'><strong>locis</strong></span> <span class='ocrx_word' id='word_1_235' title='bbox 1109 2128 1255 2166; x_wconf 90' lang='lat' dir='ltr'><strong>ordines</strong></span> <span class='ocrx_word' id='word_1_236' title='bbox 1269 2125 1431 2163; x_wconf 89' lang='lat' dir='ltr'><strong>ducenti-</strong></span> 
     </span>
    </p>
   </div>
   <div class='ocr_carea' id='block_1_32' title="bbox 357 2187 1429 2245">
    <p class='ocr_par' dir='ltr' id='par_1_32' title="bbox 357 2187 1429 2245">
     <span class='ocr_line' id='line_1_32' title="bbox 357 2187 1429 2245; baseline -0.015 -7"><span class='ocrx_word' id='word_1_237' title='bbox 357 2203 424 2239; x_wconf 87' lang='lat' dir='ltr'><strong>bus</strong></span> <span class='ocrx_word' id='word_1_238' title='bbox 437 2228 448 2245; x_wconf 90' lang='lat'><strong>,</strong></span> <span class='ocrx_word' id='word_1_239' title='bbox 467 2211 534 2236; x_wconf 84' lang='lat' dir='ltr'><strong>nec</strong></span> <span class='ocrx_word' id='word_1_240' title='bbox 553 2197 850 2236; x_wconf 87' lang='lat' dir='ltr'><strong>erubescentibus</strong></span> <span class='ocrx_word' id='word_1_241' title='bbox 867 2223 877 2238; x_wconf 90' lang='lat'><strong>,</strong></span> <span class='ocrx_word' id='word_1_242' title='bbox 899 2193 994 2242; x_wconf 89' lang='lat' dir='ltr'><strong>quod</strong></span> <span class='ocrx_word' id='word_1_243' title='bbox 1013 2202 1079 2240; x_wconf 88' lang='lat' dir='ltr'><strong>pro</strong></span> <span class='ocrx_word' id='word_1_244' title='bbox 1107 2189 1268 2228; x_wconf 85' lang='lat' dir='ltr'><strong>diacouis</strong></span> <span class='ocrx_word' id='word_1_245' title='bbox 1294 2187 1429 2234; x_wconf 86' lang='lat' dir='ltr'><strong>campi-</strong></span> 
     </span>
    </p>
   </div>
   <div class='ocr_carea' id='block_1_33' title="bbox 358 2261 953 2306">
    <p class='ocr_par' dir='ltr' id='par_1_33' title="bbox 358 2261 953 2306">
     <span class='ocr_line' id='line_1_33' title="bbox 358 2261 953 2306; baseline -0.013 -7"><span class='ocrx_word' id='word_1_246' title='bbox 358 2263 528 2300; x_wconf 86' lang='lat' dir='ltr'><strong>ductorcs</strong></span> <span class='ocrx_word' id='word_1_247' title='bbox 545 2261 719 2296; x_wconf 86' lang='lat' dir='ltr'><strong>haberent</strong></span> <span class='ocrx_word' id='word_1_248' title='bbox 737 2263 953 2306; x_wconf 83' lang='lat' dir='ltr'><strong>praeeuntes.</strong></span> 
     </span>
    </p>
   </div>
   <div class='ocr_carea' id='block_1_34' title="bbox 407 2312 1434 2366">
    <p class='ocr_par' dir='ltr' id='par_1_34' title="bbox 407 2312 1434 2366">
     <span class='ocr_line' id='line_1_34' title="bbox 407 2312 1434 2366; baseline -0.013 -6"><span class='ocrx_word' id='word_1_249' title='bbox 407 2325 486 2361; x_wconf 80' lang='lat' dir='ltr'><strong>Alia</strong></span> <span class='ocrx_word' id='word_1_250' title='bbox 500 2324 660 2360; x_wconf 75' lang='lat' dir='ltr'><strong>violenter</strong></span> <span class='ocrx_word' id='word_1_251' title='bbox 673 2320 900 2357; x_wconf 64' lang='lat' dir='ltr'><strong>actm—llaec</strong></span> <span class='ocrx_word' id='word_1_252' title='bbox 913 2319 1205 2366; x_wconf 80' lang='lat' dir='ltr'><strong>Chrysostomus,</strong></span> <span class='ocrx_word' id='word_1_253' title='bbox 1222 2313 1280 2350; x_wconf 87' lang='lat' dir='ltr'><strong>ubi</strong></span> <span class='ocrx_word' id='word_1_254' title='bbox 1299 2312 1434 2350; x_wconf 87' lang='lat' dir='ltr'><strong>adver-</strong></span> 
     </span>
    </p>
   </div>
   <div class='ocr_carea' id='block_1_35' title="bbox 360 2374 1434 2432">
    <p class='ocr_par' dir='ltr' id='par_1_35' title="bbox 360 2374 1434 2432">
     <span class='ocr_line' id='line_1_35' title="bbox 360 2374 1434 2432; baseline -0.011 -10"><span class='ocrx_word' id='word_1_255' title='bbox 360 2392 415 2422; x_wconf 86' lang='lat' dir='ltr'><strong>tas</strong></span> <span class='ocrx_word' id='word_1_256' title='bbox 431 2386 546 2432; x_wconf 87' lang='lat' dir='ltr'><strong>ipsum</strong></span> <span class='ocrx_word' id='word_1_257' title='bbox 561 2383 683 2420; x_wconf 83' lang='lat' dir='ltr'><strong>dicere</strong></span> <span class='ocrx_word' id='word_1_258' title='bbox 703 2382 820 2428; x_wconf 86' lang='lat' dir='ltr'><strong>primo</strong></span> <span class='ocrx_word' id='word_1_259' title='bbox 837 2381 914 2416; x_wconf 65' lang='lat' dir='ltr'><strong>haec</strong></span> <span class='ocrx_word' id='word_1_260' title='bbox 929 2380 964 2415; x_wconf 90' lang='lat' dir='ltr'><strong>in</strong></span> <span class='ocrx_word' id='word_1_261' title='bbox 983 2387 1132 2425; x_wconf 79' lang='lat' dir='ltr'><strong>veSpera</strong></span> <span class='ocrx_word' id='word_1_262' title='bbox 1153 2375 1292 2413; x_wconf 84' lang='lat' dir='ltr'><strong>sabbati</strong></span> <span class='ocrx_word' id='word_1_263' title='bbox 1319 2374 1434 2412; x_wconf 84' lang='lat' dir='ltr'><strong>sancti</strong></span> 
     </span>
    </p>
   </div>
   <div class='ocr_carea' id='block_1_36' title="bbox 360 2437 1434 2496">
    <p class='ocr_par' dir='ltr' id='par_1_36' title="bbox 360 2437 1434 2496">
     <span class='ocr_line' id='line_1_36' title="bbox 360 2437 1434 2496; baseline -0.014 -9"><span class='ocrx_word' id='word_1_264' title='bbox 360 2455 477 2496; x_wconf 72' lang='lat' dir='ltr'><strong>empta</strong></span> <span class='ocrx_word' id='word_1_265' title='bbox 494 2475 504 2491; x_wconf 89' lang='lat'><strong>,</strong></span> <span class='ocrx_word' id='word_1_266' title='bbox 525 2454 560 2484; x_wconf 90' lang='lat' dir='ltr'><strong>ct</strong></span> <span class='ocrx_word' id='word_1_267' title='bbox 575 2445 737 2493; x_wconf 76' lang='lat' dir='ltr'><strong>qlltt‘dnm</strong></span> <span class='ocrx_word' id='word_1_268' title='bbox 755 2444 865 2481; x_wconf 86' lang='lat' dir='ltr'><strong>multa</strong></span> <span class='ocrx_word' id='word_1_269' title='bbox 883 2448 992 2479; x_wconf 89' lang='lat' dir='ltr'><strong>nocte</strong></span> <span class='ocrx_word' id='word_1_270' title='bbox 1009 2441 1098 2478; x_wconf 84' lang='lat' dir='ltr'><strong>facta</strong></span> <span class='ocrx_word' id='word_1_271' title='bbox 1111 2468 1122 2483; x_wconf 92' lang='lat'><strong>,</strong></span> <span class='ocrx_word' id='word_1_272' title='bbox 1139 2440 1173 2476; x_wconf 91' lang='lat' dir='ltr'><strong>in</strong></span> <span class='ocrx_word' id='word_1_273' title='bbox 1189 2437 1352 2476; x_wconf 90' lang='lat' dir='ltr'><strong>ecclesiis</strong></span> <span class='ocrx_word' id='word_1_274' title='bbox 1367 2447 1434 2472; x_wconf 82' lang='lat' dir='ltr'><strong>au—</strong></span> 
     </span>
    </p>
   </div>
   <div class='ocr_carea' id='block_1_37' title="bbox 362 2499 1437 2556">
    <p class='ocr_par' dir='ltr' id='par_1_37' title="bbox 362 2499 1437 2556">
     <span class='ocr_line' id='line_1_37' title="bbox 362 2499 1437 2556; baseline -0.011 -9"><span class='ocrx_word' id='word_1_275' title='bbox 362 2516 432 2547; x_wconf 88' lang='lat' dir='ltr'><strong>tem</strong></span> <span class='ocrx_word' id='word_1_276' title='bbox 451 2507 666 2556; x_wconf 80' lang='lat' dir='ltr'><strong>quibusdam</strong></span> <span class='ocrx_word' id='word_1_277' title='bbox 687 2507 764 2543; x_wconf 65' lang='lat' dir='ltr'><strong>haec</strong></span> <span class='ocrx_word' id='word_1_278' title='bbox 794 2510 932 2552; x_wconf 87' lang='lat' dir='ltr'><strong>patrata</strong></span> <span class='ocrx_word' id='word_1_279' title='bbox 960 2503 1070 2540; x_wconf 80' lang='lat' dir='ltr'><strong>fuisse</strong></span> <span class='ocrx_word' id='word_1_280' title='bbox 1099 2501 1198 2538; x_wconf 88' lang='lat' dir='ltr'><strong>dicit.</strong></span> <span class='ocrx_word' id='word_1_281' title='bbox 1218 2499 1307 2536; x_wconf 84' lang='lat' dir='ltr'><strong>Cum</strong></span> <span class='ocrx_word' id='word_1_282' title='bbox 1328 2507 1437 2546; x_wconf 87' lang='lat' dir='ltr'><strong>porro</strong></span> 
     </span>
    </p>
   </div>
   <div class='ocr_carea' id='block_1_38' title="bbox 361 2559 1436 2615">
    <p class='ocr_par' dir='ltr' id='par_1_38' title="bbox 361 2559 1436 2615">
     <span class='ocr_line' id='line_1_38' title="bbox 361 2559 1436 2615; baseline -0.011 -7"><span class='ocrx_word' id='word_1_283' title='bbox 361 2582 403 2608; x_wconf 79' lang='lat' dir='ltr'><strong>ex</strong></span> <span class='ocrx_word' id='word_1_284' title='bbox 423 2569 586 2608; x_wconf 89' lang='lat' dir='ltr'><strong>ccclesiis</strong></span> <span class='ocrx_word' id='word_1_285' title='bbox 605 2569 653 2604; x_wconf 84' lang='lat' dir='ltr'><strong>ita</strong></span> <span class='ocrx_word' id='word_1_286' title='bbox 677 2567 768 2615; x_wconf 89' lang='lat' dir='ltr'><strong>pulsi</strong></span> <span class='ocrx_word' id='word_1_287' title='bbox 796 2565 951 2602; x_wconf 88' lang='lat' dir='ltr'><strong>fuissent</strong></span> <span class='ocrx_word' id='word_1_288' title='bbox 977 2564 1126 2602; x_wconf 90' lang='lat' dir='ltr'><strong>Joannis</strong></span> <span class='ocrx_word' id='word_1_289' title='bbox 1157 2562 1378 2610; x_wconf 84' lang='lat' dir='ltr'><strong>presbyteri,</strong></span> <span class='ocrx_word' id='word_1_290' title='bbox 1401 2559 1436 2596; x_wconf 91' lang='lat' dir='ltr'><strong>in</strong></span> 
     </span>
    </p>
   </div>
   <div class='ocr_carea' id='block_1_39' title="bbox 362 2625 1438 2681">
    <p class='ocr_par' dir='ltr' id='par_1_39' title="bbox 362 2625 1438 2681">
     <span class='ocr_line' id='line_1_39' title="bbox 362 2625 1438 2681; baseline -0.011 -12"><span class='ocrx_word' id='word_1_291' title='bbox 362 2632 506 2681; x_wconf 89' lang='lat' dir='ltr'><strong>publico</strong></span> <span class='ocrx_word' id='word_1_292' title='bbox 536 2631 680 2667; x_wconf 87' lang='lat' dir='ltr'><strong>lavacro</strong></span> <span class='ocrx_word' id='word_1_293' title='bbox 695 2657 706 2674; x_wconf 92' lang='lat'><strong>,</strong></span> <span class='ocrx_word' id='word_1_294' title='bbox 727 2628 825 2676; x_wconf 87' lang='lat' dir='ltr'><strong>quod</strong></span> <span class='ocrx_word' id='word_1_295' title='bbox 845 2627 1126 2665; x_wconf 86' lang='lat' dir='ltr'><strong>Constantianas</strong></span> <span class='ocrx_word' id='word_1_296' title='bbox 1147 2625 1309 2662; x_wconf 87' lang='lat' dir='ltr'><strong>thermas</strong></span> <span class='ocrx_word' id='word_1_297' title='bbox 1329 2633 1438 2658; x_wconf 88' lang='lat' dir='ltr'><strong>voca-</strong></span> 
     </span>
    </p>
   </div>
   <div class='ocr_carea' id='block_1_40' title="bbox 363 2685 1437 2738">
    <p class='ocr_par' dir='ltr' id='par_1_40' title="bbox 363 2685 1437 2738">
     <span class='ocr_line' id='line_1_40' title="bbox 363 2685 1437 2738; baseline -0.009 -8"><span class='ocrx_word' id='word_1_298' title='bbox 363 2694 449 2730; x_wconf 81' lang='lat' dir='ltr'><strong>bant</strong></span> <span class='ocrx_word' id='word_1_299' title='bbox 477 2692 686 2730; x_wconf 87' lang='lat' dir='ltr'><strong>convocatis</strong></span> <span class='ocrx_word' id='word_1_300' title='bbox 715 2690 858 2738; x_wconf 89' lang='lat' dir='ltr'><strong>populis</strong></span> <span class='ocrx_word' id='word_1_301' title='bbox 891 2689 1032 2736; x_wconf 81' lang='lat' dir='ltr'><strong>vigilias</strong></span> <span class='ocrx_word' id='word_1_302' title='bbox 1059 2687 1234 2735; x_wconf 81' lang='lat' dir='ltr'><strong>agebant,</strong></span> <span class='ocrx_word' id='word_1_303' title='bbox 1257 2686 1316 2722; x_wconf 88' lang='lat' dir='ltr'><strong>alii</strong></span> <span class='ocrx_word' id='word_1_304' title='bbox 1338 2685 1437 2721; x_wconf 86' lang='lat' dir='ltr'><strong>Scri-</strong></span> 
     </span>
    </p>
   </div>
   <div class='ocr_carea' id='block_1_41' title="bbox 363 2749 1438 2805">
    <p class='ocr_par' dir='ltr' id='par_1_41' title="bbox 363 2749 1438 2805">
     <span class='ocr_line' id='line_1_41' title="bbox 363 2749 1438 2805; baseline -0.011 -11"><span class='ocrx_word' id='word_1_305' title='bbox 363 2764 486 2805; x_wconf 85' lang='lat' dir='ltr'><strong>pturas</strong></span> <span class='ocrx_word' id='word_1_306' title='bbox 496 2756 637 2794; x_wconf 90' lang='lat' dir='ltr'><strong>divinas</strong></span> <span class='ocrx_word' id='word_1_307' title='bbox 649 2755 824 2802; x_wconf 80' lang='lat' dir='ltr'><strong>legentes,</strong></span> <span class='ocrx_word' id='word_1_308' title='bbox 836 2752 895 2789; x_wconf 86' lang='lat' dir='ltr'><strong>alii</strong></span> <span class='ocrx_word' id='word_1_309' title='bbox 907 2751 1188 2789; x_wconf 87' lang='lat' dir='ltr'><strong>catechumenos</strong></span> <span class='ocrx_word' id='word_1_310' title='bbox 1201 2749 1438 2796; x_wconf 82' lang='lat' dir='ltr'><strong>baptizantes,</strong></span> 
     </span>
    </p>
   </div>
   <div class='ocr_carea' id='block_1_42' title="bbox 365 2811 1439 2866">
    <p class='ocr_par' dir='ltr' id='par_1_42' title="bbox 365 2811 1439 2866">
     <span class='ocr_line' id='line_1_42' title="bbox 365 2811 1439 2866; baseline -0.011 -8"><span class='ocrx_word' id='word_1_311' title='bbox 365 2828 404 2859; x_wconf 92' lang='lat' dir='ltr'><strong>ut</strong></span> <span class='ocrx_word' id='word_1_312' title='bbox 433 2821 543 2858; x_wconf 90' lang='lat' dir='ltr'><strong>moris</strong></span> <span class='ocrx_word' id='word_1_313' title='bbox 575 2826 654 2858; x_wconf 87' lang='lat' dir='ltr'><strong>erat</strong></span> <span class='ocrx_word' id='word_1_314' title='bbox 687 2819 724 2856; x_wconf 87' lang='lat' dir='ltr'><strong>in</strong></span> <span class='ocrx_word' id='word_1_315' title='bbox 754 2818 928 2856; x_wconf 87' lang='lat' dir='ltr'><strong>Paschate</strong></span> <span class='ocrx_word' id='word_1_316' title='bbox 962 2815 1130 2866; x_wconf 82' lang='lat' dir='ltr'><strong>(Pallad.</strong></span> <span class='ocrx_word' id='word_1_317' title='bbox 1162 2813 1303 2861; x_wconf 82' lang='lat' dir='ltr'><strong>Dialog.</strong></span> <span class='ocrx_word' id='word_1_318' title='bbox 1338 2811 1439 2848; x_wconf 88' lang='lat' dir='ltr'><strong>Socr.</strong></span> 
     </span>
    </p>
   </div>
   <div class='ocr_carea' id='block_1_43' title="bbox 367 2873 1442 2926">
    <p class='ocr_par' dir='ltr' id='par_1_43' title="bbox 367 2873 1442 2926">
     <span class='ocr_line' id='line_1_43' title="bbox 367 2873 1442 2926; baseline -0.01 -6"><span class='ocrx_word' id='word_1_319' title='bbox 367 2883 464 2920; x_wconf 72' lang='lat'><strong>(.16.</strong></span> <span class='ocrx_word' id='word_1_320' title='bbox 479 2895 511 2919; x_wconf 87' lang='lat' dir='ltr'><strong>c.</strong></span> <span class='ocrx_word' id='word_1_321' title='bbox 533 2882 589 2920; x_wconf 81' lang='grc'><strong>18.</strong></span> <span class='ocrx_word' id='word_1_322' title='bbox 611 2883 751 2919; x_wconf 83' lang='lat' dir='ltr'><strong>Sozam.</strong></span> <span class='ocrx_word' id='word_1_323' title='bbox 769 2881 796 2917; x_wconf 81' lang='grc' dir='ltr'><strong>ι.</strong></span> <span class='ocrx_word' id='word_1_324' title='bbox 815 2880 852 2917; x_wconf 89' lang='lat'><strong>8.</strong></span> <span class='ocrx_word' id='word_1_325' title='bbox 871 2891 903 2916; x_wconf 92' lang='lat' dir='ltr'><strong>c.</strong></span> <span class='ocrx_word' id='word_1_326' title='bbox 923 2879 966 2915; x_wconf 71' lang='lat'><strong>2|</strong></span> <span class='ocrx_word' id='word_1_327' title='bbox 987 2879 1014 2926; x_wconf 89' lang='lat'><strong>).</strong></span> <span class='ocrx_word' id='word_1_328' title='bbox 1031 2878 1132 2914; x_wconf 89' lang='lat' dir='ltr'><strong>Tunc</strong></span> <span class='ocrx_word' id='word_1_329' title='bbox 1149 2875 1359 2916; x_wconf 87' lang='lat' dir='ltr'><strong>Antiochus,</strong></span> <span class='ocrx_word' id='word_1_330' title='bbox 1377 2873 1442 2910; x_wconf 87' lang='lat' dir='ltr'><strong>Se-</strong></span> 
     </span>
    </p>
   </div>
   <div class='ocr_carea' id='block_1_44' title="bbox 365 2935 1443 2987">
    <p class='ocr_par' dir='ltr' id='par_1_44' title="bbox 365 2935 1443 2987">
     <span class='ocr_line' id='line_1_44' title="bbox 365 2935 1443 2987; baseline -0.012 -4"><span class='ocrx_word' id='word_1_331' title='bbox 365 2946 535 2984; x_wconf 82' lang='lat' dir='ltr'><strong>verianus</strong></span> <span class='ocrx_word' id='word_1_332' title='bbox 554 2951 592 2982; x_wconf 87' lang='lat' dir='ltr'><strong>et</strong></span> <span class='ocrx_word' id='word_1_333' title='bbox 608 2944 760 2981; x_wconf 87' lang='lat' dir='ltr'><strong>Aeacius</strong></span> <span class='ocrx_word' id='word_1_334' title='bbox 779 2943 955 2979; x_wconf 85' lang='lat' dir='ltr'><strong>Patronos</strong></span> <span class='ocrx_word' id='word_1_335' title='bbox 972 2945 1122 2987; x_wconf 80' lang='lat' dir='ltr'><strong>rogant,</strong></span> <span class='ocrx_word' id='word_1_336' title='bbox 1145 2943 1184 2974; x_wconf 89' lang='lat' dir='ltr'><strong>ut</strong></span> <span class='ocrx_word' id='word_1_337' title='bbox 1203 2936 1323 2984; x_wconf 85' lang='lat' dir='ltr'><strong>populi</strong></span> <span class='ocrx_word' id='word_1_338' title='bbox 1341 2946 1362 2971; x_wconf 89' lang='lat' dir='ltr'><strong>a</strong></span> <span class='ocrx_word' id='word_1_339' title='bbox 1383 2935 1443 2970; x_wconf 91' lang='lat' dir='ltr'><strong>tali</strong></span> 
     </span>
    </p>
   </div>
   <div class='ocr_carea' id='block_1_45' title="bbox 367 2997 1445 3051">
    <p class='ocr_par' dir='ltr' id='par_1_45' title="bbox 367 2997 1445 3051">
     <span class='ocr_line' id='line_1_45' title="bbox 367 2997 1445 3051; baseline -0.012 -5"><span class='ocrx_word' id='word_1_340' title='bbox 367 3015 546 3048; x_wconf 87' lang='lat' dir='ltr'><strong>conventu</strong></span> <span class='ocrx_word' id='word_1_341' title='bbox 565 3013 788 3044; x_wconf 88' lang='lat' dir='ltr'><strong>arcerentur.</strong></span> <span class='ocrx_word' id='word_1_342' title='bbox 807 3004 972 3051; x_wconf 84' lang='lat' dir='ltr'><strong>Magister</strong></span> <span class='ocrx_word' id='word_1_343' title='bbox 985 3010 1120 3044; x_wconf 90' lang='lat' dir='ltr'><strong>autem,</strong></span> <span class='ocrx_word' id='word_1_344' title='bbox 1141 3000 1198 3037; x_wconf 89' lang='lat' dir='ltr'><strong>vir</strong></span> <span class='ocrx_word' id='word_1_345' title='bbox 1215 2999 1361 3046; x_wconf 87' lang='lat' dir='ltr'><strong>probus,</strong></span> <span class='ocrx_word' id='word_1_346' title='bbox 1383 2997 1445 3033; x_wconf 88' lang='lat' dir='ltr'><strong>ab-</strong></span> 
     </span>
    </p>
   </div>
   <div class='ocr_carea' id='block_1_46' title="bbox 369 3060 1444 3112">
    <p class='ocr_par' dir='ltr' id='par_1_46' title="bbox 369 3060 1444 3112">
     <span class='ocr_line' id='line_1_46' title="bbox 369 3060 1444 3112; baseline -0.01 -6"><span class='ocrx_word' id='word_1_347' title='bbox 369 3071 546 3108; x_wconf 88' lang='lat' dir='ltr'><strong>nuebatet</strong></span> <span class='ocrx_word' id='word_1_348' title='bbox 559 3077 655 3107; x_wconf 86' lang='lat' dir='ltr'><strong>tanta</strong></span> <span class='ocrx_word' id='word_1_349' title='bbox 667 3075 772 3106; x_wconf 91' lang='lat' dir='ltr'><strong>noctu</strong></span> <span class='ocrx_word' id='word_1_350' title='bbox 790 3068 922 3104; x_wconf 90' lang='lat' dir='ltr'><strong>inferre</strong></span> <span class='ocrx_word' id='word_1_351' title='bbox 937 3066 1031 3102; x_wconf 89' lang='lat' dir='ltr'><strong>mala</strong></span> <span class='ocrx_word' id='word_1_352' title='bbox 1044 3063 1174 3112; x_wconf 91' lang='lat' dir='ltr'><strong>populo</strong></span> <span class='ocrx_word' id='word_1_353' title='bbox 1184 3062 1342 3100; x_wconf 89' lang='lat' dir='ltr'><strong>uolebat.</strong></span> <span class='ocrx_word' id='word_1_354' title='bbox 1353 3060 1444 3096; x_wconf 91' lang='lat' dir='ltr'><strong>Tum</strong></span> 
     </span>
    </p>
   </div>
   <div class='ocr_carea' id='block_1_47' title="bbox 369 3122 1445 3174">
    <p class='ocr_par' dir='ltr' id='par_1_47' title="bbox 369 3122 1445 3174">
     <span class='ocr_line' id='line_1_47' title="bbox 369 3122 1445 3174; baseline -0.009 -6"><span class='ocrx_word' id='word_1_355' title='bbox 369 3133 524 3170; x_wconf 79' lang='lat' dir='ltr'><strong>Aeacius</strong></span> <span class='ocrx_word' id='word_1_356' title='bbox 546 3133 672 3169; x_wconf 86' lang='lat' dir='ltr'><strong>timere</strong></span> <span class='ocrx_word' id='word_1_357' title='bbox 692 3141 732 3168; x_wconf 87' lang='lat' dir='ltr'><strong>se</strong></span> <span class='ocrx_word' id='word_1_358' title='bbox 751 3130 858 3174; x_wconf 73' lang='lat' dir='ltr'><strong>dixit,</strong></span> <span class='ocrx_word' id='word_1_359' title='bbox 880 3139 924 3166; x_wconf 92' lang='lat' dir='ltr'><strong>ne</strong></span> <span class='ocrx_word' id='word_1_360' title='bbox 942 3128 972 3164; x_wconf 90' lang='lat' dir='ltr'><strong>si</strong></span> <span class='ocrx_word' id='word_1_361' title='bbox 989 3127 1186 3174; x_wconf 87' lang='lat' dir='ltr'><strong>Imperator</strong></span> <span class='ocrx_word' id='word_1_362' title='bbox 1203 3124 1238 3160; x_wconf 91' lang='lat' dir='ltr'><strong>in</strong></span> <span class='ocrx_word' id='word_1_363' title='bbox 1256 3122 1445 3160; x_wconf 87' lang='lat' dir='ltr'><strong>ecclesiam</strong></span> 
     </span>
    </p>
   </div>
   <div class='ocr_carea' id='block_1_48' title="bbox 371 3185 1449 3236">
    <p class='ocr_par' dir='ltr' id='par_1_48' title="bbox 371 3185 1449 3236">
     <span class='ocr_line' id='line_1_48' title="bbox 371 3185 1449 3236; baseline -0.008 -7"><span class='ocrx_word' id='word_1_364' title='bbox 371 3195 520 3232; x_wconf 88' lang='lat' dir='ltr'><strong>veniens</strong></span> <span class='ocrx_word' id='word_1_365' title='bbox 533 3194 631 3231; x_wconf 87' lang='lat' dir='ltr'><strong>illam</strong></span> <span class='ocrx_word' id='word_1_366' title='bbox 644 3203 791 3230; x_wconf 84' lang='lat' dir='ltr'><strong>vacuam</strong></span> <span class='ocrx_word' id='word_1_367' title='bbox 812 3191 998 3235; x_wconf 84' lang='lat' dir='ltr'><strong>inveniret,</strong></span> <span class='ocrx_word' id='word_1_368' title='bbox 1015 3195 1100 3226; x_wconf 91' lang='lat' dir='ltr'><strong>tunc</strong></span> <span class='ocrx_word' id='word_1_369' title='bbox 1111 3187 1231 3236; x_wconf 88' lang='lat' dir='ltr'><strong>populi</strong></span> <span class='ocrx_word' id='word_1_370' title='bbox 1243 3196 1326 3233; x_wconf 79' lang='lat' dir='ltr'><strong>erga</strong></span> <span class='ocrx_word' id='word_1_371' title='bbox 1340 3185 1449 3222; x_wconf 89' lang='lat' dir='ltr'><strong>Joan—</strong></span> 
     </span>
    </p>
   </div>
   <div class='ocr_carea' id='block_1_49' title="bbox 373 3247 1450 3302">
    <p class='ocr_par' dir='ltr' id='par_1_49' title="bbox 373 3247 1450 3302">
     <span class='ocr_line' id='line_1_49' title="bbox 373 3247 1450 3302; baseline -0.009 -10"><span class='ocrx_word' id='word_1_372' title='bbox 373 3265 455 3292; x_wconf 83' lang='lat' dir='ltr'><strong>nem</strong></span> <span class='ocrx_word' id='word_1_373' title='bbox 469 3257 755 3294; x_wconf 87' lang='lat' dir='ltr'><strong>benevolentiam</strong></span> <span class='ocrx_word' id='word_1_374' title='bbox 774 3255 1000 3302; x_wconf 82' lang='lat' dir='ltr'><strong>intelligeret,</strong></span> <span class='ocrx_word' id='word_1_375' title='bbox 1021 3262 1111 3289; x_wconf 84' lang='lat' dir='ltr'><strong>neve</strong></span> <span class='ocrx_word' id='word_1_376' title='bbox 1129 3261 1169 3288; x_wconf 87' lang='lat' dir='ltr'><strong>se</strong></span> <span class='ocrx_word' id='word_1_377' title='bbox 1184 3257 1220 3287; x_wconf 91' lang='lat' dir='ltr'><strong>ut</strong></span> <span class='ocrx_word' id='word_1_378' title='bbox 1233 3249 1372 3286; x_wconf 82' lang='lat' dir='ltr'><strong>invidos</strong></span> <span class='ocrx_word' id='word_1_379' title='bbox 1386 3247 1450 3283; x_wconf 87' lang='lat' dir='ltr'><strong>ha-</strong></span> 
     </span>
    </p>
   </div>
   <div class='ocr_carea' id='block_1_50' title="bbox 373 3309 1448 3364">
    <p class='ocr_par' dir='ltr' id='par_1_50' title="bbox 373 3309 1448 3364">
     <span class='ocr_line' id='line_1_50' title="bbox 373 3309 1448 3364; baseline -0.008 -11"><span class='ocrx_word' id='word_1_380' title='bbox 373 3316 488 3353; x_wconf 87' lang='lat' dir='ltr'><strong>beret.</strong></span> <span class='ocrx_word' id='word_1_381' title='bbox 501 3317 717 3364; x_wconf 81' lang='lat' dir='ltr'><strong>Urgentibus</strong></span> <span class='ocrx_word' id='word_1_382' title='bbox 729 3317 813 3359; x_wconf 90' lang='lat' dir='ltr'><strong>illis,</strong></span> <span class='ocrx_word' id='word_1_383' title='bbox 826 3317 976 3352; x_wconf 88' lang='lat' dir='ltr'><strong>Lucium</strong></span> <span class='ocrx_word' id='word_1_384' title='bbox 991 3315 1050 3352; x_wconf 88' lang='lat' dir='ltr'><strong>ille</strong></span> <span class='ocrx_word' id='word_1_385' title='bbox 1063 3312 1252 3362; x_wconf 88' lang='lat' dir='ltr'><strong>quemdam</strong></span> <span class='ocrx_word' id='word_1_386' title='bbox 1265 3309 1448 3348; x_wconf 90' lang='lat' dir='ltr'><strong>etlmicnm</strong></span> 
     </span>
    </p>
   </div>
   <div class='ocr_carea' id='block_1_51' title="bbox 372 3370 1450 3425">
    <p class='ocr_par' dir='ltr' id='par_1_51' title="bbox 372 3370 1450 3425">
     <span class='ocr_line' id='line_1_51' title="bbox 372 3370 1450 3425; baseline -0.009 -10"><span class='ocrx_word' id='word_1_387' title='bbox 372 3378 478 3425; x_wconf 89' lang='lat' dir='ltr'><strong>jussit</strong></span> <span class='ocrx_word' id='word_1_388' title='bbox 495 3388 575 3414; x_wconf 85' lang='lat' dir='ltr'><strong>eum</strong></span> <span class='ocrx_word' id='word_1_389' title='bbox 592 3377 837 3415; x_wconf 87' lang='lat' dir='ltr'><strong>Scutariorum</strong></span> <span class='ocrx_word' id='word_1_390' title='bbox 859 3387 966 3412; x_wconf 89' lang='lat' dir='ltr'><strong>manu</strong></span> <span class='ocrx_word' id='word_1_391' title='bbox 982 3376 1044 3412; x_wconf 92' lang='lat' dir='ltr'><strong>illo</strong></span> <span class='ocrx_word' id='word_1_392' title='bbox 1063 3385 1103 3412; x_wconf 88' lang='lat' dir='ltr'><strong>se</strong></span> <span class='ocrx_word' id='word_1_393' title='bbox 1119 3373 1298 3412; x_wconf 87' lang='lat' dir='ltr'><strong>conferre.</strong></span> <span class='ocrx_word' id='word_1_394' title='bbox 1320 3370 1450 3408; x_wconf 84' lang='lat' dir='ltr'><strong>Lucius</strong></span> 
     </span>
    </p>
   </div>
   <div class='ocr_carea' id='block_1_52' title="bbox 375 3435 1449 3486">
    <p class='ocr_par' dir='ltr' id='par_1_52' title="bbox 375 3435 1449 3486">
     <span class='ocr_line' id='line_1_52' title="bbox 375 3435 1449 3486; baseline -0.008 -10"><span class='ocrx_word' id='word_1_395' title='bbox 375 3449 460 3476; x_wconf 84' lang='lat' dir='ltr'><strong>vero</strong></span> <span class='ocrx_word' id='word_1_396' title='bbox 474 3450 555 3476; x_wconf 89' lang='lat' dir='ltr'><strong>cum</strong></span> <span class='ocrx_word' id='word_1_397' title='bbox 568 3439 736 3486; x_wconf 87' lang='lat' dir='ltr'><strong>populum</strong></span> <span class='ocrx_word' id='word_1_398' title='bbox 751 3437 832 3475; x_wconf 92' lang='lat' dir='ltr'><strong>inde</strong></span> <span class='ocrx_word' id='word_1_399' title='bbox 845 3438 1019 3475; x_wconf 79' lang='lat' dir='ltr'><strong>excedere</strong></span> <span class='ocrx_word' id='word_1_400' title='bbox 1033 3437 1129 3474; x_wconf 92' lang='lat' dir='ltr'><strong>nolle</strong></span> <span class='ocrx_word' id='word_1_401' title='bbox 1143 3435 1306 3477; x_wconf 87' lang='lat' dir='ltr'><strong>vidisset,</strong></span> <span class='ocrx_word' id='word_1_402' title='bbox 1325 3442 1449 3470; x_wconf 87' lang='lat' dir='ltr'><strong>rever-</strong></span> 
     </span>
    </p>
   </div>
   <div class='ocr_carea' id='block_1_53' title="bbox 374 3495 1449 3546">
    <p class='ocr_par' dir='ltr' id='par_1_53' title="bbox 374 3495 1449 3546">
     <span class='ocr_line' id='line_1_53' title="bbox 374 3495 1449 3546; baseline -0.011 -7"><span class='ocrx_word' id='word_1_403' title='bbox 374 3512 436 3539; x_wconf 88' lang='lat' dir='ltr'><strong>sus</strong></span> <span class='ocrx_word' id='word_1_404' title='bbox 455 3507 523 3538; x_wconf 90' lang='lat' dir='ltr'><strong>est.</strong></span> <span class='ocrx_word' id='word_1_405' title='bbox 543 3500 644 3538; x_wconf 86' lang='lat' dir='ltr'><strong>Tunc</strong></span> <span class='ocrx_word' id='word_1_406' title='bbox 661 3500 812 3537; x_wconf 84' lang='lat' dir='ltr'><strong>Aeacius</strong></span> <span class='ocrx_word' id='word_1_407' title='bbox 835 3506 871 3536; x_wconf 92' lang='lat' dir='ltr'><strong>et</strong></span> <span class='ocrx_word' id='word_1_408' title='bbox 887 3499 974 3537; x_wconf 88' lang='lat' dir='ltr'><strong>socii</strong></span> <span class='ocrx_word' id='word_1_409' title='bbox 994 3499 1110 3546; x_wconf 88' lang='lat' dir='ltr'><strong>ipsum</strong></span> <span class='ocrx_word' id='word_1_410' title='bbox 1137 3495 1316 3544; x_wconf 88' lang='lat' dir='ltr'><strong>deprecati</strong></span> <span class='ocrx_word' id='word_1_411' title='bbox 1345 3498 1449 3534; x_wconf 87' lang='lat' dir='ltr'><strong>sunt,</strong></span> 
     </span>
    </p>
   </div>
   <div class='ocr_carea' id='block_1_54' title="bbox 377 3552 1452 3609">
    <p class='ocr_par' dir='ltr' id='par_1_54' title="bbox 377 3552 1452 3609">
     <span class='ocr_line' id='line_1_54' title="bbox 377 3552 1452 3609; baseline -0.009 -11"><span class='ocrx_word' id='word_1_412' title='bbox 377 3561 564 3609; x_wconf 75' lang='lat' dir='ltr'><strong>promissis</strong></span> <span class='ocrx_word' id='word_1_413' title='bbox 583 3561 690 3598; x_wconf 90' lang='lat' dir='ltr'><strong>etiam</strong></span> <span class='ocrx_word' id='word_1_414' title='bbox 716 3560 860 3606; x_wconf 89' lang='lat' dir='ltr'><strong>additis,</strong></span> <span class='ocrx_word' id='word_1_415' title='bbox 882 3567 920 3597; x_wconf 92' lang='lat' dir='ltr'><strong>ut</strong></span> <span class='ocrx_word' id='word_1_416' title='bbox 941 3560 1112 3608; x_wconf 90' lang='lat' dir='ltr'><strong>populum</strong></span> <span class='ocrx_word' id='word_1_417' title='bbox 1132 3557 1166 3594; x_wconf 89' lang='lat' dir='ltr'><strong>vi</strong></span> <span class='ocrx_word' id='word_1_418' title='bbox 1185 3556 1336 3604; x_wconf 88' lang='lat' dir='ltr'><strong>pelleret</strong></span> <span class='ocrx_word' id='word_1_419' title='bbox 1353 3559 1390 3590; x_wconf 89' lang='lat' dir='ltr'><strong>et</strong></span> <span class='ocrx_word' id='word_1_420' title='bbox 1406 3552 1452 3588; x_wconf 89' lang='lat' dir='ltr'><strong>ad</strong></span> 
     </span>
    </p>
   </div>
   <div class='ocr_carea' id='block_1_55' title="bbox 376 3613 1452 3667">
    <p class='ocr_par' dir='ltr' id='par_1_55' title="bbox 376 3613 1452 3667">
     <span class='ocr_line' id='line_1_55' title="bbox 376 3613 1452 3667; baseline -0.011 -6"><span class='ocrx_word' id='word_1_421' title='bbox 376 3625 564 3662; x_wconf 85' lang='lat' dir='ltr'><strong>ecclesiam</strong></span> <span class='ocrx_word' id='word_1_422' title='bbox 577 3623 784 3660; x_wconf 83' lang='lat' dir='ltr'><strong>adduceret.</strong></span> <span class='ocrx_word' id='word_1_423' title='bbox 795 3623 894 3660; x_wconf 92' lang='lat' dir='ltr'><strong>Tunc</strong></span> <span class='ocrx_word' id='word_1_424' title='bbox 912 3623 970 3660; x_wconf 91' lang='lat' dir='ltr'><strong>ille</strong></span> <span class='ocrx_word' id='word_1_425' title='bbox 983 3621 1177 3667; x_wconf 89' lang='lat' dir='ltr'><strong>assumptis</strong></span> <span class='ocrx_word' id='word_1_426' title='bbox 1193 3626 1314 3654; x_wconf 87' lang='lat' dir='ltr'><strong>secum</strong></span> <span class='ocrx_word' id='word_1_427' title='bbox 1334 3613 1452 3651; x_wconf 81' lang='lat' dir='ltr'><strong>Acacii</strong></span> 
     </span>
    </p>
   </div>
   <div class='ocr_carea' id='block_1_56' title="bbox 377 3681 1452 3733">
    <p class='ocr_par' dir='ltr' id='par_1_56' title="bbox 377 3681 1452 3733">
     <span class='ocr_line' id='line_1_56' title="bbox 377 3681 1452 3733; baseline -0.011 -11"><span class='ocrx_word' id='word_1_428' title='bbox 377 3686 517 3722; x_wconf 84' lang='lat' dir='ltr'><strong>clericis</strong></span> <span class='ocrx_word' id='word_1_429' title='bbox 538 3687 692 3724; x_wconf 86' lang='lat' dir='ltr'><strong>secunda</strong></span> <span class='ocrx_word' id='word_1_430' title='bbox 713 3686 833 3733; x_wconf 83' lang='lat' dir='ltr'><strong>vigilia</strong></span> <span class='ocrx_word' id='word_1_431' title='bbox 850 3686 968 3722; x_wconf 90' lang='lat' dir='ltr'><strong>noctis</strong></span> <span class='ocrx_word' id='word_1_432' title='bbox 985 3684 1046 3720; x_wconf 91' lang='lat' dir='ltr'><strong>illo</strong></span> <span class='ocrx_word' id='word_1_433' title='bbox 1065 3693 1104 3719; x_wconf 90' lang='lat' dir='ltr'><strong>se</strong></span> <span class='ocrx_word' id='word_1_434' title='bbox 1122 3681 1284 3721; x_wconf 87' lang='lat' dir='ltr'><strong>confert,</strong></span> <span class='ocrx_word' id='word_1_435' title='bbox 1317 3684 1354 3714; x_wconf 89' lang='lat' dir='ltr'><strong>et</strong></span> <span class='ocrx_word' id='word_1_436' title='bbox 1371 3686 1452 3712; x_wconf 87' lang='lat' dir='ltr'><strong>cum</strong></span> 
     </span>
    </p>
   </div>
   <div class='ocr_carea' id='block_1_57' title="bbox 380 3736 1452 3796">
    <p class='ocr_par' dir='ltr' id='par_1_57' title="bbox 380 3736 1452 3796">
     <span class='ocr_line' id='line_1_57' title="bbox 380 3736 1452 3796; baseline -0.01 -14"><span class='ocrx_word' id='word_1_437' title='bbox 380 3749 551 3785; x_wconf 89' lang='lat' dir='ltr'><strong>militibus</strong></span> <span class='ocrx_word' id='word_1_438' title='bbox 579 3749 712 3786; x_wconf 89' lang='lat' dir='ltr'><strong>strictis</strong></span> <span class='ocrx_word' id='word_1_439' title='bbox 732 3749 884 3796; x_wconf 80' lang='lat' dir='ltr'><strong>gladiis,</strong></span> <span class='ocrx_word' id='word_1_440' title='bbox 917 3747 952 3782; x_wconf 93' lang='lat' dir='ltr'><strong>in</strong></span> <span class='ocrx_word' id='word_1_441' title='bbox 981 3742 1243 3780; x_wconf 89' lang='lat' dir='ltr'><strong>multitudinem</strong></span> <span class='ocrx_word' id='word_1_442' title='bbox 1274 3736 1452 3784; x_wconf 88' lang='lat' dir='ltr'><strong>irrumpit,</strong></span> 
     </span>
    </p>
   </div>
   <div class='ocr_carea' id='block_1_58' title="bbox 382 3800 1456 3856">
    <p class='ocr_par' dir='ltr' id='par_1_58' title="bbox 382 3800 1456 3856">
     <span class='ocr_line' id='line_1_58' title="bbox 382 3800 1456 3856; baseline -0.01 -12"><span class='ocrx_word' id='word_1_443' title='bbox 382 3816 546 3854; x_wconf 88' lang='lat' dir='ltr'><strong>penetrat</strong></span> <span class='ocrx_word' id='word_1_444' title='bbox 567 3820 676 3856; x_wconf 90' lang='lat' dir='ltr'><strong>nsque</strong></span> <span class='ocrx_word' id='word_1_445' title='bbox 695 3810 739 3846; x_wconf 89' lang='lat' dir='ltr'><strong>ad</strong></span> <span class='ocrx_word' id='word_1_446' title='bbox 769 3815 912 3846; x_wconf 87' lang='lat' dir='ltr'><strong>sanctas</strong></span> <span class='ocrx_word' id='word_1_447' title='bbox 931 3815 1042 3852; x_wconf 87' lang='lat' dir='ltr'><strong>aquas</strong></span> <span class='ocrx_word' id='word_1_448' title='bbox 1057 3831 1067 3846; x_wconf 91' lang='lat'><strong>,</strong></span> <span class='ocrx_word' id='word_1_449' title='bbox 1089 3809 1128 3838; x_wconf 90' lang='lat' dir='ltr'><strong>ut</strong></span> <span class='ocrx_word' id='word_1_450' title='bbox 1155 3800 1362 3848; x_wconf 89' lang='lat' dir='ltr'><strong>prohiberet</strong></span> <span class='ocrx_word' id='word_1_451' title='bbox 1391 3807 1456 3834; x_wconf 84' lang='lat' dir='ltr'><strong>eos</strong></span> 
     </span>
    </p>
   </div>
   <div class='ocr_carea' id='block_1_59' title="bbox 383 3859 1456 3914">
    <p class='ocr_par' dir='ltr' id='par_1_59' title="bbox 383 3859 1456 3914">
     <span class='ocr_line' id='line_1_59' title="bbox 383 3859 1456 3914; baseline -0.008 -10"><span class='ocrx_word' id='word_1_452' title='bbox 383 3870 444 3914; x_wconf 88' lang='lat' dir='ltr'><strong>qui</strong></span> <span class='ocrx_word' id='word_1_453' title='bbox 480 3871 712 3908; x_wconf 89' lang='lat' dir='ltr'><strong>initiabantur</strong></span> <span class='ocrx_word' id='word_1_454' title='bbox 735 3868 978 3908; x_wconf 85' lang='lat' dir='ltr'><strong>Sacramentis</strong></span> <span class='ocrx_word' id='word_1_455' title='bbox 997 3865 1191 3902; x_wconf 78' lang='lat' dir='ltr'><strong>Dominica:</strong></span> <span class='ocrx_word' id='word_1_456' title='bbox 1209 3859 1456 3899; x_wconf 66' lang='lat' dir='ltr'><strong>Resurrectioo</strong></span> 
     </span>
    </p>
   </div>
   <div class='ocr_carea' id='block_1_60' title="bbox 385 3920 1440 3972">
    <p class='ocr_par' dir='ltr' id='par_1_60' title="bbox 385 3920 1440 3972">
     <span class='ocr_line' id='line_1_60' title="bbox 385 3920 1440 3972; baseline -0.005 -11"><span class='ocrx_word' id='word_1_457' title='bbox 385 3928 437 3964; x_wconf 84' lang='lat' dir='ltr'><strong>nis</strong></span> <span class='ocrx_word' id='word_1_458' title='bbox 451 3937 504 3966; x_wconf 86' lang='lat' dir='ltr'><strong>:ct</strong></span> <span class='ocrx_word' id='word_1_459' title='bbox 520 3932 705 3969; x_wconf 88' lang='lat' dir='ltr'><strong>diaconum</strong></span> <span class='ocrx_word' id='word_1_460' title='bbox 722 3933 942 3969; x_wconf 72' lang='lat' dir='ltr'><strong>truculentcr</strong></span> <span class='ocrx_word' id='word_1_461' title='bbox 957 3927 1126 3965; x_wconf 82' lang='lat' dir='ltr'><strong>invadens</strong></span> <span class='ocrx_word' id='word_1_462' title='bbox 1139 3923 1301 3972; x_wconf 79' lang='lat' dir='ltr'><strong>symbola</strong></span> <span class='ocrx_word' id='word_1_463' title='bbox 1317 3920 1440 3958; x_wconf 76' lang='lat' dir='ltr'><strong>effudit</strong></span> 
     </span>
    </p>
   </div>
   <div class='ocr_carea' id='block_1_61' title="bbox 1053 234 2517 294">
    <p class='ocr_par' dir='ltr' id='par_1_61' title="bbox 1053 234 2517 294">
     <span class='ocr_line' id='line_1_61' title="bbox 1053 234 2517 294; baseline -0.015 0"><span class='ocrx_word' id='word_1_464' title='bbox 1053 256 1092 294; x_wconf 88' lang='lat' dir='ltr'><strong>S.</strong></span> <span class='ocrx_word' id='word_1_465' title='bbox 1119 251 1310 293; x_wconf 68' lang='lat' dir='ltr'><strong>JOANNIS</strong></span> <span class='ocrx_word' id='word_1_466' title='bbox 1335 245 1659 286; x_wconf 74' lang='lat' dir='ltr'><strong>CHRYSOSTOMI</strong></span> <span class='ocrx_word' id='word_1_467' title='bbox 1688 243 1810 286; x_wconf 81' lang='lat' dir='ltr'><strong>VITA,</strong></span> <span class='ocrx_word' id='word_1_468' title='bbox 2462 234 2517 273; x_wconf 76' lang='lat' dir='ltr'><strong>an</strong></span> 
     </span>
    </p>
   </div>
   <div class='ocr_carea' id='block_1_62' title="bbox 1471 312 2516 373">
    <p class='ocr_par' dir='ltr' id='par_1_62' title="bbox 1471 312 2516 373">
     <span class='ocr_line' id='line_1_62' title="bbox 1471 312 2516 373; baseline -0.012 -11"><span class='ocrx_word' id='word_1_469' title='bbox 1471 325 1704 373; x_wconf 82' lang='lat' dir='ltr'><strong>presbyteros</strong></span> <span class='ocrx_word' id='word_1_470' title='bbox 1723 331 1810 358; x_wconf 86' lang='lat' dir='ltr'><strong>vero</strong></span> <span class='ocrx_word' id='word_1_471' title='bbox 1827 319 2039 368; x_wconf 78' lang='lat' dir='ltr'><strong>grandaevos</strong></span> <span class='ocrx_word' id='word_1_472' title='bbox 2052 315 2201 353; x_wconf 89' lang='lat' dir='ltr'><strong>fustibus</strong></span> <span class='ocrx_word' id='word_1_473' title='bbox 2213 314 2249 351; x_wconf 85' lang='lat' dir='ltr'><strong>in</strong></span> <span class='ocrx_word' id='word_1_474' title='bbox 2269 319 2378 361; x_wconf 80' lang='lat' dir='ltr'><strong>capite</strong></span> <span class='ocrx_word' id='word_1_475' title='bbox 2392 312 2516 357; x_wconf 79' lang='lat' dir='ltr'><strong>feriens,</strong></span> 
     </span>
    </p>
   </div>
   <div class='ocr_carea' id='block_1_63' title="bbox 1470 375 2519 428">
    <p class='ocr_par' dir='ltr' id='par_1_63' title="bbox 1470 375 2519 428">
     <span class='ocr_line' id='line_1_63' title="bbox 1470 375 2519 428; baseline -0.009 -6"><span class='ocrx_word' id='word_1_476' title='bbox 1470 397 1610 424; x_wconf 89' lang='lat' dir='ltr'><strong>sacrum</strong></span> <span class='ocrx_word' id='word_1_477' title='bbox 1627 385 1759 422; x_wconf 84' lang='lat' dir='ltr'><strong>fontem</strong></span> <span class='ocrx_word' id='word_1_478' title='bbox 1773 391 1902 420; x_wconf 89' lang='lat' dir='ltr'><strong>cruore</strong></span> <span class='ocrx_word' id='word_1_479' title='bbox 1915 379 2126 428; x_wconf 82' lang='lat' dir='ltr'><strong>conspersit.</strong></span> <span class='ocrx_word' id='word_1_480' title='bbox 2141 379 2238 414; x_wconf 85' lang='lat' dir='ltr'><strong>Tunc</strong></span> <span class='ocrx_word' id='word_1_481' title='bbox 2252 387 2323 414; x_wconf 88' lang='lat' dir='ltr'><strong>rem</strong></span> <span class='ocrx_word' id='word_1_482' title='bbox 2335 375 2519 423; x_wconf 82' lang='lat' dir='ltr'><strong>stupendam</strong></span> 
     </span>
    </p>
   </div>
   <div class='ocr_carea' id='block_1_64' title="bbox 1471 439 2520 484">
    <p class='ocr_par' dir='ltr' id='par_1_64' title="bbox 1471 439 2520 484">
     <span class='ocr_line' id='line_1_64' title="bbox 1471 439 2520 484; baseline -0.008 0"><span class='ocrx_word' id='word_1_483' title='bbox 1471 448 1593 484; x_wconf 84' lang='lat' dir='ltr'><strong>videre</strong></span> <span class='ocrx_word' id='word_1_484' title='bbox 1613 453 1703 483; x_wconf 86' lang='lat' dir='ltr'><strong>erat.</strong></span> <span class='ocrx_word' id='word_1_485' title='bbox 1724 444 1836 482; x_wconf 75' lang='lat' dir='ltr'><strong>Nuda:</strong></span> <span class='ocrx_word' id='word_1_486' title='bbox 1850 443 1947 480; x_wconf 87' lang='lat' dir='ltr'><strong>enim</strong></span> <span class='ocrx_word' id='word_1_487' title='bbox 1967 443 2134 479; x_wconf 89' lang='lat' dir='ltr'><strong>mulieres</strong></span> <span class='ocrx_word' id='word_1_488' title='bbox 2147 450 2225 477; x_wconf 89' lang='lat' dir='ltr'><strong>cum</strong></span> <span class='ocrx_word' id='word_1_489' title='bbox 2243 439 2324 476; x_wconf 91' lang='lat' dir='ltr'><strong>viris</strong></span> <span class='ocrx_word' id='word_1_490' title='bbox 2340 439 2422 483; x_wconf 89' lang='lat' dir='ltr'><strong>suis,</strong></span> <span class='ocrx_word' id='word_1_491' title='bbox 2438 445 2520 476; x_wconf 85' lang='lat' dir='ltr'><strong>metu</strong></span> 
     </span>
    </p>
   </div>
   <div class='ocr_carea' id='block_1_65' title="bbox 1473 499 2521 550">
    <p class='ocr_par' dir='ltr' id='par_1_65' title="bbox 1473 499 2521 550">
     <span class='ocr_line' id='line_1_65' title="bbox 1473 499 2521 550; baseline -0.011 -3"><span class='ocrx_word' id='word_1_492' title='bbox 1473 510 1600 547; x_wconf 89' lang='lat' dir='ltr'><strong>mortis</strong></span> <span class='ocrx_word' id='word_1_493' title='bbox 1615 515 1653 546; x_wconf 91' lang='lat' dir='ltr'><strong>et</strong></span> <span class='ocrx_word' id='word_1_494' title='bbox 1673 519 1716 544; x_wconf 78' lang='lat' dir='ltr'><strong>ex</strong></span> <span class='ocrx_word' id='word_1_495' title='bbox 1736 506 1951 544; x_wconf 90' lang='lat' dir='ltr'><strong>verecundia</strong></span> <span class='ocrx_word' id='word_1_496' title='bbox 1968 504 2059 550; x_wconf 89' lang='lat' dir='ltr'><strong>turpi</strong></span> <span class='ocrx_word' id='word_1_497' title='bbox 2077 513 2116 540; x_wconf 88' lang='lat' dir='ltr'><strong>se</strong></span> <span class='ocrx_word' id='word_1_498' title='bbox 2133 501 2224 549; x_wconf 61' lang='lat' dir='ltr'><strong>fuga}</strong></span> <span class='ocrx_word' id='word_1_499' title='bbox 2241 501 2382 538; x_wconf 86' lang='lat' dir='ltr'><strong>dabant:</strong></span> <span class='ocrx_word' id='word_1_500' title='bbox 2398 499 2521 548; x_wconf 83' lang='lat' dir='ltr'><strong>quidam</strong></span> 
     </span>
    </p>
   </div>
   <div class='ocr_carea' id='block_1_66' title="bbox 1473 564 2522 614">
    <p class='ocr_par' dir='ltr' id='par_1_66' title="bbox 1473 564 2522 614">
     <span class='ocr_line' id='line_1_66' title="bbox 1473 564 2522 614; baseline -0.011 -3"><span class='ocrx_word' id='word_1_501' title='bbox 1473 585 1580 611; x_wconf 87' lang='lat' dir='ltr'><strong>manu</strong></span> <span class='ocrx_word' id='word_1_502' title='bbox 1612 572 1790 610; x_wconf 87' lang='lat' dir='ltr'><strong>vulnerati</strong></span> <span class='ocrx_word' id='word_1_503' title='bbox 1811 570 1958 607; x_wconf 87' lang='lat' dir='ltr'><strong>abibant</strong></span> <span class='ocrx_word' id='word_1_504' title='bbox 1987 568 2182 614; x_wconf 86' lang='lat' dir='ltr'><strong>plorantes.</strong></span> <span class='ocrx_word' id='word_1_505' title='bbox 2203 565 2254 602; x_wconf 86' lang='lat' dir='ltr'><strong>Ex</strong></span> <span class='ocrx_word' id='word_1_506' title='bbox 2273 564 2432 600; x_wconf 85' lang='lat' dir='ltr'><strong>militibus</strong></span> <span class='ocrx_word' id='word_1_507' title='bbox 2451 573 2522 600; x_wconf 87' lang='lat' dir='ltr'><strong>vero</strong></span> 
     </span>
    </p>
   </div>
   <div class='ocr_carea' id='block_1_67' title="bbox 1475 623 2522 680">
    <p class='ocr_par' dir='ltr' id='par_1_67' title="bbox 1475 623 2522 680">
     <span class='ocr_line' id='line_1_67' title="bbox 1475 623 2522 680; baseline -0.011 -8"><span class='ocrx_word' id='word_1_508' title='bbox 1475 635 1636 672; x_wconf 85' lang='lat' dir='ltr'><strong>nonnulli</strong></span> <span class='ocrx_word' id='word_1_509' title='bbox 1669 633 1824 680; x_wconf 84' lang='lat' dir='ltr'><strong>virgines</strong></span> <span class='ocrx_word' id='word_1_510' title='bbox 1845 630 1988 667; x_wconf 87' lang='lat' dir='ltr'><strong>trahere</strong></span> <span class='ocrx_word' id='word_1_511' title='bbox 2015 627 2207 666; x_wconf 89' lang='lat' dir='ltr'><strong>conscissis</strong></span> <span class='ocrx_word' id='word_1_512' title='bbox 2225 625 2334 662; x_wconf 90' lang='lat' dir='ltr'><strong>sacris</strong></span> <span class='ocrx_word' id='word_1_513' title='bbox 2361 623 2522 661; x_wconf 72' lang='lat' dir='ltr'><strong>vestibus:</strong></span> 
     </span>
    </p>
   </div>
   <div class='ocr_carea' id='block_1_68' title="bbox 1475 688 2522 739">
    <p class='ocr_par' dir='ltr' id='par_1_68' title="bbox 1475 688 2522 739">
     <span class='ocr_line' id='line_1_68' title="bbox 1475 688 2522 739; baseline -0.013 -2"><span class='ocrx_word' id='word_1_514' title='bbox 1475 709 1603 736; x_wconf 88' lang='lat' dir='ltr'><strong>omnes</strong></span> <span class='ocrx_word' id='word_1_515' title='bbox 1623 703 1743 734; x_wconf 88' lang='lat' dir='ltr'><strong>autem</strong></span> <span class='ocrx_word' id='word_1_516' title='bbox 1760 705 1863 733; x_wconf 89' lang='lat' dir='ltr'><strong>sacra</strong></span> <span class='ocrx_word' id='word_1_517' title='bbox 1882 703 1965 731; x_wconf 88' lang='lat' dir='ltr'><strong>vasa</strong></span> <span class='ocrx_word' id='word_1_518' title='bbox 1985 692 2207 739; x_wconf 70' lang='lat' dir='ltr'><strong>deprmdare,</strong></span> <span class='ocrx_word' id='word_1_519' title='bbox 2225 689 2289 727; x_wconf 87' lang='lat' dir='ltr'><strong>sibi</strong></span> <span class='ocrx_word' id='word_1_520' title='bbox 2305 698 2434 736; x_wconf 85' lang='lat' dir='ltr'><strong>rapere.</strong></span> <span class='ocrx_word' id='word_1_521' title='bbox 2449 688 2522 725; x_wconf 84' lang='lat' dir='ltr'><strong>Prc-</strong></span> 
     </span>
    </p>
   </div>
   <div class='ocr_carea' id='block_1_69' title="bbox 1476 751 2524 812">
    <p class='ocr_par' dir='ltr' id='par_1_69' title="bbox 1476 751 2524 812">
     <span class='ocr_line' id='line_1_69' title="bbox 1476 751 2524 812; baseline -0.014 -12"><span class='ocrx_word' id='word_1_522' title='bbox 1476 762 1613 812; x_wconf 75' lang='lat' dir='ltr'><strong>sbyteri</strong></span> <span class='ocrx_word' id='word_1_523' title='bbox 1634 767 1670 798; x_wconf 89' lang='lat' dir='ltr'><strong>et</strong></span> <span class='ocrx_word' id='word_1_524' title='bbox 1683 759 1824 797; x_wconf 91' lang='lat' dir='ltr'><strong>diaconi</strong></span> <span class='ocrx_word' id='word_1_525' title='bbox 1843 758 1879 794; x_wconf 90' lang='lat' dir='ltr'><strong>in</strong></span> <span class='ocrx_word' id='word_1_526' title='bbox 1897 766 2082 794; x_wconf 90' lang='lat' dir='ltr'><strong>carcerem</strong></span> <span class='ocrx_word' id='word_1_527' title='bbox 2103 753 2343 791; x_wconf 83' lang='lat' dir='ltr'><strong>trudebantur.</strong></span> <span class='ocrx_word' id='word_1_528' title='bbox 2363 751 2398 788; x_wconf 91' lang='lat' dir='ltr'><strong>ln</strong></span> <span class='ocrx_word' id='word_1_529' title='bbox 2413 751 2524 798; x_wconf 86' lang='lat' dir='ltr'><strong>populo</strong></span> 
     </span>
    </p>
   </div>
   <div class='ocr_carea' id='block_1_70' title="bbox 1476 814 2521 872">
    <p class='ocr_par' dir='ltr' id='par_1_70' title="bbox 1476 814 2521 872">
     <span class='ocr_line' id='line_1_70' title="bbox 1476 814 2521 872; baseline -0.011 -11"><span class='ocrx_word' id='word_1_530' title='bbox 1476 825 1536 872; x_wconf 89' lang='lat' dir='ltr'><strong>qui</strong></span> <span class='ocrx_word' id='word_1_531' title='bbox 1559 823 1809 860; x_wconf 81' lang='lat' dir='ltr'><strong>honoratiores</strong></span> <span class='ocrx_word' id='word_1_532' title='bbox 1827 825 1942 863; x_wconf 84' lang='lat' dir='ltr'><strong>erant,</strong></span> <span class='ocrx_word' id='word_1_533' title='bbox 1965 829 2009 855; x_wconf 81' lang='lat' dir='ltr'><strong>ex</strong></span> <span class='ocrx_word' id='word_1_534' title='bbox 2026 826 2154 864; x_wconf 86' lang='lat' dir='ltr'><strong>magna</strong></span> <span class='ocrx_word' id='word_1_535' title='bbox 2173 815 2231 852; x_wconf 89' lang='lat' dir='ltr'><strong>illa</strong></span> <span class='ocrx_word' id='word_1_536' title='bbox 2245 814 2328 851; x_wconf 87' lang='lat' dir='ltr'><strong>urbe</strong></span> <span class='ocrx_word' id='word_1_537' title='bbox 2344 814 2426 861; x_wconf 90' lang='lat' dir='ltr'><strong>pulsi</strong></span> <span class='ocrx_word' id='word_1_538' title='bbox 2443 819 2521 850; x_wconf 81' lang='lat' dir='ltr'><strong>Sum.</strong></span> 
     </span>
    </p>
   </div>
   <div class='ocr_carea' id='block_1_71' title="bbox 1478 876 2525 930">
    <p class='ocr_par' dir='ltr' id='par_1_71' title="bbox 1478 876 2525 930">
     <span class='ocr_line' id='line_1_71' title="bbox 1478 876 2525 930; baseline -0.012 -6"><span class='ocrx_word' id='word_1_539' title='bbox 1478 887 1603 925; x_wconf 87' lang='lat' dir='ltr'><strong>Edicta</strong></span> <span class='ocrx_word' id='word_1_540' title='bbox 1625 884 1814 922; x_wconf 80' lang='lat' dir='ltr'><strong>confertim</strong></span> <span class='ocrx_word' id='word_1_541' title='bbox 1832 881 2106 930; x_wconf 86' lang='lat' dir='ltr'><strong>publicabantur</strong></span> <span class='ocrx_word' id='word_1_542' title='bbox 2121 905 2131 923; x_wconf 88' lang='lat'><strong>,</strong></span> <span class='ocrx_word' id='word_1_543' title='bbox 2153 889 2232 915; x_wconf 88' lang='lat' dir='ltr'><strong>cum</strong></span> <span class='ocrx_word' id='word_1_544' title='bbox 2251 877 2354 914; x_wconf 91' lang='lat' dir='ltr'><strong>minis</strong></span> <span class='ocrx_word' id='word_1_545' title='bbox 2368 876 2525 913; x_wconf 71' lang='lat' dir='ltr'><strong>intentatis</strong></span> 
     </span>
    </p>
   </div>
   <div class='ocr_carea' id='block_1_72' title="bbox 1479 937 2485 995">
    <p class='ocr_par' dir='ltr' id='par_1_72' title="bbox 1479 937 2485 995">
     <span class='ocr_line' id='line_1_72' title="bbox 1479 937 2485 995; baseline -0.014 -8"><span class='ocrx_word' id='word_1_546' title='bbox 1479 950 1517 987; x_wconf 91' lang='lat' dir='ltr'><strong>in</strong></span> <span class='ocrx_word' id='word_1_547' title='bbox 1536 959 1612 992; x_wconf 90' lang='lat' dir='ltr'><strong>eos,</strong></span> <span class='ocrx_word' id='word_1_548' title='bbox 1633 948 1693 995; x_wconf 90' lang='lat' dir='ltr'><strong>qui</strong></span> <span class='ocrx_word' id='word_1_549' title='bbox 1713 958 1732 983; x_wconf 89' lang='lat' dir='ltr'><strong>a</strong></span> <span class='ocrx_word' id='word_1_550' title='bbox 1753 943 1902 983; x_wconf 86' lang='lat' dir='ltr'><strong>Joannis</strong></span> <span class='ocrx_word' id='word_1_551' title='bbox 1923 941 2178 980; x_wconf 89' lang='lat' dir='ltr'><strong>communione</strong></span> <span class='ocrx_word' id='word_1_552' title='bbox 2197 949 2265 976; x_wconf 92' lang='lat' dir='ltr'><strong>non</strong></span> <span class='ocrx_word' id='word_1_553' title='bbox 2285 937 2485 975; x_wconf 88' lang='lat' dir='ltr'><strong>recederent.</strong></span> 
     </span>
    </p>
   </div>
   <div class='ocr_carea' id='block_1_73' title="bbox 1531 999 2526 1048">
    <p class='ocr_par' dir='ltr' id='par_1_73' title="bbox 1531 999 2526 1048">
     <span class='ocr_line' id='line_1_73' title="bbox 1531 999 2526 1048; baseline -0.012 -1"><span class='ocrx_word' id='word_1_554' title='bbox 1531 1011 1595 1048; x_wconf 83' lang='lat' dir='ltr'><strong>illa</strong></span> <span class='ocrx_word' id='word_1_555' title='bbox 1619 1021 1710 1048; x_wconf 82' lang='lat' dir='ltr'><strong>vero</strong></span> <span class='ocrx_word' id='word_1_556' title='bbox 1731 1009 1854 1046; x_wconf 89' lang='lat' dir='ltr'><strong>omnia</strong></span> <span class='ocrx_word' id='word_1_557' title='bbox 1880 1005 2120 1044; x_wconf 87' lang='lat' dir='ltr'><strong>moliebantur</strong></span> <span class='ocrx_word' id='word_1_558' title='bbox 2140 1003 2286 1039; x_wconf 85' lang='lat' dir='ltr'><strong>Aeacius</strong></span> <span class='ocrx_word' id='word_1_559' title='bbox 2315 1006 2352 1038; x_wconf 90' lang='lat' dir='ltr'><strong>et</strong></span> <span class='ocrx_word' id='word_1_560' title='bbox 2365 999 2526 1038; x_wconf 86' lang='lat' dir='ltr'><strong>conscele-</strong></span> 
     </span>
    </p>
   </div>
   <div class='ocr_carea' id='block_1_74' title="bbox 1481 1061 2527 1117">
    <p class='ocr_par' dir='ltr' id='par_1_74' title="bbox 1481 1061 2527 1117">
     <span class='ocr_line' id='line_1_74' title="bbox 1481 1061 2527 1117; baseline -0.016 -6"><span class='ocrx_word' id='word_1_561' title='bbox 1481 1073 1549 1111; x_wconf 90' lang='lat' dir='ltr'><strong>rati</strong></span> <span class='ocrx_word' id='word_1_562' title='bbox 1570 1101 1580 1117; x_wconf 93' lang='lat'><strong>,</strong></span> <span class='ocrx_word' id='word_1_563' title='bbox 1599 1078 1640 1108; x_wconf 94' lang='lat' dir='ltr'><strong>ut</strong></span> <span class='ocrx_word' id='word_1_564' title='bbox 1659 1081 1702 1108; x_wconf 77' lang='lat' dir='ltr'><strong>ex</strong></span> <span class='ocrx_word' id='word_1_565' title='bbox 1727 1071 1770 1108; x_wconf 90' lang='lat' dir='ltr'><strong>iis</strong></span> <span class='ocrx_word' id='word_1_566' title='bbox 1800 1069 1890 1106; x_wconf 88' lang='lat' dir='ltr'><strong>locis</strong></span> <span class='ocrx_word' id='word_1_567' title='bbox 1923 1067 2058 1114; x_wconf 69' lang='lat' dir='ltr'><strong>eiectus</strong></span> <span class='ocrx_word' id='word_1_568' title='bbox 2078 1063 2228 1112; x_wconf 90' lang='lat' dir='ltr'><strong>populus</strong></span> <span class='ocrx_word' id='word_1_569' title='bbox 2245 1063 2278 1098; x_wconf 92' lang='lat' dir='ltr'><strong>in</strong></span> <span class='ocrx_word' id='word_1_570' title='bbox 2302 1061 2471 1098; x_wconf 85' lang='lat' dir='ltr'><strong>ecclesiam</strong></span> <span class='ocrx_word' id='word_1_571' title='bbox 2496 1069 2527 1095; x_wconf 77' lang='lat' dir='ltr'><strong>sn</strong></span> 
     </span>
    </p>
   </div>
   <div class='ocr_carea' id='block_1_75' title="bbox 1481 1123 2522 1179">
    <p class='ocr_par' dir='ltr' id='par_1_75' title="bbox 1481 1123 2522 1179">
     <span class='ocr_line' id='line_1_75' title="bbox 1481 1123 2522 1179; baseline -0.014 -6"><span class='ocrx_word' id='word_1_572' title='bbox 1481 1134 1676 1179; x_wconf 86' lang='lat' dir='ltr'><strong>conferret,</strong></span> <span class='ocrx_word' id='word_1_573' title='bbox 1694 1133 1729 1169; x_wconf 92' lang='lat' dir='ltr'><strong>in</strong></span> <span class='ocrx_word' id='word_1_574' title='bbox 1749 1143 1818 1179; x_wconf 86' lang='lat' dir='ltr'><strong>qua</strong></span> <span class='ocrx_word' id='word_1_575' title='bbox 1839 1131 1906 1178; x_wconf 86' lang='lat' dir='ltr'><strong>ipsi</strong></span> <span class='ocrx_word' id='word_1_576' title='bbox 1926 1129 2028 1176; x_wconf 89' lang='lat' dir='ltr'><strong>pulso</strong></span> <span class='ocrx_word' id='word_1_577' title='bbox 2045 1127 2180 1171; x_wconf 80' lang='lat' dir='ltr'><strong>Joanne</strong></span> <span class='ocrx_word' id='word_1_578' title='bbox 2205 1123 2406 1162; x_wconf 85' lang='lat' dir='ltr'><strong>celebraturi</strong></span> <span class='ocrx_word' id='word_1_579' title='bbox 2424 1132 2522 1159; x_wconf 79' lang='lat' dir='ltr'><strong>eram.</strong></span> 
     </span>
    </p>
   </div>
   <div class='ocr_carea' id='block_1_76' title="bbox 1484 1189 2529 1241">
    <p class='ocr_par' dir='ltr' id='par_1_76' title="bbox 1484 1189 2529 1241">
     <span class='ocr_line' id='line_1_76' title="bbox 1484 1189 2529 1241; baseline -0.017 -5"><span class='ocrx_word' id='word_1_580' title='bbox 1484 1199 1616 1236; x_wconf 80' lang='lat' dir='ltr'><strong>Verum</strong></span> <span class='ocrx_word' id='word_1_581' title='bbox 1635 1195 1796 1233; x_wconf 64' lang='lat' dir='ltr'><strong>ecclesiae</strong></span> <span class='ocrx_word' id='word_1_582' title='bbox 1815 1203 1908 1241; x_wconf 88' lang='lat' dir='ltr'><strong>pene</strong></span> <span class='ocrx_word' id='word_1_583' title='bbox 1925 1200 2052 1229; x_wconf 88' lang='lat' dir='ltr'><strong>omnes</strong></span> <span class='ocrx_word' id='word_1_584' title='bbox 2080 1197 2200 1225; x_wconf 68' lang='lat' dir='ltr'><strong>vacare</strong></span> <span class='ocrx_word' id='word_1_585' title='bbox 2218 1189 2436 1222; x_wconf 87' lang='lat' dir='ltr'><strong>manserunt:</strong></span> <span class='ocrx_word' id='word_1_586' title='bbox 2453 1192 2529 1230; x_wconf 83' lang='lat' dir='ltr'><strong>pau-</strong></span> 
     </span>
    </p>
   </div>
   <div class='ocr_carea' id='block_1_77' title="bbox 1484 1245 2528 1302">
    <p class='ocr_par' dir='ltr' id='par_1_77' title="bbox 1484 1245 2528 1302">
     <span class='ocr_line' id='line_1_77' title="bbox 1484 1245 2528 1302; baseline -0.016 -5"><span class='ocrx_word' id='word_1_587' title='bbox 1484 1259 1619 1297; x_wconf 89' lang='lat' dir='ltr'><strong>cissimi</strong></span> <span class='ocrx_word' id='word_1_588' title='bbox 1640 1259 1736 1296; x_wconf 90' lang='lat' dir='ltr'><strong>enim</strong></span> <span class='ocrx_word' id='word_1_589' title='bbox 1755 1261 1859 1294; x_wconf 90' lang='lat' dir='ltr'><strong>erant</strong></span> <span class='ocrx_word' id='word_1_590' title='bbox 1872 1283 1881 1301; x_wconf 94' lang='lat'><strong>,</strong></span> <span class='ocrx_word' id='word_1_591' title='bbox 1901 1253 1961 1302; x_wconf 89' lang='lat' dir='ltr'><strong>qui</strong></span> <span class='ocrx_word' id='word_1_592' title='bbox 1982 1263 2004 1289; x_wconf 91' lang='lat' dir='ltr'><strong>a</strong></span> <span class='ocrx_word' id='word_1_593' title='bbox 2020 1250 2170 1289; x_wconf 77' lang='lat' dir='ltr'><strong>Joannis</strong></span> <span class='ocrx_word' id='word_1_594' title='bbox 2189 1245 2428 1286; x_wconf 88' lang='lat' dir='ltr'><strong>communione</strong></span> <span class='ocrx_word' id='word_1_595' title='bbox 2444 1253 2528 1281; x_wconf 80' lang='lat' dir='ltr'><strong>rece-</strong></span> 
     </span>
    </p>
   </div>
   <div class='ocr_carea' id='block_1_78' title="bbox 1486 1324 1628 1360">
    <p class='ocr_par' dir='ltr' id='par_1_78' title="bbox 1486 1324 1628 1360">
     <span class='ocr_line' id='line_1_78' title="bbox 1486 1324 1628 1360; baseline -0.021 0"><span class='ocrx_word' id='word_1_596' title='bbox 1486 1324 1628 1360; x_wconf 86' lang='lat' dir='ltr'><strong>dercut.</strong></span> 
     </span>
    </p>
   </div>
   <div class='ocr_carea' id='block_1_79' title="bbox 1535 1369 2530 1430">
    <p class='ocr_par' dir='ltr' id='par_1_79' title="bbox 1535 1369 2530 1430">
     <span class='ocr_line' id='line_1_79' title="bbox 1535 1369 2530 1430; baseline -0.018 -8"><span class='ocrx_word' id='word_1_597' title='bbox 1535 1386 1654 1422; x_wconf 80' lang='lat' dir='ltr'><strong>Clerus</strong></span> <span class='ocrx_word' id='word_1_598' title='bbox 1672 1389 1702 1420; x_wconf 81' lang='lat' dir='ltr'><strong>et</strong></span> <span class='ocrx_word' id='word_1_599' title='bbox 1721 1383 1868 1430; x_wconf 76' lang='lat' dir='ltr'><strong>populus</strong></span> <span class='ocrx_word' id='word_1_600' title='bbox 1888 1381 1924 1416; x_wconf 84' lang='lat' dir='ltr'><strong>in</strong></span> <span class='ocrx_word' id='word_1_601' title='bbox 1944 1389 2028 1426; x_wconf 86' lang='lat' dir='ltr'><strong>agro</strong></span> <span class='ocrx_word' id='word_1_602' title='bbox 2051 1377 2207 1414; x_wconf 76' lang='lat' dir='ltr'><strong>collectus</strong></span> <span class='ocrx_word' id='word_1_603' title='bbox 2237 1372 2409 1410; x_wconf 77' lang='lat' dir='ltr'><strong>invaditur.</strong></span> <span class='ocrx_word' id='word_1_604' title='bbox 2423 1369 2530 1406; x_wconf 86' lang='lat' dir='ltr'><strong>-—llbi</strong></span> 
     </span>
    </p>
   </div>
   <div class='ocr_carea' id='block_1_80' title="bbox 1490 1438 2528 1486">
    <p class='ocr_par' dir='ltr' id='par_1_80' title="bbox 1490 1438 2528 1486">
     <span class='ocr_line' id='line_1_80' title="bbox 1490 1438 2528 1486; baseline -0.018 0"><span class='ocrx_word' id='word_1_605' title='bbox 1490 1458 1576 1486; x_wconf 85' lang='lat' dir='ltr'><strong>vero</strong></span> <span class='ocrx_word' id='word_1_606' title='bbox 1594 1447 1711 1484; x_wconf 82' lang='lat' dir='ltr'><strong>illuxit</strong></span> <span class='ocrx_word' id='word_1_607' title='bbox 1727 1445 1914 1482; x_wconf 83' lang='lat' dir='ltr'><strong>Paschalis</strong></span> <span class='ocrx_word' id='word_1_608' title='bbox 1929 1443 2022 1486; x_wconf 89' lang='lat' dir='ltr'><strong>dies,</strong></span> <span class='ocrx_word' id='word_1_609' title='bbox 2041 1440 2158 1478; x_wconf 87' lang='lat' dir='ltr'><strong>omnis</strong></span> <span class='ocrx_word' id='word_1_610' title='bbox 2176 1438 2298 1475; x_wconf 87' lang='lat' dir='ltr'><strong>civitas</strong></span> <span class='ocrx_word' id='word_1_611' title='bbox 2315 1442 2408 1473; x_wconf 81' lang='lat' dir='ltr'><strong>extra</strong></span> <span class='ocrx_word' id='word_1_612' title='bbox 2426 1441 2528 1470; x_wconf 79' lang='lat' dir='ltr'><strong>niuros</strong></span> 
     </span>
    </p>
   </div>
   <div class='ocr_carea' id='block_1_81' title="bbox 1492 1493 2532 1552">
    <p class='ocr_par' dir='ltr' id='par_1_81' title="bbox 1492 1493 2532 1552">
     <span class='ocr_line' id='line_1_81' title="bbox 1492 1493 2532 1552; baseline -0.018 -4"><span class='ocrx_word' id='word_1_613' title='bbox 1492 1513 1526 1549; x_wconf 92' lang='lat' dir='ltr'><strong>in</strong></span> <span class='ocrx_word' id='word_1_614' title='bbox 1544 1512 1662 1548; x_wconf 91' lang='lat' dir='ltr'><strong>locum</strong></span> <span class='ocrx_word' id='word_1_615' title='bbox 1683 1510 1829 1546; x_wconf 90' lang='lat' dir='ltr'><strong>nomine</strong></span> <span class='ocrx_word' id='word_1_616' title='bbox 1845 1507 2020 1552; x_wconf 84' lang='lat' dir='ltr'><strong>Pempton</strong></span> <span class='ocrx_word' id='word_1_617' title='bbox 2047 1500 2274 1550; x_wconf 82' lang='lat' dir='ltr'><strong>demigravit:</strong></span> <span class='ocrx_word' id='word_1_618' title='bbox 2299 1499 2409 1544; x_wconf 89' lang='lat' dir='ltr'><strong>ibique</strong></span> <span class='ocrx_word' id='word_1_619' title='bbox 2433 1493 2532 1542; x_wconf 81' lang='lat' dir='ltr'><strong>populi</strong></span> 
     </span>
    </p>
   </div>
   <div class='ocr_carea' id='block_1_82' title="bbox 1493 1556 2528 1614">
    <p class='ocr_par' dir='ltr' id='par_1_82' title="bbox 1493 1556 2528 1614">
     <span class='ocr_line' id='line_1_82' title="bbox 1493 1556 2528 1614; baseline -0.019 -2"><span class='ocrx_word' id='word_1_620' title='bbox 1493 1574 1727 1612; x_wconf 84' lang='lat' dir='ltr'><strong>festivitatem</strong></span> <span class='ocrx_word' id='word_1_621' title='bbox 1745 1571 1974 1608; x_wconf 86' lang='lat' dir='ltr'><strong>celebravere</strong></span> <span class='ocrx_word' id='word_1_622' title='bbox 1991 1567 2093 1614; x_wconf 86' lang='lat' dir='ltr'><strong>quasi</strong></span> <span class='ocrx_word' id='word_1_623' title='bbox 2111 1574 2196 1602; x_wconf 86' lang='lat' dir='ltr'><strong>oves</strong></span> <span class='ocrx_word' id='word_1_624' title='bbox 2209 1563 2374 1610; x_wconf 80' lang='lat' dir='ltr'><strong>dispersa:</strong></span> <span class='ocrx_word' id='word_1_625' title='bbox 2387 1556 2528 1607; x_wconf 82' lang='lat' dir='ltr'><strong>(Pallad.</strong></span> 
     </span>
    </p>
   </div>
   <div class='ocr_carea' id='block_1_83' title="bbox 1493 1627 2534 1684">
    <p class='ocr_par' dir='ltr' id='par_1_83' title="bbox 1493 1627 2534 1684">
     <span class='ocr_line' id='line_1_83' title="bbox 1493 1627 2534 1684; baseline -0.02 -10"><span class='ocrx_word' id='word_1_626' title='bbox 1493 1637 1668 1684; x_wconf 78' lang='lat' dir='ltr'><strong>Dialog.).</strong></span> <span class='ocrx_word' id='word_1_627' title='bbox 1684 1635 1881 1680; x_wconf 87' lang='lat' dir='ltr'><strong>Imperator</strong></span> <span class='ocrx_word' id='word_1_628' title='bbox 1900 1636 2020 1668; x_wconf 89' lang='lat' dir='ltr'><strong>autem</strong></span> <span class='ocrx_word' id='word_1_629' title='bbox 2041 1635 2206 1676; x_wconf 75' lang='lat' dir='ltr'><strong>egressus</strong></span> <span class='ocrx_word' id='word_1_630' title='bbox 2223 1631 2289 1669; x_wconf 89' lang='lat' dir='ltr'><strong>est,</strong></span> <span class='ocrx_word' id='word_1_631' title='bbox 2303 1628 2339 1660; x_wconf 91' lang='lat' dir='ltr'><strong>ut</strong></span> <span class='ocrx_word' id='word_1_632' title='bbox 2356 1631 2430 1659; x_wconf 85' lang='lat' dir='ltr'><strong>sese</strong></span> <span class='ocrx_word' id='word_1_633' title='bbox 2446 1627 2534 1657; x_wconf 81' lang='lat' dir='ltr'><strong>exer-</strong></span> 
     </span>
    </p>
   </div>
   <div class='ocr_carea' id='block_1_84' title="bbox 1497 1683 2533 1740">
    <p class='ocr_par' dir='ltr' id='par_1_84' title="bbox 1497 1683 2533 1740">
     <span class='ocr_line' id='line_1_84' title="bbox 1497 1683 2533 1740; baseline -0.019 -4"><span class='ocrx_word' id='word_1_634' title='bbox 1497 1704 1597 1736; x_wconf 88' lang='lat' dir='ltr'><strong>ceret</strong></span> <span class='ocrx_word' id='word_1_635' title='bbox 1617 1698 1651 1734; x_wconf 91' lang='lat' dir='ltr'><strong>in</strong></span> <span class='ocrx_word' id='word_1_636' title='bbox 1669 1696 1789 1733; x_wconf 90' lang='lat' dir='ltr'><strong>vicino</strong></span> <span class='ocrx_word' id='word_1_637' title='bbox 1807 1703 1949 1740; x_wconf 90' lang='lat' dir='ltr'><strong>campo,</strong></span> <span class='ocrx_word' id='word_1_638' title='bbox 1972 1691 2130 1738; x_wconf 84' lang='lat' dir='ltr'><strong>viditque</strong></span> <span class='ocrx_word' id='word_1_639' title='bbox 2147 1698 2269 1737; x_wconf 82' lang='lat' dir='ltr'><strong>agrum</strong></span> <span class='ocrx_word' id='word_1_640' title='bbox 2287 1696 2354 1723; x_wconf 90' lang='lat' dir='ltr'><strong>non</strong></span> <span class='ocrx_word' id='word_1_641' title='bbox 2369 1683 2533 1724; x_wconf 84' lang='lat' dir='ltr'><strong>consitum,</strong></span> 
     </span>
    </p>
   </div>
   <div class='ocr_carea' id='block_1_85' title="bbox 1497 1745 2534 1806">
    <p class='ocr_par' dir='ltr' id='par_1_85' title="bbox 1497 1745 2534 1806">
     <span class='ocr_line' id='line_1_85' title="bbox 1497 1745 2534 1806; baseline -0.018 -10"><span class='ocrx_word' id='word_1_642' title='bbox 1497 1767 1690 1806; x_wconf 89' lang='lat' dir='ltr'><strong>tamenque</strong></span> <span class='ocrx_word' id='word_1_643' title='bbox 1709 1757 1940 1799; x_wconf 85' lang='lat' dir='ltr'><strong>candentem,</strong></span> <span class='ocrx_word' id='word_1_644' title='bbox 1959 1755 2041 1801; x_wconf 89' lang='lat' dir='ltr'><strong>quia</strong></span> <span class='ocrx_word' id='word_1_645' title='bbox 2057 1763 2184 1799; x_wconf 88' lang='lat' dir='ltr'><strong>nempe</strong></span> <span class='ocrx_word' id='word_1_646' title='bbox 2198 1751 2221 1788; x_wconf 90' lang='lat' dir='ltr'><strong>ii</strong></span> <span class='ocrx_word' id='word_1_647' title='bbox 2242 1757 2360 1786; x_wconf 88' lang='lat' dir='ltr'><strong>omnes</strong></span> <span class='ocrx_word' id='word_1_648' title='bbox 2373 1745 2428 1793; x_wconf 88' lang='lat' dir='ltr'><strong>qui</strong></span> <span class='ocrx_word' id='word_1_649' title='bbox 2441 1751 2534 1788; x_wconf 86' lang='lat' dir='ltr'><strong>nuper</strong></span> 
     </span>
    </p>
   </div>
   <div class='ocr_carea' id='block_1_86' title="bbox 1499 1803 2537 1868">
    <p class='ocr_par' dir='ltr' id='par_1_86' title="bbox 1499 1803 2537 1868">
     <span class='ocr_line' id='line_1_86' title="bbox 1499 1803 2537 1868; baseline -0.018 -10"><span class='ocrx_word' id='word_1_650' title='bbox 1499 1803 1669 1868; x_wconf 74' lang='lat' dir='ltr'><strong>baptizati</strong></span> <span class='ocrx_word' id='word_1_651' title='bbox 1684 1819 1852 1863; x_wconf 84' lang='lat' dir='ltr'><strong>fuerant,</strong></span> <span class='ocrx_word' id='word_1_652' title='bbox 1873 1817 2036 1856; x_wconf 88' lang='lat' dir='ltr'><strong>candidis</strong></span> <span class='ocrx_word' id='word_1_653' title='bbox 2052 1815 2211 1852; x_wconf 86' lang='lat' dir='ltr'><strong>vestibus</strong></span> <span class='ocrx_word' id='word_1_654' title='bbox 2237 1811 2346 1848; x_wconf 91' lang='lat' dir='ltr'><strong>induti</strong></span> <span class='ocrx_word' id='word_1_655' title='bbox 2369 1812 2471 1845; x_wconf 86' lang='lat' dir='ltr'><strong>erant.</strong></span> <span class='ocrx_word' id='word_1_656' title='bbox 2488 1803 2537 1842; x_wconf 83' lang='lat' dir='ltr'><strong>Ait</strong></span> 
     </span>
    </p>
   </div>
   <div class='ocr_carea' id='block_1_87' title="bbox 1497 1870 2540 1932">
    <p class='ocr_par' dir='ltr' id='par_1_87' title="bbox 1497 1870 2540 1932">
     <span class='ocr_line' id='line_1_87' title="bbox 1497 1870 2540 1932; baseline -0.018 -12"><span class='ocrx_word' id='word_1_657' title='bbox 1497 1893 1605 1930; x_wconf 91' lang='lat' dir='ltr'><strong>porro</strong></span> <span class='ocrx_word' id='word_1_658' title='bbox 1625 1882 1848 1932; x_wconf 74' lang='lat' dir='ltr'><strong>Sozomenus</strong></span> <span class='ocrx_word' id='word_1_659' title='bbox 1872 1880 1991 1916; x_wconf 85' lang='lat' dir='ltr'><strong>locum</strong></span> <span class='ocrx_word' id='word_1_660' title='bbox 2014 1878 2112 1914; x_wconf 92' lang='lat' dir='ltr'><strong>illum</strong></span> <span class='ocrx_word' id='word_1_661' title='bbox 2138 1875 2248 1912; x_wconf 78' lang='lat' dir='ltr'><strong>fuisse</strong></span> <span class='ocrx_word' id='word_1_662' title='bbox 2268 1882 2368 1920; x_wconf 85' lang='lat' dir='ltr'><strong>quem</strong></span> <span class='ocrx_word' id='word_1_663' title='bbox 2389 1870 2540 1906; x_wconf 52' lang='lat' dir='ltr'><strong>Constau.</strong></span> 
     </span>
    </p>
   </div>
   <div class='ocr_carea' id='block_1_88' title="bbox 1498 1929 2540 1986">
    <p class='ocr_par' dir='ltr' id='par_1_88' title="bbox 1498 1929 2540 1986">
     <span class='ocr_line' id='line_1_88' title="bbox 1498 1929 2540 1986; baseline -0.016 -5"><span class='ocrx_word' id='word_1_664' title='bbox 1498 1944 1567 1981; x_wconf 92' lang='lat' dir='ltr'><strong>tius</strong></span> <span class='ocrx_word' id='word_1_665' title='bbox 1584 1930 1628 1982; x_wconf 74' lang='lat' dir='ltr'><strong>ad</strong></span> <span class='ocrx_word' id='word_1_666' title='bbox 1646 1943 1752 1980; x_wconf 90' lang='lat' dir='ltr'><strong>ludos</strong></span> <span class='ocrx_word' id='word_1_667' title='bbox 1781 1943 1966 1979; x_wconf 86' lang='lat' dir='ltr'><strong>circenses</strong></span> <span class='ocrx_word' id='word_1_668' title='bbox 1995 1939 2306 1986; x_wconf 86' lang='lat' dir='ltr'><strong>complanaverat,</strong></span> <span class='ocrx_word' id='word_1_669' title='bbox 2327 1939 2361 1970; x_wconf 92' lang='lat' dir='ltr'><strong>et</strong></span> <span class='ocrx_word' id='word_1_670' title='bbox 2388 1929 2540 1969; x_wconf 83' lang='lat' dir='ltr'><strong>asseribus</strong></span> 
     </span>
    </p>
   </div>
   <div class='ocr_carea' id='block_1_89' title="bbox 1495 1989 2545 2052">
    <p class='ocr_par' dir='ltr' id='par_1_89' title="bbox 1495 1989 2545 2052">
     <span class='ocr_line' id='line_1_89' title="bbox 1495 1989 2545 2052; baseline -0.018 -9"><span class='ocrx_word' id='word_1_671' title='bbox 1495 2004 1925 2052; x_wconf 86' lang='lat' dir='ltr'><strong>circumsepserat.Erant</strong></span> <span class='ocrx_word' id='word_1_672' title='bbox 1935 2008 2054 2039; x_wconf 87' lang='lat' dir='ltr'><strong>autem</strong></span> <span class='ocrx_word' id='word_1_673' title='bbox 2067 2001 2115 2037; x_wconf 86' lang='lat' dir='ltr'><strong>illi</strong></span> <span class='ocrx_word' id='word_1_674' title='bbox 2126 1998 2284 2036; x_wconf 77' lang='lat' dir='ltr'><strong>candidis</strong></span> <span class='ocrx_word' id='word_1_675' title='bbox 2295 1994 2400 2034; x_wconf 84' lang='lat' dir='ltr'><strong>induti</strong></span> <span class='ocrx_word' id='word_1_676' title='bbox 2411 1989 2545 2028; x_wconf 74' lang='lat' dir='ltr'><strong>vestibus</strong></span> 
     </span>
    </p>
   </div>
   <div class='ocr_carea' id='block_1_90' title="bbox 1499 2053 2543 2109">
    <p class='ocr_par' dir='ltr' id='par_1_90' title="bbox 1499 2053 2543 2109">
     <span class='ocr_line' id='line_1_90' title="bbox 1499 2053 2543 2109; baseline -0.018 -5"><span class='ocrx_word' id='word_1_677' title='bbox 1499 2073 1554 2104; x_wconf 87' lang='lat' dir='ltr'><strong>ter</strong></span> <span class='ocrx_word' id='word_1_678' title='bbox 1573 2067 1670 2104; x_wconf 92' lang='lat' dir='ltr'><strong>mille</strong></span> <span class='ocrx_word' id='word_1_679' title='bbox 1687 2065 1834 2102; x_wconf 78' lang='lat' dir='ltr'><strong>circiter</strong></span> <span class='ocrx_word' id='word_1_680' title='bbox 1852 2073 2017 2101; x_wconf 89' lang='lat' dir='ltr'><strong>numero.</strong></span> <span class='ocrx_word' id='word_1_681' title='bbox 2037 2061 2261 2109; x_wconf 83' lang='lat' dir='ltr'><strong>Stupefactus</strong></span> <span class='ocrx_word' id='word_1_682' title='bbox 2275 2055 2438 2094; x_wconf 84' lang='lat' dir='ltr'><strong>Arcadius</strong></span> <span class='ocrx_word' id='word_1_683' title='bbox 2451 2053 2543 2088; x_wconf 50' lang='lat' dir='ltr'><strong>inter‘</strong></span> 
     </span>
    </p>
   </div>
   <div class='ocr_carea' id='block_1_91' title="bbox 1498 2111 2545 2176">
    <p class='ocr_par' dir='ltr' id='par_1_91' title="bbox 1498 2111 2545 2176">
     <span class='ocr_line' id='line_1_91' title="bbox 1498 2111 2545 2176; baseline -0.017 -10"><span class='ocrx_word' id='word_1_684' title='bbox 1498 2129 1648 2176; x_wconf 80' lang='lat' dir='ltr'><strong>rogabat</strong></span> <span class='ocrx_word' id='word_1_685' title='bbox 1665 2129 1830 2176; x_wconf 88' lang='lat' dir='ltr'><strong>quisnam</strong></span> <span class='ocrx_word' id='word_1_686' title='bbox 1846 2126 1904 2164; x_wconf 87' lang='lat' dir='ltr'><strong>ille</strong></span> <span class='ocrx_word' id='word_1_687' title='bbox 1915 2132 2029 2164; x_wconf 66' lang='lat' dir='ltr'><strong>cintus</strong></span> <span class='ocrx_word' id='word_1_688' title='bbox 2045 2129 2152 2160; x_wconf 89' lang='lat' dir='ltr'><strong>esset.</strong></span> <span class='ocrx_word' id='word_1_689' title='bbox 2169 2122 2219 2158; x_wconf 93' lang='lat' dir='ltr'><strong>Illi</strong></span> <span class='ocrx_word' id='word_1_690' title='bbox 2233 2129 2332 2163; x_wconf 88' lang='lat' dir='ltr'><strong>vero,</strong></span> <span class='ocrx_word' id='word_1_691' title='bbox 2352 2128 2370 2154; x_wconf 89' lang='lat' dir='ltr'><strong>a</strong></span> <span class='ocrx_word' id='word_1_692' title='bbox 2388 2111 2545 2153; x_wconf 84' lang='lat' dir='ltr'><strong>conscele-</strong></span> 
     </span>
    </p>
   </div>
   <div class='ocr_carea' id='block_1_92' title="bbox 1500 2171 2547 2230">
    <p class='ocr_par' dir='ltr' id='par_1_92' title="bbox 1500 2171 2547 2230">
     <span class='ocr_line' id='line_1_92' title="bbox 1500 2171 2547 2230; baseline -0.018 -2"><span class='ocrx_word' id='word_1_693' title='bbox 1500 2192 1588 2228; x_wconf 85' lang='lat' dir='ltr'><strong>ratis</strong></span> <span class='ocrx_word' id='word_1_694' title='bbox 1607 2190 1758 2228; x_wconf 89' lang='lat' dir='ltr'><strong>Joannis</strong></span> <span class='ocrx_word' id='word_1_695' title='bbox 1777 2189 1932 2226; x_wconf 90' lang='lat' dir='ltr'><strong>inimicis</strong></span> <span class='ocrx_word' id='word_1_696' title='bbox 1951 2185 2104 2224; x_wconf 91' lang='lat' dir='ltr'><strong>instituti</strong></span> <span class='ocrx_word' id='word_1_697' title='bbox 2120 2213 2130 2229; x_wconf 93' lang='lat'><strong>,</strong></span> <span class='ocrx_word' id='word_1_698' title='bbox 2148 2181 2402 2230; x_wconf 85' lang='lat' dir='ltr'><strong>responderunt</strong></span> <span class='ocrx_word' id='word_1_699' title='bbox 2425 2171 2547 2213; x_wconf 68' lang='lat' dir='ltr'><strong>haereti-</strong></span> 
     </span>
    </p>
   </div>
   <div class='ocr_carea' id='block_1_93' title="bbox 1501 2233 2546 2290">
    <p class='ocr_par' dir='ltr' id='par_1_93' title="bbox 1501 2233 2546 2290">
     <span class='ocr_line' id='line_1_93' title="bbox 1501 2233 2546 2290; baseline -0.021 -1"><span class='ocrx_word' id='word_1_700' title='bbox 1501 2263 1626 2290; x_wconf 90' lang='lat' dir='ltr'><strong>corum</strong></span> <span class='ocrx_word' id='word_1_701' title='bbox 1657 2257 1790 2289; x_wconf 71' lang='lat' dir='ltr'><strong>emtum</strong></span> <span class='ocrx_word' id='word_1_702' title='bbox 1811 2260 1904 2288; x_wconf 88' lang='lat' dir='ltr'><strong>esse.</strong></span> <span class='ocrx_word' id='word_1_703' title='bbox 1929 2249 2002 2286; x_wconf 85' lang='lat' dir='ltr'><strong>Nec</strong></span> <span class='ocrx_word' id='word_1_704' title='bbox 2021 2257 2120 2284; x_wconf 89' lang='lat' dir='ltr'><strong>mora</strong></span> <span class='ocrx_word' id='word_1_705' title='bbox 2141 2246 2191 2282; x_wconf 90' lang='lat' dir='ltr'><strong>illi</strong></span> <span class='ocrx_word' id='word_1_706' title='bbox 2213 2243 2376 2280; x_wconf 64' lang='lat' dir='ltr'><strong>saeviores</strong></span> <span class='ocrx_word' id='word_1_707' title='bbox 2393 2249 2434 2278; x_wconf 74' lang='lat' dir='ltr'><strong>ex</strong></span> <span class='ocrx_word' id='word_1_708' title='bbox 2456 2233 2546 2274; x_wconf 74' lang='lat' dir='ltr'><strong>Satel-</strong></span> 
     </span>
    </p>
   </div>
   <div class='ocr_carea' id='block_1_94' title="bbox 1503 2295 2546 2360">
    <p class='ocr_par' dir='ltr' id='par_1_94' title="bbox 1503 2295 2546 2360">
     <span class='ocr_line' id='line_1_94' title="bbox 1503 2295 2546 2360; baseline -0.022 -6"><span class='ocrx_word' id='word_1_709' title='bbox 1503 2317 1625 2354; x_wconf 89' lang='lat' dir='ltr'><strong>litibus</strong></span> <span class='ocrx_word' id='word_1_710' title='bbox 1643 2316 1823 2352; x_wconf 88' lang='lat' dir='ltr'><strong>mittunta</strong></span> <span class='ocrx_word' id='word_1_711' title='bbox 1845 2318 1945 2360; x_wconf 83' lang='lat' dir='ltr'><strong>tergo</strong></span> <span class='ocrx_word' id='word_1_712' title='bbox 1959 2337 1969 2355; x_wconf 89' lang='lat'><strong>,</strong></span> <span class='ocrx_word' id='word_1_713' title='bbox 1989 2311 2050 2358; x_wconf 88' lang='lat' dir='ltr'><strong>qui</strong></span> <span class='ocrx_word' id='word_1_714' title='bbox 2067 2308 2246 2346; x_wconf 89' lang='lat' dir='ltr'><strong>auditores</strong></span> <span class='ocrx_word' id='word_1_715' title='bbox 2265 2303 2431 2349; x_wconf 88' lang='lat' dir='ltr'><strong>dissipent</strong></span> <span class='ocrx_word' id='word_1_716' title='bbox 2445 2295 2546 2335; x_wconf 77' lang='lat' dir='ltr'><strong>etde-</strong></span> 
     </span>
    </p>
   </div>
   <div class='ocr_carea' id='block_1_95' title="bbox 1503 2365 2547 2424">
    <p class='ocr_par' dir='ltr' id='par_1_95' title="bbox 1503 2365 2547 2424">
     <span class='ocr_line' id='line_1_95' title="bbox 1503 2365 2547 2424; baseline -0.023 -8"><span class='ocrx_word' id='word_1_717' title='bbox 1503 2383 1624 2416; x_wconf 89' lang='lat' dir='ltr'><strong>ctores</strong></span> <span class='ocrx_word' id='word_1_718' title='bbox 1641 2374 1966 2424; x_wconf 89' lang='lat' dir='ltr'><strong>comprehendant.</strong></span> <span class='ocrx_word' id='word_1_719' title='bbox 1985 2372 2074 2408; x_wconf 92' lang='lat' dir='ltr'><strong>Tum</strong></span> <span class='ocrx_word' id='word_1_720' title='bbox 2095 2369 2213 2406; x_wconf 89' lang='lat' dir='ltr'><strong>clerici</strong></span> <span class='ocrx_word' id='word_1_721' title='bbox 2227 2366 2320 2413; x_wconf 86' lang='lat' dir='ltr'><strong>capti</strong></span> <span class='ocrx_word' id='word_1_722' title='bbox 2333 2370 2423 2406; x_wconf 85' lang='lat' dir='ltr'><strong>sunt,</strong></span> <span class='ocrx_word' id='word_1_723' title='bbox 2438 2365 2469 2396; x_wconf 88' lang='lat' dir='ltr'><strong>et</strong></span> <span class='ocrx_word' id='word_1_724' title='bbox 2479 2365 2547 2394; x_wconf 87' lang='lat' dir='ltr'><strong>cum</strong></span> 
     </span>
    </p>
   </div>
   <div class='ocr_carea' id='block_1_96' title="bbox 1505 2426 2548 2486">
    <p class='ocr_par' dir='ltr' id='par_1_96' title="bbox 1505 2426 2548 2486">
     <span class='ocr_line' id='line_1_96' title="bbox 1505 2426 2548 2486; baseline -0.018 -9"><span class='ocrx_word' id='word_1_725' title='bbox 1505 2440 1575 2477; x_wconf 89' lang='lat' dir='ltr'><strong>illis</strong></span> <span class='ocrx_word' id='word_1_726' title='bbox 1595 2439 1675 2476; x_wconf 87' lang='lat' dir='ltr'><strong>laici</strong></span> <span class='ocrx_word' id='word_1_727' title='bbox 1701 2437 1870 2486; x_wconf 90' lang='lat' dir='ltr'><strong>quidam:</strong></span> <span class='ocrx_word' id='word_1_728' title='bbox 1889 2433 2164 2481; x_wconf 77' lang='lat' dir='ltr'><strong>comprehensa:</strong></span> <span class='ocrx_word' id='word_1_729' title='bbox 2193 2434 2275 2466; x_wconf 89' lang='lat' dir='ltr'><strong>sunt</strong></span> <span class='ocrx_word' id='word_1_730' title='bbox 2293 2427 2396 2464; x_wconf 87' lang='lat' dir='ltr'><strong>etiam</strong></span> <span class='ocrx_word' id='word_1_731' title='bbox 2415 2426 2548 2459; x_wconf 75' lang='lat' dir='ltr'><strong>virorum</strong></span> 
     </span>
    </p>
   </div>
   <div class='ocr_carea' id='block_1_97' title="bbox 1507 2485 2549 2546">
    <p class='ocr_par' dir='ltr' id='par_1_97' title="bbox 1507 2485 2549 2546">
     <span class='ocr_line' id='line_1_97' title="bbox 1507 2485 2549 2546; baseline -0.023 -6"><span class='ocrx_word' id='word_1_732' title='bbox 1507 2501 1681 2539; x_wconf 90' lang='lat' dir='ltr'><strong>nobilium</strong></span> <span class='ocrx_word' id='word_1_733' title='bbox 1699 2485 1886 2546; x_wconf 73' lang='lat' dir='ltr'><strong>coniuges,</strong></span> <span class='ocrx_word' id='word_1_734' title='bbox 1909 2505 2060 2544; x_wconf 89' lang='lat' dir='ltr'><strong>quarum</strong></span> <span class='ocrx_word' id='word_1_735' title='bbox 2079 2494 2158 2531; x_wconf 90' lang='lat' dir='ltr'><strong>aliis</strong></span> <span class='ocrx_word' id='word_1_736' title='bbox 2178 2491 2267 2538; x_wconf 90' lang='lat' dir='ltr'><strong>rapti</strong></span> <span class='ocrx_word' id='word_1_737' title='bbox 2288 2485 2448 2526; x_wconf 87' lang='lat' dir='ltr'><strong>mafortes</strong></span> <span class='ocrx_word' id='word_1_738' title='bbox 2462 2485 2549 2523; x_wconf 88' lang='lat' dir='ltr'><strong>sunt,</strong></span> 
     </span>
    </p>
   </div>
   <div class='ocr_carea' id='block_1_98' title="bbox 1507 2547 2550 2600">
    <p class='ocr_par' dir='ltr' id='par_1_98' title="bbox 1507 2547 2550 2600">
     <span class='ocr_line' id='line_1_98' title="bbox 1507 2547 2550 2600; baseline -0.023 0"><span class='ocrx_word' id='word_1_739' title='bbox 1507 2563 1588 2600; x_wconf 85' lang='lat' dir='ltr'><strong>aliis</strong></span> <span class='ocrx_word' id='word_1_740' title='bbox 1607 2564 1752 2599; x_wconf 88' lang='lat' dir='ltr'><strong>inaures</strong></span> <span class='ocrx_word' id='word_1_741' title='bbox 1782 2569 1864 2596; x_wconf 91' lang='lat' dir='ltr'><strong>cum</strong></span> <span class='ocrx_word' id='word_1_742' title='bbox 1888 2563 2051 2595; x_wconf 77' lang='lat' dir='ltr'><strong>extrema</strong></span> <span class='ocrx_word' id='word_1_743' title='bbox 2068 2555 2164 2592; x_wconf 86' lang='lat' dir='ltr'><strong>auris</strong></span> <span class='ocrx_word' id='word_1_744' title='bbox 2183 2551 2366 2600; x_wconf 86' lang='lat' dir='ltr'><strong>particula.</strong></span> <span class='ocrx_word' id='word_1_745' title='bbox 2393 2547 2468 2583; x_wconf 75' lang='lat' dir='ltr'><strong>llrcc</strong></span> <span class='ocrx_word' id='word_1_746' title='bbox 2483 2549 2550 2578; x_wconf 87' lang='lat' dir='ltr'><strong>cum</strong></span> 
     </span>
    </p>
   </div>
   <div class='ocr_carea' id='block_1_99' title="bbox 1508 2608 2550 2666">
    <p class='ocr_par' dir='ltr' id='par_1_99' title="bbox 1508 2608 2550 2666">
     <span class='ocr_line' id='line_1_99' title="bbox 1508 2608 2550 2666; baseline -0.021 -6"><span class='ocrx_word' id='word_1_747' title='bbox 1508 2625 1646 2662; x_wconf 89' lang='lat' dir='ltr'><strong>videret</strong></span> <span class='ocrx_word' id='word_1_748' title='bbox 1677 2620 1861 2659; x_wconf 86' lang='lat' dir='ltr'><strong>Eleutheri</strong></span> <span class='ocrx_word' id='word_1_749' title='bbox 1881 2617 2068 2666; x_wconf 84' lang='lat' dir='ltr'><strong>cujusdam</strong></span> <span class='ocrx_word' id='word_1_750' title='bbox 2094 2626 2185 2653; x_wconf 84' lang='lat' dir='ltr'><strong>uxor</strong></span> <span class='ocrx_word' id='word_1_751' title='bbox 2202 2608 2474 2662; x_wconf 84' lang='lat' dir='ltr'><strong>opulentissima,</strong></span> <span class='ocrx_word' id='word_1_752' title='bbox 2503 2612 2550 2638; x_wconf 85' lang='lat' dir='ltr'><strong>re-</strong></span> 
     </span>
    </p>
   </div>
   <div class='ocr_carea' id='block_1_100' title="bbox 1509 2663 2552 2728">
    <p class='ocr_par' dir='ltr' id='par_1_100' title="bbox 1509 2663 2552 2728">
     <span class='ocr_line' id='line_1_100' title="bbox 1509 2663 2552 2728; baseline -0.023 -5"><span class='ocrx_word' id='word_1_753' title='bbox 1509 2687 1595 2723; x_wconf 91' lang='lat' dir='ltr'><strong>licto</strong></span> <span class='ocrx_word' id='word_1_754' title='bbox 1609 2684 1774 2728; x_wconf 86' lang='lat' dir='ltr'><strong>maforte,</strong></span> <span class='ocrx_word' id='word_1_755' title='bbox 1791 2688 1826 2720; x_wconf 89' lang='lat' dir='ltr'><strong>et</strong></span> <span class='ocrx_word' id='word_1_756' title='bbox 1842 2663 1944 2718; x_wconf 79' lang='lat' dir='ltr'><strong>veste</strong></span> <span class='ocrx_word' id='word_1_757' title='bbox 1954 2678 2118 2716; x_wconf 90' lang='lat' dir='ltr'><strong>ancillari</strong></span> <span class='ocrx_word' id='word_1_758' title='bbox 2130 2680 2325 2721; x_wconf 85' lang='lat' dir='ltr'><strong>assumpta,</strong></span> <span class='ocrx_word' id='word_1_759' title='bbox 2337 2679 2436 2708; x_wconf 90' lang='lat' dir='ltr'><strong>cursu</strong></span> <span class='ocrx_word' id='word_1_760' title='bbox 2449 2663 2552 2703; x_wconf 79' lang='lat' dir='ltr'><strong>civita-</strong></span> 
     </span>
    </p>
   </div>
   <div class='ocr_carea' id='block_1_101' title="bbox 1511 2727 2552 2793">
    <p class='ocr_par' dir='ltr' id='par_1_101' title="bbox 1511 2727 2552 2793">
     <span class='ocr_line' id='line_1_101' title="bbox 1511 2727 2552 2793; baseline -0.021 -10"><span class='ocrx_word' id='word_1_761' title='bbox 1511 2754 1582 2784; x_wconf 90' lang='lat' dir='ltr'><strong>tem</strong></span> <span class='ocrx_word' id='word_1_762' title='bbox 1605 2745 1722 2793; x_wconf 87' lang='lat' dir='ltr'><strong>petiit,</strong></span> <span class='ocrx_word' id='word_1_763' title='bbox 1755 2727 1794 2780; x_wconf 88' lang='lat' dir='ltr'><strong>ut</strong></span> <span class='ocrx_word' id='word_1_764' title='bbox 1813 2741 2019 2790; x_wconf 88' lang='lat' dir='ltr'><strong>pudicitiam</strong></span> <span class='ocrx_word' id='word_1_765' title='bbox 2040 2743 2227 2779; x_wconf 88' lang='lat' dir='ltr'><strong>servaret;</strong></span> <span class='ocrx_word' id='word_1_766' title='bbox 2245 2740 2322 2772; x_wconf 86' lang='lat' dir='ltr'><strong>erat</strong></span> <span class='ocrx_word' id='word_1_767' title='bbox 2337 2731 2425 2768; x_wconf 86' lang='lat' dir='ltr'><strong>enim</strong></span> <span class='ocrx_word' id='word_1_768' title='bbox 2444 2727 2552 2763; x_wconf 78' lang='lat' dir='ltr'><strong>decom</strong></span> 
     </span>
    </p>
   </div>
   <div class='ocr_carea' id='block_1_102' title="bbox 1511 2793 2552 2852">
    <p class='ocr_par' dir='ltr' id='par_1_102' title="bbox 1511 2793 2552 2852">
     <span class='ocr_line' id='line_1_102' title="bbox 1511 2793 2552 2852; baseline -0.024 -8"><span class='ocrx_word' id='word_1_769' title='bbox 1511 2807 1602 2844; x_wconf 87' lang='lat' dir='ltr'><strong>facie</strong></span> <span class='ocrx_word' id='word_1_770' title='bbox 1622 2813 1658 2844; x_wconf 90' lang='lat' dir='ltr'><strong>et</strong></span> <span class='ocrx_word' id='word_1_771' title='bbox 1671 2803 1826 2852; x_wconf 80' lang='lat' dir='ltr'><strong>eleganti</strong></span> <span class='ocrx_word' id='word_1_772' title='bbox 1843 2803 1970 2839; x_wconf 88' lang='lat' dir='ltr'><strong>forma.</strong></span> <span class='ocrx_word' id='word_1_773' title='bbox 1991 2801 2051 2838; x_wconf 92' lang='lat' dir='ltr'><strong>Sic</strong></span> <span class='ocrx_word' id='word_1_774' title='bbox 2063 2807 2228 2836; x_wconf 89' lang='lat' dir='ltr'><strong>carceres</strong></span> <span class='ocrx_word' id='word_1_775' title='bbox 2257 2793 2388 2842; x_wconf 85' lang='lat' dir='ltr'><strong>impleti</strong></span> <span class='ocrx_word' id='word_1_776' title='bbox 2407 2793 2481 2828; x_wconf 88' lang='lat' dir='ltr'><strong>sunt</strong></span> <span class='ocrx_word' id='word_1_777' title='bbox 2495 2793 2552 2821; x_wconf 90' lang='lat' dir='ltr'><strong>non</strong></span> 
     </span>
    </p>
   </div>
   <div class='ocr_carea' id='block_1_103' title="bbox 1512 2847 2556 2911">
    <p class='ocr_par' dir='ltr' id='par_1_103' title="bbox 1512 2847 2556 2911">
     <span class='ocr_line' id='line_1_103' title="bbox 1512 2847 2556 2911; baseline -0.024 -4"><span class='ocrx_word' id='word_1_778' title='bbox 1512 2871 1584 2907; x_wconf 85' lang='lat' dir='ltr'><strong>reis</strong></span> <span class='ocrx_word' id='word_1_779' title='bbox 1599 2875 1636 2906; x_wconf 93' lang='lat' dir='ltr'><strong>et</strong></span> <span class='ocrx_word' id='word_1_780' title='bbox 1650 2867 1826 2911; x_wconf 86' lang='lat' dir='ltr'><strong>scelestis,</strong></span> <span class='ocrx_word' id='word_1_781' title='bbox 1839 2865 1903 2903; x_wconf 92' lang='lat' dir='ltr'><strong>sed</strong></span> <span class='ocrx_word' id='word_1_782' title='bbox 1917 2862 2206 2902; x_wconf 88' lang='lat' dir='ltr'><strong>coofcssoribus:</strong></span> <span class='ocrx_word' id='word_1_783' title='bbox 2225 2864 2332 2905; x_wconf 88' lang='lat' dir='ltr'><strong>atque</strong></span> <span class='ocrx_word' id='word_1_784' title='bbox 2348 2856 2397 2892; x_wconf 83' lang='lat' dir='ltr'><strong>sic</strong></span> <span class='ocrx_word' id='word_1_785' title='bbox 2414 2853 2446 2889; x_wconf 89' lang='lat' dir='ltr'><strong>in</strong></span> <span class='ocrx_word' id='word_1_786' title='bbox 2459 2847 2556 2911; x_wconf 45' lang='lat' dir='ltr'><strong>eccle:</strong></span> 
     </span>
    </p>
   </div>
   <div class='ocr_carea' id='block_1_104' title="bbox 1515 2904 2555 2972">
    <p class='ocr_par' dir='ltr' id='par_1_104' title="bbox 1515 2904 2555 2972">
     <span class='ocr_line' id='line_1_104' title="bbox 1515 2904 2555 2972; baseline -0.02 -4"><span class='ocrx_word' id='word_1_787' title='bbox 1515 2931 1586 2968; x_wconf 76' lang='lat' dir='ltr'><strong>sias</strong></span> <span class='ocrx_word' id='word_1_788' title='bbox 1604 2928 1730 2965; x_wconf 89' lang='lat' dir='ltr'><strong>mutati</strong></span> <span class='ocrx_word' id='word_1_789' title='bbox 1745 2932 1842 2963; x_wconf 89' lang='lat' dir='ltr'><strong>sunt.</strong></span> <span class='ocrx_word' id='word_1_790' title='bbox 1859 2927 1904 2962; x_wconf 89' lang='lat' dir='ltr'><strong>Et</strong></span> <span class='ocrx_word' id='word_1_791' title='bbox 1916 2925 2012 2972; x_wconf 90' lang='lat' dir='ltr'><strong>quod</strong></span> <span class='ocrx_word' id='word_1_792' title='bbox 2026 2924 2157 2960; x_wconf 92' lang='lat' dir='ltr'><strong>mirum</strong></span> <span class='ocrx_word' id='word_1_793' title='bbox 2173 2904 2346 2962; x_wconf 79' lang='lat' dir='ltr'><strong>videatur,</strong></span> <span class='ocrx_word' id='word_1_794' title='bbox 2361 2915 2438 2952; x_wconf 88' lang='lat' dir='ltr'><strong>dum</strong></span> <span class='ocrx_word' id='word_1_795' title='bbox 2453 2904 2555 2957; x_wconf 66' lang='lat' dir='ltr'><strong>hymni</strong></span> 
     </span>
    </p>
   </div>
   <div class='ocr_carea' id='block_1_105' title="bbox 1515 2976 2555 3031">
    <p class='ocr_par' dir='ltr' id='par_1_105' title="bbox 1515 2976 2555 3031">
     <span class='ocr_line' id='line_1_105' title="bbox 1515 2976 2555 3031; baseline -0.023 -3"><span class='ocrx_word' id='word_1_796' title='bbox 1515 2999 1551 3030; x_wconf 90' lang='lat' dir='ltr'><strong>et</strong></span> <span class='ocrx_word' id='word_1_797' title='bbox 1570 2989 1770 3028; x_wconf 88' lang='lat' dir='ltr'><strong>oblationes</strong></span> <span class='ocrx_word' id='word_1_798' title='bbox 1791 2988 1826 3024; x_wconf 90' lang='lat' dir='ltr'><strong>iu</strong></span> <span class='ocrx_word' id='word_1_799' title='bbox 1848 2987 2053 3023; x_wconf 89' lang='lat' dir='ltr'><strong>carceribus</strong></span> <span class='ocrx_word' id='word_1_800' title='bbox 2067 2981 2342 3031; x_wconf 81' lang='lat' dir='ltr'><strong>peragebantur,</strong></span> <span class='ocrx_word' id='word_1_801' title='bbox 2361 2976 2473 3021; x_wconf 81' lang='lat' dir='ltr'><strong>ﬂagra,</strong></span> <span class='ocrx_word' id='word_1_802' title='bbox 2487 2977 2555 3005; x_wconf 83' lang='lat' dir='ltr'><strong>cru-</strong></span> 
     </span>
    </p>
   </div>
   <div class='ocr_carea' id='block_1_106' title="bbox 1515 3032 2557 3094">
    <p class='ocr_par' dir='ltr' id='par_1_106' title="bbox 1515 3032 2557 3094">
     <span class='ocr_line' id='line_1_106' title="bbox 1515 3032 2557 3094; baseline -0.015 -5"><span class='ocrx_word' id='word_1_803' title='bbox 1515 3054 1630 3090; x_wconf 86' lang='lat' dir='ltr'><strong>ciatus</strong></span> <span class='ocrx_word' id='word_1_804' title='bbox 1649 3056 1686 3088; x_wconf 90' lang='lat' dir='ltr'><strong>et</strong></span> <span class='ocrx_word' id='word_1_805' title='bbox 1703 3049 1889 3086; x_wconf 87' lang='lat' dir='ltr'><strong>horribilia</strong></span> <span class='ocrx_word' id='word_1_806' title='bbox 1905 3049 2109 3094; x_wconf 86' lang='lat' dir='ltr'><strong>juramenta</strong></span> <span class='ocrx_word' id='word_1_807' title='bbox 2129 3045 2164 3080; x_wconf 95' lang='lat' dir='ltr'><strong>in</strong></span> <span class='ocrx_word' id='word_1_808' title='bbox 2181 3041 2341 3080; x_wconf 89' lang='lat' dir='ltr'><strong>ecclesiis</strong></span> <span class='ocrx_word' id='word_1_809' title='bbox 2355 3046 2433 3084; x_wconf 75' lang='lat' dir='ltr'><strong>erga</strong></span> <span class='ocrx_word' id='word_1_810' title='bbox 2448 3032 2557 3070; x_wconf 66' lang='lat' dir='ltr'><strong>mullos</strong></span> 
     </span>
    </p>
   </div>
   <div class='ocr_carea' id='block_1_107' title="bbox 1517 3099 2558 3155">
    <p class='ocr_par' dir='ltr' id='par_1_107' title="bbox 1517 3099 2558 3155">
     <span class='ocr_line' id='line_1_107' title="bbox 1517 3099 2558 3155; baseline -0.026 -3"><span class='ocrx_word' id='word_1_811' title='bbox 1517 3112 1795 3155; x_wconf 86' lang='lat' dir='ltr'><strong>adhibebantur,</strong></span> <span class='ocrx_word' id='word_1_812' title='bbox 1820 3117 1859 3146; x_wconf 90' lang='lat' dir='ltr'><strong>ut</strong></span> <span class='ocrx_word' id='word_1_813' title='bbox 1875 3109 2052 3145; x_wconf 89' lang='lat' dir='ltr'><strong>Joannem</strong></span> <span class='ocrx_word' id='word_1_814' title='bbox 2082 3105 2310 3142; x_wconf 85' lang='lat' dir='ltr'><strong>anathemate</strong></span> <span class='ocrx_word' id='word_1_815' title='bbox 2335 3100 2490 3136; x_wconf 78' lang='lat' dir='ltr'><strong>danmare</strong></span> <span class='ocrx_word' id='word_1_816' title='bbox 2507 3099 2558 3155; x_wconf 50' lang='lat' dir='ltr'><strong>cae</strong></span> 
     </span>
    </p>
   </div>
   <div class='ocr_carea' id='block_1_108' title="bbox 1517 3148 2559 3225">
    <p class='ocr_par' dir='ltr' id='par_1_108' title="bbox 1517 3148 2559 3225">
     <span class='ocr_line' id='line_1_108' title="bbox 1517 3148 2559 3225; baseline -0.023 -11"><span class='ocrx_word' id='word_1_817' title='bbox 1517 3181 1700 3225; x_wconf 84' lang='lat' dir='ltr'><strong>gerentur.</strong></span> <span class='ocrx_word' id='word_1_818' title='bbox 1725 3173 1779 3209; x_wconf 79' lang='lat' dir='ltr'><strong>Ex</strong></span> <span class='ocrx_word' id='word_1_819' title='bbox 1797 3171 1858 3208; x_wconf 90' lang='lat' dir='ltr'><strong>illo</strong></span> <span class='ocrx_word' id='word_1_820' title='bbox 1877 3177 1996 3206; x_wconf 90' lang='lat' dir='ltr'><strong>autem</strong></span> <span class='ocrx_word' id='word_1_821' title='bbox 2017 3174 2178 3214; x_wconf 89' lang='lat' dir='ltr'><strong>tempore</strong></span> <span class='ocrx_word' id='word_1_822' title='bbox 2197 3164 2305 3202; x_wconf 88' lang='lat' dir='ltr'><strong>variis</strong></span> <span class='ocrx_word' id='word_1_823' title='bbox 2325 3163 2359 3198; x_wconf 89' lang='lat' dir='ltr'><strong>in</strong></span> <span class='ocrx_word' id='word_1_824' title='bbox 2379 3157 2459 3196; x_wconf 88' lang='lat' dir='ltr'><strong>locis</strong></span> <span class='ocrx_word' id='word_1_825' title='bbox 2471 3148 2559 3189; x_wconf 70' lang='lat' dir='ltr'><strong>modo</strong></span> 
     </span>
    </p>
   </div>
   <div class='ocr_carea' id='block_1_109' title="bbox 1486 3217 2558 3281">
    <p class='ocr_par' dir='ltr' id='par_1_109' title="bbox 1486 3217 2558 3281">
     <span class='ocr_line' id='line_1_109' title="bbox 1486 3217 2558 3281; baseline -0.025 -6"><span class='ocrx_word' id='word_1_826' title='bbox 1486 3258 1491 3262; x_wconf 87' lang='lat'><strong>-</strong></span> <span class='ocrx_word' id='word_1_827' title='bbox 1521 3239 1614 3281; x_wconf 89' lang='lat' dir='ltr'><strong>istic,</strong></span> <span class='ocrx_word' id='word_1_828' title='bbox 1631 3235 1739 3272; x_wconf 84' lang='lat' dir='ltr'><strong>modo</strong></span> <span class='ocrx_word' id='word_1_829' title='bbox 1761 3234 1834 3270; x_wconf 89' lang='lat' dir='ltr'><strong>illic</strong></span> <span class='ocrx_word' id='word_1_830' title='bbox 1855 3229 2140 3271; x_wconf 87' lang='lat' dir='ltr'><strong>conveniebant;</strong></span> <span class='ocrx_word' id='word_1_831' title='bbox 2172 3232 2208 3264; x_wconf 88' lang='lat' dir='ltr'><strong>et</strong></span> <span class='ocrx_word' id='word_1_832' title='bbox 2237 3225 2318 3272; x_wconf 87' lang='lat' dir='ltr'><strong>quia</strong></span> <span class='ocrx_word' id='word_1_833' title='bbox 2335 3217 2454 3259; x_wconf 85' lang='lat' dir='ltr'><strong>Joanni</strong></span> <span class='ocrx_word' id='word_1_834' title='bbox 2479 3218 2558 3249; x_wconf 83' lang='lat' dir='ltr'><strong>sem-</strong></span> 
     </span>
    </p>
   </div>
   <div class='ocr_carea' id='block_1_110' title="bbox 1521 3274 2559 3348">
    <p class='ocr_par' dir='ltr' id='par_1_110' title="bbox 1521 3274 2559 3348">
     <span class='ocr_line' id='line_1_110' title="bbox 1521 3274 2559 3348; baseline -0.018 -12"><span class='ocrx_word' id='word_1_835' title='bbox 1521 3274 1586 3348; x_wconf 85' lang='lat' dir='ltr'><strong>per</strong></span> <span class='ocrx_word' id='word_1_836' title='bbox 1606 3274 1748 3335; x_wconf 35' lang='lat' dir='ltr'><strong>Iaddicti</strong></span> <span class='ocrx_word' id='word_1_837' title='bbox 1780 3300 1910 3336; x_wconf 87' lang='lat' dir='ltr'><strong>erant,</strong></span> <span class='ocrx_word' id='word_1_838' title='bbox 1945 3291 2124 3330; x_wconf 86' lang='lat' dir='ltr'><strong>Joannitae</strong></span> <span class='ocrx_word' id='word_1_839' title='bbox 2156 3285 2322 3335; x_wconf 90' lang='lat' dir='ltr'><strong>appellati</strong></span> <span class='ocrx_word' id='word_1_840' title='bbox 2349 3286 2428 3320; x_wconf 86' lang='lat' dir='ltr'><strong>sunt</strong></span> <span class='ocrx_word' id='word_1_841' title='bbox 2453 3274 2559 3324; x_wconf 70' lang='lat'><strong>(50&quot;-</strong></span> 
     </span>
    </p>
   </div>
   <div class='ocr_carea' id='block_1_111' title="bbox 1520 3349 2194 3399">
    <p class='ocr_par' dir='ltr' id='par_1_111' title="bbox 1520 3349 2194 3399">
     <span class='ocr_line' id='line_1_111' title="bbox 1520 3349 2194 3399; baseline -0.019 0"><span class='ocrx_word' id='word_1_842' title='bbox 1520 3363 1578 3399; x_wconf 82' lang='lat' dir='ltr'><strong>lib.</strong></span> <span class='ocrx_word' id='word_1_843' title='bbox 1599 3361 1634 3398; x_wconf 88' lang='lat'><strong>6.</strong></span> <span class='ocrx_word' id='word_1_844' title='bbox 1653 3371 1684 3395; x_wconf 80' lang='grc' dir='ltr'><strong>ε.</strong></span> <span class='ocrx_word' id='word_1_845' title='bbox 1707 3358 1765 3395; x_wconf 84' lang='grc'><strong>19.</strong></span> <span class='ocrx_word' id='word_1_846' title='bbox 1788 3357 1928 3394; x_wconf 83' lang='lat' dir='ltr'><strong>Sozam.</strong></span> <span class='ocrx_word' id='word_1_847' title='bbox 1949 3355 1973 3391; x_wconf 86' lang='grc' dir='ltr'><strong>Ι.</strong></span> <span class='ocrx_word' id='word_1_848' title='bbox 1996 3354 2031 3390; x_wconf 86' lang='lat'><strong>8.</strong></span> <span class='ocrx_word' id='word_1_849' title='bbox 2053 3364 2084 3389; x_wconf 79' lang='grc' dir='ltr'><strong>ε.</strong></span> <span class='ocrx_word' id='word_1_850' title='bbox 2105 3352 2148 3388; x_wconf 73' lang='grc'><strong>21</strong></span> 
     </span>
    </p>
   </div>
   <div class='ocr_carea' id='block_1_112' title="bbox 1573 3399 2562 3469">
    <p class='ocr_par' dir='ltr' id='par_1_112' title="bbox 1573 3399 2562 3469">
     <span class='ocr_line' id='line_1_112' title="bbox 1573 3399 2562 3469; baseline -0.029 -8"><span class='ocrx_word' id='word_1_851' title='bbox 1573 3423 1632 3460; x_wconf 81' lang='lat' dir='ltr'><strong>Jo.</strong></span> <span class='ocrx_word' id='word_1_852' title='bbox 1653 3422 1912 3469; x_wconf 81' lang='lat' dir='ltr'><strong>Chrysostomus</strong></span> <span class='ocrx_word' id='word_1_853' title='bbox 1929 3418 1974 3453; x_wconf 85' lang='lat' dir='ltr'><strong>ad</strong></span> <span class='ocrx_word' id='word_1_854' title='bbox 1997 3415 2235 3452; x_wconf 80' lang='lat' dir='ltr'><strong>Innocenlium</strong></span> <span class='ocrx_word' id='word_1_855' title='bbox 2255 3411 2386 3454; x_wconf 81' lang='lat' dir='ltr'><strong>Papam</strong></span> <span class='ocrx_word' id='word_1_856' title='bbox 2403 3399 2562 3441; x_wconf 59' lang='lat' dir='ltr'><strong>scribit—-</strong></span> 
     </span>
    </p>
   </div>
   <div class='ocr_carea' id='block_1_113' title="bbox 1523 3463 2562 3525">
    <p class='ocr_par' dir='ltr' id='par_1_113' title="bbox 1523 3463 2562 3525">
     <span class='ocr_line' id='line_1_113' title="bbox 1523 3463 2562 3525; baseline -0.026 -1"><span class='ocrx_word' id='word_1_857' title='bbox 1523 3487 1600 3524; x_wconf 86' lang='lat' dir='ltr'><strong>Hoc</strong></span> <span class='ocrx_word' id='word_1_858' title='bbox 1612 3487 1648 3522; x_wconf 94' lang='lat' dir='ltr'><strong>in</strong></span> <span class='ocrx_word' id='word_1_859' title='bbox 1663 3491 1755 3522; x_wconf 88' lang='lat' dir='ltr'><strong>statu</strong></span> <span class='ocrx_word' id='word_1_860' title='bbox 1768 3492 1826 3519; x_wconf 92' lang='lat' dir='ltr'><strong>res</strong></span> <span class='ocrx_word' id='word_1_861' title='bbox 1839 3485 1956 3525; x_wconf 88' lang='lat' dir='ltr'><strong>erant,</strong></span> <span class='ocrx_word' id='word_1_862' title='bbox 1973 3489 2053 3516; x_wconf 90' lang='lat' dir='ltr'><strong>cum</strong></span> <span class='ocrx_word' id='word_1_863' title='bbox 2067 3476 2257 3524; x_wconf 87' lang='lat' dir='ltr'><strong>epistolam</strong></span> <span class='ocrx_word' id='word_1_864' title='bbox 2271 3471 2414 3520; x_wconf 86' lang='lat' dir='ltr'><strong>primam</strong></span> <span class='ocrx_word' id='word_1_865' title='bbox 2426 3463 2562 3507; x_wconf 75' lang='lat' dir='ltr'><strong>Chryso-</strong></span> 
     </span>
    </p>
   </div>
   <div class='ocr_carea' id='block_1_114' title="bbox 1523 3525 2564 3592">
    <p class='ocr_par' dir='ltr' id='par_1_114' title="bbox 1523 3525 2564 3592">
     <span class='ocr_line' id='line_1_114' title="bbox 1523 3525 2564 3592; baseline -0.02 -6"><span class='ocrx_word' id='word_1_866' title='bbox 1523 3555 1665 3586; x_wconf 87' lang='lat' dir='ltr'><strong>stomus</strong></span> <span class='ocrx_word' id='word_1_867' title='bbox 1697 3544 1842 3592; x_wconf 89' lang='lat' dir='ltr'><strong>scripsit</strong></span> <span class='ocrx_word' id='word_1_868' title='bbox 1867 3542 1914 3580; x_wconf 88' lang='lat' dir='ltr'><strong>ad</strong></span> <span class='ocrx_word' id='word_1_869' title='bbox 1945 3539 2194 3579; x_wconf 88' lang='lat' dir='ltr'><strong>Innocentium</strong></span> <span class='ocrx_word' id='word_1_870' title='bbox 2215 3537 2369 3582; x_wconf 80' lang='lat' dir='ltr'><strong>Papam,</strong></span> <span class='ocrx_word' id='word_1_871' title='bbox 2399 3525 2564 3568; x_wconf 66' lang='lat' dir='ltr'><strong>antequam</strong></span> 
     </span>
    </p>
   </div>
   <div class='ocr_carea' id='block_1_115' title="bbox 1525 3586 2566 3658">
    <p class='ocr_par' dir='ltr' id='par_1_115' title="bbox 1525 3586 2566 3658">
     <span class='ocr_line' id='line_1_115' title="bbox 1525 3586 2566 3658; baseline -0.019 -10"><span class='ocrx_word' id='word_1_872' title='bbox 1525 3612 1604 3658; x_wconf 85' lang='lat' dir='ltr'><strong>ipse</strong></span> <span class='ocrx_word' id='word_1_873' title='bbox 1623 3611 1658 3647; x_wconf 93' lang='lat' dir='ltr'><strong>in</strong></span> <span class='ocrx_word' id='word_1_874' title='bbox 1674 3607 1872 3646; x_wconf 86' lang='lat' dir='ltr'><strong>secundum</strong></span> <span class='ocrx_word' id='word_1_875' title='bbox 1893 3603 2060 3643; x_wconf 81' lang='lat' dir='ltr'><strong>exsilium</strong></span> <span class='ocrx_word' id='word_1_876' title='bbox 2080 3604 2255 3648; x_wconf 82' lang='lat' dir='ltr'><strong>pergeret,</strong></span> <span class='ocrx_word' id='word_1_877' title='bbox 2275 3607 2296 3633; x_wconf 91' lang='lat' dir='ltr'><strong>a</strong></span> <span class='ocrx_word' id='word_1_878' title='bbox 2315 3603 2382 3641; x_wconf 92' lang='lat' dir='ltr'><strong>quo</strong></span> <span class='ocrx_word' id='word_1_879' title='bbox 2396 3586 2566 3658; x_wconf 56' lang='lat' dir='ltr'><strong>num‘l‘m“:</strong></span> 
     </span>
    </p>
   </div>
   <div class='ocr_carea' id='block_1_116' title="bbox 1527 3635 2566 3714">
    <p class='ocr_par' dir='ltr' id='par_1_116' title="bbox 1527 3635 2566 3714">
     <span class='ocr_line' id='line_1_116' title="bbox 1527 3635 2335 3658; baseline -0.021 -9"><span class='ocrx_word' id='word_1_880' title='bbox 1527 3635 1604 3658; x_wconf 72' lang='grc' dir='ltr'><strong>ιμσι,</strong></span> <span class='ocrx_word' id='word_1_881' title='bbox 1675 3635 1872 3646; x_wconf 51' lang='lat' dir='ltr'><strong>“unum...</strong></span> <span class='ocrx_word' id='word_1_882' title='bbox 1895 3635 2060 3643; x_wconf 57' lang='grc' dir='ltr'><strong>νην-η.</strong></span> <span class='ocrx_word' id='word_1_883' title='bbox 2080 3635 2180 3648; x_wconf 20' lang='lat' dir='ltr'><strong>re”,</strong></span> <span class='ocrx_word' id='word_1_884' title='bbox 2215 3635 2221 3636; x_wconf 58' lang='lat'><strong><em>,</em></strong></span> <span class='ocrx_word' id='word_1_885' title='bbox 2246 3635 2254 3643; x_wconf 74' lang='grc'><strong><em>,</em></strong></span> <span class='ocrx_word' id='word_1_886' title='bbox 2327 3635 2335 3641; x_wconf 67' lang='grc'>,</span> 
     </span>
     <span class='ocr_line' id='line_1_117' title="bbox 1527 3635 2566 3714; baseline -0.024 -6"><span class='ocrx_word' id='word_1_887' title='bbox 1527 3671 1646 3708; x_wconf 87' lang='lat' dir='ltr'><strong>rediit.</strong></span> <span class='ocrx_word' id='word_1_888' title='bbox 1666 3669 1780 3714; x_wconf 86' lang='lat' dir='ltr'><strong>Quam</strong></span> <span class='ocrx_word' id='word_1_889' title='bbox 1808 3665 1980 3714; x_wconf 90' lang='lat' dir='ltr'><strong>temporis</strong></span> <span class='ocrx_word' id='word_1_890' title='bbox 2000 3671 2122 3700; x_wconf 87' lang='lat' dir='ltr'><strong>notam</strong></span> <span class='ocrx_word' id='word_1_891' title='bbox 2139 3661 2224 3697; x_wconf 90' lang='lat' dir='ltr'><strong>hinc</strong></span> <span class='ocrx_word' id='word_1_892' title='bbox 2241 3658 2456 3694; x_wconf 75' lang='lat' dir='ltr'><strong>inlituamur,</strong></span> <span class='ocrx_word' id='word_1_893' title='bbox 2481 3635 2566 3714; x_wconf 50' lang='lat' dir='ltr'><strong>‘qtltid</strong></span> 
     </span>
    </p>
   </div>
   <div class='ocr_carea' id='block_1_117' title="bbox 1526 3696 2568 3780">
    <p class='ocr_par' dir='ltr' id='par_1_117' title="bbox 1526 3696 2568 3780">
     <span class='ocr_line' id='line_1_118' title="bbox 1527 3696 2121 3714; baseline -0.019 -5"><span class='ocrx_word' id='word_1_894' title='bbox 1527 3696 1646 3708; x_wconf 73' lang='grc' dir='ltr'><strong>ιυυιη.</strong></span> <span class='ocrx_word' id='word_1_895' title='bbox 1809 3696 1978 3714; x_wconf 48' lang='lat' dir='ltr'><strong>Mure..-</strong></span> 
     </span>
     <span class='ocr_line' id='line_1_119' title="bbox 1526 3696 2568 3780; baseline -0.033 -11"><span class='ocrx_word' id='word_1_896' title='bbox 1526 3733 1806 3780; x_wconf 78' lang='lat' dir='ltr'><strong>Chrysostomus</strong></span> <span class='ocrx_word' id='word_1_897' title='bbox 1820 3734 2006 3776; x_wconf 77' lang='lat' dir='ltr'><strong>postquam</strong></span> <span class='ocrx_word' id='word_1_898' title='bbox 2025 3723 2143 3760; x_wconf 89' lang='lat' dir='ltr'><strong>omnia</strong></span> <span class='ocrx_word' id='word_1_899' title='bbox 2164 3717 2352 3758; x_wconf 82' lang='lat' dir='ltr'><strong>recensuit,</strong></span> <span class='ocrx_word' id='word_1_900' title='bbox 2372 3719 2446 3759; x_wconf 80' lang='lat' dir='ltr'><strong>qua:</strong></span> <span class='ocrx_word' id='word_1_901' title='bbox 2460 3704 2500 3740; x_wconf 90' lang='lat' dir='ltr'><strong>ab</strong></span> <span class='ocrx_word' id='word_1_902' title='bbox 2516 3696 2568 3780; x_wconf 53' lang='lat' dir='ltr'><strong>ad&quot;:</strong></span> 
     </span>
    </p>
   </div>
   <div class='ocr_carea' id='block_1_118' title="bbox 1529 3765 2568 3839">
    <p class='ocr_par' dir='ltr' id='par_1_118' title="bbox 1529 3765 2568 3839">
     <span class='ocr_line' id='line_1_120' title="bbox 1529 3765 2568 3839; baseline -0.03 -8"><span class='ocrx_word' id='word_1_903' title='bbox 1529 3765 1639 3831; x_wconf 57' lang='lat' dir='ltr'><strong>venio</strong></span> <span class='ocrx_word' id='word_1_904' title='bbox 1651 3765 1839 3839; x_wconf 77' lang='lat' dir='ltr'><strong>Theophili</strong></span> <span class='ocrx_word' id='word_1_905' title='bbox 1847 3785 2180 3831; x_wconf 86' lang='lat' dir='ltr'><strong>Constantinopolin</strong></span> <span class='ocrx_word' id='word_1_906' title='bbox 2191 3786 2289 3828; x_wconf 81' lang='lat' dir='ltr'><strong>gesta</strong></span> <span class='ocrx_word' id='word_1_907' title='bbox 2299 3780 2391 3816; x_wconf 89' lang='lat' dir='ltr'><strong>sunt,</strong></span> <span class='ocrx_word' id='word_1_908' title='bbox 2403 3765 2568 3839; x_wconf 37' lang='lat' dir='ltr'><strong>post???</strong></span> 
     </span>
    </p>
   </div>
   <div class='ocr_carea' id='block_1_119' title="bbox 1529 3824 2570 3904">
    <p class='ocr_par' dir='ltr' id='par_1_119' title="bbox 1529 3824 2570 3904">
     <span class='ocr_line' id='line_1_121' title="bbox 1529 3824 2570 3904; baseline -0.023 -10"><span class='ocrx_word' id='word_1_909' title='bbox 1529 3857 1574 3893; x_wconf 88' lang='lat' dir='ltr'><strong>de</strong></span> <span class='ocrx_word' id='word_1_910' title='bbox 1592 3855 1738 3904; x_wconf 86' lang='lat' dir='ltr'><strong>Synodo</strong></span> <span class='ocrx_word' id='word_1_911' title='bbox 1754 3824 1815 3890; x_wconf 53' lang='lat' dir='ltr'><strong>‘uhi</strong></span> <span class='ocrx_word' id='word_1_912' title='bbox 1836 3854 1914 3900; x_wconf 84' lang='lat' dir='ltr'><strong>ipse</strong></span> <span class='ocrx_word' id='word_1_913' title='bbox 1930 3850 2114 3896; x_wconf 89' lang='lat' dir='ltr'><strong>depositus</strong></span> <span class='ocrx_word' id='word_1_914' title='bbox 2135 3845 2247 3882; x_wconf 88' lang='lat' dir='ltr'><strong>fuerat</strong></span> <span class='ocrx_word' id='word_1_915' title='bbox 2265 3839 2347 3885; x_wconf 81' lang='lat' dir='ltr'><strong>egit,</strong></span> <span class='ocrx_word' id='word_1_916' title='bbox 2365 3839 2404 3902; x_wconf 67' lang='lat' dir='ltr'><strong>cl</strong></span> 
     </span>
    </p>
   </div>
   <div class='ocr_carea' id='block_1_120' title="bbox 1532 3880 2570 3961">
    <p class='ocr_par' dir='ltr' id='par_1_120' title="bbox 1532 3880 2570 3961">
     <span class='ocr_line' id='line_1_122' title="bbox 1532 3880 2488 3904; baseline -0.02 2"><span class='ocrx_word' id='word_1_917' title='bbox 1532 3880 1574 3893; x_wconf 69' lang='grc' dir='ltr'>υυ</span> <span class='ocrx_word' id='word_1_918' title='bbox 1592 3880 1738 3904; x_wconf 72' lang='grc' dir='ltr'><strong>υιιιυυυ</strong></span> <span class='ocrx_word' id='word_1_919' title='bbox 1759 3880 1815 3890; x_wconf 80' lang='grc' dir='ltr'><strong>υν-</strong></span> <span class='ocrx_word' id='word_1_920' title='bbox 1837 3880 1914 3900; x_wconf 71' lang='grc' dir='ltr'><strong>-γυν</strong></span> <span class='ocrx_word' id='word_1_921' title='bbox 1931 3880 2111 3896; x_wconf 68' lang='grc' dir='ltr'><strong>-νιι-------</strong></span> <span class='ocrx_word' id='word_1_922' title='bbox 2135 3880 2160 3882; x_wconf 54' lang='grc' dir='ltr'><em>η</em></span> <span class='ocrx_word' id='word_1_923' title='bbox 2287 3880 2303 3885; x_wconf 60' lang='grc' dir='ltr'>ν</span> <span class='ocrx_word' id='word_1_924' title='bbox 2481 3886 2488 3893; x_wconf 86' lang='grc'>,</span> 
     </span>
     <span class='ocr_line' id='line_1_123' title="bbox 1532 3880 2570 3961; baseline -0.039 -4"><span class='ocrx_word' id='word_1_925' title='bbox 1532 3926 1646 3956; x_wconf 88' lang='lat' dir='ltr'><strong>tutum</strong></span> <span class='ocrx_word' id='word_1_926' title='bbox 1667 3917 1944 3961; x_wconf 87' lang='lat' dir='ltr'><strong>restitutumque</strong></span> <span class='ocrx_word' id='word_1_927' title='bbox 1961 3911 2071 3948; x_wconf 87' lang='lat' dir='ltr'><strong>fuisse</strong></span> <span class='ocrx_word' id='word_1_928' title='bbox 2101 3896 2408 3944; x_wconf 86' lang='lat' dir='ltr'><strong>commemoravit;</strong></span> <span class='ocrx_word' id='word_1_929' title='bbox 2437 3880 2570 3925; x_wconf 76' lang='lat' dir='ltr'><strong>deinde-</strong></span> 
     </span>
    </p>
   </div>
  </div>
