2742 4342
217 261 286 300 213

216 348 282 386 quo
299 338 422 376 iterum
439 344 650 383 exagitatmn
670 347 706 373 et
722 343 938 377 accusaturi),
961 343 1066 382 atque
1086 345 1128 370 ex
1145 335 1267 370 Eccle-

219 399 269 434 sia
285 398 444 444 pulsum;
465 405 648 444 postquam
674 398 863 434 violentam
895 397 1126 442 iri-optionem
1146 395 1178 430 in
1205 405 1268 431 ec-

214 459 352 496 clesiam
375 465 410 496 et
427 459 460 494 in
480 459 722 505 baptisterium
743 458 868 496 factam
898 458 1098 495 enarravit:
1119 456 1266 504 gradum

215 521 330 564 sistit,
355 530 465 566 neque
485 531 525 556 ea
544 531 622 567 qua:
643 527 765 567 postea
789 528 888 568 gesta
919 526 1026 562 sunt,
1059 525 1093 555 et
1121 518 1264 566 quidem

213 581 439 625 atrocissima,
471 588 736 618 commemorat.
758 581 822 618 Hic
853 589 970 618 autem
993 581 1161 627 plurimos
1186 579 1264 626 epi-

212 650 334 687 scopos
347 642 546 688 alloquitur,
566 642 721 690 dicitque
740 642 916 680 Palladius
929 643 962 678 in
977 642 1082 686 Dial.,
1097 641 1188 678 hanc
1207 641 1262 688 ip-

212 709 284 736 sam
304 701 489 747 epistolam
511 703 676 749 scriptam
695 703 802 740 fuisse
817 702 971 740 Venerio
992 702 1260 745 Mcdiolaneusi,

210 767 244 796 et
274 761 476 799 Chromatio
508 763 726 810 Aquileiensi
770 764 959 812 episcopis.
999 763 1105 800 Addit
1144 770 1261 800 autem

209 821 478 868 Chrysostomus
493 850 505 869 ,
526 825 656 862 malum
675 825 742 862 hoc
763 827 962 874 pervasisse
987 827 1023 864 in
1050 826 1232 864 Orientem
1250 838 1258 862 :

212 883 359 920 clericos
393 885 486 922 enim
506 887 541 922 iu
561 887 746 934 episcOpos
767 889 948 936 insurgere
965 916 976 934 ,
1005 889 1192 935 episcopos
1215 888 1260 924 ab

214 944 402 991 episcopis,
422 947 572 994 populos
591 959 611 984 a
630 949 770 996 pepulis
787 959 918 986 setssos
937 959 1037 993 esse,
1057 950 1260 996 instareque

207 1003 416 1050 periculum,
435 1017 479 1043 ne
499 1007 673 1044 dissensio
693 1016 811 1046 manet
829 1010 863 1046 in
884 1009 960 1046 dies
979 1010 1098 1046 latius.
1129 1010 1260 1058 Rogat-

205 1074 272 1110 que
291 1065 368 1102 illos
381 1067 447 1104 sibi
462 1070 672 1106 subveniant
685 1077 718 1107 et
729 1071 959 1118 opitulentur.
975 1072 1012 1109 Si
1030 1083 1112 1108 vero
1126 1073 1259 1109 instent

203 1123 394 1162 adversarii
407 1127 553 1165 crimina
572 1130 638 1167 sibi
653 1131 874 1178 objicientcs,
893 1141 1050 1178 paratum
1069 1143 1108 1170 se
1121 1143 1200 1169 esse
1213 1133 1257 1169 ad

203 1194 342 1222 causam
363 1196 482 1224 coram
510 1189 724 1238 incorruptis
739 1192 917 1238 judicibus
932 1193 1133 1237 dicendam,
1156 1195 1258 1240 queis

203 1245 372 1290 significat
389 1257 428 1284 se
447 1248 481 1285 id
501 1257 635 1296 optare,
656 1259 690 1288 ut
714 1253 746 1288 in
765 1254 916 1290 concilio
933 1254 1089 1302 legitime
1110 1265 1258 1303 cmgre-

203 1312 294 1350 gato,
317 1307 390 1344 haec
407 1319 514 1346 causa
536 1318 704 1348 tractetur
724 1321 759 1350 et
779 1313 982 1352 definiatur.

251 1367 338 1404 lluie
353 1372 511 1414 cpistola:
528 1373 646 1410 addita
663 1382 717 1412 est
733 1377 843 1414 altera
863 1377 1018 1424 (Pallad.
1040 1379 1152 1428 Dial.)
1181 1381 1254 1427 epi-

201 1439 382 1477 scoporum
401 1434 630 1482 quadraginta
648 1466 657 1481 ,
673 1439 730 1484 qui
750 1449 830 1475 cum
858 1439 994 1478 Joanne
1014 1442 1257 1480 communica-

201 1489 301 1535 bant;
319 1493 420 1528 tertia
431 1505 570 1541 quoque
588 1497 680 1534 Cleri
697 1499 1091 1547 Constantiuopolitani,
1111 1503 1170 1550 qui
1191 1514 1255 1550 pro

201 1551 338 1588 Joanne
357 1554 486 1590 stabat.
503 1555 574 1592 llas
593 1568 674 1594 vero
697 1559 816 1596 literas
831 1561 864 1597 in
885 1561 1020 1598 Italiam
1040 1563 1251 1601 deferendas

197 1623 384 1659 suscepere
403 1615 654 1662 religiosissimi
683 1621 840 1668 episcopi
857 1651 867 1667 ,
888 1623 1101 1669 Demetrius,
1121 1625 1254 1662 Panso-

199 1673 314 1718 pltius,
327 1675 466 1722 Pappus
483 1684 517 1714 et
537 1679 726 1726 Eugenius,
745 1683 803 1728 qui
823 1684 953 1720 relictis
974 1685 1144 1722 Ecclesiis
1163 1687 1250 1732 suis,

198 1735 319 1782 pelago
335 1747 373 1773 se
389 1740 618 1786 commisere,
637 1749 673 1779 et
691 1754 770 1780 cum
791 1745 859 1782 illis
879 1746 1009 1783 Paulus
1031 1755 1066 1785 ct
1083 1749 1254 1796 Cyriacus

197 1794 332 1832 diaconi
354 1796 472 1846 (Pull.
496 1799 620 1849 Dial).
655 1805 850 1852 Antequam
883 1817 968 1844 vero
995 1808 1072 1844 lucc
1100 1794 1248 1856 epistola

197 1857 236 1890 ad
261 1856 496 1896 Innocentium
527 1864 764 1910 pervenisset,
785 1876 969 1914 acceperat
987 1870 1044 1906 ille
1061 1871 1247 1916 epistolam

201 1917 380 1967 'l'heophili
399 1923 646 1970 Alexandrini,
680 1938 758 1975 qua:
781 1930 826 1966 ita
845 1938 1016 1978 concepta
1035 1941 1132 1978 erat,
1153 1941 1190 1970 ut
1209 1935 1245 1972 in

199 1990 236 2016 ea
257 1981 417 2020 Pontifex
439 1988 646 2026 temeritatis
663 1997 700 2027 et
719 1993 894 2039 superbia:
915 2001 1034 2032 notant
1049 1997 1246 2044 deprellen-

196 2040 312 2087 deret;
331 2046 423 2091 quod
438 2048 534 2085 solus
551 2052 754 2098 scripsisset
781 2065 846 2092 nec
863 2057 995 2094 claram
1015 2060 1092 2106 ejus
1106 2061 1157 2097 rei
1177 2071 1242 2098 no-

197 2102 301 2139 titiam
320 2106 487 2154 misisset,
519 2121 586 2148 nec
603 2111 736 2150 diceret
755 2121 814 2150 aut
831 2125 896 2152 cur
910 2144 921 2160 ,
953 2124 1013 2154 aut
1033 2102 1169 2166 quibus
1187 2131 1244 2158 as-

195 2166 336 2212 sumptis
346 2168 450 2206 sociis
463 2169 635 2208 Joannem
651 2173 886 2220 deposuisset.
896 2176 983 2214 Cum
999 2189 1104 2225 porro
1115 2180 1245 2219 dubius

195 2225 298 2262 animi
316 2235 422 2273 esset,
453 2241 518 2268 nec
539 2232 584 2269 ob
605 2233 654 2270 rei
673 2243 780 2281 gesta:
799 2236 976 2274 levitatem
994 2267 1003 2282 ,
1037 2239 1150 2286 inquit
1166 2241 1244 2278 Pal-

195 2285 311 2331 ladius,
335 2291 530 2330 rescribere
547 2295 667 2338 vellet,
687 2296 862 2334 Eusebius
881 2299 1024 2346 quidam
1041 2300 1245 2340 Constanti-

195 2347 408 2392 nopolitanus
418 2352 600 2398 diaconus,
617 2356 676 2402 qui
693 2363 775 2394 tunc
792 2358 915 2396 Roma:
933 2366 1011 2396 crat
1029 2363 1244 2400 ecclesiasti-

192 2415 304 2444 carum
322 2421 436 2448 rerum
457 2423 576 2459 causa,
601 2416 842 2456 Innocentium
872 2421 982 2466 adiit,
1011 2428 1048 2459 et
1065 2425 1242 2470 supplices

191 2466 321 2506 libellos
339 2471 459 2518 dedit,
495 2475 664 2522 adjurans
695 2489 775 2516 cum
799 2488 836 2518 ut
856 2483 1036 2519 modicum
1071 2466 1242 2532 temporis

188 2538 421 2577 exspectaret,
455 2541 491 2572 et
519 2539 815 2586 conspirationem
834 2543 1046 2589 patefactam
1077 2545 1238 2582 videret:

185 2599 224 2624 ac
242 2599 319 2634 post
337 2594 487 2632 triduum
507 2599 726 2638 advenerunt
745 2603 900 2651 episcopi
919 2615 1027 2654 supra
1059 2617 1238 2646 memora-

186 2656 238 2685 tas
257 2651 374 2688 literas
393 2655 592 2695 afferentes.

227 2711 424 2783 secundum
439 2717 514 2755 hme
529 2721 750 2762 Innocentius
761 2727 854 2775 Papa
865 2731 1002 2780 utrique
1019 2735 1107 2779 parti
1123 2735 1234 2783 (Pali.

185 2770 316 2820 Diulog.
334 2774 366 2821 ),
389 2775 514 2814 Joanui
533 2781 638 2820 sintut
661 2791 696 2821 et
724 2770 920 2835 Theophilo
934 2770 1084 2835 ,llitclras
1119 2770 1234 2841 misit,

185 2835 360 2882 utriusque
375 2842 661 2882 communionem
681 2857 719 2884 se
733 2849 919 2888 admittere
935 2854 1074 2900 quidem
1095 2857 1232 2902 dicens,

185 2901 225 2929 tte
243 2894 434 2936 Ecclesiam
453 2901 645 2951 scinderet,
660 2908 831 2954 judicium
857 2894 972 2950 tamen
993 2926 1011 2951 a
1030 2894 1232 2966 Tlienphilo

185 2955 284 2994 latum
319 2961 522 3009 improbans
537 2995 546 3011 ,
581 2969 802 3018 addebatque
819 2974 925 3012 aliam
943 2979 1021 3026 cogi
1047 2955 1230 3028 Synodum

185 3027 337 3064 oportere
355 3023 634 3068 Occidentalium
666 3039 702 3069 et
717 3035 966 3085 Orientalium,
986 3023 1084 3088 aequi
1103 3055 1228 3080 aman-

185 3084 260 3149 tem,
277 3093 353 3149 qua:
368 3088 450 3124 nulli
466 3092 616 3136 partium
629 3093 768 3133 addicta
783 3107 892 3138 esset.
906 3101 966 3138 llis
978 3084 1100 3149 adjicit
1113 3105 1228 3142 Theo-

181 3139 306 3204 phanes
324 3145 561 3188 Innocentium
577 3161 612 3192 et
625 3154 830 3197 Flavianum
849 3163 1106 3202 Antiochenum
1123 3165 1228 3204 Clero

181 3200 559 3271 Constantinopolitano
567 3218 766 3265 scripsisse,
781 3229 818 3259 ut
829 3224 930 3262 illum
939 3228 1222 3274 consolarentur,

180 3269 210 3298 et
219 3264 485 3316 indignationem
495 3287 592 3315 Suam
601 3281 837 3328 exprimerent
845 3287 950 3333 ,quod
959 3295 1082 3326 contra
1093 3291 1224 3337 episco-

180 3333 252 3400 pum
270 3338 368 3396 suum
384 3339 452 3372 tam
474 3338 613 3387 indigna
629 3349 762 3389 patrata
783 3354 904 3384 essent
919 3347 1075 3395 (Pallad.
1094 3333 1221 3400 [.

629 3383 637 3389 .
973 3383 1075 3386 -
1094 3383 1220 3400 -----,-

179 3383 224 3452 lix
235 3389 410 3439 episcopis
426 3407 521 3443 vero,
537 3402 594 3446 qui
611 3403 732 3441 literas
747 3406 894 3446 Joannis
913 3410 957 3447 ad
977 3410 1220 3452 Innocentium

178 3444 377 3499 detulerunt,
385 3455 595 3500 Demetrium
604 3463 754 3503 Pesinun
761 3467 804 3505 tis
812 3468 992 3509 Orientem
1003 3477 1220 3520 percurrisse

177 3515 308 3575 "errant
321 3517 808 3567 prmdicantemftomanorum
823 3533 1047 3572 cumJoanne
1059 3545 1219 3575 conmm-

177 3571 390 3624 nionem,qui
407 3583 509 3621 etiam
535 3586 858 3631 Iiteraslnnoeentii
880 3595 985 3643 Papae
999 3599 1214 3647 proferebat,

315 3639 554 3690 episcoporum
569 3649 695 3696 Cariae,
717 3655 876 3703 quicum
899 3657 1036 3698 Joanne
1056 3672 1217 3701 commu-

174 3693 338 3734 nicabant.

216 3751 334 3828 Pauc'is
353 3768 482 3805 exactis
498 3771 622 3810 diebus
653 3783 731 3821 post
747 3778 848 3817 datas
875 3782 921 3820 ab
944 3783 1151 3826 Innocentio
1172 3790 1214 3828 li-

177 3813 274 3898 fasi
293 3817 433 3898 Romani
449 3830 589 3871 advenit
603 3813 730 3874 Petrus
748 3840 905 3887 quidam,

171 3878 296 3931 sbyler,
309 3891 346 3926 et
367 3886 568 3940 Martyrius,
591 3895 1005 3949 Constantinopolitantts
1021 3878 1204 3961 diaeorius,

371 3962 544 4012 ..
578 3973 658 4016 Gn.
683 3977 853 4024 XLVII.

985 258 1103 297 NUNC
1132 255 1309 296 PRIMUM
1336 258 1601 302 ADOliNATA.

2345 267 2415 304 224

1345 335 1406 380 qui
1418 336 1540 373 literas
1549 337 1737 384 Theophili
1750 339 1962 376 lnnocentto
1973 339 2170 377 attulerunt
2187 337 2298 387 (Pali.
2317 341 2409 378 Dial.

1341 397 1411 444 24)
1424 425 1434 441 ,
1457 404 1493 435 et
1512 399 1674 445 quaedam
1695 410 1774 438 acta
1791 402 1941 440 Concilii
1961 405 2006 440 ad
2026 404 2220 450 Quercum,
2244 405 2280 443 in
2308 407 2412 453 queis

1341 459 1520 496 ferebatur
1537 460 1695 498 Joannes
1711 473 1730 499 a
1751 464 1895 510 triginta
1915 475 1980 502 sex
1997 466 2177 514 episcopis
2195 467 2384 504 damnatus
2403 496 2432 525 ,J

1339 531 1489 567 quorum
1508 523 1748 571 undetriginta
1763 524 1922 572 Egyptii
1937 535 2051 571 erant,
2067 536 2204 576 septem
2223 540 2310 566 vero
2325 530 2412 566 alia-

1337 593 1415 619 rum
1437 585 1636 631 regionum.
1667 586 1806 631 Quibus
1835 588 1925 624 actis
1955 590 2122 635 perlectis
2153 591 2382 629 lnnOcentius
2401 620 2413 636 ,

1335 654 1416 680 cum
1435 647 1670 692 comperisset
1686 649 1802 684 nullas
1821 659 1948 696 graves
1963 659 2044 687 esse
2063 653 2324 696 accusationes,
2343 665 2408 691 ne-

1335 716 1406 751 que
1423 706 1596 745 Joannem
1615 711 1772 748 adfuisse
1787 739 1798 756 ,
1817 712 1877 758 qui
1893 722 2037 749 causam
2058 723 2159 750 suam
2180 713 2406 762 defenderet,

1335 767 1522 816 Tlteuphili
1555 770 1710 809 furorem
1746 773 1938 811 exsibilare
1967 775 2136 821 perstitit,
2170 775 2264 823 quod
2283 785 2408 815 contra

1333 827 1517 866 absentem
1534 837 1603 868 tam
1619 834 1836 880 prwcipitem
1847 835 2060 872 sententiain
2071 837 2406 876 emisisset.Literas

1331 895 1448 926 autem
1469 890 1567 927 dedit
1582 892 1632 928 illi
1647 894 1690 929 ad
1708 893 1960 941 Theophilum,
1979 907 2099 943 quem,
2117 903 2154 933 ut
2171 898 2277 934 etiam
2293 897 2404 936 Joan-

1332 962 1412 987 netn
1444 953 1490 988 ad
1518 956 1808 993 communionem
1829 968 1870 994 se
1898 957 2089 995 admittere
2119 960 2403 1005 testificabatur,

1331 1023 1446 1060 neque
1465 1025 1504 1051 se
1521 1025 1539 1050 a
1560 1015 1709 1054 Joannis
1727 1019 1979 1056 communione
1993 1019 2208 1058 destiturum
2221 1032 2302 1060 esse
2319 1033 2404 1070 pro-

1331 1080 1411 1120 pter
1425 1085 1466 1112 ea
1483 1086 1562 1123 quae
1577 1087 1641 1124 per
1655 1079 1846 1117 ludibrium
1861 1088 1962 1128 gesta
1990 1081 2144 1120 fuerant.
2161 1083 2404 1132 Hortaturqne

1332 1134 1430 1171 illum
1449 1143 1487 1172 ut
1504 1138 1547 1174 ad
1563 1138 1758 1176 Concilium
1775 1152 1856 1178 mox
1874 1145 2164 1190 congregandum
2179 1155 2400 1194 eontpareat,

1331 1195 1450 1242 ibique
1468 1208 1512 1234 ex
1529 1201 1727 1238 eanonibus
1744 1201 1898 1240 Nicaenis
1914 1232 1924 1247 ,
1943 1215 2015 1240 non
2043 1205 2122 1243 aliis
2144 1206 2298 1255 (notans
2318 1210 2402 1247 illos

1329 1258 1574 1297 Antiochenos
1589 1261 1600 1308 )
1618 1289 1627 1304 ,
1649 1265 1864 1302 sententiam
1885 1265 2068 1303 ferendam
2088 1278 2168 1305 esse
2185 1269 2286 1306 dicit.

1381 1318 1602 1357 Innocentius
1630 1321 1732 1370 Papa
1757 1331 1788 1360 et
1821 1324 1998 1362 Honorius
2029 1325 2124 1374 Imp.
2156 1332 2400 1367 aecumenicam

1332 1382 1510 1429 Synodmn
1529 1386 1603 1432 cogi
1622 1387 1736 1422 volunt
1749 1389 2024 1426 .-Concilium
2049 1397 2170 1427 autem
2185 1391 2271 1428 illud
2291 1393 2398 1440 quasi

1331 1454 1414 1480 mox
1446 1443 1604 1482 futurum
1627 1455 1803 1486 metnorat
1822 1449 2070 1495 Ittnocentius,
2102 1451 2184 1498 quia
2205 1452 2398 1499 Honorius,

1327 1504 1531 1544 Occidentis
1552 1508 1749 1556 imperator
1762 1512 1956 1559 Augustus,
1977 1513 2077 1551 fratri
2095 1525 2160 1552 suo
2175 1516 2330 1553 Arcadio
2350 1518 2399 1554 li-

1329 1572 1424 1604 teras
1444 1569 1616 1613 miserat,
1639 1573 1742 1618 queis
1775 1572 1986 1612 hortabatur
2015 1576 2112 1612 illum
2147 1584 2185 1613 ut
2213 1578 2399 1626 utriusque

1326 1639 1502 1668 censensu
1523 1661 1532 1676 ,
1567 1633 1801 1673 Orientalium
1820 1645 1855 1674 et
1881 1637 2164 1676 Occidentalium
2195 1640 2395 1678 Concilium

1327 1690 1592 1730 ThessaloniCm
1613 1696 1869 1740 celebraretur,
1890 1709 1962 1746 quo
1982 1699 2120 1736 facilius
2140 1707 2290 1748 utraque
2313 1713 2394 1750 pars

1323 1761 1442 1799 pOsset
1459 1757 1649 1794 convenire
1665 1757 1822 1800 (Pallad.
1843 1759 1969 1807 Diutl).
1985 1761 2112 1798 Verum
2133 1769 2210 1800 astu
2233 1764 2395 1802 inimico-

1321 1825 1398 1850 rum
1420 1815 1568 1853 Joannis
1586 1847 1594 1859 ,
1615 1824 1650 1856 et
1671 1819 1716 1855 ita
1735 1829 1884 1859 curante
1907 1823 2088 1868 Eudosia,
2109 1836 2188 1872 qua:
2205 1825 2250 1862 ad
2269 1833 2393 1864 nutum

1317 1886 1419 1912 suum
1432 1879 1574 1915 ArcadLi
1587 1879 1735 1918 consilia
1750 1883 2015 1928 moderabatur,
2034 1883 2164 1922 factum
2183 1893 2238 1922 est
2253 1887 2397 1924 utCon-

1317 1938 1436 1975 cilium
1455 1939 1660 1987 hujusmodi
1677 1971 1686 1987 ,
1719 1944 1765 1979 ab
1781 1945 1986 1983 lnuoecntio
2007 1947 2100 1994 Papa
2119 1955 2154 1984 ct
2171 1949 2216 1985 ab
2234 1949 2394 1986 IIUIIOIIO

1318 1998 1536 2046 lmperatore
1559 2010 1746 2051 tantopere
1767 2007 1962 2054 expetitum
1981 2037 1990 2051 ,
2011 2019 2080 2044 non
2099 2009 2356 2048 celebraretur.

1365 2062 1491 2100 Sicarii
1505 2064 1675 2103 Joannem
1694 2068 1884 2114 inter/icere
1910 2077 2052 2107 tentant.
2141 2073 2278 2111 Interea
2304 2085 2391 2112 vero

1314 2121 1592 2172 Chrysostomus
1602 2129 1912 2178 Constantinopoli
1933 2132 2051 2170 adhuc
2070 2134 2104 2170 in
2127 2135 2390 2183 episcopalibus

1313 2185 1450 2222 aedi-bus
1464 2189 1630 2226 tnancbat
1644 2191 1760 2237 (Socr.
1781 2192 1806 2228 l.
1823 2191 1859 2229 6.
1880 2204 1910 2228 c.
1931 2193 1990 2231 IS.
2007 2194 2147 2232 Sozam.
2165 2196 2188 2232 .
2209 2197 2244 2234 8.
2261 2209 2292 2234 ,
2309 2197 2382 2250 2|),

1313 2254 1355 2280 ac
1369 2252 1449 2292 post
1462 2247 1596 2286 Pascha
1612 2250 1772 2289 bimesui
1789 2255 1905 2300 spatio
1919 2255 2049 2292 ibidem
2065 2259 2233 2304 perstitit.
2251 2247 2385 2296 Eodem

1315 2311 1480 2352 tempore
1495 2309 1548 2345 vir
1566 2311 1710 2356 quidam
1740 2313 1981 2354 dmmoniacus
1999 2347 2008 2361 ,
2029 2327 2090 2354 aut
2105 2321 2166 2366 qui
2187 2331 2226 2358 se
2245 2322 2384 2360 dzemo-

1315 2367 1456 2404 niacum
1478 2369 1680 2416 simulabat,
1703 2373 1996 2422 deprehenditur,
2012 2381 2200 2425 pugionem
2226 2381 2377 2426 habens.

1317 2433 1496 2475 tamquam
1516 2430 1560 2467 ad
1575 2431 1749 2470 Joannem
1783 2437 2017 2474 occidendum
2045 2447 2200 2485 paratus,
2223 2444 2383 2482 nondum

1313 2494 1432 2526 tamen
1452 2489 1486 2526 id
1502 2491 1637 2528 facinus
1655 2503 1856 2541 aggressus.
1877 2497 1943 2542 Qui
1961 2500 2244 2546 comprehensus
2257 2513 2276 2538 a
2292 2504 2382 2542 mut-

1313 2549 1474 2596 titudine,
1486 2553 1749 2602 perindeatque
1757 2557 1787 2592 si
1800 2559 1914 2604 pretio
1922 2560 2120 2598 conductus
2130 2562 2253 2601 fuisset
2263 2565 2308 2602 ad
2317 2576 2384 2604 ca:-

1310 2611 1392 2648 dem
1408 2615 1634 2660 patrandam,
1649 2617 1694 2654 ad
1713 2617 1924 2657 Prtefcctum
1955 2622 2053 2660 urbis
2072 2623 2202 2662 ductus
2219 2632 2287 2663 est.
2309 2629 2380 2666 Sed

1307 2672 1476 2720 Joannes,
1491 2676 1610 2713 missis
1621 2679 1830 2724 quibusdam
1841 2683 2018 2730 episcopis
2028 2695 2070 2722 ex
2082 2697 2230 2724 numero
2239 2699 2378 2734 eorum,

1307 2747 1398 2784 quos
1417 2749 1538 2776 scemn
1571 2740 1749 2786 habebat,
1771 2743 1954 2782 hominem
1975 2747 2140 2784 liberavit
2171 2751 2378 2799 priusquam

1307 2801 1495 2840 tormentis
1524 2803 1772 2850 subjiceretnr.
1791 2806 1958 2845 Posthme
1989 2819 2115 2846 servus
2142 2811 2271 2858 Elpidii
2294 2824 2376 2861 pre-

1305 2861 1438 2909 sbyteri
1459 2863 1573 2901 effuso
1587 2875 1694 2903 cursu
1714 2868 1746 2903 in
1768 2868 1864 2906 :edes
1883 2870 2104 2918 episcopales
2125 2873 2265 2920 irrupit.
2280 2875 2376 2922 Quo-

1303 2924 1384 2961 dam
1411 2932 1530 2963 autem
1549 2937 1621 2974 quo
1639 2939 1788 2968 currens
1806 2940 1972 2979 pergeret
1985 2933 2228 2982 interrogante
2244 2965 2254 2982 ,
2275 2937 2373 2976 illum

1303 2995 1432 3024 servus
1454 2989 1553 3026 nullo
1573 2989 1658 3027 dato
1675 3001 1872 3040 responso,
1893 2995 1967 3032 sica
1988 2999 2186 3043 percussit:
2205 2999 2370 3046 alterum,

1300 3048 1359 3094 qui
1376 3049 1494 3096 priore
1505 3061 1676 3098 percusso
1693 3054 1961 3102 iuclamaverat,
1977 3057 2140 3096 similiter
2157 3059 2370 3106 vulneravit;

1301 3112 1442 3148 tertium
1461 3124 1601 3161 quoque
1617 3116 1808 3154 transxit.
1828 3117 1917 3155 Cum
1937 3129 2063 3157 omnes
2079 3121 2138 3169 qui
2155 3121 2304 3160 aderant
2317 3124 2370 3162 in-

1299 3182 1442 3220 gentem
1463 3176 1658 3215 clamorem
1673 3180 1916 3224 sustulissent,
1938 3182 1998 3218 ille
2016 3182 2140 3231 fugere
2155 3186 2280 3234 coepit.
2300 3188 2367 3236 Qui

1302 3245 1388 3272 vero
1419 3235 1519 3274 illum
1541 3237 1834 3286 insequebantur,
1865 3242 1990 3288 procul
2009 3244 2136 3291 positis
2165 3235 2369 3288 clamabant

1297 3303 1332 3334 ut
1348 3297 1540 3346 fugientem
1557 3303 1917 3348 comprehenderent.
1935 3306 2085 3352 Quidam
2103 3319 2146 3349 ex
2166 3309 2294 3351 balneo
2310 3324 2366 3353 re-

1293 3359 1395 3397 diens
1410 3361 1592 3400 hominem
1607 3365 1866 3412 apprehendit,
1883 3369 2076 3420 lethalique
2090 3373 2136 3412 ab
2154 3385 2199 3412 eo
2214 3377 2363 3414 vulnere

1291 3423 1494 3469 confossus,
1512 3433 1673 3464 mortuus
1687 3429 1827 3468 cecidit.
1842 3432 1870 3468 A
1886 3435 2018 3480 populo
2035 3435 2179 3475 demum
2194 3449 2289 3486 :egre
2302 3449 2362 3476 ca-

1291 3489 1385 3530 ptus,
1396 3485 1524 3523 ductus
1537 3489 1640 3525 estin
1655 3489 2083 3534 PalatiunLTestabantur
2093 3499 2189 3536 cives
2203 3485 2266 3535 has
2281 3509 2360 3536 esse

1291 3547 1438 3584 insidias
1458 3549 1684 3590 inimicorum
1701 3553 1848 3594 Joannis
1860 3585 1869 3602 ,
1891 3557 2166 3606 clamabantque
2183 3559 2356 3599 dicentes,

1287 3612 1324 3643 et
1343 3608 1510 3646 sicarium
1527 3616 1564 3648 et
1579 3621 1642 3650 eos
1659 3615 1718 3661 qui
1736 3616 1918 3654 misissent
1933 3628 2059 3666 poenas
2075 3619 2161 3654 dare
2174 3622 2354 3662 cpertere.

1287 3665 1482 3708 Praefectus
1499 3678 1616 3710 autem
1640 3675 1758 3722 urbis,
1780 3687 1862 3715 cum
1879 3665 1961 3716 cum
1981 3686 2159 3724 tamquam
2181 3675 2353 3722 judicium

1287 3730 1492 3776 proiaturus
1520 3741 1617 3772 esset
1632 3739 1830 3785 accepisset
1846 3767 1857 3784 ,
1878 3739 2000 3786 populi
2031 3736 2188 3772 furorem
2202 3743 2350 3782 cOmpe-

1285 3792 1377 3829 seuit
1393 3804 1402 3837 ;
1425 3793 1487 3832 sed
1509 3802 1634 3842 postea
1649 3798 1750 3836 illum
1767 3799 1915 3835 dimisit.
1935 3796 2025 3833 Rem
2042 3794 2148 3842 paulo
2167 3803 2273 3832 secus
2289 3805 2349 3832 re-

1284 3854 1355 3892 fert
1383 3856 1576 3896 Palladius.
1604 3859 1735 3907 Elpidii
1752 3887 1762 3904 ,
1791 3859 1933 3906 inquit,
1965 3855 2164 3903 presbyteri
2195 3857 2350 3896 famulus

1285 3919 1539 3969 quinquaginta
1573 3929 1611 3960 ut
1627 3923 1740 3968 aiunt,
1758 3921 1878 3958 aureis
1893 3918 2104 3962 conductus,
2127 3925 2163 3954 ut
2180 3920 2218 3957 S.
2241 3918 2349 3960 .

2077 3993 2128 4036 13
