3896 6168
347 294 450 351 9-H

350 427 517 478 vero;
552 409 796 479 ideoque,
821 418 874 461 ut
902 407 974 460 ait
1005 403 1267 460 Palladius
1311 405 1361 456 in
1395 403 1616 468 Dialog.,
1653 401 1858 452 vinetus
1881 398 1933 452 in

349 505 600 576 Bithynia
625 503 874 560 detentus
901 501 995 554 fuit
1013 515 1132 554 cum
1155 499 1374 569 Cyriaco
1401 505 1453 549 et
1479 493 1695 563 Eulysio
1719 490 1927 560 episco-

352 599 434 664 pis
458 637 470 657 ,
502 594 591 663 qui
621 592 877 662 postremi
905 606 1024 644 cum
1053 590 1172 643 aliis
1209 584 1596 641 Chalcedonem
1640 581 1847 635 adducti
1879 589 1934 633 et

348 683 607 738 custodia:
629 681 912 749 mancipati
939 688 1062 733 sunt
1092 696 1104 731 :
1133 688 1292 746 atque
1320 691 1384 730 co
1405 689 1571 741 usque
1596 670 1935 741 impudentia:

349 787 400 827 et
434 774 680 841 nequitiae
709 769 1346 841 processeruntAcacius,
1369 765 1581 826 Paulus,
1614 761 1932 826 Antiochus,

350 865 694 924 Severianus,
727 872 779 916 et
811 862 896 915 alii
923 862 1135 930 quidam
1160 901 1174 924 ,
1207 867 1262 913 ut
1291 860 1342 912 in
1365 858 1532 912 literis
1553 856 1663 910 suis
1687 855 1752 908 ad
1782 855 1934 908 Inno-

347 957 584 1010 centium
634 955 872 1023 I’apam,
921 953 1178 1006 Joannem
1225 951 1373 1020 quasi
1425 948 1704 1004 ecclesiam
1753 948 1935 1000 incen-

350 1047 556 1108 disset,
584 1045 1062 1099 calumniarentur.
1114 1041 1347 1096 Joannes
1387 1055 1517 1094 vero
1546 1039 1760 1106 scripsit
1804 1037 1930 1101 illis,

351 1135 454 1189 etsi
480 1136 531 1189 in
563 1135 680 1188 aliis
711 1135 808 1188 sibi
844 1133 1160 1187 defendendi
1203 1133 1286 1185 sui
1315 1131 1487 1184 locum
1516 1146 1618 1181 non
1653 1127 1929 1189 dede-rant,

352 1228 408 1279 in
457 1227 553 1278 hoc
583 1225 772 1279 saltem
803 1225 990 1277 darent
1022 1233 1079 1276 ut
1109 1221 1175 1274 de
1211 1219 1513 1288 hujuSmodi
1547 1216 1788 1271 incendio
1816 1230 1934 1269 sese

352 1324 623 1385 purgaret.

429 1408 531 1460 Alii
579 1421 789 1476 quoque
827 1420 920 1474 per
968 1405 1150 1458 urbem
1199 1403 1592 1456 circumeuntes
1619 1403 1634 1467 (
1659 1400 1778 1452 Soz.
1810 1399 1844 1450 l.
1879 1397 1930 1451 8.

351 1517 400 1552 c.
433 1499 555 1568 92),
599 1513 692 1552 eos
732 1499 820 1567 qui
859 1497 1020 1551 delati
1051 1497 1260 1549 fuerant
1289 1494 1426 1563 quod
1453 1493 1640 1546 Joanni
1674 1491 1930 1553 faverent,

351 1589 877 1658 cozttpreltendernnt
898 1629 910 1650 ,
939 1597 988 1640 et
1021 1587 1071 1639 in
1103 1585 1397 1640 custodiam
1431 1584 1582 1636 datos
1609 1623 1622 1646 ,
1657 1590 1714 1634 ut
1742 1580 1932 1634 Joanni

355 1675 642 1726 anathema
662 1672 1182 1738 dicerentcogcbant
1206 1670 1397 1740 (Epist.
1421 1671 1544 1724 I-l8.
1571 1679 1606 1721 t.
1637 1671 1688 1723 5.
1721 1687 1765 1721 c.
1787 1668 1936 1736 675).

357 1765 469 1816 Illis
498 1779 628 1818 vero
653 1764 939 1832 episcopis,
965 1764 1295 1834 presbyteris
1316 1764 1541 1831 aliisque
1562 1762 1651 1832 qui
1680 1763 1759 1814 sui
1781 1774 1939 1814 causa

356 1857 412 1909 in
447 1870 716 1910 carcerem
761 1854 893 1909 trusi
941 1858 1169 1919 fueram,
1215 1855 1494 1922 epistulam
1526 1854 1939 1907 consolatoriam

355 1949 507 2002 misit
530 1947 947 2019 Cbrysostontus
981 1947 1086 2019 (Ib.
1130 1965 1176 2001 ι’.
1226 1947 1374 2015 541),
1427 1946 1512 1998 ubi
1549 1946 1728 2014 paucis
1761 1947 1941 2000 horta-

349 2052 444 2096 tur
472 2042 588 2095 illos
613 2040 676 2094 ad
715 2039 1022 2110 patientiam
1049 2081 1064 2104 ,
1115 2037 1346 2106 dicitque
1376 2049 1641 2089 aerumnas
1667 2040 1721 2086 et
1749 2045 1934 2101 poenas

352 2132 660 2199 hujnsmodi
689 2175 703 2194 ,
743 2146 840 2199 pro
873 2131 1066 2198 pietate
1106 2135 1382 2195 susceptas
1406 2167 1418 2188 ,
1466 2138 1782 2179 coronarum
1813 2135 1931 2175 esse

346 2226 761 2280 conciliati-ires.

423 2316 662 2370 Arsacias
690 2313 775 2367 Jo.
810 2312 1163 2383 Cltrysostomo
1192 2309 1524 2363 substituitur.
1557 2337 1626 2346 --
1649 2307 1931 2372 Postquam

346 2407 432 2460 sic
452 2405 713 2459 abductus
734 2403 906 2457 fuerat
929 2401 1160 2455 Joannes
1184 2441 1198 2464 ,
1231 2409 1452 2454 curante
1483 2396 1724 2450 Eudoxia
1756 2396 1930 2463 Impe-

348 2499 548 2552 ratrice
574 2498 626 2550 in
668 2495 846 2549 sedem
886 2493 1002 2562 ejus
1043 2491 1359 2546 substitutus
1389 2490 1483 2542 fuit
1514 2488 1762 2540 Arsacias
1784 2486 1931 2554 vige-

345 2591 486 2645 sima
535 2589 757 2656 septima
803 2587 890 2640 die
928 2585 1125 2640 mensis
1163 2583 1302 2638 Junii
1353 2596 1493 2634 anno
1519 2580 1641 2633 404.
1689 2579 1816 2632 Erat
1847 2578 1932 2630 ille

347 2681 604 2734 Arsacius
633 2678 793 2733 frater
831 2676 1093 2739 Nectarii,
1122 2673 1210 2743 qui
1256 2674 1305 2726 in
1351 2671 1531 2725 sedem
1560 2668 1934 2723 Constantino-

347 2772 663 2840 politauam,
704 2767 962 2837 Gregorio
988 2765 1322 2819 Nazianzcno
1351 2761 1652 2823 secedente,
1687 2757 1932 2811 inductus

349 2862 530 2916 fuerat
575 2858 898 2929 (Chronicon.
934 2857 1110 2920 Alea;
1140 2854 1395 2923 Cltrysost.
1432 2852 1594 2920 Epist.
1640 2850 1787 2918 1‘25).
1823 2851 1950 2924 An-y

345 2968 543 3007 norum
570 2951 836 3020 octoginta
865 2957 979 3003 erat
1009 2947 1281 3011 Arsacius,
1313 2960 1468 3014 quem
1502 2943 1749 3006 delirum,
1781 2951 1934 2996 vocat

343 3044 784 3114 Chrysostomus,
812 3050 865 3096 et
891 3041 1071 3112 lupum
1093 3049 1251 3108 atque
1281 3037 1598 3100 adulterum,
1632 3036 1770 3104 quod
1803 3035 1932 3088 alie-

351 3150 474 3188 nam
502 3132 681 3187 sedem
707 3135 783 3186 sic
811 3132 1110 3185 invasisset.
1137 3129 1222 3183 Ait
1243 3128 1454 3197 quidem
1479 3129 1728 3181 δοίη-διεδ
1760 3127 1930 3194 ipsum

351 3227 420 3279 ob
447 3225 766 3293 singularem
815 3221 1278 3276 mansuetudinem
1310 3219 1602 3272 Ecclesium
1647 3217 1933 3286 tranquille

351 3319 677 3387 gubernasse
727 3315 907 3387 (Socr.
953 3315 987 3366 ι.
1017 3315 1069 3369 6.
1107 3331 1153 3366 c.
1190 3312 1308 3383 19).
1363 3313 1558 3365 Verum
1604 3310 1932 3364 Sozomenus

354 3416 534 3460 narrat
564 3406 712 3459 illum
739 3403 951 3474 quidem
978 3411 1312 3456 mansuetum
1337 3401 1497 3455 fuisse
1525 3409 1578 3455 et
1607 3415 1729 3469 erga
1761 3401 1922 3453 Deum

353 3499 655 3568 religiosum
677 3514 690 3560 ;
715 3496 806 3551 sed
825 3495 1030 3549 Iaudem
1051 3496 1218 3559 illam,
1241 3509 1397 3562 quam
1415 3494 1650 3546 omnium
1669 3507 1930 3547 consensu

353 3589 573 3656 adeptus
601 3587 770 3642 fuerat
796 3587 1072 3658 presbyter
1091 3629 1106 3652 ,
1138 3585 1465 3640 imminuisse
1492 3584 1746 3654 quosdam
1774 3585 1932 3637 cleri-

353 3693 471 3743 cos,
507 3678 597 3748 qui
625 3679 799 3731 omnia
829 3692 923 3747 pro
953 3677 1120 3730 lubito
1146 3691 1244 3730 suo
1270 3676 1528 3745 agebant,
1564 3683 1620 3728 et
1645 3685 1796 3743 gesta
1837 3688 1929 3727 sua

355 3767 427 3822 illi
453 3769 804 3838 imputabant.
833 3768 1063 3839 Anysius
1085 3782 1230 3832 vero,
1274 3782 1436 3820 senex
1458 3765 1740 3835 episcopus
1765 3765 1932 3820 Thes-

355 3861 701 3915 salonicensis
720 3902 734 3924 ,
763 3875 822 3916 se
852 3861 1105 3916 Ecclesiae
1134 3859 1388 3913 Romana:
1418 3858 1699 3913 sententia:
1727 3857 1931 3910 Interere

354 3954 535 4007 dicens
559 3994 574 4017 ,
610 3969 637 4006 a
667 3953 886 4006 Joannis
929 3951 1165 4021 partibus
1205 3960 1348 4006 stare
1393 3965 1452 4004 se
1492 3949 1664 4004 dixit:
1698 3949 1930 4018 episc0pi

354 4060 560 4113 quoque
618 4043 788 4096 Cari:e
833 4058 891 4097 se
937 4042 1154 4096 Joannis
1201 4041 1631 4096 communionem
1684 4038 1930 4107 amplecti

353 4136 533 4188 dixere
561 4133 804 4203 (Pallad.
853 4137 905 4187 in
948 4132 1148 4202 Dialog.
1175 4134 1213 4202 ).
1245 4132 1383 4186 Infra
1425 4132 1722 4186 videbimus
1765 4130 1932 4184 Palm-

353 4228 544 4280 stinam
576 4236 629 4280 et
661 4227 982 4280 thniciam
1013 4242 1106 4295 pro
1127 4225 1330 4279 Joanne
1360 4225 1578 4280 fecisse:
1606 4223 1788 4278 Cilicia
1805 4239 1932 4277 vero

349 4318 518 4373 divisa
549 4319 664 4372 fuit.

420 4411 625 4464 Arsacii
658 4411 872 4475 famam,
896 4411 1063 4481 inquit
1086 4412 1432 4476 Sozomenns,
1454 4413 1704 4466 laeserunt
1730 4426 1788 4466 ea
1815 4427 1931 4481 qua:

348 4512 496 4573 gesta
527 4511 646 4556 sunt
681 4503 826 4574 (Sos
867 4505 902 4556 Ι.
924 4503 977 4558 8.
1007 4520 1052 4555 c.
1073 4502 1187 4560 25).
1219 4503 1348 4558 Nam
1389 4519 1508 4558 cum
1547 4503 1765 4558 Joannis
1817 4503 1932 4557 fau-

350 4603 495 4648 tores
523 4609 620 4647 nec
645 4610 764 4647 cum
791 4595 1008 4648 Arsacia
1034 4637 1048 4660 ,
1075 4610 1171 4648 nec
1195 4611 1314 4648 cum
1343 4595 1458 4663 ejus
1485 4595 1778 4649 fautoribus
1802 4610 1930 4666 syn-

348 4699 479 4738 axes
519 4700 676 4753 agere
701 4685 784 4739 vel
820 4700 1003 4754 preces
1036 4684 1255 4739 fundere
1293 4685 1509 4750 vellent,
1542 4683 1766 4754 ideoque
1785 4699 1932 4738 seor-

348 4775 449 4828 sim
469 4783 527 4828 et
554 4775 605 4828 in
634 4775 887 4828 extremis
913 4775 1139 4829 civitatis
1163 4775 1401 4844 partibus
1421 4775 1676 4830 collectas
1689 4783 1928 4844 agerent,

349 4880 462 4920 rem
497 4865 611 4934 ipse
633 4865 698 4919 ad
727 4865 1108 4934 Imperatorem
1136 4867 1334 4919 retulit.

421 4957 695 5011 Tribunus
749 4958 924 5027 itaque
973 4973 1094 5011 cum
1160 4957 1418 5011 militibus
1473 4958 1524 5010 in
1581 4966 1931 5028 congregatos

348 5045 627 5103 Joannitas
672 5048 924 5116 impetum
977 5047 1152 5102 facere
1193 5048 1371 5116 jussus
1426 5047 1444 5118 (
1478 5047 1684 5101 Sozam.
1717 5046 1856 5101 Ibid.
1889 5048 1929 5117 ),

353 5139 566 5205 plebem
615 5137 840 5192 fustibus
892 5146 945 5192 et
985 5139 1128 5192 saxis
1171 5138 1380 5191 caedetis
1420 5138 1600 5206 fugere
1644 5138 1930 5207 compulit;

352 5229 646 5283 nobiliores
673 5243 800 5282 vero
826 5236 881 5282 et
908 5243 1002 5283 eos
1039 5228 1128 5297 qui
1168 5227 1387 5282 Joannis
1422 5236 1601 5296 partes
1630 5229 1931 5292 tuebantur,

353 5320 610 5374 custodia:
632 5319 864 5374 tradidit.
895 5319 1043 5374 Tunc
1066 5329 1242 5373 autem
1265 5361 1279 5385 ,
1325 5319 1397 5373 uti
1428 5318 1563 5374 solet
1591 5319 1802 5389 quando
1833 5321 1933 5373 mi-

356 5409 535 5466 litibus
562 5412 773 5467 licentia
803 5411 979 5478 datur,
1013 5411 1262 5465 mulieres
1283 5421 1474 5465 ornatu
1504 5425 1601 5464 suo
1627 5411 1676 5464 vi
1700 5409 1934 5464 adhibita

357 5505 650 5574 spoliantur
673 5521 687 5569 ;
710 5503 830 5558 aliis
854 5503 1089 5568 monilia,
1113 5518 1262 5558 zonae
1281 5518 1460 5557 aurea:
1481 5513 1534 5557 et
1561 5511 1777 5572 torques
1795 5503 1936 5558 abri-

359 5597 590 5663 piuntur,
633 5597 754 5652 aliis
787 5595 1000 5652 inaures
1031 5595 1189 5650 simul
1228 5610 1347 5651 cum
1374 5594 1589 5650 auribus
1641 5594 1930 5649 detrahun-

361 5695 464 5741 tur.
519 5687 756 5758 Cumque
803 5687 989 5759 ingens
1028 5687 1358 5758 perturbatio
1406 5694 1459 5741 et
1501 5686 1673 5741 luctus
1711 5687 1760 5741 in
1804 5687 1934 5742 urbe

1555 284 1736 339 NUNC
1775 279 2036 337 PRIMUM
2075 280 2470 339 ADORNATA.

3506 300 3613 356 “218

2042 406 2214 461 esset,
2246 414 2312 453 ne
2340 401 2416 454 sic
2445 399 2656 468 quidem
2700 399 2848 470 plebs
2892 403 3166 471 pristinam
3209 421 3332 477 erga
3361 408 3618 467 Joannem

2042 489 2466 546 benevolentiam
2495 492 2707 562 abjecit.

2116 579 2190 632 Illi
2221 595 2347 635 vero
2375 581 2582 649 publice
2615 583 2826 652 quidem
2856 585 3142 641 convenire
3164 602 3271 641 non
3301 589 3436 644 ultra
3461 592 3620 645 aude-

2042 670 2169 725 bant
2194 670 2337 741 (Soz.
2363 673 2399 725 ι.
2427 673 2483 726 8.
2511 689 2557 725 c.
2584 673 2675 743 23)
2702 716 2716 741 ,
2764 676 2910 729 multi
2958 692 3055 732 nec
3081 678 3134 732 in
3173 678 3344 735 forum
3367 724 3381 748 ,
3417 697 3513 736 nec
3555 684 3620 736 ad

2043 761 2228 817 balnea
2270 764 2592 832 procedere;
2626 764 2939 833 quibusdam
2977 768 3135 822 etiam
3167 779 3335 826 tutum
3373 788 3476 827 non
3505 784 3620 827 erat

2039 851 2186 907 domi
2229 868 2484 917 manere;
2539 855 2633 909 sed
2684 855 2896 924 plurimi
2943 857 3041 911 viri
3095 859 3216 913 boni
3272 860 3618 932 honestmqnc

2041 944 2293 999 mulieres
2322 946 2452 1001 urbe
2495 947 2820 1002 excedebant
2849 965 2860 1000 :
2891 963 2955 1001 ex
2999 964 3223 1017 quorum
3271 967 3489 1008 numero
3521 952 3618 1008 fuit

2038 1035 2281 1092 Nicarete
2306 1037 2531 1108 Bithyna
2552 1079 2564 1100 ,
2613 1037 2778 1092 nobili
2816 1053 3010 1107 genere
3035 1038 3353 1094 Nicomediae
3382 1055 3518 1108 orta,
3551 1043 3618 1096 ob

2041 1139 2346 1198 perpetuam
2377 1130 2728 1199 virginitatem
2774 1139 2826 1184 et
2865 1131 2986 1184 vitae
3033 1132 3436 1186 sanctimoniam
3475 1134 3618 1189 cele-

2040 1220 2267 1275 berrima
2299 1221 2466 1290 (Anno
2495 1220 2622 1289 404)
2648 1263 2662 1285 ,
2698 1222 2950 1275 virtutum
2981 1223 3215 1276 omnium
3246 1224 3500 1278 exercitio
3523 1225 3618 1278 ad-

2039 1311 2199 1373 dicta,
2233 1312 2301 1364 ita
2333 1321 2389 1364 ut
2420 1328 2537 1366 cum
2564 1311 2892 1380 amplissimo
2929 1313 3246 1381 patrimonio
3277 1315 3470 1384 injuste
3495 1330 3619 1386 spo-

2039 1404 2160 1456 liata
2189 1389 2390 1469 fuisset,
2434 1419 2544 1456 rem
2575 1403 2956 1472 patientissime
2983 1405 3194 1470 tulerit;
3224 1405 3317 1460 sed
3344 1421 3410 1459 ex
3440 1408 3619 1476 paucis

2043 1494 2142 1546 sibi
2174 1494 2406 1557 relictis;
2443 1495 2689 1561 prudenti
2713 1511 2801 1549 usa
2831 1495 3304 1559 administratione,
3336 1512 3439 1550 non
3463 1499 3619 1553 modo

2039 1586 2136 1638 sibi
2164 1594 2218 1639 et
2241 1587 2544 1640 domesticis
2565 1589 2864 1641 necessaria
2885 1588 3317 1657 suppeditaverit,
3344 1590 3435 1644 sed
3458 1590 3615 1644 etiam

2037 1677 2154 1730 aliis
2180 1677 2682 1742 subministraverit,
2710 1679 3041 1749 maximeque
3067 1681 3471 1748 medicamenta,
3498 1698 3618 1753 qua:

2038 1767 2148 1836 ipsa
2172 1769 2440 1835 ingeniose
2478 1768 2541 1821 ad
2571 1784 2857 1837 pauperum
2886 1771 3249 1839 :rgrotantium
3275 1787 3426 1826 usum
3453 1787 3616 1841 appa-

2037 1859 2206 1913 rabat.
2240 1859 2452 1913 Certum
2480 1868 2654 1913 tamen
2685 1871 2763 1914 est
2789 1901 2801 1920 ,
2847 1861 3004 1913 etiam
3047 1869 3170 1914 tunc
3203 1862 3338 1915 clam
3365 1903 3382 1928 ,
3411 1872 3464 1916 et
3504 1863 3615 1916 for-

2039 1958 2178 2004 tasse
2218 1952 2352 2004 intra
2382 1951 2570 2005 domos
2596 1967 2822 2021 synaxes
2853 1951 3142 2006 celebratas
3173 1951 3354 2008 fuisse.
3385 1953 3618 2008 Joannes

2038 2043 2179 2096 enim
2214 2043 2565 2112 Theophilum
2611 2053 2664 2098 et
2693 2043 2977 2098 Salustium
3030 2044 3370 2115 presbyteros
3410 2045 3612 2114 culpat.

2037 2131 2175 2201 quod
2218 2133 2506 2202 synaxibus
2545 2131 2754 2186 assidue
2803 2148 2905 2186 non
2950 2133 3288 2188 interessent.
3331 2131 3441 2187 Imo
3467 2143 3616 2188 extra

2038 2225 2220 2278 urbem
2249 2240 2459 2294 quoque
2491 2227 2540 2278 in
2571 2226 2838 2280 montibus
2869 2235 2922 2279 ct
2960 2226 3125 2296 sylvis
3149 2241 3374 2296 synaxes
3405 2227 3612 2280 habitas

2039 2312 2200 2368 fuisse
2226 2356 2239 2378 ,
2285 2315 2635 2368 testiﬁcantur
2672 2317 2959 2384 scriptores
2984 2316 3197 2385 quidam
3223 2359 3236 2380 ,
3270 2326 3322 2371 et
3352 2317 3404 2371 in
3431 2317 3615 2372 codice

2036 2404 2405 2458 Theodosiano
2430 2406 2689 2473 ejusmodi
2719 2421 2948 2477 synaxes
2974 2407 3308 2462 severissime
3335 2407 3615 2478 puniendae

2035 2496 2286 2549 dicuotur
2309 2495 2552 2565 (Niccph.
2585 2496 2820 2565 Cltron.).

2108 2585 2383 2654 Eutrapius
2431 2585 2607 2639 Lector
2645 2588 2695 2640 in
2745 2588 3044 2641 cruciatibus
3088 2589 3298 2641 moritur
3337 2599 3382 2642 et
3428 2600 3617 2660 martyr

2039 2677 2262 2730 habetur.
2316 2708 2387 2717 —
2431 2679 2564 2732 Cum
2606 2679 2789 2748 ingens
2833 2689 3007 2732 metus
3056 2680 3304 2748 populum
3337 2694 3365 2732 a
3393 2681 3616 2734 tumultu

2035 2771 2386 2833 coercuisset,
2424 2769 2710 2823 Praefectus
2738 2771 2880 2823 urbis
2918 2770 2984 2824 de
3028 2770 3271 2824 inccndio
3296 2771 3535 2825 ecclesia:
3563 2782 3612 2825 et

2035 2860 2196 2913 curi;e
2220 2861 2565 2928 quaestionem
2615 2859 2830 2922 h::buit,
2878 2861 3178 2930 multosque
3213 2861 3463 2930 gravibus
3489 2876 3614 2930 sup-

2036 2952 2205 3021 pliciis
2227 2951 2420 3006 affecit.
2451 2951 2579 3005 Cum
2610 2953 2749 3006 enim
2774 2951 3048 3005 idolulatra
3076 2962 3235 3016 esset,
3271 2952 3337 3006 de
3362 2952 3616 3006 Ecclesia:

2035 3043 2419 3096 calamitatibus
2469 3042 2831 3096 delectabatur
2879 3043 3043 3113 (Soz.
3087 3043 3124 3095 ι.
3170 3042 3223 3096 8.
3262 3058 3308 3095 c.
3352 3041 3441 3097 25.
3483 3042 3610 3111 2i).

2040 3133 2324 3203 Eutropius
2355 3133 2523 3188 lector
2551 3133 2615 3187 ad
2656 3133 2964 3187 iudicandos
2986 3149 3097 3197 eos,
3131 3135 3219 3204 qui
3252 3135 3424 3205 ignem
3444 3135 3616 3188 eccle-

2037 3225 2127 3277 sia:
2159 3224 2446 3293 injecerant
2473 3265 2485 3287 ,
2532 3225 2582 3278 in
2620 3224 2875 3294 judicium
2923 3225 3214 3290 adductus,
3255 3225 3460 3280 etiamsi
3491 3224 3616 3278 loris

2036 3324 2090 3369 et
2111 3315 2334 3370 fustibus
2359 3332 2548 3381 cresus,
2591 3318 2796 3371 etiamsi
2825 3317 2872 3371 ei
2905 3318 3065 3372 latera
3093 3326 3146 3372 et
3175 3333 3324 3387 genae
3355 3317 3617 3388 unguibus

2039 3404 2399 3460 lacerarentur
2419 3447 2432 3468 ,
2462 3407 2817 3476 ardentesque
2859 3406 3000 3460 faces
3022 3408 3230 3475 corpori
3267 3407 3616 3461 admoveren-

2038 3505 2153 3558 tur,
2200 3495 2296 3548 ctsi
2334 3495 2506 3549 adhuc
2547 3495 2858 3549 adolescens
2901 3504 2954 3549 et
2990 3510 3212 3564 corpore
3252 3505 3435 3560 tener,
3484 3496 3614 3550 nihil

2037 3599 2284 3654 umquam
2331 3583 2607 3638 confessus
2650 3594 2729 3638 est
2758 3602 2771 3637 :
2800 3599 2861 3638 ac
2897 3594 3016 3653 post
3055 3594 3313 3640 tormenta
3347 3587 3397 3640 in
3437 3601 3617 3641 carce-

2036 3691 2148 3730 rem
2174 3676 2444 3745 conjectus
2467 3718 2482 3743 ,
2529 3676 2636 3729 illic
2672 3675 2902 3729 animam
2947 3675 3085 3730 haud
3116 3676 3280 3731 multo
3310 3687 3492 3746 postea
3522 3692 3616 3731 cx-

2038 3767 2251 3820 halavit.
2306 3767 2436 3834 Ejus
2472 3767 2755 3822 occasione
2793 3767 3121 3822 Sozomenus
3159 3769 3422 3822 somnium
3454 3766 3616 3823 refert

2037 3857 2252 3912 Sisinnii
2278 3857 2552 3927 cujusdam
2575 3897 2591 3924 ,
2623 3856 3034 3912 Novatianorum
3072 3859 3306 3928 eplsc0pi
3330 3900 3344 3924 ,
3375 3857 3457 3912 cui
3487 3857 3616 3911 dor-

2036 3951 2218 4004 mienti
2250 3950 2446 4004 dictum
2489 3950 2584 4003 fuit
2612 3950 2924 4018 Eutropium
2963 3949 3134 4004 solum
3178 3949 3400 4018 probum
3441 3949 3611 4002 virum

2039 4044 2089 4096 in
2117 4043 2328 4097 civitate
2354 4041 2535 4096 fuisse.
2562 4040 2846 4110 Eutropius
2873 4049 3050 4094 autem
3079 4040 3166 4095 hic
3189 4042 3327 4094 inter
3352 4047 3613 4110 martyres

2040 4135 2090 4187 in
2116 4132 2492 4203 Martyrologio
2527 4133 2768 4186 Romano
2796 4131 3102 4186 celebratur
3128 4173 3142 4198 ,
3187 4131 3503 4186 duodecimo
3529 4129 3616 4185 die

2037 4225 2274 4279 Januarii
2304 4226 2526 4279 mensis.

2106 4314 2310 4386 Tigrius
2347 4314 2614 4386 Presbyter
2661 4315 2934 4369 cruciatur.
2958 4345 3027 4354 —
3046 4314 3193 4368 Tunc
3217 4314 3376 4369 etiam
3409 4313 3618 4384 Tigrim

2039 4407 2314 4476 presbyter
2333 4448 2348 4472 ,
2386 4407 2714 4461 vestimentis
2742 4417 2932 4460 exutus
2954 4415 3008 4460 et
3034 4414 3179 4475 tergo
3207 4403 3384 4475 ﬂagris
3405 4419 3573 4458 cmsus
3594 4445 3609 4467 ,

2037 4499 2330 4570 vinetisque
2370 4500 2588 4569 pedibus
2613 4508 2665 4553 ct
2695 4499 2937 4552 manibus
2983 4499 3032 4550 in
3072 4497 3298 4566 equulco
3326 4505 3576 4550 extensus
3601 4537 3615 4560 ,

2039 4591 2290 4645 membris
2319 4591 2607 4644 dissolutus
2633 4597 2714 4644 est
2735 4588 2882 4657 (Soz.
2914 4587 2950 4641 ι.
2977 4589 3030 4643 8.
3059 4606 3104 4643 c.
3135 4588 3247 4658 24).
3289 4589 3412 4642 Erat
3442 4597 3616 4644 autem

2039 4683 2124 4737 hic
2153 4683 2365 4736 natione
2396 4682 2649 4736 barbarus
2669 4689 2722 4734 ct
2743 4679 3036 4747 eunuchus,
3057 4680 3150 4736 sed
3179 4696 3281 4736 non
3295 4681 3362 4736 ab
3379 4680 3581 4749 origine
3599 4697 3618 4735 :

2038 4773 2271 4841 quicum
2318 4773 2368 4825 in
2414 4771 2572 4825 domo
2601 4771 2874 4841 cujusdam
2904 4770 3134 4840 potentis
3169 4785 3354 4826 servus
3394 4771 3616 4836 fuisset,

2039 4861 2255 4915 domino
2299 4877 2394 4915 suo
2429 4861 2678 4931 probatus
2707 4900 2722 4926 ,
2774 4862 3070 4916 libertatem
3108 4870 3398 4917 meruerat.
3433 4862 3618 4917 Postea

2038 4969 2166 5008 vero
2191 4954 2253 5007 ad
2276 4953 2587 5025 presbyterii
2609 4953 2827 5024 gradum
2852 4964 3142 5023 promotus,
3161 4953 3397 5009 moribus
3420 4963 3619 5024 gratus,

2039 5046 2206 5100 comis
2227 5087 2240 5110 ,
2283 5052 2440 5114 atque
2457 5059 2580 5114 erga
2608 5059 2870 5116 pauperes
2898 5054 2952 5100 et
2980 5045 3286 5114 peregrinos
3310 5043 3620 5114 benignissi-

2041 5152 2159 5190 mus
2187 5136 2299 5188 fuit.
2333 5135 2427 5189 Iiic
2466 5136 2625 5190 etiam
2669 5139 2974 5190 enuntiatur
3010 5135 3062 5190 in
3094 5134 3468 5206 Martyrologio
3511 5131 3618 5184 Ro-

2042 5243 2199 5283 mano
2245 5226 2558 5282 duodecimo
2599 5227 2687 5283 die
2735 5227 2990 5284 Januarii.
3044 5227 3100 5281 In
3156 5236 3356 5296 partem
3411 5236 3621 5292 quoque

2042 5333 2395 5374 aerun'marum
2424 5328 2685 5374 venerunt
2718 5319 2964 5374 monachi
3006 5315 3395 5387 Mcsopotantize
3426 5324 3474 5368 ct
3504 5314 3617 5366 dia-

2042 5413 2266 5466 couissae
2287 5411 2344 5465 C.
2378 5412 2463 5475 P.,
2493 5428 2611 5482 quae
2641 5414 2966 5483 cogebantur
2990 5410 3073 5466 vel
3089 5425 3208 5465 cum
3235 5407 3449 5462 Arsacia
3470 5420 3617 5461 com-

2046 5503 2340 5570 municare,
2363 5502 2447 5558 vel
2471 5505 2586 5558 auri
2610 5504 2716 5560 200
2740 5505 2898 5558 libras
2921 5501 3068 5557 dare.

2119 5595 2381 5666 Olympias
2437 5583 2755 5650 Diaconissa.
2805 5619 2870 5633 —-
2933 5595 3206 5674 Olympias
3238 5601 3535 5660 diaconissa
3569 5601 3625 5656 in

2048 5687 2149 5742 hoc
2195 5703 2371 5744 rerum
2419 5685 2729 5742 discrimine
2775 5687 3145 5747 fortitudinem
3180 5689 3346 5749 animi
3380 5689 3625 5748 exhibuit
