2742 4342
251 208 321 245 219

256 287 353 325 (Soz.
379 286 407 322 Ι.
429 285 462 321 8.
485 297 516 321 c.
535 284 610 332 ει).
628 283 714 320 Nam
729 293 810 320 cum
827 283 863 319 iu
878 283 1216 330 judiciumadduela
1230 292 1326 322 esset

261 352 508 395 interrogante
531 345 706 383 Praefecto
725 355 790 382 cur
807 346 998 382 ecclesiam
1021 347 1252 390 incendisset,
1281 358 1341 384 re-

257 411 402 458 spoadit
428 423 436 446 :
455 410 536 446 Non
560 416 609 446 cst
629 409 693 446 hoc
712 409 790 446 vitae
807 420 890 446 mea:
915 411 1120 447 institutum.
1141 411 1217 458 Ego
1249 411 1340 447 enim

255 473 436 518 facultates
458 483 548 508 meas
566 483 643 519 (μην
660 473 776 508 multw
793 479 890 508 erant
918 479 949 509 et
981 475 1141 510 nianan
1157 502 1167 518 ,
1205 475 1342 521 templis

257 535 321 571 Dei
347 535 582 570 instaurandis
617 535 781 582 impendi.
815 535 904 571 Cum
940 542 1060 572 autem
1093 536 1230 573 diceret
1254 537 1340 580 ille,

257 597 368 643 probe
385 596 452 633 sibi
469 603 590 632 notam
607 607 689 633 esse
709 598 804 632 illius
829 597 970 634 vivendi
1000 599 1178 636 ratioriem
1195 627 1206 644 ,
1227 609 1341 646 appo-

255 660 324 696 site
343 659 530 705 respondit
545 659 602 694 illa
618 671 625 694 :
644 658 697 694 Tu
712 671 792 706 ergo
807 660 842 695 in
861 661 1070 696 accusatoris
1089 661 1201 696 locum
1219 662 1342 705 transi,

256 727 288 756 ct
309 721 399 757 alius
421 721 463 756 de
483 720 578 756 nobis
594 721 741 767 jnilicct.
773 721 967 758 Praefectus
991 721 1076 758 nihil
1093 721 1229 759 habens
1247 723 1344 769 quod

258 782 406 830 culpare
429 788 564 829 posset,
583 782 625 818 ad
643 782 738 818 aliud
763 794 802 818 se
823 783 1015 828 couvertit,
1037 790 1144 831 atque
1160 785 1345 832 Olympia-

259 843 296 880 di
333 844 549 891 cceterisque
597 845 812 882 mulieribus
855 847 1054 882 amentiam
1088 849 1344 894 exprobravit,

259 906 356 955 quod
387 908 544 954 episcopi
577 908 657 951 sui,
694 908 832 944 Arsacii
863 919 1020 956 nempe,
1053 911 1346 948 communionem

261 976 530 1006 aversarentur.
553 970 752 1007 Pra2feclns
771 981 858 1008 vero
892 977 977 1008 tunc
1008 971 1153 1018 quidem
1176 973 1273 1009 illam
1293 972 1348 1009 di-

261 1033 360 1070 misit
380 1043 389 1075 ;
413 1033 528 1070 altero
546 1039 668 1070 autem
686 1034 744 1070 die
775 1040 965 1071 evocatam
989 1035 1085 1071 illam
1115 1047 1246 1083 magno
1271 1037 1348 1072 auri

263 1096 422 1143 pondere.
438 1098 635 1134 mulcxavit.
656 1097 828 1142 Qua-dam
849 1105 969 1134 autem
989 1099 1069 1134 aliae
1091 1105 1187 1135 metu
1204 1099 1345 1146 percul-

263 1167 313 1194 sm
337 1187 345 1202 ,
369 1160 506 1196 Arsacii
529 1161 820 1196 conuuunionem
839 1161 892 1196 vel
911 1161 1030 1196 invita:
1049 1162 1228 1208 amplexa:
1251 1170 1348 1199 sunt.

311 1217 484 1256 Pentadio
503 1222 709 1257 diaconissa.
727 1242 777 1248 —-
796 1221 966 1258 Pentadio
991 1233 1134 1270 quoque
1148 1223 1350 1261 diaconissa

265 1282 396 1327 vidua,
420 1283 506 1319 olim
529 1283 677 1320 'l‘imasii
705 1283 873 1320 Consulis
895 1295 986 1321 uxor
1005 1311 1014 1329 ,
1035 1292 1182 1322 strenue
1200 1292 1236 1322 et
1260 1297 1350 1323 con-

267 1345 490 1381 stantissime
521 1356 666 1382 causam
699 1345 850 1383 Joannis
880 1346 1053 1384 defendit.
1087 1347 1243 1394 Ideoque
1263 1347 1348 1392 illa,

267 1417 349 1452 qua:
377 1407 518 1442 nonnisi
547 1407 738 1444 ecclesiam
771 1407 1050 1454 cubiculumqne
1080 1419 1182 1444 suum
1204 1415 1353 1445 noverat

271 1469 467 1516 (Clirysost.
493 1469 604 1516 Epist.
626 1469 702 1517 94),
723 1472 757 1506 in
777 1470 894 1507 forum
919 1477 1095 1518 pertractat
1114 1472 1204 1516 fuit,
1232 1482 1250 1506 a
1273 1471 1352 1508 foro

266 1532 311 1568 ad
332 1533 540 1574 tribunalia.
555 1533 612 1569 ubi
627 1533 1002 1580 lirmitatisauimique
1021 1533 1242 1570 fortitudinis
1260 1544 1353 1570 nova

268 1593 370 1640 signa
401 1594 616 1640 egregiaque
643 1594 764 1638 dedit;
801 1601 925 1641 postea
955 1605 1042 1631 vero
1070 1606 1089 1631 a
1121 1595 1288 1631 tribunali
1309 1594 1352 1631 ad

267 1664 452 1690 carcerem
489 1655 670 1699 deducta,
707 1657 782 1703 pari
812 1658 1071 1704 tranquillitate
1112 1659 1353 1705 liriziitathne

269 1716 390 1751 omnia
419 1715 586 1761 pertulit;
614 1717 766 1762 ideoque
795 1717 876 1763 jure
897 1729 917 1753 a
937 1718 1196 1766 Chrysostomo
1223 1721 1258 1755 in
1289 1730 1353 1756 sua

271 1777 315 1813 ad
353 1777 450 1812 illam
481 1776 634 1823 cpistola
669 1777 864 1814 admodum
896 1779 1112 1815 celebratur.
1153 1779 1274 1816 Voluit
1295 1781 1354 1817 illa

274 1839 393 1874 hieme
421 1845 596 1885 sequente
616 1839 862 1886 (EpistJOi),
885 1839 1196 1887 Constantinopoli
1212 1842 1354 1883 relicta,

273 1899 346 1936 alio
364 1910 556 1946 peragrare
576 1912 584 1936 :
617 1911 743 1936 verum
767 1899 926 1937 Joannes
945 1901 1042 1937 illam
1061 1901 1224 1938 hortatus
1245 1909 1300 1938 est
1319 1909 1357 1938 ut

274 1963 309 1996 in
326 1961 413 1998 urbe
435 1967 615 2005 maneret,
636 1961 694 1997 ubi
711 1961 920 1998 concivibus
933 1962 1038 1998 variis
1057 1963 1172 1998 modis
1195 1962 1356 1999 subsidio

273 2031 354 2058 csse
381 2029 516 2069 posset.
544 2022 580 2059 lu
605 2023 686 2060 illos
705 2024 814 2060 etiam
837 2025 1032 2061 smvierunt
1055 2025 1112 2072 qui
1149 2025 1356 2062 vexationes

275 2082 410 2119 vitandi
430 2094 538 2121 causa
557 2084 651 2130 apud
671 2084 917 2122 mouaeliossc
930 2092 1142 2132 receperant
1157 2085 1285 2134 (Epist.
1303 2087 1354 2134 2):

275 2145 360 2190 quin
379 2145 487 2180 etiam
511 2145 608 2191 ipsos
629 2146 824 2182 monachos
843 2153 879 2183 et
898 2146 1054 2193 virgines
1071 2148 1104 2182 in
1122 2147 1255 2184 famem
1270 2158 1356 2184 con—

275 2204 396 2249 jccere
417 2211 453 2239 et
472 2205 632 2241 vestibus
652 2205 846 2242 nudavere.
863 2205 1058 2243 Monachos
1071 2216 1190 2244 autem
1204 2207 1358 2245 Gottlios

276 2264 530 2312 (Epist.207),
558 2267 618 2312 qui
637 2267 672 2302 in
695 2272 789 2303 terra
806 2267 965 2304 Promoti
988 2268 1194 2316 degebant,
1225 2280 1357 2307 conso-

277 2327 371 2364 latus
400 2334 454 2364 est
477 2327 761 2375 Cbrysostomus
778 2357 788 2374 ,
807 2331 952 2377 quando
972 2331 1026 2368 sui
1048 2341 1156 2368 causa
1173 2332 1357 2370 molestias

278 2388 411 2425 multas
428 2396 463 2426 et
479 2400 662 2428 :crumnas
681 2394 842 2438 perpessi
859 2400 956 2431 sunt.

325 2449 490 2498 Episcopi
512 2453 651 2498 quidam
669 2454 774 2501 pulsi.
795 2475 842 2480 —
861 2455 976 2492 Tanto
1009 2457 1197 2494 fervebant
1223 2459 1244 2495 ii
1265 2487 1273 2501 ,
1295 2460 1356 2507 qui

278 2517 362 2548 tunc
378 2513 494 2548 aulam
526 2513 795 2560 lmperatoriam
810 2517 1105 2563 moderabantur,
1129 2521 1163 2556 in
1179 2520 1355 2558 Joannem

277 2579 313 2609 et
347 2574 424 2620 ejus
461 2584 648 2612 consortes
687 2578 792 2621 odio,
825 2587 861 2615 nt
897 2591 967 2617 non
989 2581 1093 2628 pauci
1115 2589 1198 2620 tunc
1217 2584 1358 2630 episco—

279 2636 340 2682 pi,
361 2639 420 2684 qui
449 2639 560 2684 probe
587 2651 664 2676 rem
702 2642 982 2680 ecclesiasticam
1021 2645 1196 2691 gerebant
1221 2675 1230 2690 ,
1260 2647 1356 2693 quod

276 2699 403 2737 .ioanni
441 2701 571 2738 addicti
601 2710 746 2746 essent.
777 2705 867 2752 pulsi
895 2705 1067 2755 (Pallad.
1090 2708 1266 2756 p.195);
1295 2709 1356 2746 alii

277 2771 375 2805 vero,
394 2773 464 2799 non
485 2763 619 2811 indigni
641 2767 759 2808 modo,
776 2767 837 2802 sed
855 2768 960 2804 etiam
975 2770 1184 2818 plerumque
1197 2771 1354 2816 scelesti,

279 2823 315 2859 in
335 2824 474 2860 illorum
489 2826 606 2862 loetnn
629 2828 914 2866 iutrmlereutur.

324 2885 559 2933 Serapionem
592 2890 726 2936 igitur,
767 2902 872 2938 quem
921 2892 1079 2930 Joannes
1115 2895 1298 2932 Heraclea:
1321 2895 1355 2932 in

282 2945 433 2984 Thracia
467 2949 674 2996 episcopum
700 2954 937 2990 constituerat
976 2954 1113 3002 (Epist.
1133 2957 1200 3003 H)
1221 2985 1231 3000 ,
1277 2963 1356 3002 post

277 3008 485 3047 innumeras
533 3012 668 3059 absque
728 3014 796 3049 ulla
852 3015 1066 3060 probatione
1122 3017 1353 3061 calumnias,

277 3078 415 3105 snutma
447 3073 656 3110 crudelitate
693 3084 826 3112 ca'sum
876 3087 990 3124 usque
1025 3078 1068 3113 ad
1104 3079 1354 3114 excussioucm

278 3131 435 3167 dentium
467 3133 500 3168 in
536 3135 685 3180 patriam
722 3147 823 3173 suam
853 3139 1057 3186 relegarnnt
1091 3139 1247 3184 (Pallad.
1270 3139 1355 3175 Dia—

278 3199 346 3236 tcg.
373 3194 383 3238 )
419 3205 426 3226 :
457 3195 516 3230 ille
550 3207 634 3232 vero
661 3197 702 3232 ad
738 3199 935 3236 monachos
969 3201 1105 3237 MarSos
1137 3208 1173 3237 et
1201 3202 1354 3238 Gotthos

278 3254 486 3298 aufugerat,
509 3256 628 3302 ibique
644 3257 703 3294 diu
722 3259 913 3298 delituerat
932 3270 1125 3310 antequam
1146 3269 1350 3310 caperetur.

281 3313 316 3348 in
335 3312 415 3358 ejus
435 3323 518 3349 vero
536 3315 652 3352 locum
674 3319 890 3358 substitutus
909 3323 972 3360 fuit
991 3324 1172 3370 Eugenius
1188 3325 1350 3371 quidam,

280 3378 312 3410 iu
335 3376 538 3412 mercedem
557 3379 847 3426 conspirationis,
865 3396 971 3431 quam
987 3386 1160 3424 adversus
1175 3387 1351 3423 Joannem

277 3439 487 3484 episeopum
507 3449 610 3478 suum
639 3451 860 3490 susceperat.
899 3446 970 3483 Sex
1003 3448 1054 3484 illi
1083 3449 1270 3496 episcopi,
1291 3450 1352 3495 qui

277 3500 440 3538 simoniac
461 3511 570 3538 causa
597 3513 617 3540 a
638 3503 776 3541 Joanne
797 3506 948 3554 depositi
973 3509 1113 3547 fuerant
1137 3510 1294 3560 (Pallad.
1317 3512 1353 3546 in

280 3560 410 3609 Dial.),
426 3569 465 3600 ut
480 3574 587 3611 supra
607 3565 776 3611 diximus,
796 3569 938 3615 rejeCIis
960 3571 1004 3607 iis
1021 3573 1142 3618 probis
1160 3573 1351 3620 episcopis,

277 3633 368 3669 quos
384 3623 544 3663 Joannes
566 3627 598 3664 in
621 3637 746 3664 eorum
768 3629 884 3666 locum
913 3631 1168 3677 ordinaverat,
1189 3635 1223 3671 in
1243 3634 1354 3670 sodes

277 3697 360 3723 suas
381 3695 465 3726 tunc
484 3691 638 3728 restituti
654 3699 736 3728 sunt
754 3721 764 3736 ,
787 3693 849 3729 sed
873 3700 1060 3742 postquam
1082 3697 1352 3734 restituentibus

279 3757 317 3782 se
336 3752 496 3797 pecunia:
511 3762 688 3790 summam
706 3755 983 3792 numeraveram
1004 3770 1012 3794 :
1041 3768 1110 3804 quo
1131 3767 1228 3796 Certe
1247 3758 1354 3794 modo

281 3810 467 3868 simoniam
494 3815 729 3852 renovabam.
766 3815 975 3856 ili-raelidcs
1012 3828 1131 3858 autem
1163 3822 1353 3868 episcopus

282 3865 410 3915 Γυῑιεεὶ
431 3881 451 3908 8
489 3873 628 3914 Joanne
645 3888 874 3927 consututus,
895 3887 939 3919 ab
967 3883 1120 3921 inimicis
1141 3885 1218 3930 ejus
1238 3884 1351 3929 depo-

1005 205 1042 242 S.
1069 206 1259 245 JUANNIS
1279 206 1602 246 CllltYSOSTOJ/ll
1633 208 1753 254 VITA,

2399 213 2460 255 3'10

1413 287 1456 321 sit
1465 296 1521 328 us,
1542 295 1606 332 per
1626 285 1902 332 quadricnmum
1917 285 2042 322 saltem
2058 285 2269 324 Nicomediae
2286 288 2320 324 in
2332 299 2462 330 carcere

1416 347 1576 383 inclusus
1597 347 1728 382 mansit
1767 345 1940 393 (Pallad.
1976 347 2111 394 Dialog.
2134 348 2162 394 ).
2193 347 2228 384 ln
2259 348 2334 396 ejus
2358 359 2464 390 autem

1415 410 1532 446 locum
1551 408 1770 445 substituere
1789 408 1943 445 Victoris
1961 409 2091 446 tribuni
2109 409 2319 454 eunuchum,
2339 415 2462 450 manci-

1415 473 1527 519 pium,
1545 473 1660 518 inquit
1681 472 1874 514 Palladius,
1895 472 2077 508 ebriosnm
2093 501 2102 518 ,
2125 473 2370 520 meretricium,
2391 485 2465 512 ava-

1415 545 1519 576 rum;
1543 542 1672 570 caetera
1694 544 1779 570 vero
1801 533 1937 570 referre
1954 533 2073 579 pudet.

1463 596 1538 634 Sub
1575 596 1652 632 lucc
1681 602 1802 632 autem
1848 595 2078 632 Theoteenus
2113 597 2295 644 presbyter
2331 598 2466 636 Romam

1418 660 1538 699 venit,
1572 658 1696 694 literas
1713 657 1868 694 offerens
1887 657 2011 704 viginti
2033 657 2188 704 quinque
2208 659 2439 706 episcoporum
2457 689 2466 705 ,

1417 721 1476 767 qui
1503 731 1583 756 cum
1605 720 1744 757 Joanne
1762 719 1806 756 ad
1828 719 2012 768 Synodum
2041 719 2288 757 celebrandam
2307 731 2468 760 convene-

1418 788 1498 817 raut
1515 782 1527 828 (
1545 781 1688 817 Pallad.
1713 780 1852 828 Dialog.
1877 782 1891 829 )
1909 793 1916 817 :
1937 782 2040 828 queis
2062 781 2265 818 Innocentio
2284 783 2381 830 Papa:
2397 794 2470 820 nar-

1419 844 1546 880 rabant
1571 855 1642 892 quo
1674 850 1777 892 pacto
1799 844 1958 882 Joannes
1989 855 2010 880 a
2041 845 2192 882 militum
2223 856 2324 882 manu
2346 847 2469 894 pulsus,

1419 905 1600 942 Cucusum
1621 906 1655 942 in
1675 906 1842 942 exsiliunt
1864 906 1994 942 missus
2010 905 2148 943 fuisset.
2174 907 2282 944 Paulo
2294 913 2369 954 post
2386 909 2471 946 venit

1421 967 1596 1004 Pater-nus
1615 996 1625 1013 ,
1659 969 1720 1015 qui
1735 979 1774 1005 se
1794 969 2204 1014 Constantinopolitance
2222 969 2383 1006 Ecclesia:
2399 979 2471 1016 pre-

1421 1031 1606 1078 sbyterum
1627 1030 1782 1074 diccbat,
1800 1029 2023 1077 Joannisqne
2041 1031 2206 1067 inimicus
2230 1042 2238 1065 :
2265 1030 2378 1068 literas
2395 1031 2472 1069 alle-

1421 1095 1520 1130 rebal
1545 1093 1662 1129 Aeacii
1681 1121 1690 1136 ,
1730 1093 1827 1128 Pauli
1851 1121 1860 1136 ,
1894 1091 2060 1128 Antiochi
2079 1098 2114 1129 et
2129 1092 2306 1129 Severiani
2323 1093 2473 1130 aliorum-

1421 1166 1490 1202 que
1508 1184 1517 1199 ,
1557 1155 1617 1202 qui
1645 1155 1820 1192 Joannem
1853 1154 2164 1192 calumniabantur
2183 1157 2280 1202 quasi
2299 1155 2473 1192 ecclesiam

1423 1217 1657 1255 incendisset.
1682 1217 1917 1254 lunnccutius
1939 1228 2023 1254 vero
2041 1218 2110 1254 illis
2129 1217 2344 1264 respondere
2364 1217 2474 1264 digna-

1424 1287 1481 1318 tus
1500 1291 1570 1318 non
1591 1287 1660 1317 est.
1705 1281 1790 1318 Post
1817 1281 1953 1328 aliquot
1977 1281 2056 1317 dies
2083 1280 2230 1316 Romam
2268 1281 2358 1316 venit
2381 1281 2474 1318 etiam

1423 1344 1594 1392 (Syriacus
1609 1344 1800 1390 episcopus
1819 1354 1862 1380 ex
1883 1343 2046 1389 Oriente,
2064 1344 2186 1390 pulsus
2202 1353 2263 1390 per
2279 1353 2354 1378 eam
2372 1343 2474 1388 legem

1423 1417 1505 1453 qua:
1525 1405 1684 1442 ferebat:
1702 1406 1743 1442 Si
1763 1406 1916 1452 quianon
1951 1406 2178 1442 communicat
2193 1416 2268 1441 cum
2285 1403 2472 1451 Theophila,

1426 1469 1567 1504 Arsacia
1586 1475 1616 1504 ct
1637 1467 1851 1516 Porphyrio,
1873 1468 1931 1504 ille
1950 1468 2087 1515 quidem
2101 1468 2292 1515 episcopatu
2307 1473 2450 1502 arceatur
2465 1493 2475 1510 ,

1424 1530 1528 1566 simul
1547 1530 1649 1566 etiam
1667 1530 1804 1565 amittat
1826 1557 1834 1572 ,
1857 1529 1887 1566 si
1915 1541 2016 1576 quam
2041 1531 2132 1566 visus
2157 1529 2257 1575 fuerit
2277 1528 2392 1564 habere
2407 1528 2476 1564 sub-

1425 1593 1587 1630 stantiam
1616 1592 1840 1639 pecuniarum
1871 1599 1929 1628 aut
1960 1591 2179 1638 praediorum.
2200 1591 2281 1627 Post
2309 1591 2476 1638 Cyriacum

1425 1655 1570 1692 advenit
1601 1655 1772 1703 Eulysius
1789 1683 1797 1699 ,
1827 1661 1864 1691 et
1890 1655 1952 1691 alii
1980 1663 2122 1701 quoque
2143 1681 2153 1698 ,
2180 1653 2223 1690 de
2249 1653 2372 1700 quibus
2399 1650 2478 1688 infra

1427 1717 1680 1754 narrabimus:
1702 1728 1784 1754 nam
1819 1717 1992 1764 Cyriacus
2023 1716 2164 1752 nonnisi
2197 1725 2290 1752 anno
2307 1715 2371 1752 405
2386 1714 2480 1751 adre.

1427 1779 1523 1815 nisse
1545 1779 1672 1825 potuit.
1697 1778 1791 1816 Ante
1811 1779 2072 1826 profectionem
2092 1788 2176 1815 vero
2193 1788 2292 1814 suam
2313 1777 2479 1824 aliquanto

1427 1849 1590 1888 tempore
1609 1843 1922 1889 Coustantirwpoli
1941 1843 2070 1880 occulti
2095 1852 2270 1879 mansere.

1476 1903 1624 1939 Honorii
1639 1903 1734 1950 Imp.
1755 1905 1800 1940 ad
1817 1903 2006 1940 Arcadium
2024 1904 2144 1940 literae.
2156 1922 2203 1930 οσ-
2218 1903 2290 1939 Hoc
2308 1903 2380 1949 ipso
2396 1910 2480 1937 anno

1429 1967 1514 2012 404,
1539 1977 1607 2003 nec
1631 1967 1744 2003 multo
1757 1974 1837 2013 post.
1855 1967 1996 2014 pulsum
2013 1967 2202 2010 Joannem,
2219 1965 2404 2008 Honorius,
2421 1964 2481 2000 Uc-

1428 2029 1582 2066 cidentis
1609 2027 1823 2076 Imperator,
1847 2029 2002 2066 Arcadio
2021 2028 2121 2065 fratri
2140 2037 2204 2064 suo
2221 2026 2378 2072 scripsit,
2395 2034 2432 2060 ac
2447 2033 2482 2060 se

1429 2101 1542 2137 nuper
1566 2091 1750 2137 accepisse
1769 2091 1856 2128 dicit
1875 2091 1909 2127 in
1929 2091 1986 2128 die
2006 2091 2046 2126 S.
2069 2089 2212 2126 Pascha:
2239 2087 2369 2136 (Clu-ys.
2394 2091 2417 2120 t.
2440 2088 2471 2123 3.

1432 2163 1463 2186 τ.
1485 2151 1586 2196 559),
1605 2154 1746 2190 clausas
1779 2153 1898 2191 subito
1931 2153 2042 2190 fuisse
2075 2151 2274 2190 Catholicas
2303 2148 2480 2186 ecclesias.

1429 2221 1546 2250 trusos
1567 2215 1601 2250 in
1622 2215 1825 2252 custodiam
1859 2215 2069 2253 sacerdotes
2083 2242 2092 2257 ,
2121 2213 2257 2250 omnia'
2274 2211 2429 2248 bellicum
2451 2208 2480 2242 in

1427 2275 1574 2313 modum
1596 2276 1736 2313 turbata
1757 2277 1926 2326 mysteria
1944 2305 1954 2322 ,
1973 2275 2164 2313 nonnullos
2183 2273 2218 2310 in
2235 2273 2317 2320 ipsis
2336 2269 2482 2308 ecclesiae

1428 2339 1596 2376 sacrariis
1612 2339 1848 2386 interemptos
1861 2340 1984 2381 fuisse,
1999 2339 2260 2386 episcoposque
2278 2335 2310 2371 in
2328 2332 2478 2370 exsilium

1429 2401 1565 2446 pulsos.
1595 2400 1632 2437 In
1651 2403 1729 2438 haec
1749 2408 1870 2438 autem
1887 2402 1946 2438 ille
1967 2399 2236 2438 vehementiore
2253 2396 2354 2444 stylo,
2377 2399 2410 2430 ut
2426 2402 2481 2438 par

1427 2469 1518 2506 erat,
1540 2464 1744 2506 invehitur;
1764 2464 1830 2500 sub
1850 2464 1957 2500 finem
1976 2473 2062 2500 vero
2083 2462 2197 2498 innuit
2219 2455 2477 2505 exspectanditltl

1429 2526 1540 2562 fuisse
1562 2525 1666 2572 Papae
1686 2526 1936 2562 auctoritatem
1957 2553 1967 2569 ,
1984 2525 2043 2572 qui
2079 2523 2260 2570 pacilicam
2278 2517 2400 2556 Joanni
2417 2515 2482 2562 epi-

1429 2600 1538 2635 seopo
1571 2590 1802 2625 concordiam
1827 2589 1986 2630 miserat,
2027 2597 2093 2623 nec
2121 2592 2332 2633 quemquam
2355 2577 2482 2626 putabat

1428 2660 1510 2688 ante
1525 2652 1698 2698 judicium
1719 2650 1967 2696 repellendum
1988 2660 2081 2686 esse.
2107 2647 2311 2684 Periculum
2335 2651 2415 2679 vero
2433 2639 2482 2674 di-

1429 2712 1475 2748 cit
1505 2723 1584 2748 rsse
1601 2739 1610 2756 ,
1641 2722 1684 2746 ne
1705 2711 1739 2747 id
1761 2712 1794 2746 in
1815 2710 1961 2747 humani
1983 2709 2127 2757 generis
2154 2707 2343 2756 perniciem
2364 2703 2481 2739 factum

1429 2773 1488 2809 sit.

1479 2833 1637 2870 Eudoxio
1655 2833 1808 2879 Augusta
1824 2833 2126 2870 ntorilmx—Nihil
2142 2832 2176 2867 in
2199 2829 2276 2866 aula
2295 2822 2481 2864 Constanti-

1429 2896 1724 2944 nopolitanaboni
1735 2903 1954 2943 pepererunt
1964 2895 2110 2932 Honorii
2123 2889 2398 2930 litera‘ArCadio
2408 2895 2483 2922 srm-

1427 2970 1492 3006 pcr
1511 2959 1631 2994 uxoris
1649 2965 1681 2994 et
1703 2959 1900 2994 anlicarum
1917 2964 2036 3004 optata
2058 2960 2229 3002 sequente
2249 2952 2399 3000 (Sozam.
2416 2947 2438 2982 l.
2451 2945 2482 2981 8.

1428 3022 1524 3058 c253.
1543 3021 1624 3058 Zoa.
1645 3021 1670 3056 Ι.
1692 3021 1744 3066 ὅ).
1767 3019 1902 3056 Verum
1919 3021 1970 3055 ira
1986 3019 2211 3064 vindictaque
2230 3014 2344 3050 divina
2363 3008 2482 3048 saeviit,

1427 3095 1445 3118 a
1478 3083 1669 3129 multisque
1687 3082 1875 3118 observata
1892 3081 1956 3116 fuit
1972 3093 1979 3116 :
1997 3080 2160 3116 namhoc
2179 3085 2272 3112 anno
2293 3071 2433 3110 Thracia
2454 3071 2484 3102 ct

1429 3145 1607 3192 Illyricum
1633 3143 1678 3178 ab
1699 3143 1838 3178 llunnis
1853 3141 2034 3178 devastata
2061 3139 2182 3176 fuere:
2203 3143 2238 3174 ct
2255 3145 2324 3180 quo
2340 3136 2484 3194 tempore

1426 3188 1804 3252 JoanneSpcllebatur,
1825 3204 2024 3240 Isaurorum
2040 3188 2484 3252 rebellioConstantinopoli

1429 3250 1683 3311 nuntialavfuit,
1711 3266 1820 3312 quiin
1845 3250 2482 3306 AsiamillinorcmetinSyriallllll“la

1428 3331 1614 3366 innumera
1637 3328 1800 3364 intulere.
1821 3326 1988 3374 Cyrinus,
2008 3322 2246 3361 Chalcedonis
2277 3319 2477 3365 cpiscopus.

1428 3401 1520 3427 unus
1537 3401 1580 3426 ex
1598 3388 1863 3426 ardentioribus
1882 3387 2030 3424 Joannis
2062 3385 2236 3426 inimicis,
2270 3380 2327 3428 qni
2341 3379 2372 3414 ill
2387 3378 2480 3419 εὲιΡυι

1426 3463 1552 3494 suum,
1572 3458 1608 3486 ut
1635 3460 1742 3496 supra
1774 3448 1927 3484 vidimus
1948 3475 1958 3490 ,
1996 3446 2204 3494 sanguinem
2224 3439 2368 3480 Joannis
2397 3443 2475 3470 00n-

1429 3513 1572 3557 tulerat,
1590 3523 1632 3550 ex
1655 3512 1781 3549 dolore
1809 3521 1891 3546 crus
1919 3509 1984 3546 sibi
2007 3507 2166 3545 exscindi
2198 3505 2320 3551 jubere
2345 3501 2478 3535 coaetus

1427 3581 1483 3611 est
1500 3602 1510 3618 ,
1539 3581 1576 3609 nt
1594 3580 1718 3621 postea
1739 3573 1774 3608 in
1801 3571 1980 3608 diuturnis
2001 3568 2216 3606 cruciatibus
2236 3565 2329 3602 lente
2350 3558 2480 3626 periret.

1428 3635 1629 3681 Trigesimo
1644 3635 1701 3671 die
1712 3633 1934 3681 Septembris
1954 3625 2282 3674 Constantinopolis
2297 3629 2331 3659 et
2341 3623 2483 3656 circum-

1425 3699 1542 3744 pnsita
1571 3698 1670 3744 regio
1699 3697 1873 3744 grandine
1909 3694 2042 3741 ingenti
2064 3691 2194 3728 afﬂicta
2215 3689 2300 3724 fuit:
2329 3690 2363 3720 et
2392 3683 2483 3744 sexto

1427 3735 1592 3795 betobris
1611 3735 1743 3795 infelix
1765 3757 1923 3794 liudoxia
1946 3756 1980 3791 in
2000 3755 2126 3791 abortu
2148 3750 2263 3798 periit.
2293 3745 2372 3782 llzcc
2391 3735 2482 3774 multi

1427 3821 1664 3857 obscrvaverc
1683 3849 1692 3864 ,
1723 3827 1756 3856 ct
1777 3821 1838 3856 bas
1867 3827 1992 3866 ptenas
2004 3817 2050 3853 ob
2065 3815 2228 3862 injustam
2248 3815 2282 3846 et
2301 3805 2482 3866 violentam

1426 3881 1576 3919 Joannis
1614 3882 1861 3930 expulsiouem
1881 3891 1899 3917 a
1924 3880 1995 3917 Deo
2018 3878 2168 3915 inflictas
2191 3878 2354 3922 putavcrc
2371 3862 2477 3911 (50“-
