2742 4342
257 299 320 338 22‘
1054 279 1175 319 NUNC
1204 281 1378 320 PRIMUM
1405 285 1673 323 ADORNATA.
1710 288 1715 296 ’

260 376 286 410 ι.
305 375 339 410 6.
359 384 388 408 c.
408 368 488 416 l9).
512 365 685 404 Arcadius
713 371 830 401 tamen
853 391 862 407 ,
891 369 951 399 aut
981 361 1097 409 potius
1124 362 1184 407 qui
1217 362 1312 396 illius

261 435 398 472 nomine
433 431 548 468 omnia
576 428 855 465 moderabantur
872 453 881 470 ,
910 426 943 461 in
975 431 1092 471 empto
1111 424 1312 470 perstitere.

303 495 454 532 Joannes
469 501 552 528 vero
567 490 692 527 Nicaeae
712 489 746 525 in
765 487 928 536 Bithynia
953 487 1134 533 aliquanto
1154 492 1314 530 tempore

257 557 422 592 detentus
439 583 447 596 ,
469 564 512 590 ex
535 553 628 588 aeris
648 551 858 588 salubritate
875 547 1113 584 valetudinem
1131 555 1165 583 et
1183 556 1314 592 corpo—

258 617 304 653 iis
333 616 439 652 robur
465 618 707 660 consequutus
730 619 784 648 est
800 638 810 654 ,
840 617 878 646 ttt
897 609 973 656 ipse
989 609 1073 645 dicit
1099 609 1131 644 iu
1155 608 1314 653 Epistola

255 679 392 714 decima
409 677 452 713 ad
478 674 736 724 Olympiadem,
753 683 856 720 quant
881 672 1024 717 scripsit
1041 669 1213 718 postridie
1230 679 1312 714 pro-

257 741 412 776 fecturus
431 739 624 780 Cucusum,
643 736 758 773 exsilii
780 736 910 772 locum.
933 734 1062 770 Milites
1079 737 1197 768 autem
1219 731 1316 766 l’rat-

257 801 350 842 fecti,
371 801 430 846 qui
449 799 546 834 illum
570 799 605 834 in
624 798 786 834 exsilium
805 795 1002 837 ducebant,
1033 793 1120 830 nihil
1142 803 1211 828 non
1228 802 1313 838 age-

257 861 341 896 bant
361 868 399 896 ut
420 861 518 896 illum
539 864 746 896 recrearent
760 867 800 894 ac
821 857 1006 894 reficerent
1021 884 1030 899 ,
1051 855 1187 901 ipsique
1207 855 1314 890 etiam

257 923 356 970 plura
375 932 480 968 quam
501 921 609 957 vellet
640 919 756 955 officia
789 918 1018 964 prmstabant.
1042 916 1178 951 Rumor
1195 915 1312 951 statim

257 993 400 1030 sparsus
417 983 528 1019 fuerat
552 984 666 1029 ipsum
683 982 716 1017 in
737 981 919 1028 Scythiam
940 979 1200 1026 deportandum
1219 987 1311 1014 esse.

262 1044 382 1080 Primo
403 1049 570 1080 statutum
603 1042 712 1078 fuisse
729 1041 867 1078 videtur
897 1042 929 1078 in
960 1041 1187 1086 lmperatoria
1217 1039 1312 1082 aula,

254 1105 340 1142 dicit
369 1105 429 1142 ille
454 1105 487 1140 in
509 1103 664 1151 Epistola
691 1103 828 1139 decima
861 1103 984 1144 tertia,
1010 1107 1047 1138 ut
1077 1101 1282 1137 Sebasteant
1303 1127 1312 1142 ,

257 1166 435 1202 Armenia:
450 1165 589 1208 urbem,
607 1165 808 1200 exsulatum
829 1163 1052 1199 mitteretur:
1075 1162 1156 1202 sed.
1180 1167 1315 1196 mutato

255 1228 430 1272 consilio,
458 1227 634 1264 Cucusum
653 1225 782 1262 missus
808 1231 862 1261 est
877 1253 885 1268 ,
917 1225 1033 1260 locum
1056 1223 1233 1260 Armenize
1254 1223 1316 1257 de-

255 1289 504 1326 sertissimum.
530 1287 608 1334 Ipse
627 1297 712 1324 vero
739 1287 934 1322 amicorum
961 1286 1150 1322 multorum
1169 1294 1314 1331 operam

254 1352 487 1397 adhibuerat,
519 1351 608 1387 utin
623 1350 800 1386 mitiorem
825 1355 862 1386 et
887 1348 1176 1395 propinquiorem
1197 1347 1314 1383 locum

253 1413 464 1450 mitteretur.
485 1412 632 1455 Verum,
649 1421 714 1447 nec
733 1411 810 1446 sine
826 1410 985 1457 querela,
1005 1409 1092 1445 dicit
1106 1409 1202 1455 ipsos
1222 1418 1312 1450 rem,

252 1483 358 1519 quam
379 1473 541 1510 scelerati
560 1473 669 1514 etiam
695 1471 863 1507 homines
889 1471 1080 1516 impetrant
1101 1498 1110 1513 ,
1139 1469 1312 1514 consequi

253 1543 324 1568 uou
345 1534 516 1580 potuisse.
546 1533 807 1578 lmperatriccm
826 1541 911 1567 vero
931 1531 1128 1567 Eudoxiam
1142 1540 1180 1566 se
1197 1529 1315 1566 Cucu-

255 1605 334 1630 sum
357 1593 610 1640 mittijussisse
641 1593 727 1629 dicit
756 1593 791 1628 in
821 1593 975 1639 Epistola
1016 1593 1082 1628 155
1119 1591 1162 1628 ad
1193 1592 1317 1639 Cyria-

254 1665 352 1691 cum.

302 1717 503 1764 Insequenti
524 1717 630 1764 igitur
649 1717 706 1753 die
727 1717 1024 1765 Chrysostomus,
1047 1716 1190 1753 Panemi
1211 1727 1314 1754 men-

251 1779 301 1813 sis
313 1784 450 1824 quarto,
460 1778 519 1824 qui
537 1779 669 1814 mensis
681 1779 982 1816 PanemusJulius
997 1785 1050 1816 est
1069 1778 1198 1824 (Epist.
1209 1778 1310 1826 921),

252 1848 288 1874 ut
309 1840 427 1876 videas
447 1839 539 1886 apud
559 1839 714 1877 Selidam
733 1847 769 1877 et
789 1841 986 1881 Usscrium,
1005 1840 1122 1877 Nicma
1140 1842 1172 1876 in
1187 1841 1312 1887 Bithy-

253 1902 308 1936 nia
328 1901 503 1945 profectus
521 1908 589 1938 est.
613 1901 820 1948 Eodemque
833 1902 891 1938 die
906 1902 1092 1948 epistolam
1105 1903 1248 1950 scripsit
1265 1903 1310 1939 ad

251 1961 494 1998 Constantium
514 1963 774 2010 presbyterum,
797 1963 990 1999 cohortalis
1019 1963 1117 1999 illum
1146 1971 1181 1999 ut
1203 1974 1246 1998 ne
1265 1974 1309 1999 ex

252 2021 432 2066 praesentis
453 2023 617 2068 procella:
639 2028 848 2068 tempestate
869 2029 1098 2059 amoveretur
1119 2023 1163 2059 ab
1193 2023 1311 2059 officio

252 2088 287 2118 et
304 2093 322 2118 a
340 2093 378 2120 re
397 2090 558 2131 suscepta
577 2111 586 2127 ,
609 2084 671 2120 sed
698 2094 762 2130 pro
779 2094 877 2120 more
897 2095 962 2120 suo
982 2095 1044 2120 eos
1063 2113 1070 2127 ,
1102 2085 1160 2130 qui
1194 2085 1312 2121 adhuc

252 2143 452 2180 Grazcorum
469 2146 728 2192 superstitioni,
747 2155 809 2182 seu
825 2145 1048 2188 idololatriae,
1065 2145 1174 2182 dediti
1193 2153 1308 2188 erant,

251 2206 294 2242 ad
312 2205 662 2243 fideanristianam
681 2214 890 2244 convertere
912 2213 1087 2252 pergeret,
1109 2214 1144 2243 et
1165 2207 1310 2254 impiam

251 2267 452 2313 religionem
469 2268 736 2312 cxtermiuarct,
757 2275 862 2314 atque
881 2269 1095 2311 Phoenicia),
1117 2269 1257 2304 Arabiae
1277 2275 1314 2304 et

249 2328 402 2366 (trientis
418 2329 657 2365 Ecclesiarum
677 2339 797 2365 curam
813 2337 955 2376 gereret
973 2341 982 2366 :
1003 2331 1159 2376 dicitque
1183 2341 1222 2366 se
1242 2341 1311 2366 non

251 2389 480 2435 Sehastcatn,
514 2396 550 2426 ut
575 2390 744 2436 putabat,
775 2391 838 2427 sed
868 2391 1047 2427 Cucusum
1080 2391 1113 2426 in
1146 2392 1312 2427 exsilium

251 2451 352 2486 mitti.
376 2451 411 2487 In
443 2451 512 2489 fine
534 2462 620 2488 vero
639 2453 707 2496 ait,
731 2453 799 2489 sibi
826 2459 908 2489 ante
937 2453 1195 2500 profectionem
1217 2464 1313 2489 cura:

251 2510 370 2555 fuisse,
394 2518 432 2548 ut
448 2523 467 2548 c
482 2501 668 2549 Salamina
686 2513 792 2562 Cypri
810 2513 964 2550 hrercsin
987 2514 1310 2556 Mareionistarum,

251 2583 329 2617 quae
361 2573 408 2609 ib;
434 2575 660 2620 grassabatur
679 2603 688 2617 ,
710 2576 924 2612 clintinaret.
959 2575 995 2612 Si
1026 2586 1112 2613 vero
1145 2576 1314 2624 Cyriacus

252 2632 438 2678 episcoitus
458 2635 573 2670 adhuc
599 2636 907 2684 Constantinopoli
936 2638 1007 2682 sit,
1040 2637 1174 2674 scribat
1206 2639 1254 2674 illi
1277 2644 1314 2674 ut

253 2698 376 2738 pergat
392 2703 432 2729 ea
451 2695 622 2740 periiccre
639 2724 648 2740 ,
680 2708 758 2744 quae
787 2699 862 2744 ipse
895 2710 1084 2746 aggressus
1102 2699 1228 2736 fuerat.
1253 2700 1313 2737 Sic

252 2753 497 2789 sanctissimus
513 2755 571 2792 ille
591 2757 656 2800 vir,
675 2759 841 2794 :erumnis
863 2759 1017 2806 undique
1038 2763 1284 2808 prementibus
1301 2791 1309 2805 ,

252 2814 421 2860 augenda:
442 2817 475 2852 in
497 2816 648 2854 diversis
671 2819 874 2862 regionibus
890 2821 1102 2858 Christianre
1123 2823 1172 2860 rei
1189 2834 1311 2860 curam

253 2885 430 2922 nunquam
453 2876 670 2923 deponehat.
694 2879 890 2926 Epistolam
909 2893 994 2920 vero
1007 2885 1052 2920 ad
1074 2885 1310 2932 Theophilum

253 2939 434 2984 scripsisse
469 2947 612 2986 pulatur
632 2940 760 2987 (Epist.
782 2943 880 2990 H9),
903 2956 982 2982 cum
1000 2945 1112 2982 Nicma
1134 2948 1312 2994 profectus

253 3006 360 3044 esset,
383 3000 610 3038 utCucusum
626 3005 858 3043 contenderet
874 3035 883 3051 ,
901 3007 1132 3056 hortaturque
1155 3010 1252 3046 illum
1275 3017 1312 3046 ut

256 3067 375 3106 pergat
397 3063 552 3109 pericula
581 3065 701 3102 subire
729 3072 764 3102 et
794 3073 938 3106 strenue
965 3081 1099 3116 agere:
1131 3082 1196 3108 nec
1217 3072 1312 3108 clare

254 3120 336 3158 dicit
357 3124 485 3170 quibus
509 3125 566 3162 ille
587 3126 692 3163 rebus
719 3133 801 3164 tunc
827 3139 972 3176 operam
999 3131 1112 3168 daret.
1149 3133 1310 3170 Alteram

255 3182 328 3227 ejus
356 3184 398 3220 ad
422 3185 658 3233 Theophilum
694 3190 879 3236 epistolam
911 3191 1083 3228 habemus
1105 3223 1113 3236 ,
1143 3195 1310 3241 scriptam

255 3250 434 3292 postquam
451 3247 626 3286 Cucusum
647 3251 862 3289 advenisset.

301 3305 386 3341 Cum
405 3307 604 3346 C:esarca:n
627 3311 661 3346 in
687 3311 936 3359 Cappadocia,
969 3315 1083 3352 Nieu-a
1106 3319 1286 3364 profectus
1301 3347 1309 3360 ,

255 3366 452 3414 duceretur,
473 3371 669 3419 Olympiadi
689 3376 832 3422 scripsit
865 3377 992 3424 (Epist.
1017 3378 1089 3427 ll),
1109 3388 1141 3416 et
1165 3381 1309 3428 quidem

257 3428 358 3473 paulo
377 3436 559 3478 postquam
581 3435 647 3471 iter
662 3436 744 3472 illud
765 3446 970 3484 susceperat
987 3468 996 3483 ,
1015 3451 1096 3476 cum
1113 3442 1229 3480 adltuc
1248 3453 1310 3478 va-

257 3489 409 3528 letudine
427 3492 484 3528 illa
503 3522 511 3538 ,
533 3505 636 3541 quam
658 3497 783 3534 Nicacrc
803 3508 1076 3546 reruperavcrat
1094 3530 1102 3544 ,
1136 3509 1172 3540 et
1201 3505 1310 3542 animi

255 3550 427 3590 hilaritate
445 3555 630 3594 frueretur.
655 3559 704 3595 Ea
727 3571 834 3603 vero,
865 3573 943 3608 qua:
964 3563 1008 3598 de
1025 3563 1186 3601 Prtcfecti
1215 3567 1310 3604 mili-

259 3614 361 3660 tibus,
379 3617 440 3664 qui
456 3629 493 3656 se
513 3620 545 3656 in
561 3623 725 3658 exsilium
741 3623 942 3668 ducebant,
967 3625 1023 3662 hic
1042 3635 1198 3671 enarrat,
1222 3640 1312 3676 prte-

259 3679 474 3717 termittcnda
492 3692 560 3719 non
576 3683 742 3719 duximus
767 3697 773 3719 :
807 3697 819 3718 ‹
849 3687 964 3732 Atque
979 3686 1140 3724 Pra-fecti
1163 3691 1308 3735 milites,

259 3736 378 3782 inquit,
397 3742 416 3777 ii
435 3744 494 3789 qui
519 3745 702 3781 nobiscum
721 3747 990 3791 peregrinantur
1007 3777 1015 3789 ,
1041 3750 1085 3785 ita
1103 3761 1168 3787 nos
1185 3754 1311 3790 officiis

260 3806 534 3849 prosequuntur,
563 3811 600 3841 ut.
629 3816 671 3841 ne
699 3805 910 3843 famulorum
929 3809 1072 3855 quidem
1091 3822 1234 3859 operam
1252 3827 1310 3853 rc-

259 3858 393 3901 quirere
413 3873 476 3900 nos
492 3866 608 3902 sinaut
623 3893 633 3909 ,
663 3877 744 3902 curti
765 3867 829 3913 ipsi
845 3869 1056 3907 fantulorum
1080 3875 1196 3911 munia
1216 3887 1313 3914 eXSe-

261 3927 421 3964 quantur.
447 3926 584 3964 Etenim
607 3939 670 3974 pro
687 3941 750 3964 suo
775 3941 856 3977 erga
877 3943 940 3968 nos
958 3943 1078 3971 amore
1099 3935 1164 3973 hoc
1184 3949 1312 3976 munus

2383 289 2455 328 ω

1391 366 1427 394 et
1443 359 1643 404 iussionem
1666 363 1940 408 prmripuerunt.
1963 370 2078 410 atque
2107 365 2238 412 ubique
2257 366 2456 402 satellitum

1388 430 1495 456 manu
1517 421 1715 467 cingimur,
1738 433 1956 470 unoquoque
1977 426 2146 463 videlicet
2175 427 2325 476 hujusce
2353 429 2460 465 mini-

1387 482 1484 516 sterii
1509 483 1652 517 nomine
1667 492 1706 518 se
1728 483 1868 518 beatum
1887 485 2117 529 praedicante.
2142 501 2154 522 ι

1437 541 1698 588 Cllrysoslomus
1715 543 1904 579 Cwsaream
1925 546 1959 580 in
1975 545 2194 593 Cappadocia
2212 552 2313 586 venit.
2333 573 2379 578 —
2395 552 2461 587 Vas

1388 603 1546 640 leludinc
1565 603 1656 640 bona
1679 604 1866 642 fruebatur
1883 607 1942 642 ille
1958 607 2084 655 (Epist.
2108 610 2206 658 1:20),
2229 614 2372 659 quando
2399 615 2461 651 Ni-

1387 674 1458 700 caea
1479 666 1658 710 profectus
1679 673 1734 703 est
1751 679 1759 710 ;
1781 668 1842 705 sed
1859 679 1940 705 cum
1960 670 2036 706 dies
2055 680 2248 719 noctesque
2264 676 2330 711 iter
2347 677 2464 716 facere

1386 734 1576 774 cogeretur
1590 757 1598 772 ,
1623 729 1669 766 ita
1690 736 1779 767 utet
1799 738 1888 768 a-stu
1915 743 2109 780 oppressus
2125 762 2136 778 ,
2157 741 2193 772 ct
2223 739 2354 784 vigiliis
2373 751 2462 776 eoa-

1387 788 1524 832 fectus,
1546 797 1582 826 et
1601 801 1720 828 rerum
1745 794 2030 830 necessariarum
2055 799 2201 842 penuria
2219 809 2378 844 pressus,
2401 804 2462 840 illo

1387 859 1576 898 pergeret,
1597 863 1664 889 nec
1683 853 1853 891 adessent
1882 855 1942 902 qui
1965 864 2109 902 possent
2132 858 2229 896 illum
2246 861 2377 907 juvare
2396 875 2405 907 ;
2427 866 2461 901 in

1385 912 1512 949 febrim
1543 913 1704 950 incidit:
1735 921 1842 961 atque
1875 917 1933 962 iis,
1965 917 2104 964 inquit,
2143 921 2203 967 qui
2239 923 2283 958 ad
2319 927 2462 962 metalla

1387 975 1629 1020 damnantur,
1653 977 1706 1014 vel
1729 979 1789 1025 qui
1820 979 1854 1015 in
1888 979 2042 1017 vinculis
2077 989 2244 1020 tenentur
2262 1011 2272 1028 ,
2293 989 2461 1032 graviora

1385 1045 1422 1074 ct
1457 1040 1634 1075 atrociora
1667 1041 1815 1087 pertttlit
1833 1041 1960 1089 (Epist.
1985 1044 2056 1091 14).
2075 1047 2276 1094 Antequam
2311 1060 2396 1086 vero
2427 1052 2460 1087 in

1385 1100 1648 1146 Cappadociam
1669 1104 1890 1148 perveniret,
1917 1105 2091 1144 liberatus
2111 1107 2175 1145 fuit
2195 1121 2213 1144 a
2231 1111 2354 1146 Galata
2373 1139 2382 1155 ,
2407 1113 2461 1148 itt-

1387 1161 1486 1207 quit,
1505 1163 1564 1208 qui
1588 1169 1740 1199 mortem
1763 1165 1830 1200 sibi
1850 1166 2106 1212 minitabatur;
2126 1169 2293 1207 videlicet
2308 1183 2326 1207 a
2346 1172 2463 1210 Leon-

1389 1223 1436 1257 tio
1452 1251 1460 1267 ,
1484 1224 1637 1271 Ancyra:
1659 1224 1692 1260 in
1712 1224 1850 1262 Galatia
1881 1229 2053 1275 episcopo
2068 1258 2077 1273 ,
2099 1232 2157 1277 qui
2187 1233 2279 1269 inter
2297 1236 2462 1282 primipi-

1388 1287 1481 1323 lares
1501 1287 1750 1334 Chrysostomi
1777 1289 1942 1327 initnicos
1971 1293 2138 1339 princeps
2162 1301 2254 1332 crat.
2274 1297 2343 1333 Sed
2373 1309 2456 1334 nun.

1389 1349 1512 1384 tiatunt
1547 1349 1598 1386 illi
1634 1351 1699 1386 fuit
1732 1351 1984 1398 Pltaretrium,
2013 1354 2188 1393 Ca'sarete
2225 1359 2460 1406 episcoymm,

1389 1409 1506 1456 ipsum
1526 1418 1738 1457 exspectare
1753 1440 1761 1456 ,
1783 1419 1820 1449 ut
1843 1413 1919 1460 ipse
1947 1425 2054 1453 onme
2085 1418 2246 1455 caritatis
2277 1422 2461 1466 specimen

1387 1471 1588 1510 exhiberet.
1609 1473 1672 1510 llle
1690 1483 1778 1512 vero
1812 1475 1856 1512 iis
1885 1477 1990 1514 fidem
2013 1489 2084 1514 non
2105 1479 2228 1516 habuit
2244 1510 2252 1524 ,
2276 1483 2347 1519 imo
2373 1494 2461 1521 con-

1388 1533 1494 1569 traria
1539 1535 1606 1571 sibi
1641 1543 1812 1575 eventura
1851 1540 2009 1584 putabat.
2059 1541 2291 1591 Tandemque
2337 1545 2461 1582 Cresa-

1387 1606 1486 1632 ream
1517 1597 1550 1632 in
1568 1597 1794 1644 Eappadocia
1814 1629 1822 1643 ,
1846 1602 1995 1647 perinde
2017 1610 2124 1651 atque
2151 1617 2170 1641 a
2192 1612 2404 1651 tempestate
2427 1612 2460 1646 in

1389 1659 1619 1704 tranquillum
1651 1668 1790 1707 portum
1821 1665 1998 1709 pervenit.
2018 1665 2140 1713 Neque
2154 1668 2279 1706 statim
2300 1672 2416 1718 potuit
2441 1683 2461 1708 a

1388 1720 1494 1754 tantis
1515 1721 1618 1757 malis
1637 1723 1792 1759 recreari
1811 1735 1819 1758 :
1841 1725 1904 1761 sed
1926 1731 2043 1762 tanien
2071 1728 2230 1766 animum
2250 1733 2460 1779 resumpsit,

1387 1783 1468 1828 quia
1501 1793 1626 1829 puram
1656 1795 1785 1832 aquam
1821 1787 1934 1830 bibit,
1964 1799 2092 1836 panem
2125 1801 2194 1828 non
2231 1793 2392 1830 ftetidum
2426 1803 2462 1832 ct

1384 1844 1512 1880 durum
1531 1874 1540 1890 ,
1561 1853 1598 1882 ut
1623 1853 1720 1892 ante,
1740 1850 1920 1894 comedit,
1943 1851 2084 1889 balneis
2114 1861 2300 1892 recreatus
2321 1863 2376 1892 est
2393 1885 2402 1898 ,
2425 1863 2462 1894 ct

1386 1907 1419 1942 in
1441 1908 1535 1944 lecto
1569 1910 1799 1947 rccumbcndi
1840 1920 2054 1959 potestatem
2090 1916 2216 1952 habuit
2237 1917 2460 1967 (Epistll).

1384 1968 1541 2016 Eratque
1564 1971 1596 2006 in
1616 1971 1694 2018 ipso
1716 1973 1879 2010 tertiana:
1898 1975 2009 2013 febris
2027 1977 2170 2022 ardore,
2193 1980 2462 2028 hospitiumque

1383 2031 1507 2068 habuit
1539 2033 1573 2069 in
1607 2040 1770 2071 extremo
1803 2036 1901 2073 urbis
1923 2040 2188 2076 recessu.Tum
2216 2052 2300 2078 vero
2333 2043 2456 2080 clerici

1383 2102 1522 2137 omnes,
1546 2095 1724 2142 populus,
1745 2098 1912 2134 monachi
1931 2127 1938 2140 ,
1961 2101 2166 2147 monachae,
2189 2103 2316 2140 medici
2335 2105 2460 2142 adfue-

1383 2161 1480 2198 runt,
1500 2166 1517 2189 a
1539 2157 1668 2202 quibus
1688 2167 1858 2205 perquam
1878 2160 2040 2200 ofﬁciose
2054 2171 2226 2212 exceptus
2245 2165 2322 2210 fuit,
2342 2169 2462 2203 omni-

1384 2213 1450 2248 bus
1469 2215 1722 2255 famulantibus
1739 2227 1772 2255 ct
1795 2224 1996 2260 necessaria
2019 2235 2168 2272 qumque
2199 2227 2268 2274 ipsi
2287 2229 2462 2266 submitti.

1388 2277 1600 2313 strantihus.
1621 2279 1719 2316 Tunc
1739 2288 1859 2318 autem
1881 2283 2014 2330 ingenti
2035 2287 2189 2324 flatnma:
2207 2290 2336 2327 ardore
2353 2291 2460 2327 tlella.

1387 2345 1514 2380 grans,
1538 2337 1572 2372 in
1595 2346 1756 2375 extremo
1778 2343 1936 2386 periculo
1957 2347 2167 2382 versabatur
2187 2361 2194 2382 :
2215 2349 2358 2386 demunt
2376 2363 2462 2398 pau-

1387 2395 1484 2431 latim
1508 2398 1690 2434 remittere
1712 2410 1754 2436 ac
1778 2402 1896 2437 sedari
1927 2405 2074 2440 morbus
2103 2409 2224 2452 ρωιιίι.
2255 2395 2462 2448 Ιτιιιηυίιήιιε

1386 2467 1472 2494 vero
1486 2487 1494 2500 ,
1515 2459 1574 2506 qui
1595 2466 1646 2496 tot
1666 2461 1822 2498 venienti
1843 2463 1993 2501 officiosi
2012 2467 2121 2502 animi
2141 2469 2239 2514 signa
2259 2471 2334 2506 dari
2353 2483 2461 2508 ettra-

1386 2527 1500 2566 verat,
1520 2533 1711 2569 numquam
1733 2526 1947 2571 comparuit,
1965 2526 2037 2564 imo
2055 2528 2133 2564 dira
2154 2531 2407 2577 meditabatur,
2423 2541 2462 2570 ut

1385 2583 1599 2620 videbimus.
1621 2585 1944 2625 Prmstantissimos
1964 2595 2082 2625 autem
2105 2590 2152 2626 ibi
2183 2592 2460 2631 celeberrimos-

1385 2656 1454 2692 qne
1473 2646 1630 2682 medicos
1647 2648 1768 2684 habuit
1791 2649 1915 2697 (Epist.
1934 2651 2008 2698 l'2),
2024 2662 2044 2688 a
2057 2652 2186 2698 quibus
2199 2663 2269 2690 non
2288 2661 2358 2690 tam
2375 2657 2461 2693 artis

1385 2708 1578 2751 subsidiis,
1597 2719 1702 2755 quam
1728 2712 2045 2749 conttltiseratione
2065 2721 2100 2750 et
2127 2714 2282 2750 amicitia
2313 2719 2460 2754 curaba~

1386 2775 1456 2805 tur.
1473 2770 1632 2814 Quorum
1653 2771 1761 2806 etiam
1797 2783 1888 2808 unus
1903 2801 1912 2816 ,
1939 2784 2009 2819 quo
2031 2775 2090 2810 ille
2119 2781 2242 2820 postea
2264 2786 2406 2824 semper
2427 2790 2462 2816 et

1385 2831 1524 2868 medico
1554 2837 1590 2868 et
1609 2833 1725 2869 amica
1757 2843 1842 2868 usus
1861 2841 1916 2870 est
1931 2864 1939 2875 ,
1961 2846 2082 2871 secum
2115 2837 2358 2882 profecturum
2381 2851 2460 2878 esse

1383 2893 1590 2940 spopondit,
1613 2893 1769 2942 itemque
1805 2895 1864 2931 alii
1893 2898 2096 2943 complures
2118 2909 2241 2936 eormn
2260 2901 2320 2948 qui
2347 2902 2460 2948 dic-ui—

1385 2961 1456 2991 tale
1475 2955 1669 3002 pollebant.

1433 3018 1536 3056 Illum
1554 3019 1734 3057 visitatum
1756 3022 1854 3058 venit
1869 3022 1979 3059 frater
1999 3024 2142 3060 Maximi
2158 3026 2334 3072 episcopi,
2355 3037 2372 3063 a
2389 3039 2460 3074 quo

1383 3090 1422 3117 se
1451 3081 1619 3128 sperabat
1648 3081 1772 3120 literas
1801 3091 2032 3130 accepturmn
2055 3087 2276 3134 Olympiadis
2295 3095 2328 3126 ct
2352 3089 2459 3138 Tigrii

1384 3142 1600 3190 presbyteri.
1623 3143 1754 3180 Verum
1773 3145 1958 3192 respoitdit
1986 3147 2068 3190 ille,
2091 3159 2130 3185 se
2157 3149 2279 3187 literas
2301 3152 2453 3198 pustula.

1385 3204 1492 3250 visse,
1514 3205 1577 3241 sed
1601 3205 1768 3242 abnuisse
1795 3207 1888 3244 illos.
1912 3208 2008 3244 Binis
2040 3210 2259 3258 interpositis
2288 3221 2368 3259 post
2395 3215 2460 3255 ad—

1385 3272 1530 3302 ventum
1551 3266 1648 3304 illius
1665 3267 1790 3304 diebus
1806 3269 1992 3314 epistolam
2017 3271 2114 3308 misit
2131 3273 2174 3310 ad
2193 3273 2456 3322 Olympiadem,

1383 3337 1489 3373 quam
1512 3328 1628 3374 primo
1644 3327 1689 3364 de
1709 3326 1869 3365 restituta
1887 3331 2090 3370 valetudine
2110 3345 2172 3371 sua
2193 3337 2384 3374 certiorem
2408 3337 2460 3372 fa—

1383 3393 1446 3434 cit,
1468 3390 1584 3436 deque
1601 3390 1755 3426 adrentu
1777 3392 1893 3428 fratris
1909 3393 1948 3432 Β,
1970 3395 2111 3432 Maximi
2133 3399 2290 3446 episcolii
2307 3429 2315 3444 ,
2335 3400 2456 3446 objur-

1382 3458 1512 3498 gatquc
1529 3451 1626 3488 illam
1643 3453 1736 3498 quod
1758 3454 1876 3491 literas
1891 3457 1934 3492 ad
1957 3467 1996 3493 se
2014 3470 2083 3494 non
2107 3461 2257 3505 miserit,
2278 3469 2314 3497 ct
2333 3461 2378 3496 de
2396 3461 2455 3495 Ti-

1383 3513 1461 3559 grin
1489 3523 1631 3560 quoque
1658 3515 1782 3552 eadem
1818 3517 1862 3553 de
1893 3529 1998 3556 causa
2026 3523 2272 3568 conqueritur.
2297 3521 2348 3556 De
2380 3521 2458 3556 loro

1385 3575 1501 3609 exsilii
1523 3575 1576 3610 sui
1599 3578 1768 3614 mutando
1789 3590 1832 3615 ne
1853 3580 1944 3617 ultra
1961 3591 2085 3626 curet,
2109 3590 2145 3620 ct
2171 3593 2217 3618 nc
2243 3582 2331 3618 alios
2357 3581 2401 3616 ad
2427 3583 2458 3616 iit

1385 3635 1636 3680 postulandum
1659 3638 1825 3676 adhibeat
1855 3641 1978 3684 edicit,
2002 3644 2195 3688 paucisque
2214 3641 2258 3675 de
2284 3641 2458 3685 Pergama

1383 3697 1566 3734 Sororibus
1583 3727 1592 3742 ,
1615 3706 1650 3735 ct
1670 3700 1715 3737 de
1732 3701 1884 3748 Cyriaco
1901 3704 2070 3748 episcopo
2091 3701 2220 3736 additis
2237 3727 2246 3742 ι
2269 3700 2457 3745 (Ῥίειυιδειὶ

1383 3759 1533 3797 claudit.
1549 3760 1726 3800 Caesarem
1753 3775 1832 3800 cum
1853 3769 1976 3805 esset,
2004 3763 2046 3795 ad
2065 3760 2290 3796 Thcndm‘mn
2317 3771 2458 3808 quoque

1383 3821 1527 3868 scripsit
1547 3823 1675 3869 (Epist.
1698 3823 1798 3871 i20),
1821 3830 1856 3860 et
1886 3833 1965 3868 qua:
1991 3821 2058 3856 sibi
2094 3820 2126 3855 in
2163 3820 2215 3855 via
2255 3821 2459 3860 acciderant

1383 3884 1503 3926 paucis
1524 3885 1688 3930 patefecit
1707 3897 1714 3919 :
1737 3885 1781 3920 de
1801 3883 1856 3919 illa
1877 3884 1982 3918 etiam
2003 3882 2236 3926 conqueritur
2249 3883 2365 3930 quod,
2379 3895 2456 3920 cum

1381 3943 1454 3988 jam
1476 3955 1638 3989 quartam
1660 3946 1712 3981 vel
1734 3945 1891 3989 quintam
1915 3943 2100 3987 epistolam
2123 3943 2165 3978 ad
2189 3945 2299 3990 ipsam
2321 3947 2456 3998 miserit
