2742 4342
305 375 436 425 (Epist.
454 372 552 420 ιςιι),
567 380 673 407 unam
691 373 830 404 tantum
845 365 890 402 ab
906 364 964 402 illa
978 360 1382 425 acceperit(Epist.l?).

351 422 526 475 ὀίεαι-επ
551 432 660 470 etiam
680 430 844 477 recipere
873 427 990 474 potuit
1021 425 1211 472 epistolam
1237 422 1383 466 Arabii,

304 499 369 535 viri
388 497 456 534 sibi
478 491 732 536 addictissimi,
751 491 855 536 cujus
881 498 972 525 uxor
987 485 1193 534 Olympiadi
1217 484 1331 520 amica
1351 489 1387 520 et

303 558 495 599 familiaris
511 563 604 594 erat.
625 555 658 592 Is
672 564 755 591 cum
773 557 916 600 putaret
933 551 1034 587 illum
1055 550 1089 584 iu
1111 547 1276 584 exsilium
1293 545 1384 582 mitti

299 625 492 666 Sebasteu,
509 619 724 658 obsecrabat
746 617 848 654 illum
883 622 920 652 ut
949 613 1140 651 inardibus
1175 612 1251 649 suis
1278 611 1385 647 iuilla

298 686 389 724 urbe
405 685 489 722 bilis
510 683 616 720 sedes
633 685 796 729 poneret.
818 678 1016 726 Respondit
1038 676 1086 712 illi
1102 675 1386 723 Clirysostomus

299 749 418 786 exsilii
439 747 494 784 sui
527 747 646 782 locum
675 754 746 780 non
776 742 950 779 St-basteu
969 769 978 784 ,
1001 739 1066 776 scd
1095 738 1276 774 Cucusum
1305 746 1386 773 csse

301 811 435 859 (Epist.
455 809 555 856 let).

347 873 439 910 Cum
461 882 549 919 ergo
578 870 736 907 Joannes
766 867 933 904 tuorbttm
960 864 1096 902 sensim
1132 862 1323 900 remissum
1350 866 1387 897 et

301 935 464 973 sedatum
494 942 576 970 esse
603 932 742 969 videret
761 957 770 974 ,
793 930 838 965 de
859 929 1024 965 discessu
1057 925 1239 972 cogitabat
1259 929 1298 959 ut
1315 922 1386 960 Cu-

301 1008 429 1036 cusum
462 1001 622 1044 peteret,
650 1000 757 1041 atque
788 993 834 1030 ab
873 991 1014 1028 itineris
1033 989 1207 1026 aerumnis
1241 986 1386 1023 tandem

301 1061 520 1110 quiesceret.
541 1057 676 1095 Verum
705 1056 825 1093 subito
853 1054 1041 1091 nuntiatur
1062 1051 1206 1089 Isauros
1227 1060 1310 1087 cum
1328 1049 1385 1086 in-

302 1132 452 1160 numera
472 1120 659 1158 hominum
694 1128 803 1155 manu
821 1116 1084 1154 Caesariensem
1113 1123 1238 1161 agrum
1270 1121 1386 1158 popu-

303 1185 393 1229 lari,
421 1190 530 1231 atque
556 1192 724 1229 magnum
758 1179 938 1227 quoddam
970 1175 1142 1224 oppidum
1182 1175 1388 1212 incendisse

301 1259 382 1286 cum
403 1246 537 1295 ingenti
555 1246 671 1282 clade.
693 1243 768 1290 Qua
789 1253 828 1280 re
848 1240 968 1278 audita
999 1240 1164 1276 tribunus
1185 1248 1266 1275 cum
1289 1237 1386 1273 mili-

302 1310 399 1348 tibus
416 1309 584 1346 omuibus
603 1307 679 1343 suis
709 1305 797 1342 urbe
823 1303 980 1341 excessit
998 1315 1006 1339 :
1027 1301 1204 1339 timebant
1222 1301 1319 1337 enim
1341 1310 1387 1336 ne

302 1372 429 1409 urbem
445 1379 590 1418 quoque
604 1368 850 1405 adorirentur.
872 1365 1008 1402 Omnes
1030 1365 1065 1400 in
1092 1369 1190 1399 metu
1211 1369 1247 1398 et
1277 1362 1387 1408 trepi-

301 1434 448 1471 datione
469 1437 598 1474 erant,
621 1431 666 1467 tle
696 1430 774 1477 ipso
805 1438 947 1476 quoque
979 1426 1094 1472 patrio
1122 1425 1200 1461 solo
1233 1423 1380 1470 pericli-

304 1502 448 1538 tantes;
471 1494 562 1530 adeo
583 1499 622 1529 ut
641 1503 749 1530 senes
763 1491 870 1528 etiam
894 1489 959 1536 ipsi
983 1497 1167 1525 murorum
1183 1487 1384 1524 custodiam

304 1558 542 1603 susciperent.

357 1618 558 1656 Pharetrius
575 1617 745 1654 Joannem
767 1628 827 1663 per
845 1615 1030 1651 monachos
1046 1613 1204 1651 Cwsarea
1226 1613 1306 1659 pelli
1317 1613 1385 1659 ju-

303 1681 369 1717 bet.
388 1699 437 1706 —
457 1679 665 1715 I’baretrius
684 1690 786 1722 vero,
807 1679 866 1724 qui
890 1677 1029 1724 pridem
1052 1675 1312 1712 benevolentia:
1333 1675 1385 1710 si-

303 1752 373 1790 gna
390 1741 519 1779 Joanni
537 1740 688 1777 dederat
704 1739 835 1787 (Epist.
858 1741 938 1786 I4),
961 1749 1068 1785 quem
1098 1739 1386 1784 proﬁciscentem

305 1805 546 1846 invitaverat,
563 1803 637 1850 jam
666 1803 766 1838 illtun
789 1802 952 1837 (lmsarea
978 1800 1114 1846 pellere
1137 1799 1354 1836 moliebatur
1373 1811 1383 1842 ς

305 1867 433 1902 mutati
451 1871 570 1902 autem
589 1865 698 1900 animi
714 1873 859 1900 causam
877 1863 987 1899 fuisse
1005 1862 1208 1908 suspicatur
1225 1861 1387 1899 Joannes

306 1928 474 1965 invidiam
511 1937 635 1964 uuam.
667 1926 758 1962 Cum
796 1925 934 1962 videret
971 1934 1098 1960 omnes
1134 1923 1178 1960 ad
1211 1923 1387 1960 Joannem

305 1989 514 2033 conﬂuere,
547 1988 763 2035 optimates,
800 1986 1017 2029 monachos,
1061 1986 1251 2033 virgines,
1293 1997 1388 2032 prte-

307 2053 439 2096 fectos,
475 2053 633 2096 milites,
670 2052 831 2089 medicos
871 2062 1070 2097 oumcsquc
1108 2053 1272 2088 certatim
1321 2052 1387 2098 ipsi

305 2115 445 2160 ofﬁcia,
465 2115 678 2158 ministeria,
697 2114 886 2151 facultates
905 2113 1050 2153 offerre,
1063 2119 1170 2160 atque
1193 2114 1226 2148 in
1250 2119 1387 2159 partem

307 2179 525 2214 calamitatis
549 2178 696 2220 venire;
719 2177 796 2212 haec
827 2187 897 2212 non
931 2177 977 2212 ita
1013 2175 1169 2212 libenter
1191 2176 1302 2220 vidit,
1324 2177 1387 2213 sed

308 2240 422 2275 livore
439 2238 567 2275 ductus
586 2266 597 2282 ,
618 2239 733 2284 ipsum
752 2249 772 2274 e
788 2237 920 2274 finibus
945 2238 1020 2274 suis
1039 2238 1175 2284 pellere
1199 2238 1358 2275 decrevit
1377 2251 1386 2275 :

307 2301 352 2337 ad
368 2311 520 2347 eamque
539 2310 614 2336 rem
635 2300 836 2336 ministerio
852 2309 938 2336 usus
952 2305 1008 2337 cst
1024 2300 1284 2338 monachorum
1299 2311 1390 2348 quo-

307 2362 495 2406 rumdam,
518 2363 578 2409 qui
613 2373 658 2398 ex
689 2373 728 2398 re
745 2369 846 2409 gesta
880 2362 924 2399 ad
961 2363 1212 2409 expeditiones
1245 2364 1385 2401 similes

307 2425 492 2464 exercitati
515 2423 626 2461 fuisse
643 2423 878 2462 videbantur.
899 2425 988 2461 Cum
1017 2435 1105 2471 ergo
1135 2435 1192 2461 res
1224 2435 1268 2462 co
1286 2454 1294 2468 ,
1317 2437 1388 2472 quo

307 2489 478 2532 diximus,
503 2488 537 2524 iu
556 2494 651 2525 statu
672 2493 795 2524 essent
809 2488 964 2535 quadam
983 2488 1042 2525 die
1063 2489 1295 2525 illucescente
1321 2499 1387 2524 au-

307 2560 404 2595 rora,
421 2553 681 2587 monachorum
703 2560 832 2596 agmen
850 2578 860 2593 ,
882 2549 1043 2593 domum,
1061 2550 1096 2586 in
1128 2561 1197 2597 qua
1230 2550 1388 2587 Joannes

307 2613 413 2651 sedes
451 2613 606 2650 habebat
636 2614 873 2657 invaserant,
907 2623 947 2649 se
979 2623 1059 2649 eam
1097 2613 1332 2655 incensuros,
1353 2619 1390 2649 ct

307 2675 435 2712 Joanni
458 2683 619 2713 extrema
653 2685 806 2723 quat-que
843 2675 935 2711 mala
975 2675 1139 2711 illaturos
1171 2685 1253 2711 esse
1281 2675 1388 2711 iniui-

309 2744 425 2774 tantes
438 2767 448 2783 ,
470 2737 538 2775 nisi
556 2737 678 2774 statim
693 2737 918 2774 abscederet.
939 2736 1010 2773 Nec
1030 2735 1236 2772 Isaurorum
1253 2743 1385 2780 metus,

308 2810 376 2838 nec
395 2801 542 2838 morbus
559 2811 631 2848 quo
652 2806 738 2838 tunc
757 2800 916 2838 Joannes
948 2800 1202 2847 premebatur,
1234 2800 1315 2836 illos
1331 2800 1388 2836 vel

309 2865 540 2902 humaniores
582 2865 639 2901 vel
682 2863 946 2900 moderatiores
978 2863 1165 2900 reddebat.
1204 2863 1389 2900 lnstabant

309 2935 428 2966 autem
450 2929 697 2976 urgebantque
716 2938 798 2964 cum
823 2927 945 2963 furore
966 2932 1079 2970 tanto,
1099 2932 1138 2962 ut
1156 2926 1224 2972 ipsi
1245 2935 1388 2972 quoque

311 2988 472 3026 Praetorii
511 2989 643 3025 milites
667 2994 764 3024 metu
797 2987 1030 3023 afficerentur
1047 2999 1056 3022 :
1076 2997 1166 3033 quos
1192 2992 1232 3022 ut
1261 2987 1386 3033 majori

309 3049 438 3085 timore
455 3049 710 3097 percellercut,
725 3047 979 3095 gloriabantur
998 3058 1037 3084 se
1052 3047 1126 3094 jam
1146 3048 1279 3084 multos
1297 3059 1389 3094 prte-

311 3111 423 3148 torios
439 3112 570 3148 milites
589 3111 683 3149 fcede
704 3111 931 3147 verberasse.

358 3171 422 3209 His
455 3173 587 3209 auditis
618 3173 782 3210 Prmtorii
813 3173 946 3209 milites
969 3171 1013 3208 ad
1047 3171 1222 3208 Joannem
1259 3172 1389 3207 confu~

310 3235 432 3280 gitmt,
457 3235 646 3282 ipsumque
672 3243 799 3282 rogant
831 3243 867 3272 et
900 3236 1091 3272 «bsecraut
1121 3241 1172 3279 ut,
1191 3236 1330 3271 etiamsi
1353 3237 1387 3271 in

313 3295 516 3332 Isaurorum
535 3306 662 3332 manus
688 3297 916 3333 incidendum
935 3299 1006 3339 sit,
1031 3297 1085 3332 his
1115 3302 1234 3332 tamen
1261 3297 1389 3333 belluis

315 3357 412 3403 ipsos
429 3356 614 3392 liberaret.
636 3357 707 3394 Res
727 3357 901 3408 Pr‘wfccm
932 3359 1031 3394 urbis
1053 3358 1250 3400 nuntiatur,
1269 3359 1328 3404 qui
1352 3364 1390 3394 ut

313 3418 441 3455 Joanni
468 3417 705 3464 opitularetur
726 3420 882 3455 occurrit
898 3449 907 3462 ,
934 3419 1202 3466 monachosque
1223 3426 1389 3466 precatur

313 3480 490 3518 absistant
510 3491 520 3515 :
541 3479 604 3515 scd
627 3479 755 3515 frustra
789 3491 933 3519 cessere
951 3490 1103 3519 conatus
1131 3482 1210 3529 cjus
1231 3493 1386 3526 omnes;

313 3543 360 3578 ita
380 3547 420 3578 ut
451 3550 586 3587 anceps
604 3540 714 3576 animi
737 3543 892 3578 nesciret
925 3551 1042 3580 utrum
1074 3544 1204 3581 Joanni
1231 3545 1389 3591 optatius

313 3611 437 3650 esset,
459 3615 540 3642 cum
557 3604 667 3640 cat-dis
685 3604 848 3650 periculo
877 3614 922 3640 ex
953 3607 1041 3642 urbe
1062 3609 1239 3653 proﬁcisci
1255 3638 1264 3652 ,
1280 3619 1388 3655 quam

314 3665 524 3713 urgentibus
557 3665 848 3714 pellentibusque
879 3665 1024 3702 furiosis
1044 3668 1112 3704 illis
1133 3670 1322 3706 monachis
1353 3671 1388 3706 in

316 3727 405 3764 urbe
425 3739 587 3765 manere.
610 3727 706 3765 Misit
723 3728 831 3775 igitur
849 3728 893 3763 ad
917 3728 1142 3766 Pharetrium
1164 3732 1387 3778 episcopum,

316 3789 483 3833 precibus
500 3792 545 3827 ah
567 3791 626 3827 illo
645 3789 868 3828 contendens
884 3795 925 3826 tit
942 3789 1070 3826 Joanni
1084 3819 1092 3834 ,
1118 3797 1193 3828 tum
1221 3793 1268 3828 oh
1291 3805 1389 3830 mor-

320 3848 404 3885 bum
425 3860 498 3897 quo
514 3850 757 3895 detinebatur,
780 3858 854 3888 tum
873 3851 920 3887 ob
939 3851 1133 3888 imminens
1163 3854 1361 3900 periculum
1379 3884 1390 3898 ,

319 3917 452 3954 paucos
480 3912 597 3949 adhuc
620 3914 698 3950 dies
726 3913 956 3951 Concederet.
995 3912 1068 3949 Nec
1095 3915 1289 3961 quidquam
1321 3917 1388 3953 im-

323 3975 463 4014 petrare
484 3975 594 4017 potuit
615 3987 621 4008 :
640 3975 711 4010 imo
726 3975 897 4021 postridie
918 3975 1082 4012 monachi
1100 3977 1238 4014 acriore
1254 3979 1388 4027 impetu

1051 284 1090 323 S.
1113 283 1304 323 JOANNIS
1328 283 1651 323 CIIRYSOSTOMI
1669 286 1793 331 VITA,
2443 297 2502 336 ﬁt

1461 370 1544 400 sunt
1577 364 1645 402 usi.
1687 364 1811 411 Neque
1839 365 2041 413 presbyteri
2060 366 2133 411 illi,
2151 369 2210 415 qui
2237 369 2358 409 Joanni
2389 375 2503 414 addicti

1458 432 1562 462 erant
1575 454 1585 470 ,
1605 436 1710 472 opem
1742 426 1793 463 illi
1822 426 1914 465 ferre
1941 428 2017 465 ausi
2037 435 2134 475 sunt,
2151 429 2212 468 sed
2231 441 2308 469 cum
2327 434 2397 472 lucc
2422 436 2504 473 Piri-

1459 488 1559 524 retrii
1578 488 1681 534 jussu
1705 489 1780 525 ﬁeri
1802 499 1873 525 non
1895 489 2116 536 ignorarent,
2139 501 2203 529 nec
2228 503 2306 530 cum
2337 505 2355 530 a
2383 497 2505 535 Joanne

1458 557 1746 594 accerserentur,
1769 551 1943 588 accedere
1961 552 2152 589 audebant.

1506 611 1595 649 Cum
1624 613 1658 648 in
1692 613 1753 649 tali
1790 624 1910 650 rerum
1941 615 2146 653 conditione
2180 627 2250 653 non
2284 626 2398 663 posset
2425 621 2504 657 ultra

1457 673 1616 712 Joannes
1636 676 1670 711 in
1695 675 1783 713 urbe
1800 677 2000 714 consistere
2017 705 2026 719 .
2045 678 2111 714 etsi
2140 677 2226 716 febri
2240 679 2432 724 laborabat,
2448 685 2503 719 elsi

1459 736 1664 774 Isaurorum
1687 738 1973 776 instabatmetus
1990 739 2077 776 hora
2102 740 2176 787 ipsa
2203 743 2450 786 meridiana,se
2475 746 2504 781 in

1460 800 1623 838 lecticam
1640 802 1838 848 conjiciens
1860 803 2042 850 profectus
2062 809 2116 840 est
2131 832 2140 848 ,
2160 805 2322 842 universa
2342 806 2433 852 plebe
2463 811 2505 844 Ia-

1459 871 1646 912 crymante
1662 893 1672 908 ,
1699 865 1856 912 ejulaute
1871 894 1882 910 ,
1902 871 2010 912 atque
2035 867 2085 902 rei
2115 873 2292 904 auctorem
2317 877 2506 906 exsecrante

1459 936 1501 963 ac
1531 926 1620 963 diris
1636 926 1850 964 devovente.
1875 927 2071 975 Postquam
2092 935 2208 966 autem
2229 929 2384 967 Caesarea
2400 941 2504 978 egres-

1459 998 1523 1025 sus
1541 988 1624 1033 fuit,
1646 989 1792 1036 quidam
1821 990 1945 1026 clerici
1964 997 2164 1034 venerunt,
2185 1001 2226 1027 ac
2244 991 2396 1038 lugentes
2421 991 2505 1028 lento

1458 1049 1571 1097 gradu
1589 1051 1705 1097 ipsum
1726 1052 1982 1098 sequebantur.
2006 1052 2057 1088 Ex
2081 1051 2149 1089 illis
2171 1063 2254 1088 vero
2272 1052 2405 1099 quidam
2423 1052 2506 1090 dice.

1459 1114 1546 1151 bant
1567 1127 1576 1151 :
1595 1113 1760 1157 Quonam
1799 1114 1897 1151 illum
1938 1114 1983 1150 ad
2023 1121 2173 1152 mortem
2201 1114 2394 1152 adducitis?
2419 1113 2506 1153 Unus

1458 1181 1600 1218 autem,
1621 1176 1682 1223 qui
1714 1175 1890 1212 Joannem
1925 1175 2118 1212 admodum
2154 1177 2314 1219 amabat,
2342 1178 2432 1223 quasi
2464 1177 2506 1213 ira

1460 1244 1668 1284 permotus,
1692 1238 1931 1279 Abi,obsecro
1948 1266 1956 1280 ,
1975 1239 2088 1285 inquit
2111 1251 2118 1274 :
2140 1239 2174 1275 in
2197 1239 2330 1276 Isauros
2347 1240 2444 1276 etiam
2463 1241 2507 1274 iu-

1459 1300 1552 1343 cide,
1574 1301 1682 1337 modo
1703 1310 1722 1336 a
1746 1300 1849 1337 nobis
1872 1300 2044 1338 elaharis.
2077 1301 2164 1337 Nam
2190 1309 2405 1348 quocumque
2430 1301 2506 1337 Inci-

1458 1362 1570 1405 deris,
1585 1369 1664 1400 tuto
1679 1363 1830 1408 incides,
1853 1363 2050 1400 dummodo
2068 1373 2194 1400 manus
2215 1371 2348 1400 nostras
2365 1363 2505 1410 effugias.

1508 1425 1667 1461 Seleucia
1695 1433 1852 1462 matrona
1877 1426 1946 1473 pia.
1966 1446 2013 1452 —
2031 1425 2114 1462 Ilmc
2145 1426 2292 1463 audiens
2320 1436 2358 1462 ac
2387 1426 2507 1472 perspi-

1459 1488 1559 1524 ciens
1586 1489 1730 1535 egregia
1761 1495 1928 1526 matrona
1963 1488 2151 1530 Seleucia,
2171 1489 2286 1526 Rufini
2320 1499 2421 1531 uxor,
2441 1499 2510 1535 qua:

1459 1551 1621 1590 ofﬁciose
1661 1552 1839 1590 Joannem
1877 1553 2072 1590 admodum
2107 1553 2268 1594 colt-bat,
2289 1553 2442 1600 precibus
2469 1553 2509 1586 ah

1461 1615 1522 1652 illo
1543 1615 1747 1663 impetravit
1764 1645 1774 1660 ,
1797 1623 1836 1652 ut
1855 1618 1888 1652 in
1907 1617 2016 1662 ipsius
2033 1617 2274 1653 suburbanam
2302 1616 2428 1659 villam,
2442 1624 2509 1661 qua:

1459 1678 1618 1724 quinque
1647 1687 1816 1724 passuum
1849 1678 2008 1714 millibus
2028 1679 2072 1715 ab
2102 1678 2188 1715 urbe
2207 1678 2365 1721 distabat,
2385 1676 2508 1722 hospitii

1459 1749 1566 1775 eausa
1588 1750 1628 1776 se
1645 1740 1827 1777 confcrrct
1841 1769 1850 1784 ,
1871 1741 2040 1787 misitque
2059 1742 2117 1788 qui
2148 1747 2306 1777 Sanctum
2328 1742 2432 1776 virum
2459 1740 2508 1775 illo

1459 1802 1646 1840 ducerent.
1679 1806 1724 1840 At
1756 1815 1872 1851 neque
1908 1805 1979 1840 illic
2013 1806 2046 1840 in
2077 1816 2161 1850 pace
2190 1806 2368 1851 quicscvre
2399 1804 2508 1840 licuit:

1460 1874 1544 1900 nam
1567 1875 1606 1901 rc
1621 1872 1808 1912 comperta
1831 1865 2042 1903 Pharetrius
2070 1867 2199 1902 multas
2223 1867 2388 1902 Seleuciae
2412 1864 2510 1900 minas

1460 1926 1660 1963 intentavit.
1680 1927 1740 1964 Illa
1757 1939 1840 1964 vero
1858 1940 1929 1964 non
1946 1929 2066 1965 minus
2083 1929 2236 1975 prudens
2254 1939 2354 1975 quam
2372 1927 2508 1963 0fticio~a

1461 1988 1615 2030 femina,
1635 1989 1809 2026 Joannem
1841 1991 1942 2035 adiit,
1975 2001 2017 2028 ac
2043 1991 2087 2027 de
2115 1991 2287 2027 I‘harelrii
2317 1990 2416 2025 minis
2437 1987 2509 2023 nihil

1462 2050 1538 2093 ipse
1559 2051 1694 2094 retulit,
1712 2052 1775 2088 sed
1798 2052 2027 2088 Proeuratori
2047 2063 2112 2087 suo
2133 2059 2242 2088 totam
2273 2061 2345 2087 rem
2365 2051 2508 2096 aperuit.

1461 2112 1600 2160 ipsique
1619 2114 1816 2156 mandavit,
1841 2121 1876 2150 ut
1898 2114 2027 2151 Joanni
2058 2125 2166 2151 ouiue
2197 2113 2300 2150 ol'licii
2327 2121 2430 2159 genus
2453 2110 2510 2144 iiii-

1463 2176 1635 2220 pcrliret,
1659 2186 1701 2212 ac
1719 2177 1747 2212 si
1768 2177 1828 2223 qui
1847 2176 2012 2213 monachi
2037 2177 2224 2220 venirent,
2247 2182 2282 2210 ut
2311 2175 2416 2220 ipsum
2437 2182 2512 2206 cou—

1462 2238 1620 2274 tumeliis
1636 2239 1857 2275 incesserent
1875 2245 1936 2274 aut
1955 2239 2047 2275 male
2061 2238 2243 2274 abicerent
2257 2265 2265 2279 ,
2285 2247 2325 2273 ev
2345 2235 2419 2270 aliis
2432 2232 2512 2267 villis

1461 2301 1536 2337 suis
1550 2301 1727 2347 agricolas
1750 2307 1910 2348 cogeret,
1931 2309 2039 2348 atque
2066 2301 2110 2337 ita
2139 2311 2218 2337 cum
2250 2297 2424 2334 monachis
2449 2306 2512 2330 ma-

1462 2373 1547 2398 num
1569 2370 1778 2400 eousererct
1802 2377 1809 2398 :
1829 2363 2006 2400 Joannem
2029 2373 2115 2399 vero
2137 2361 2283 2407 rogabat
2301 2389 2309 2403 ,
2329 2359 2360 2395 in
2384 2357 2512 2394 domum

1460 2425 1566 2461 aliam
1597 2435 1700 2461 suam
1733 2437 1813 2472 qua:
1847 2436 1967 2461 arCem
2009 2425 2178 2468 habebat,
2199 2433 2263 2459 nec
2293 2421 2368 2458 ullis
2395 2417 2512 2454 viribus

1461 2487 1658 2534 expugnari
1679 2493 1842 2532 poterat,
1864 2487 2098 2533 confugeret,
2121 2491 2158 2521 ut
2181 2490 2300 2521 contra
2321 2479 2464 2528 episcopi
2483 2484 2512 2512 ct

1461 2549 1722 2586 monachorum
1756 2549 1913 2586 furorem
1947 2550 1980 2584 in
2016 2555 2092 2584 ttito
2113 2554 2209 2584 esset
2231 2560 2238 2584 :
2259 2555 2375 2582 verum
2404 2541 2512 2578 abnuit

1462 2612 1635 2648 Joannes.
1665 2612 1803 2648 Interea
1840 2622 1926 2648 vero
1954 2613 2129 2648 acerrime
2163 2610 2354 2648 Seleuciam
2384 2604 2513 2652 urgebat

1463 2674 1688 2715 I‘haretrius,
1710 2684 1785 2710 rem
1820 2684 1968 2718 prorsus
2003 2675 2189 2721 ignorante
2213 2673 2346 2709 Joanne
2366 2683 2372 2705 :
2389 2666 2511 2704 nolebat

1462 2737 1560 2773 enim
1576 2735 1780 2772 verecunda
1803 2736 1932 2771 mulier
1955 2736 2130 2771 Pharetrii
2149 2736 2298 2771 iusultus
2316 2737 2430 2769 sancto
2448 2728 2512 2762 viro

1462 2799 1679 2846 patefacere.
1701 2799 1863 2836 Instante
1887 2799 2032 2835 demum
2055 2800 2262 2842 Pharctrio,
2283 2797 2390 2833 minas
2414 2794 2512 2829 inten-

1462 2869 1560 2902 tantc
1581 2869 1687 2910 atque
1701 2869 1865 2910 cogente,
1884 2870 1922 2899 ut
1941 2863 2115 2900 Joannem
2135 2875 2176 2899 cx
2193 2861 2359 2899 Sllillll'blf)
2372 2859 2510 2905 cjiccrcl.

1463 2925 1618 2961 hominis
1655 2926 1962 2972 importunitatem
2001 2936 2069 2961 non
2103 2925 2220 2961 ferens
2247 2916 2511 2963 Sch-tiri:i,divit

1461 2988 1589 3025 Joanni
1625 2988 1760 3025 instare
1791 2988 1968 3025 barbaros
1997 2999 2059 3024 seu
2089 2989 2228 3024 Isauros
2247 3015 2255 3029 ,
2284 2985 2425 3030 ideoque
2453 2979 2512 3014 alio

1463 3051 1528 3095 ipsi
1568 3051 1635 3085 iter
1672 3050 1934 3096 capessendum
1967 3060 2047 3085 esse
2076 3062 2083 3085 :
2113 3061 2155 3085 ex
2191 3045 2397 3084 verecundia
2432 3039 2512 3077 enim

1463 3112 1640 3148 Pharetrii
1665 3112 1873 3148 \ioleutiam
1901 3113 2106 3158 exprimere
2135 3122 2204 3147 non
2237 3109 2396 3144 audebat.
2416 3100 2512 3139 Media

1462 3181 1581 3210 autem
1603 3181 1708 3210 nocte
1728 3175 1823 3211 venit
1843 3175 2016 3210 Evethius
2033 3175 2220 3221 presbyter
2236 3184 2275 3208 ev
2301 3164 2512 3206 familiaribus

1462 3235 1614 3272 Joannis
1630 3265 1639 3280 ,
1662 3246 1864 3282 magnoque
1893 3237 2052 3272 clamore
2080 3236 2168 3271 dixit
2186 3248 2193 3270 ε
2214 3235 2346 3279 Surge,
2367 3230 2510 3264 obsecro,

1461 3298 1655 3333 adventant
1673 3297 1816 3333 barbari
1831 3326 1840 3341 ,
1865 3309 1928 3334 nec
1946 3298 2052 3344 longe
2073 3299 2215 3334 absunt.
2237 3296 2324 3332 'l‘um
2345 3291 2420 3339 quid
2438 3299 2512 3324 eou-

1462 3359 1530 3394 silii
1547 3365 1694 3404 caperet
1716 3358 1874 3395 Joannes
1895 3360 2090 3396 nesciebat.
2117 3359 2190 3396 Nox
2211 3357 2326 3394 illunis
2353 3362 2385 3392 et
2409 3349 2511 3395 caligi‘

1462 3431 1549 3457 nosa
1566 3427 1655 3464 erat,
1672 3421 1709 3456 in
1726 3421 1850 3456 urbem
1869 3433 1908 3457 se
1928 3433 1954 3456 I'l
1968 3423 2087 3468 ciperc
2104 3433 2173 3457 non
2191 3425 2339 3466 poterat,
2354 3427 2413 3452 nec
2428 3412 2511 3459 quis-

1463 3494 1568 3529 quam
1605 3488 1736 3529 praesto
1774 3489 1851 3519 erat
1885 3485 1943 3530 qui
1983 3495 2086 3531 cpem
2119 3483 2252 3519 ferret:
2283 3487 2372 3516 metu
2411 3482 2511 3510 tamen

1461 3545 1686 3592 compulsus,
1717 3547 1889 3582 :crumuis
1925 3547 2108 3583 confectus
2135 3553 2169 3583 ct
2187 3546 2258 3592 jam
2294 3548 2435 3578 mortem
2461 3545 2514 3570 ex-

1463 3617 1631 3654 spectans
1650 3638 1659 3653 ,
1681 3611 1851 3646 surrexit.
1872 3609 1918 3647 Ut
1938 3617 2057 3647 autem
2081 3610 2148 3646 iter
2168 3608 2342 3644 conﬁcere
2371 3603 2511 3650 Ριιεέυηί·

1465 3670 1501 3706 ἱι.
1521 3671 1682 3707 lecticam
1703 3672 1890 3714 ascendit,
1915 3682 1956 3708 ac
1988 3671 2085 3708 faces
2115 3670 2290 3706 ﬂCCClllIil.
2316 3667 2434 3702 Verum
2459 3659 2513 3694 “1‘5

1465 3732 1638 3770 Evelhius
1655 3735 1773 3771 socius
1791 3735 1972 3780 exstingui
1992 3734 2143 3777 curavit,
2165 3743 2209 3768 ne
2225 3727 2376 3770 barbari,
2393 3723 2513 3769 inquit?

1465 3793 1537 3836 bat,
1568 3795 1656 3832 lucis
1687 3796 1879 3842 splendore
1899 3796 2005 3832 exciti
2033 3797 2066 3832 in
2091 3805 2156 3831 nos
2185 3795 2352 3839 impetum
2384 3785 2511 3822 facian!-

1512 3857 1744 3906 Chrysostomi
1783 3869 1946 3894 rerumne:
1983 3859 2018 3894 in
2045 3859 2112 3893 via.
2131 3878 2176 3886 --
2196 3851 2382 3891 Exstinctis
2408 3848 2513 3906 itaque

1465 3919 1615 3963 facibus,
1629 3931 1672 3957 ex
1693 3921 1799 3956 mulis
1819 3930 1910 3956 unus
1929 3921 1987 3966 qui
2010 3920 2170 3955 lecticam
2191 3914 2346 3962 gestabat
2364 3912 2395 3945 in
2413 3904 2511 3971 ardui!

1465 3989 1500 4018 et
1531 3990 1674 4029 petrosa
1697 3983 1750 4017 via
1779 3982 1813 4018 in
1843 3993 1936 4028 genu
1967 3982 2107 4027 lapsus,
2132 3978 2302 4013 Joannem
2337 3974 2367 4007 in
2399 3971 2510 4002 It‘t‘llﬂl
