3896 6168
325 255 443 309 2‘23

342 371 614 426 inclusum
640 369 784 420 hmm
816 367 1100 436 prostravit
1126 407 1138 430 ,
1169 379 1463 436 parumun
1483 363 1650 418 abfuit
1679 364 1805 433 quin
1834 363 1923 417 ille

339 461 614 518 interiret.
644 459 879 528 Surgens
903 458 1094 513 deinde
1122 459 1329 512 tractim
1356 456 1576 525 pedibus
1625 455 1919 521 incedebat,

337 553 604 617 livelhio,
659 553 749 622 qui
808 567 875 606 ex
922 566 1058 620 equo
1109 551 1404 613 desilierat,
1457 550 1700 603 manibus
1749 548 1922 616 ipsum

334 653 707 700 sustentante:
739 643 823 696 vix
861 643 1003 697 enim
1035 642 1142 706 ille,
1169 657 1234 695 ac
1269 658 1335 696 ne
1365 642 1449 693 vix
1480 639 1712 710 quidem,
1739 640 1788 692 in
1815 648 1920 692 tam

338 753 527 805 aspera
568 735 826 788 montium
865 735 952 788 via
1001 733 1104 788 iter
1152 749 1328 802 agere,
1362 733 1460 785 nisi
1507 739 1831 786 sustentatus
1871 739 1924 782 et

331 825 498 890 quasi
522 833 745 888 tractus,
778 833 1009 894 poterat.
1040 825 1242 878 Prtetcr
1275 824 1372 878 has
1395 833 1571 877 autem
1600 822 1925 876 calamitates

337 913 577 968 instabat
608 912 772 968 febris
797 953 811 976 ,
847 913 988 967 haud
1019 913 1181 966 dubie
1229 923 1379 966 aucta
1425 912 1655 966 motibus
1689 911 1924 966 casibus-

331 1019 485 1075 que;
514 1007 739 1076 urgebat
769 1006 930 1060 etiam
961 1005 1306 1059 barbarorum
1337 1017 1508 1058 metus
1539 1021 1550 1056 :
1580 1018 1700 1058 nam
1732 1012 1923 1057 cattcra

333 1097 544 1163 omnia,
570 1113 690 1166 qua:
738 1105 1010 1165 postremo
1055 1095 1364 1150 Pbarctrius
1403 1103 1586 1148 contra
1629 1094 1924 1148 Seleuciam

333 1187 728 1257 designaverat,
767 1188 1042 1256 ignorabat
1069 1189 1175 1240 ille.

415 1278 613 1333 Similia
642 1279 804 1332 multa
831 1278 1008 1348 gravia
1038 1288 1239 1331 tantum
1271 1277 1477 1333 itineris
1518 1293 1679 1347 agens
1712 1292 1926 1346 perpes-

332 1385 438 1424 sus
475 1382 588 1435 est,
623 1385 743 1440 qua}
782 1369 1081 1440 Olympiadi
1127 1384 1230 1422 non
1278 1369 1553 1438 speciatim
1576 1409 1591 1433 ,
1620 1375 1676 1422 ut
1707 1369 1880 1436 priora
1908 1409 1922 1430 ,

333 1463 507 1518 refert
533 1479 548 1516 :
573 1472 828 1517 ueterum
855 1462 1104 1516 obsecrat
1151 1461 1314 1525 illam,
1345 1471 1402 1514 ut
1429 1476 1490 1515 ea
1518 1476 1637 1530 qure
1679 1460 1925 1528 superius

333 1563 632 1608 memorata
665 1562 787 1606 sunt
813 1553 1009 1606 nemini
1050 1553 1320 1614 enuntiet,
1347 1551 1442 1605 sed
1472 1551 1610 1620 apud
1635 1566 1692 1605 se
1723 1559 1922 1603 tantum

331 1646 630 1698 contineat.
662 1643 828 1697 Tanta
858 1657 988 1696 vero
1015 1652 1131 1697 erat
1163 1641 1528 1711 Cbrysostomi
1577 1640 1712 1694 fama
1735 1682 1748 1705 ,
1781 1649 1924 1692 nulla

331 1738 409 1788 de
434 1734 623 1789 exsilio
650 1743 704 1788 et
742 1734 996 1787 (erumnis
1044 1733 1140 1802 ipsi
1197 1733 1393 1799 injuste
1435 1733 1594 1785 illatis
1638 1731 1924 1785 commise-

272 1881 275 1883 _
333 1828 480 1880 ratio
501 1867 515 1892 ,
547 1836 602 1880 ut
630 1826 824 1896 ubique
854 1835 1030 1879 cretus
1072 1824 1346 1877 hominum
1377 1824 1609 1892 cujusvis
1651 1821 1924 1891 dignitatis

335 1920 395 1970 in
425 1932 703 1971 occursum
731 1917 847 1986 ejus
873 1917 1198 1971 venientium
1239 1915 1483 1969 vidisses.
1516 1915 1613 1970 Ubi
1645 1924 1820 1968 autem
1869 1915 1920 1967 in

329 2005 730 2076 (:appmloeizun
761 2004 883 2058 etin
915 2003 1339 2069 Tauroeiliciam,
1362 2012 1591 2059 utvocat
1617 2005 1731 2072 ipse
1758 2001 1844 2054 lT.
1866 2003 1916 2056 5.

333 2117 384 2150 c.
414 2098 538 2152 685.
564 2097 602 2150 ι.
630 2094 744 2166 26),
778 2096 1042 2164 pervenit,
1074 2111 1266 2166 magno
1297 2099 1510 2165 agmine
1539 2097 1708 2150 sancti
1745 2103 1922 2163 patres

341 2192 400 2237 et
449 2184 727 2248 monachi,
759 2184 1094 2254 virginesque
1119 2186 1328 2237 obviam
1359 2185 1458 2252 ipsi
1487 2185 1733 2253 prodiere
1754 2226 1767 2250 ,
1799 2184 1920 2238 inli-

337 2278 505 2331 nitam
535 2277 894 2348 lacrymarum
927 2277 1032 2330 vim
1075 2275 1475 2345 profundentes.
1505 2276 1745 2345 Cumque
1776 2277 1919 2330 illum

338 2369 393 2420 in
421 2369 675 2422 exsilium
709 2379 924 2422 euntem
953 2376 1257 2431 cernerent,
1311 2367 1362 2420 in
1413 2367 1568 2419 fletus
1610 2381 1922 2436 prorumpe-

337 2461 490 2522 bant,
513 2459 594 2513 his
617 2469 801 2513 mutuo
827 2458 1008 2513 verbis
1043 2468 1252 2514 utentes
1289 2477 1301 2511 :
1329 2457 1506 2512 Satius
1539 2457 1724 2514 fuisset
1751 2459 1918 2514 solem

336 2549 520 2603 radios
550 2565 678 2604 suos
707 2550 1026 2604 contrahere
1052 2592 1065 2615 ,
1097 2566 1253 2620 quam
1294 2549 1516 2604 Joannis
1547 2566 1608 2603 os
1631 2551 1917 2604 conticere.

338 2642 654 2712 llujusmodi
680 2659 809 2698 vero
839 2644 1139 2713 spectacula
1169 2644 1335 2712 magis
1364 2645 1533 2710 ipsum
1559 2643 1842 2713 turbabant
1867 2653 1922 2699 et

333 2737 669 2802 cruciabam,
703 2752 860 2806 quam
891 2739 1018 2806 ipsa?
1045 2752 1297 2792 aerumnae
1323 2746 1376 2792 et
1405 2738 1755 2805 calamitates,
1788 2752 1920 2807 quas

331 2827 600 2880 constanti
640 2841 854 2897 semper
892 2829 1071 2882 animo
1109 2829 1345 2898 pertulit.
1375 2829 1612 2884 Tandem
1643 2844 1771 2883 vero
1808 2829 1919 2884 Cu-

332 2932 556 2980 eusum,
600 2919 778 2972 exsilii
837 2919 1012 2973 locum
1037 2961 1049 2984 ,
1085 2919 1319 2973 advenit.
1353 2920 1479 2973 Erat
1513 2935 1640 2974 vero
1677 2920 1918 2974 Cueusus

335 3025 557 3076 parvum
604 3021 765 3081 atque
810 3010 1230 3065 desertissimum
1263 3011 1536 3080 oppidum,
1563 3021 1615 3065 ut
1647 3026 1787 3080 saepe
1813 3027 1916 3066 sa:-

336 3101 455 3168 pius
491 3101 653 3155 refert
697 3103 807 3170 ipse
831 3102 1285 3174 Chrysostomus,
1320 3104 1369 3155 in
1423 3104 1673 3157 Armenia
1721 3103 1915 3157 minori

333 3192 492 3244 situm
525 3209 538 3244 :
569 3192 782 3261 quidam
830 3209 958 3247 vero
998 3195 1047 3247 in
1089 3194 1458 3264 Cappadocia,
1502 3196 1587 3248 alii
1639 3196 1690 3247 in
1734 3194 1914 3248 Cilicia

336 3285 544 3346 locant,
577 3287 825 3354 quoniam
873 3289 924 3340 in
954 3287 1141 3341 harum
1172 3289 1446 3357 regionum
1479 3289 1726 3343 confiniis
1756 3289 1914 3342 situm

333 3385 466 3429 erat.
493 3375 622 3428 Tam
650 3377 918 3431 desertum
948 3389 1124 3432 autem
1155 3379 1464 3447 oppidulum
1488 3390 1624 3445 erat,
1661 3390 1714 3433 ut
1745 3395 1914 3448 neque

334 3470 504 3522 lorum
541 3469 802 3524 venalium
837 3469 1077 3524 haberet.

400 3561 626 3626 Quidam
669 3578 826 3631 porro
865 3564 945 3616 vir
982 3579 1048 3616 ex
1094 3562 1356 3631 primariis
1395 3561 1592 3630 oppidi,
1627 3562 1914 3615 Dioscorus

332 3655 568 3718 nomine,
597 3655 686 3723 qui
717 3653 974 3709 Joannem
1005 3665 1242 3708 nostrum
1272 3653 1511 3722 apprime
1539 3653 1926 3715 venerabatur»

331 3744 417 3798 ubi
445 3744 644 3797 audivit
674 3745 822 3797 illum
851 3742 1116 3799 Cucusum
1149 3745 1282 3797 mitti
1323 3745 1373 3796 in
1405 3744 1670 3808 exsilium,
1698 3753 1750 3796 et
1778 3742 1913 3796 istuc

331 3842 635 3904 pergentem
660 3849 836 3887 moras
865 3834 1118 3904 quasdam
1159 3834 1414 3889 Cursarem
1447 3833 1617 3888 facere
1638 3875 1652 3898 ,
1687 3834 1774 3887 illo
1815 3835 1916 3886 mi-

326 3929 397 3979 sit
438 3937 675 3995 rogatum
717 3936 767 3981 et
811 3927 1176 3991 obsceratmn,
1210 3944 1275 3980 ne
1312 3927 1544 3980 Joannes
1585 3927 1763 3980 domui
1802 3943 1911 3981 sum

329 4011 553 4064 alteram
585 4009 894 4065 anteferret.
947 4011 1051 4063 Alii
1104 4025 1316 4080 quoque
1366 4011 1597 4081 idipsum
1631 4011 1908 4066 fecerant:

331 4115 517 4154 verum
551 4100 786 4154 Dioscori
813 4100 1031 4154 domum
1059 4101 1179 4156 aliis
1227 4101 1607 4170 pra-.l'ercndam
1641 4116 1759 4156 esse
1786 4117 1912 4157 cen-

332 4190 436 4244 suit
461 4189 898 4263 Chrysostomus,
922 4201 1082 4261 atque
1100 4193 1237 4260 apud
1277 4194 1418 4246 illum
1443 4194 1598 4248 sedes
1619 4194 1794 4262 posuit
1818 4193 1906 4266 (Τ.

334 4286 381 4336 3.
405 4303 448 4337 c.
467 4284 591 4339 612.
611 4283 648 4338 ι.
670 4285 784 4344 47).
804 4284 972 4339 Tanta
994 4301 1118 4338 vero
1135 4287 1374 4352 largitate
1391 4302 1452 4338 ac
1474 4286 1790 4341 liberalitate
1805 4299 1911 4344 ute-

333 4377 484 4430 batur
523 4377 828 4443 Dioscorus,
863 4387 919 4430 ut
957 4393 1018 4430 ea
1063 4376 1129 4432 de
1170 4393 1325 4431 causa
1366 4388 1620 4450 perpetuo
1659 4395 1778 4433 cum
1821 4380 1910 4433 illo

330 4476 546 4520 sanctus
587 4476 770 4522 noster
807 4467 1186 4537 expostularet.
1229 4469 1297 4524 Ut
1329 4484 1452 4524 vero
1497 4471 1650 4523 latius
1681 4472 1906 4539 spatium

333 4559 714 4631 Cbrysostomo
761 4561 1086 4630 relinqueret
1129 4578 1192 4616 ex
1237 4562 1440 4617 aedibus
1480 4564 1590 4617 suis
1637 4566 1686 4616 in
1731 4564 1906 4618 villam

331 4653 571 4721 migravit
630 4671 642 4706 :
695 4658 821 4722 quin
865 4654 1023 4707 etiam
1068 4653 1281 4707 domum
1329 4654 1425 4723 ipsi
1469 4655 1533 4707 ad
1582 4656 1906 4709 tolerandam

331 4742 555 4798 hiemem
601 4745 844 4799 idoneam
873 4746 1170 4799 construxit
1199 4764 1210 4797 :
1241 4756 1400 4816 atque
1434 4747 1502 4800 ita
1534 4763 1779 4817 magnum
1813 4749 1906 4802 be-

297 4817 300 4822 .
331 4837 572 4890 nclicium
604 4851 794 4906 magno
817 4838 1029 4892 cumulo
1058 4839 1220 4890 auxit.

425 4929 810 5000 Chrysostomus
852 4930 1100 4984 Curusum
1140 4931 1301 4984 exsilii
1343 4931 1506 4983 (oram
1557 4934 1798 5000 pervenit.
1837 4963 1908 4971 —

327 5023 454 5078 Cum
483 5025 751 5077 Cucusum
774 5024 1005 5090 advenit,
1040 5026 1352 5093 gravissimo
1379 5025 1643 5078 laborarat
1674 5025 1858 5077 morbo
1891 5045 1901 5076 :

323 5130 349 5165 a
383 5115 573 5169 diebus
615 5116 756 5169 enim
789 5116 907 5185 plus
946 5132 1103 5186 quam
1137 5116 1345 5185 triginta
1376 5116 1743 5171 ardentissima
1774 5115 1903 5171 febri

325 5207 682 5272 cruciabatur,
700 5208 921 5277 aliisque
938 5206 1194 5262 stomachi
1219 5206 1612 5261 infirmitatibus
1632 5209 1901 5260 maximis:

323 5313 440 5366 quze
471 5298 608 5352 mala
633 5299 770 5352 haud
795 5299 951 5354 dubie
987 5300 1112 5352 tanti
1142 5299 1343 5353 itineris
1381 5300 1654 5362 molestae,
1683 5300 1906 5368 alboque

323 5406 489 5459 eum,
521 5393 925 5455 sollicitudines,
962 5395 1259 5446 Isaurorum
1292 5403 1483 5454 metus,
1513 5402 1668 5460 atque
1701 5393 1904 5444 incom-

324 5484 481 5538 moda
504 5485 649 5538 varia
675 5495 1005 5554 pepererant.
1039 5485 1318 5553 Postquam
1348 5499 1473 5536 vero
1501 5483 1762 5535 Cucnsum
1786 5497 1906 5550 per—

330 5581 496 5636 venit,
527 5578 616 5632 ubi
645 5595 764 5631 eum
793 5582 933 5630 tanta
965 5577 1290 5630 humanitate
1316 5584 1569 5644 exceptus
1597 5574 1689 5627 fuit.
1713 5615 1724 5634 ,
1759 5573 1902 5626 brevi

323 5682 372 5718 tu
417 5667 572 5722 rbum
602 5686 812 5723 onmem
845 5669 1107 5736 deposuit,
1143 5669 1210 5720 ita
1243 5675 1298 5721 ut
1329 5668 1484 5721 etiam
1524 5667 1722 5735 integra
1751 5665 1896 5718 Vale-

1511 249 1690 305 NUNC
1730 247 1989 303 PRIMUM
2030 247 2428 304 ΑΒΟΝἊΑΤᾹ.

3512 257 3613 314 2‘16

2037 360 2219 415 tudine
2248 361 2530 416 frueretur.
2560 362 2674 418 Non
2715 364 2872 420 modo
2911 362 3090 423 autem
3123 365 3430 434 Dioscorus,
3473 377 3610 444 apud

2031 467 2187 522 quem
2218 451 2606 520 diversabatur,
2646 456 2872 512 ubertim
2915 459 2988 514 illi
3029 463 3205 516 omnia
3237 465 3610 524 subministra-

2033 545 2141 610 bat,
2186 547 2277 601 sed
2319 547 2476 601 etiam
2523 549 2762 618 plerique
2803 551 2887 605 alii
2928 565 3300 622 procuratores
3339 569 3393 612 et
3434 576 3611 616 rerum

2032 637 2516 702 :nlministratores,
2556 639 2700 693 heris
2744 640 2792 695 id
2838 658 2931 710 per
2979 644 3156 699 literas
3203 647 3608 718 imperantibus,

2032 727 2258 782 subinde
2281 727 2426 782 illum
2451 729 2665 783 adibant
2685 730 2748 782 ad
2774 732 2941 786 ol’ficia
2970 737 3168 802 qua-vis
3201 741 3494 806 praestanda
3522 759 3614 811 pa-

2034 822 2132 870 rati
2163 835 2174 870 :
2206 817 2350 887 quod
2375 819 2666 872 amicorum
2705 822 2995 876 subsidium
3027 841 3210 879 omnes
3239 845 3372 897 pene
3408 832 3612 887 abster-

2031 910 2188 980 gebat
2215 911 2384 965 exsilii
2414 913 2703 967 molestias.

2101 1001 2337 1055 Cucusus
2366 1003 2464 1057 etsi
2491 1018 2593 1056 non
2615 1005 2847 1072 amplum
2870 1007 3120 1074 oppidum
3146 1021 3280 1076 erat,
3303 1013 3608 1083 episcopum

2034 1098 2208 1143 tamen
2248 1091 2497 1158 habebat,
2530 1094 2619 1163 qui
2646 1093 3082 1164 Chrysostontum
3121 1115 3240 1154 cum
3281 1105 3423 1158 omni
3465 1107 3614 1161 beni-

2031 1181 2232 1248 gnitate
2257 1184 2482 1251 excepit,
2515 1199 2690 1254 exque
2722 1187 2850 1239 tanti
2884 1188 2979 1240 viri
3021 1191 3414 1249 existimatione
3441 1206 3490 1250 et
3531 1215 3615 1252 re-

2033 1274 2266 1326 verentia
2296 1289 2360 1326 eo
2384 1290 2548 1344 usque
2574 1278 2855 1344 processit,
2874 1287 2930 1331 ut
2954 1280 3312 1351 episcopalem
3336 1285 3409 1338 illi
3433 1288 3612 1343 sedum

2033 1365 2222 1420 cedere
2256 1366 2501 1421 voluerit.
2535 1367 2733 1422 Verum
2763 1368 3174 1440 Chrysostomus
3216 1390 3244 1428 a
3276 1377 3365 1430 tali
3396 1393 3617 1434 munero

2032 1457 2372 1524 suscipiendo
2428 1458 2583 1526 longe
2635 1461 2838 1514 aberat.
2897 1463 3098 1518 Eodem
3151 1465 3266 1535 ipso
3327 1467 3455 1532 die,
3508 1487 3617 1540 quo

2032 1555 2245 1598 sanctus
2312 1548 2390 1598 vir
2447 1547 2710 1602 Cucusum
2773 1551 3029 1618 advenit,
3085 1555 3253 1610 adfuit
3310 1558 3406 1627 ipsi
3459 1560 3615 1615 Sabi-

2033 1638 2186 1690 niana
2213 1637 2509 1692 diacouissa
2534 1682 2546 1703 ,
2587 1654 2861 1697 senectute
2896 1647 3110 1714 quidem
3149 1660 3202 1703 et
3236 1653 3488 1708 aerumnis
3520 1670 3614 1723 pe-

2033 1745 2098 1783 ne
2134 1729 2339 1794 obruta,
2383 1730 2476 1784 sed
2537 1741 2677 1784 tanta
2736 1735 2896 1788 animi
2938 1738 3252 1804 alacritate,
3292 1751 3440 1797 tanto
3487 1761 3619 1816 erga.

2030 1819 2469 1890 Chrysmtomum
2504 1822 2694 1877 ali'ectu
2738 1826 2954 1892 praedita
2977 1869 2990 1892 ,
3021 1838 3080 1882 ut
3113 1845 3172 1884 se
3219 1842 3452 1900 paratam
3493 1851 3612 1889 esse

2027 1909 2230 1964 diceret
2271 1912 2431 1966 etiam
2471 1913 2521 1966 in
2559 1913 2826 1984 Scythiam
2874 1918 3136 1985 proficisci
3181 1939 3194 1975 :
3240 1937 3424 1977 rumor
3468 1926 3609 1979 enim

2029 2010 2143 2056 erat
2172 2003 2610 2073 Cbrysostomum
2642 2007 2730 2059 illo
2759 2010 3149 2066 amandandum
3187 2028 3327 2068 esse.
3362 2015 3448 2069 Illa
3486 2033 3612 2072 vero

2029 2095 2264 2163 cognatis
2290 2097 2535 2150 omnibus
2559 2097 2774 2164 relictis,
2798 2100 2966 2168 ipsum
2993 2103 3184 2172 ubique
3205 2106 3354 2175 sequi
3381 2106 3613 2162 destina-

2027 2195 2174 2238 verat
2197 2195 2550 2255 :quaprOpter
2563 2188 2628 2242 ab
2645 2190 2890 2244 onmibus
2905 2192 3158 2248 Ecclesia:
3179 2195 3406 2250 alumnis
3425 2213 3613 2266 magno

2027 2291 2146 2328 cum
2183 2275 2374 2330 affectu
2403 2279 2785 2346 excipiebatur.
2830 2282 2983 2336 Putat
3021 2294 3200 2338 autem
3244 2286 3284 2338 Τ
3290 2287 3612 2342 illemontius

2027 2381 2142 2419 cam
2181 2367 2345 2436 ipsam
2378 2369 2717 2425 Sabinianam
2749 2387 2869 2427 esse
2898 2373 3138 2429 fortassis
3160 2418 3174 2440 ,
3207 2391 3367 2445 quam
3394 2380 3607 2432 amitam

2027 2457 2394 2528 Chrysostomi
2424 2460 2586 2518 fuisse
2619 2473 2801 2518 narrat
2829 2465 3097 2521 Palladius
3125 2468 3175 2520 in
3222 2467 3442 2524 historia
3471 2469 3616 2533 Lati;

2025 2544 2267 2613 siac:~(T.
2291 2547 2340 2600 5.
2364 2549 2460 2600 col.
2487 2549 2606 2602 (ill.
2637 2546 2672 2600 Ι.
2702 2547 2768 2601 59
2788 2558 2832 2601 et
2853 2553 2983 2615 sqq.)

2097 2640 2415 2695 Constantius
2453 2643 2708 2713 presbyter
2753 2645 3165 2715 Clirysostomum
3202 2651 3329 2703 adit.
3358 2681 3430 2690 —
3465 2652 3601 2705 Con—

2019 2736 2253 2786 stantius
2279 2748 2407 2786 vero
2439 2735 2735 2804 presbyter,
2769 2739 2856 2805 qui
2889 2739 3254 2810 (lbrysostomi
3285 2743 3478 2812 ubique
3517 2761 3599 2801 se-

2023 2822 2217 2886 quemli
2257 2823 2544 2892 cupiditate
2586 2825 2863 2892 ﬂagrabat.
2902 2830 3010 2896 jam
3058 2832 3124 2885 ab
3167 2833 3255 2887 illo
3305 2835 3604 2890 facultatem

2027 2930 2119 2984 per
2156 2916 2334 2969 literas
2380 2919 2605 2986 petierat
2644 2921 2904 2973 (Incusum
2953 2925 3218 2982 veniendi.
3265 2937 3317 2979 ιιι
3361 2929 3504 2982 ἰΙΙιιηι
3537 2931 3607 2984 ibi

2023 3015 2377 3074 exspectaret,
2401 3017 2454 3061 et
2489 3009 2636 3063 lateri
2674 3009 2788 3078 ejus
2814 3027 3027 3082 semper
3059 3017 3303 3070 hatreret.
3338 3019 3443 3073 Sed
3485 3030 3608 3090 post

2021 3097 2384 3166 (Ilirysostomi
2413 3100 2697 3154 adventum
2721 3103 2984 3158 Cucusum
3013 3121 3076 3158 eo
3105 3120 3163 3160 se
3193 3110 3484 3165 contulisse
3506 3127 3603 3180 pu-

2024 3196 2182 3240 tatur.
2213 3188 2400 3242 Omnia
2431 3200 2577 3245 certe
2606 3192 2670 3245 ad
2703 3203 2889 3248 tmtunt
2921 3196 3018 3264 ipsi
3051 3199 3444 3268 succedebant,
3478 3218 3598 3257 cmn

2021 3292 2206 3332 oumes
2228 3278 2278 3332 in
2305 3288 2410 3333 tota
2439 3281 2636 3335 circum
2669 3284 2884 3351 regione
2905 3287 3088 3339 solatia
3117 3289 3331 3355 alferre,
3356 3300 3408 3344 et
3431 3289 3603 3346 officia

2022 3369 2327 3437 impendere
2371 3382 2640 3425 curarent.
2691 3373 3026 3444 Quapropter
3063 3379 3248 3432 amicis
3287 3383 3601 3448 quibusdam

2021 3457 2210 3527 (Epist.
2231 3457 2354 3529 146)
2384 3474 2444 3514 ea
2469 3460 2536 3514 de
2561 3477 2618 3514 re
2644 3461 2721 3516 sic
2743 3463 3052 3531 loquebatur
3077 3484 3090 3519 :
3121 3465 3189 3520 Ut
3215 3485 3380 3522 rerum
3406 3483 3604 3525 nostra-

2018 3568 2131 3604 rum
2165 3560 2300 3605 statu
2343 3553 2541 3622 cognito
2585 3553 2847 3618 (tutemini,
2892 3555 3080 3625 ingenti
3122 3559 3282 3626 quiete
3319 3571 3467 3627 atque
3505 3564 3604 3617 otio

2019 3643 2237 3711 fruimur
2264 3661 2286 3696 .·
2313 3659 2590 3713 corpusque
2615 3653 2859 3710 nostrum,
2889 3647 2980 3699 etsi
3017 3648 3175 3700 ntulta
3208 3660 3322 3702 sunt
3356 3666 3468 3719 qua:
3494 3653 3604 3720 ejus

2018 3735 2351 3788 valetudinem
2373 3737 2696 3804 labefactent,
2721 3739 2844 3791 satis
2860 3740 3118 3792 commode
3138 3757 3190 3793 se
3215 3740 3378 3794 habet.
3403 3741 3602 3795 Etiam-

2017 3831 2061 3880 si
2100 3829 2229 3882 enim
2268 3829 2397 3882 nihil
2437 3829 2640 3894 venale,
2692 3839 2738 3882 et
2776 3831 3136 3884 medicamenta
3165 3832 3306 3886 nulla
3352 3835 3432 3886 hic
3467 3835 3604 3898 sint;

2017 3921 2211 3973 etiamsi
2243 3920 2355 3972 coeli
2391 3921 2708 3989 intemperies
2735 3930 2959 3975 testatem
2988 3938 3087 3976 non
3113 3924 3277 3976 mimis
3314 3941 3466 3994 quam
3493 3925 3593 3976 llic.

2018 4028 2144 4062 mem
2173 4010 2430 4062 molestam
2461 4010 2691 4071 reddant,
2718 4011 2829 4063 licet
2855 4012 3020 4080 gravis
3050 4021 3095 4064 et
3121 4022 3360 4082 perpetua
3384 4013 3597 4074 obsidio,

2017 4103 2298 4170 frequentes
2341 4117 2518 4171 nempe
2554 4100 2849 4155 Isaurorum
2885 4103 3216 4164 incursiones.
3249 4116 3434 4157 metum
3474 4105 3603 4175 infe—

2016 4204 2148 4259 rant,
2191 4194 2390 4264 aliaqtte
2427 4195 2601 4262 gravia
2641 4194 2894 4257 accidunt,
2933 4211 3064 4246 nunc
3102 4205 3267 4248 tamen
3305 4211 3336 4247 a
3374 4196 3604 4264 graviore

2017 4288 2240 4353 periculo
2269 4299 2419 4354 atque
2437 4303 2467 4339 a
2492 4287 2662 4339 morbo
2689 4287 2880 4339 liberati
2909 4303 3101 4339 sumus.

2088 4376 2345 4447 Epistolas
2377 4377 2558 4430 multas
2588 4377 2756 4430 srribit
2787 4377 3172 4448 Chrysostomus
3192 4420 3203 4440 ,
3233 4389 3279 4430 et
3312 4380 3492 4431 utullus
3522 4396 3604 4432 re-

2015 4471 2232 4538 cipit.—-
2251 4470 2304 4522 In
2335 4469 2560 4539 epistola
2587 4485 2714 4524 vero
2736 4469 2938 4524 decima
2963 4470 3115 4523 tertia
3142 4470 3205 4523 ad
3229 4469 3597 4540 Olympiadem

2013 4561 2086 4612 ait
2119 4561 2204 4614 ille
2237 4576 2316 4624 se,
2349 4561 2509 4614 biduo
2540 4569 2815 4628 postquam
2843 4559 3108 4613 Cucusum
3141 4560 3452 4626 advenerat,
3486 4575 3599 4614 mo-

2015 4654 2219 4706 lestiam
2248 4668 2457 4706 omnem
2498 4665 2562 4706 ex
2597 4662 2740 4705 tanto
2772 4653 2959 4707 itinere
2999 4663 3204 4722 partam
3246 4653 3594 4723 deposuisse,

2015 4754 2069 4798 et
2094 4745 2200 4813 jam
2236 4744 2371 4798 bene
2410 4743 2606 4797 valere.
2637 4743 2768 4810 Quia
2801 4758 2929 4798 vero
2965 4759 3068 4798 non
3104 4747 3253 4812 pauci
3298 4755 3422 4798 tunc
3459 4743 3597 4796 flon-

2015 4837 2356 4904 stantinopoli
2397 4843 2548 4889 erant
2597 4834 2962 4906 Cbrysostomi
3013 4837 3191 4901 amici,
3239 4837 3330 4905 qui
3382 4837 3432 4889 in
3472 4835 3593 4889 aula

2018 4928 2356 4999 Imperatoris
2380 4927 2668 4996 impetrare
2690 4926 2970 4988 curabant,
3001 4936 3057 4979 ut
3084 4926 3233 4979 locus
3257 4927 3425 4980 exsilii
3457 4925 3592 4978 assi-

2013 5030 2265 5088 gnaretur
2301 5020 2383 5074 vel
2428 5019 2673 5081 vicinior,
2706 5019 2786 5071 vel
2825 5018 3190 5082 commodior;
3229 5015 3594 5087 Olympiadem

2015 5121 2193 5166 monet
2221 5121 2275 5164 ut
2306 5126 2424 5164 cum
2455 5111 2560 5163 illis
2590 5111 2657 5163 ita
2683 5126 2792 5164 rem
2817 5110 3103 5179 prudenter
3121 5118 3261 5179 agat,
3286 5116 3342 5160 ut
3370 5106 3414 5159 si
3442 5105 3590 5159 illum

2016 5208 2064 5258 in
2090 5207 2262 5259 locum
2283 5204 2744 5273 Constantinopoli
2776 5205 2858 5257 vel
2885 5203 3073 5258 eodem
3101 5201 3181 5255 vel
3209 5197 3395 5266 majori
3422 5196 3593 5265 spatio

2013 5299 2295 5350 distantem
2327 5295 2512 5350 adduci
2544 5296 2760 5360 vellent,
2792 5295 2841 5348 id
2871 5311 2936 5348 ne
2965 5293 3270 5347 admitteret
3297 5303 3311 5353 ;
3340 5288 3384 5342 si
3415 5298 3593 5342 auten:

2015 5389 2093 5441 vel
2122 5389 2395 5460 Cyzicum,
2426 5388 2507 5441 vel
2540 5390 2761 5443 alteram
2795 5389 2981 5441 urbem
3014 5401 3116 5439 non
3155 5382 3339 5453 procul
3367 5396 3396 5435 a
3437 5381 3596 5436 Nico-

2015 5481 2185 5534 media
2209 5481 2493 5536 distantem
2523 5481 2805 5549 impetrare
2826 5486 3065 5547 possent,
3096 5491 3282 5528 manus
3311 5475 3398 5528 illa
3421 5475 3592 5528 daret.

2017 5573 2218 5626 lh-isoni
2251 5587 2461 5642 quoque
2491 5571 2702 5638 scripsit
2731 5568 2900 5621 amico
2936 5565 3062 5636 (Ep.
3095 5565 3244 5636 254),
3275 5565 3510 5636 dicitque
3530 5580 3602 5623 se

2016 5676 2128 5718 nmt
2163 5680 2436 5719 emensum
2469 5662 2796 5731 septuaginta
2830 5657 2999 5714 ferme
3030 5659 3235 5716 dierum
3267 5659 3386 5724 iter,
3414 5659 3599 5714 Cucu-
