3896 6168
340 250 445 308 227

342 386 458 424 smn
495 367 708 423 tandem
755 362 1054 426 advenisse,
1097 359 1480 429 innumeraque
1518 361 1655 413 mala
1696 373 1908 429 passum

341 473 481 521 esse.
513 468 622 510 tum
660 469 726 508 ex
758 453 1062 508 lsaurorum
1106 459 1250 505 metu
1272 493 1286 515 ,
1320 460 1429 504 tum
1457 463 1524 504 ex
1569 447 1914 503 intolerandis

343 546 594 602 febribus.
617 543 822 600 Obnixc
853 552 1002 611 rogat
1023 551 1220 603 autem,
1246 550 1300 595 ιιι
1330 541 1426 594 sibi
1457 540 1667 595 assidue
1696 539 1912 604 scribat,

342 636 482 690 haud
522 636 639 689 leve
677 634 924 688 solatium
955 649 1018 687 ex
1049 633 1167 702 ejus
1208 631 1374 686 literis
1414 640 1746 700 percepturo.
1783 629 1915 696 Quia

341 742 469 783 vero
507 742 573 782 ex
599 741 822 782 numero
851 742 1034 781 eorum
1066 734 1182 779 erat
1220 725 1400 788 Briso,
1434 725 1521 794 qui
1551 724 1710 777 alium
1742 723 1912 778 exsilii

341 819 513 873 locum
537 818 894 886 postulabant,
922 826 981 870 ut
1001 832 1068 871 ne
1100 815 1150 870 id
1179 815 1408 886 amplius
1436 826 1604 878 curet,
1629 813 1912 868 admonet:

340 925 462 963 nam
487 925 546 964 se
572 925 630 963 re
659 909 893 963 omnium
921 909 1253 978 gravissima,
1284 908 1383 960 vite
1413 921 1605 974 nempe
1633 905 1912 967 molestiis,

335 1000 446 1066 jam
491 999 820 1068 perfunctum
871 1012 1010 1052 esse.
1061 997 1175 1051 Non
1224 997 1546 1050 scribentem
1591 1005 1767 1050 autem
1815 994 1915 1048 sibi

340 1087 615 1143 Brisonem
649 1089 698 1141 in
727 1089 827 1142 alia
851 1089 1076 1156 epistola
1099 1086 1237 1140 haud
1268 1087 1456 1140 leviter
1475 1085 1738 1156 objurgat.

411 1180 556 1234 Alias
575 1194 785 1248 quoque
814 1185 934 1248 post
957 1177 1240 1232 adventum
1264 1173 1526 1231 Cucusnm
1549 1176 1728 1230 literas
1749 1175 1913 1240 misit,

345 1273 558 1328 Putanio
606 1287 798 1341 nempe
838 1271 939 1324 sibi
985 1269 1331 1335 amicissimo,
1385 1269 1623 1324 Gemello
1671 1267 1818 1339 (194)
1864 1279 1919 1322 et

347 1364 502 1418 Aetio
532 1362 678 1432 (l96)
710 1381 722 1415 :
753 1362 1048 1418 Gemellum
1080 1377 1206 1417 vero
1236 1361 1415 1416 laudat
1452 1377 1480 1414 a
1523 1361 1857 1422 fortitudine,
1887 1376 1916 1413 a

344 1455 594 1526 loquendi
637 1455 910 1514 libertate.
953 1469 982 1506 a
1036 1454 1241 1507 sincera
1288 1452 1675 1506 benevolentia.
1719 1452 1774 1504 ln
1814 1449 1916 1504 alta

339 1560 468 1602 vero
497 1546 749 1616 epistola,
779 1563 898 1601 cum
926 1544 1199 1600 Gemellus
1234 1558 1262 1595 a
1293 1543 1606 1610 quibusdam
1646 1541 1758 1595 dira
1791 1555 1914 1609 per-

341 1650 527 1708 pessus
573 1649 725 1690 sacro
770 1651 828 1688 se
882 1634 1091 1686 lavacro
1149 1632 1354 1700 tingere
1408 1630 1570 1685 vellet
1603 1671 1616 1691 .
1677 1630 1918 1684 laudibus

341 1727 550 1782 extollit
589 1725 734 1780 illum
775 1723 1188 1794 Chrysostomus
1214 1724 1280 1775 ab
1315 1723 1476 1775 animi
1519 1721 1834 1784 constantia,
1865 1731 1920 1775 et

342 1826 400 1870 ut
437 1814 824 1884 quamprimum
855 1827 976 1867 sese
1016 1826 1165 1865 sacra
1201 1811 1532 1879 baptismatis
1573 1811 1711 1864 unda
1742 1812 1920 1864 abluat

344 1905 605 1958 hortatur.
639 1903 771 1956 Cum
803 1903 1036 1955 audsset
1062 1911 1242 1956 autem
1278 1901 1571 1955 Gemellum
1597 1901 1661 1954 ad
1688 1901 1916 1970 aliquem

341 1995 705 2064 magistratum
735 2002 974 2047 evectum
1005 1993 1197 2053 fuisse,
1231 2007 1291 2046 ea
1317 1992 1384 2046 de
1413 2008 1472 2046 re
1502 1993 1597 2060 ipsi
1629 1994 1921 2061 gratulatur

342 2087 394 2140 in
422 2086 523 2139 alia
553 2085 780 2154 epistola
808 2084 978 2155 (lib):
997 2085 1239 2154 queritur
1270 2098 1398 2138 vero
1428 2092 1608 2152 postea
1641 2084 1764 2154 (Ep.
1801 2084 1916 2154 79),

339 2177 478 2246 quod
507 2176 574 2230 ad
601 2176 706 2231 tale
733 2190 925 2230 munus
945 2183 1269 2244 assumptus,
1289 2174 1391 2229 sibi
1422 2190 1526 2229 non
1557 2175 1912 2242 rescripserit.

340 2266 585 2322 Nescitur
607 2274 782 2320 autem
809 2276 984 2320 utrum
1005 2264 1267 2320 Cucusnm
1291 2266 1400 2334 jam
1424 2265 1724 2334 pervenerit
1754 2265 1836 2335 (Τ.
1863 2267 1918 2320 3.

342 2368 394 2409 c.
421 2355 544 2410 516.
583 2365 629 2408 et
654 2354 758 2423 Ep.
783 2355 930 2424 118).
952 2355 1164 2423 quando
1193 2355 1443 2422 epistolas
1462 2354 1596 2408 duas
1621 2355 1833 2423 scripsit
1854 2356 1917 2408 ad

340 2443 619 2513 episcopos
642 2453 695 2499 et
719 2445 1054 2513 presbyteros
1085 2445 1292 2512 pietatis
1319 2459 1477 2499 causa
1506 2446 1558 2499 in
1587 2460 1802 2500 carcere
1833 2448 1916 2499 in-

339 2535 534 2596 clusos,
561 2550 694 2604 quos
728 2536 792 2590 ad
829 2536 1136 2604 patientiam
1165 2537 1423 2596 hortatur.
1457 2538 1740 2607 repositam
1777 2552 1917 2593 mru-

340 2625 478 2680 mnis
519 2626 709 2680 talibus
742 2640 992 2680 coronam
1033 2639 1476 2687 commemorans.
1515 2625 1672 2696 idque
1710 2626 1919 2695 egregie

340 2715 392 2768 in
442 2716 608 2784 prima
654 2716 944 2783 prtesertim
992 2715 1233 2782 epistola.
1281 2715 1498 2784 Polybio
1542 2714 1666 2768 item
1709 2717 1920 2785 scripsit

341 2817 467 2862 tunc
505 2807 964 2875 Constantinopoli
997 2806 1248 2870 versanti,
1289 2820 1350 2860 ac
1394 2805 1460 2860 de
1501 2805 1798 2860 lsaurorum
1840 2809 1920 2860 in-

341 2897 679 2953 cursionibus
705 2896 866 2952 verba
897 2895 1020 2951 facit
1049 2895 1177 2966 (Ep.
1205 2897 1348 2967 145),
1377 2899 1462 2966 qui
1487 2896 1750 2952 Cucusnm
1782 2913 1916 2968 pene

340 2987 616 3043 obsessum
656 2987 926 3054 tenebant,
953 2996 1008 3042 et
1035 2987 1224 3042 famem
1269 2988 1318 3040 in
1351 2989 1616 3057 regionem
1651 2987 1790 3041 illam
1833 2989 1914 3043 in-

335 3075 618 3132 duxerant.
637 3079 804 3132 Aliam
819 3092 1031 3146 quoque
1048 3077 1264 3148 Polybio
1281 3078 1559 3147 epistolam
1583 3080 1723 3134 misit
1741 3078 1761 3147 (
1770 3079 1913 3147 r27),

335 3179 391 3224 et
413 3169 626 3238 quidem
661 3169 852 3224 hiemis
882 3178 1138 3238 tempore,
1167 3170 1233 3221 de
1262 3184 1363 3238 qua
1397 3169 1614 3225 inferius
1642 3183 1848 3241 agetur.

407 3260 476 3315 lis
501 3261 683 3322 etiam,
709 3261 796 3329 qui
827 3277 885 3314 se
922 3258 1176 3315 Caesarea:
1205 3259 1440 3316 oflieiose
1472 3271 1811 3330 exceperant,
1847 3263 1911 3316 li-

337 3362 479 3408 teras
503 3353 645 3407 misit
671 3353 690 3420 (
725 3352 884 3421 Epist.
915 3353 1027 3421 8l).
1069 3352 1206 3406 Inter
1236 3368 1328 3406 eos
1365 3353 1678 3422 llytnnetius
1703 3354 1908 3408 emine-

340 3443 446 3505 bat,
487 3459 644 3512 quem
683 3445 1010 3498 medicorum
1049 3445 1336 3513 principem
1378 3453 1561 3510 vocat;
1589 3459 1815 3516 eumque
1855 3456 1912 3501 ut

335 3532 435 3588 sibi
472 3534 698 3588 amicum
730 3575 746 3596 .
781 3535 932 3602 cujus
973 3543 1026 3589 et
1063 3536 1308 3588 amicitize
1349 3545 1402 3590 et
1445 3536 1643 3604 peritia:
1685 3551 1906 3590 summa:

334 3624 624 3694 periculum
671 3624 900 3688 fecerat,
952 3625 1134 3680 videre
1178 3625 1461 3679 admodum
1515 3634 1762 3694 exoptat;
1811 3626 1904 3681 sed

331 3718 450 3787 quia
475 3718 773 3772 Isaurorum
802 3718 1129 3772 incursiones
1150 3718 1339 3772 Cucusi
1364 3717 1563 3771 aditum
1586 3718 1907 3773 interclude.

332 3808 477 3871 bant,
507 3807 556 3860 id
578 3807 755 3862 damni
788 3816 845 3862 ut
889 3808 1161 3861 literarum
1191 3807 1486 3878 frequentia
1519 3810 1715 3864 sarciat
1735 3850 1748 3870 .
1778 3824 1904 3878 pre-

327 3905 497 3951 catur.
531 3897 584 3951 In
613 3897 713 3950 alia
739 3912 867 3951 vero
893 3897 1110 3966 epistola
1143 3897 1256 3967 (58)
1290 3897 1568 3952 Seleucum
1595 3899 1901 3969 episc0pum

329 3987 429 4056 ipsi
456 3987 813 4052 commendat,
845 3988 1151 4057 gravissima
1185 3988 1316 4042 tussi
1355 3988 1681 4044 laborantem
1708 3989 1900 4058 (Epist.

329 4078 424 4148 57)
451 4078 578 4149 :qni
603 4079 1259 4150 Selettcus,Cbrysostomi
1289 4078 1502 4135 videndi
1529 4079 1796 4136 desiderio
1821 4082 1899 4136 in-

327 4167 540 4234 ductus,
563 4167 828 4224 Cucusnm
857 4169 1018 4233 venit,
1046 4178 1102 4224 et
1133 4169 1320 4223 tussim
1353 4179 1406 4224 et
1433 4171 1639 4224 itineris
1671 4169 1899 4226 difficub

329 4266 487 4312 tatem
531 4266 587 4312 ct
627 4257 856 4312 hiemem
915 4273 1033 4326 qua:
1078 4259 1309 4312 instabat
1345 4258 1662 4326 despiciens.
1718 4259 1902 4316 Profe-

323 4355 506 4401 cturus
539 4356 714 4402 autem
760 4347 1079 4411 Cmsaream,
1112 4346 1532 4417 Tranquillinum
1563 4349 1895 4420 episcopum,

323 4437 436 4508 qui.
465 4449 520 4492 ut
553 4447 617 4494 ex
643 4437 1006 4512 Cbrysostomi
1045 4439 1201 4495 dictis
1230 4439 1486 4509 arguitur.
1525 4455 1689 4509 prope
1722 4441 1901 4496 Ctesa-

325 4544 470 4583 ream
499 4529 652 4584 sedes
674 4529 917 4595 habebat,
949 4531 1178 4585 invisere
1205 4531 1388 4584 voluit.
1425 4531 1554 4585 lluic
1579 4548 1701 4586 vero
1723 4534 1898 4588 literas

323 4617 391 4671 ad
422 4618 837 4687 Tranquillinum
865 4619 1011 4674 dedit
1036 4619 1266 4674 Joannes
1298 4631 1499 4687 noster,
1528 4638 1684 4692 quem
1714 4623 1894 4677 horta-

322 4719 408 4761 tur
434 4718 490 4760 ut
517 4709 790 4764 Seleucum
821 4711 1045 4780 benigne
1072 4713 1318 4780 excipiat.
1346 4712 1739 4784 Tranquillinns
1769 4731 1896 4768 vero

324 4797 677 4868 Eupsycbinm
707 4799 772 4852 ad
793 4799 1226 4872 Chrysostomum
1258 4804 1498 4866 miserat,
1527 4806 1614 4872 qui
1645 4805 1710 4859 de
1737 4806 1894 4860 rebus

325 4886 564 4958 plurimis
600 4887 744 4941 illum
778 4889 972 4944 faceret
1002 4893 1304 4948 certiorem.
1341 4897 1410 4948 At
1438 4895 1768 4966 Eupsyebins
1806 4897 1894 4950 ille

322 4979 554 5034 nondum
591 4979 896 5036 advenerat.
939 4982 1190 5038 Hortatur
1214 5001 1340 5039 vero
1377 4986 1796 5057 Tranquillinum
1838 4999 1893 5041 nt

317 5087 379 5128 ea
403 5113 418 5137 .
446 5087 565 5142 qua:
607 5072 706 5127 sibi
735 5073 1066 5146 Eupsychius
1095 5087 1402 5133 narraturus
1427 5091 1559 5142 erat,
1589 5097 1685 5152 per
1715 5082 1892 5136 literas

317 5164 542 5218 nunﬁeL

365 5255 553 5311 .Paulo
574 5264 692 5326 post
721 5271 872 5312 suum
903 5259 954 5314 in
985 5259 1156 5315 exsilii
1179 5261 1352 5316 locum
1379 5262 1686 5328 adventum,
1711 5266 1889 5320 literas

315 5347 457 5402 misit
481 5349 546 5402 ad
568 5351 698 5404 alios
727 5366 830 5404 non
859 5366 1074 5420 paucos.
1099 5353 1188 5420 qui
1213 5353 1311 5406 sibi
1336 5353 1592 5410 Caesarem
1617 5357 1697 5409 vel
1727 5357 1887 5410 bene-

316 5439 429 5491 tieia
460 5441 849 5507 prmstitcrant,
880 5444 962 5498 vel
999 5445 1243 5497 amicitia:
1284 5446 1506 5499 sincerae
1550 5449 1693 5514 signa
1724 5447 1885 5503 dede-

316 5538 457 5590 rant,
501 5530 566 5583 ad
617 5531 910 5586 Firminum
955 5549 1164 5603 nempe,
1211 5534 1540 5604 Cytlterium,
1586 5537 1881 5599 Leontium,

302 5612 646 5676 Faustinum.
675 5620 966 5677 Helladinm
999 5634 1049 5678 et
1089 5623 1399 5688 Evetbinm;
1429 5644 1558 5697 quos
1581 5672 1596 5695 ,
1626 5639 1681 5682 ut
1720 5628 1879 5684 etiam

1391 243 1448 301 S.
1485 240 1760 302 JOANNIS
1795 241 2268 334 CHRXSOSTOMI
2311 247 2483 320 VITA,

3501 251 3597 310 218

2023 373 2158 429 pene
2180 359 2310 415 alios
2335 375 2522 416 omnes
2540 360 2740 417 amicos
2769 369 2822 415 et
2842 371 3016 425 notos,
3045 363 3306 428 hortatur.
3330 375 3388 421 ut
3407 382 3468 423 se
3496 369 3602 426 fre-

2020 459 2245 519 quenter
2283 451 2450 505 literis
2489 450 2749 506 solentur.
2778 452 3015 507 Carterio
3042 468 3274 525 quoque,
3317 456 3598 527 Cappado-

2021 543 2117 597 cize
2145 543 2377 612 praesidi,
2413 544 2596 599 literas
2635 543 2782 616 (256)
2812 547 2954 599 misit
2986 545 3400 617 Chrysostomns
3421 591 3438 614 ,
3477 567 3599 621 gra-

2021 633 2226 703 tiasque
2255 633 2327 688 illi
2365 633 2492 704 egit,
2519 635 2659 706 quod
2695 635 2947 689 tumultus
2987 637 3273 704 sedaverit,
3306 643 3362 693 e't
3389 657 3598 695 onmem

2024 723 2252 794 lapidem
2283 727 2524 790 moverit,
2559 735 2617 780 ut
2640 727 2751 795 ipse
2780 727 2830 779 in
2854 731 3142 784 securitate
3165 742 3486 785 versaretur.
3517 733 3603 786 Ait

2021 829 2148 868 vero
2195 830 2274 880 se,
2317 815 2442 870 licet
2485 817 2536 870 in
2581 815 2947 870 desertissimo
2989 818 3125 882 loco,
3159 819 3350 874 Cucusi
3391 837 3600 891 nempe,

2023 902 2323 973 degentem.
2347 905 2398 959 in
2418 904 2504 958 illa
2525 905 2808 961 solitudine
2832 915 3094 976 tamquam
3120 909 3169 961 in
3199 919 3353 978 portu
3379 914 3599 978 versari,

2022 1009 2085 1049 ac
2128 996 2300 1049 morbi
2345 998 2714 1066 malorumque
2764 997 3015 1066 reliquias
3069 1003 3266 1053 sensim
3312 1000 3596 1070 depellere.

2023 1085 2334 1138 Amicorum.
2375 1086 2632 1154 siquidem
2681 1101 2776 1156 per
2817 1088 3000 1142 literas
3039 1092 3362 1146 consortium
3415 1106 3603 1150 omnes

2021 1173 2323 1242 abstergere
2352 1173 2627 1229 videbatur
2649 1177 2818 1229 exsilii
2849 1177 3136 1232 molestias.

2095 1266 2366 1336 Episcopis
2393 1268 2550 1321 etiam
2573 1269 2781 1337 scripsit
2808 1269 2996 1338 (Epist.
3030 1273 3119 1326 85.
3149 1271 3238 1328 86.
3269 1274 3359 1330 87.
3390 1275 3480 1330 88.
3508 1277 3597 1332 89.

2022 1356 2138 1426 90),
2171 1359 2255 1426 qui
2289 1375 2384 1424 pro
2406 1375 2501 1414 sua
2535 1371 2588 1414 et
2620 1360 2870 1415 Ecclesize
2898 1377 3055 1416 causa
3093 1365 3320 1427 stabant,
3354 1367 3600 1422 nimirum

2025 1447 2205 1512 Lucio,
2237 1448 2386 1512 Mari,
2419 1449 2642 1519 Eulogio
2680 1452 2730 1504 in
2771 1452 3048 1506 Palaestina
3089 1456 3340 1524 episc0p0
3361 1497 3376 1520 ,
3408 1457 3595 1511 Joanni

2023 1538 2486 1610 Jernsolymitano,
2517 1542 2817 1597 Theodosio
2845 1542 3297 1614 Seytbopnlitano,
3321 1556 3375 1600 et
3401 1547 3594 1620 Moysi;

2023 1643 2156 1698 quos
2187 1629 2428 1684 hortatur
2466 1640 2521 1684 ut
2563 1633 2613 1686 in
2657 1633 2843 1688 eadem
2882 1635 3040 1688 animi
3074 1635 3321 1693 firmitate
3351 1654 3597 1707 persevc-

2023 1729 2142 1773 rcnt
2173 1718 2416 1789 (Pallad.
2461 1721 2981 1792 Dialog.)Eulogium
3023 1741 3181 1790 vero,
3226 1728 3276 1782 in
3325 1728 3601 1784 Palaestina

2023 1812 2350 1880 episcopum,
2379 1827 2716 1884 summopere
2737 1815 2993 1881 celebrat,
3019 1818 3108 1885 qui
3131 1819 3316 1886 quavis
3346 1820 3466 1874 tuba
3493 1822 3600 1875 cla-

2023 1903 2131 1955 rius
2167 1903 2305 1970 apnd
2335 1919 2520 1958 omnes
2549 1905 2847 1960 Orientales
2877 1916 2930 1961 et
2968 1923 3122 1976 quam
3158 1909 3461 1978 longissime
3490 1912 3599 1966 dis-

2023 1993 2157 2046 sitos
2195 1993 2433 2049 homines
2469 1997 2547 2050 rei
2585 1997 2858 2050 veritatem
2901 2001 3276 2070 promulgaret.
3325 2003 3601 2074 Eulogium

2025 2091 2232 2148 tamen,
2287 2083 2545 2140 Cresarcze
2594 2087 2644 2140 in
2692 2087 2968 2144 Palrestina
3010 2093 3352 2162 episcopum,
3401 2095 3604 2151 inducit

2023 2173 2308 2238 Palladius,
2332 2177 2482 2245 quasi
2505 2177 2785 2246 Theophili
2818 2180 3157 2235 Alexandrini
3193 2194 3365 2250 partes
3391 2196 3604 2240 sectan-

2024 2269 2129 2314 tem
2159 2271 2212 2314 et
2237 2277 2420 2332 aspera
2460 2280 2682 2335 quaeque
2727 2269 3052 2324 molientem.
3083 2271 3186 2326 Sed
3218 2275 3299 2329 vel
3338 2276 3474 2329 alius
3504 2277 3602 2330 Pa-

2025 2351 2534 2421 ltestinzeepiseopus
2561 2355 2644 2410 hic
2668 2357 2916 2425 Eulogius
2944 2358 3122 2426 fuerit,
3151 2363 3232 2417 vel
3255 2368 3298 2417 si
3321 2365 3459 2419 idem
3489 2366 3601 2436 ipse

2022 2439 2112 2506 sit,
2146 2440 2198 2494 in
2225 2441 2499 2497 adversam
2535 2455 2733 2514 partem
2766 2458 2944 2516 postea
2979 2451 3250 2506 transiisse
3279 2465 3508 2524 oportet.

2093 2529 2175 2582 Ad
2213 2528 2534 2586 Theodorum
2578 2534 2983 2606 Mapsuestemtm
3023 2541 3211 2594 scribit.
3233 2573 3305 2582 —
3329 2546 3372 2598 A
3406 2548 3602 2600 teneris

2023 2621 2175 2673 annis
2225 2623 2453 2676 amicum
2507 2624 2729 2679 habebat
2779 2627 3189 2699 Cbrysostomus
3235 2633 3593 2701 Theodorum,

2021 2710 2108 2777 qni
2152 2720 2276 2765 tunc
2323 2712 2657 2781 Mopsuestia:
2702 2717 2982 2787 episcopus
3029 2731 3162 2788 erat,
3213 2725 3451 2794 nihilque
3491 2742 3597 2782 non

2021 2801 2228 2870 agebat,
2261 2813 2317 2855 ut
2345 2802 2706 2874 Chrysostomi
2737 2821 2949 2863 causam
2979 2810 3290 2868 defenderet
3316 2831 3378 2870 ac
3405 2831 3599 2886 propu-

2020 2901 2222 2960 gnaret.
2249 2893 2382 2948 lluic
2416 2897 2691 2965 epistolam
2721 2899 2864 2970 (112)
2895 2903 3036 2956 misit
3069 2903 3502 2976 Cbrysostomns,
3531 2911 3596 2964 il-

2022 2983 2160 3052 lique
2191 2994 2246 3036 ut
2268 2986 2374 3051 jam
2401 2989 2599 3055 pridem
2622 2998 2673 3042 el
2701 2989 2766 3042 ab
2799 2991 2948 3045 initio
2973 2993 3070 3047 sibi
3101 3005 3226 3048 noto
3247 3000 3446 3065 gratias
3466 3002 3594 3071 agit,

2023 3072 2364 3144 hortaturque
2389 3087 2441 3131 et
2471 3079 2713 3133 obsecrat
2738 3081 2884 3134 illum
2917 3093 2971 3136 ιιι
2998 3085 3237 3140 eamdem
3266 3101 3390 3157 erga
3419 3103 3477 3143 se
3502 3105 3594 3144 ca-

2020 3165 2224 3220 ritatem
2267 3176 2522 3236 perpetuo
2555 3170 2816 3240 vigentem
2855 3173 3095 3227 retineat.
3127 3174 3276 3229 Circa
3321 3177 3456 3233 hanc
3486 3181 3592 3248 epi-

2019 3256 2204 3309 stolam
2237 3257 2428 3327 aliqme
2469 3260 2812 3329 insurgebant
2839 3261 3212 3331 difficultates,
3241 3282 3373 3337 quas
3405 3269 3597 3324 videsis

2019 3346 2068 3398 in
2098 3348 2236 3399 notis
2255 3348 2318 3400 ad
2347 3347 2500 3402 Tom.
2541 3351 2595 3414 5,
2611 3368 2660 3407 e.
2680 3353 2783 3408 668
2803 3361 2854 3405 et
2875 3352 2999 3413 669.
3018 3355 3136 3410 etin
3153 3355 3304 3410 Tom.
3324 3357 3377 3416 6.
3398 3357 3586 3412 c.5l5.

2088 3436 2350 3504 Epistolas
2371 3439 2527 3491 etiam
2550 3439 2615 3492 ad
2646 3439 2776 3493 alios
2804 3442 2948 3494 misit
2969 3442 3266 3511 episc0pns,
3291 3445 3591 3498 Anatolium

2015 3526 2234 3591 Adante,
2283 3527 2526 3580 Rufinum
2569 3530 2691 3583 item
2735 3531 3074 3598 episcopum,
3124 3532 3276 3600 cujus
3315 3547 3445 3586 vero
3486 3533 3592 3587 inci

2015 3619 2264 3681 nescitur.
2288 3619 2352 3672 ad
2383 3618 2651 3674 Urbicium
2679 3629 2731 3673 et
2761 3620 3002 3682 Bassum,
3040 3621 3261 3690 perinde
3291 3622 3588 3690 ignotorum

2014 3706 2246 3761 locorum
2277 3708 2573 3776 episcopos,
2604 3708 2668 3761 ad
2693 3709 3044 3780 Porphyrium
3074 3710 3232 3763 llbosi
3257 3714 3586 3781 episcopum.

2013 3797 2261 3851 Anatolio
2288 3798 2414 3851 dicit
2441 3799 2593 3867 (lll)
2619 3815 2676 3852 se
2705 3801 3029 3868 comperisse
3060 3801 3230 3869 ipsum
3261 3817 3340 3865 se,
3369 3803 3491 3858 licet
3520 3804 3586 3858 de

2011 3888 2146 3943 faeie
2171 3889 2269 3942 sibi
2302 3905 2404 3943 non
2437 3901 2640 3951 notum.
2676 3889 2882 3944 ardenti
2915 3907 3096 3946 amore
3129 3896 3407 3963 prosequi,
3436 3905 3585 3964 Opta-

2010 3995 2173 4049 reque
2199 3995 2539 4049 congressum
2577 3995 2755 4034 secum
2788 3997 2804 4032 :
2831 3981 2952 4050 quia
2995 3997 3121 4036 vero
3151 3983 3288 4036 nulla
3318 4000 3442 4053 spcs
3465 3993 3581 4040 erat

2009 4071 2060 4125 id
2085 4071 2198 4126 fieri
2229 4087 2480 4141 umquam
2509 4086 2685 4140 posse,
2715 4071 2957 4127 hortatur
2987 4074 3132 4127 illum
3160 4085 3214 4128 ut
3239 4078 3583 4145 epistularum

2009 4161 2301 4232 frequentia
2322 4177 2662 4232 congressuro
2689 4162 2986 4232 hujusmodi
3009 4177 3339 4234 compensat.
3365 4166 3582 4224 Bassum

2007 4250 2180 4324 (510),
2222 4267 2378 4320 quem
2418 4251 2871 4320 Constantinopoli
2912 4255 3139 4307 amicum
3187 4254 3467 4321 habuerat,
3510 4260 3582 4314 le-

2005 4344 2145 4398 niter
2165 4344 2427 4413 objurgat,
2451 4344 2587 4412 quod
2612 4360 2733 4397 cum
2759 4343 2894 4398 adeo
2910 4345 3114 4399 vicinus
3135 4356 3299 4412 esset,
3318 4365 3385 4403 ne
3405 4352 3581 4406 literas

2003 4434 2218 4503 quidem
2265 4435 2362 4487 sibi
2416 4434 2624 4488 mittere
2667 4433 2995 4503 dignaretur.
3046 4435 3396 4507 Porphyrium
3433 4457 3574 4503 vero,

2003 4541 2161 4593 quem
2203 4525 2362 4577 Rhesi
2395 4524 2698 4593 epise0pnm
2738 4525 2898 4577 fuisse
2930 4526 3059 4578 nihil
3093 4526 3202 4592 jam
3243 4527 3570 4588 dubitamus,

2005 4630 2100 4684 pro
2130 4630 2277 4668 more
2305 4616 2369 4666 ad
2399 4616 2578 4669 literas
2605 4614 2703 4668 sibi
2733 4615 3038 4683 frequenter
3072 4617 3360 4670 mittendas
3390 4619 3572 4672 cohor-

2005 4716 2162 4761 tatur.
2197 4708 2285 4760 llis
2313 4708 2572 4777 iungenda
2599 4706 2820 4776 epistula
2849 4708 2961 4778 (50)
2989 4707 3050 4760 ad
3083 4708 3353 4762 lleortium
3375 4713 3569 4780 episeo-

2002 4815 2149 4870 pnm,
2183 4799 2331 4865 cujus
2357 4799 2512 4852 sedes
2537 4814 2640 4852 non
2679 4799 2858 4866 procul
2889 4797 3095 4852 Cncnso
3120 4809 3251 4852 erat.
3283 4799 3331 4853 is
3360 4803 3568 4855 infirmi-

2003 4901 2110 4945 tate
2149 4891 2387 4958 corporis
2433 4891 2703 4944 laborabat
2732 4905 2745 4942 :
2791 4899 2984 4960 atque.
3018 4902 3072 4945 nt
3101 4908 3163 4945 ex
3206 4893 3563 4963 Chrysostomi

1999 4983 2154 5036 dictis
2193 4983 2338 5051 argui
2383 4983 2610 5045 videtur,
2655 4983 2899 5036 lleortius
2945 4983 3146 5036 amicus
3193 4986 3429 5039 scribere
3475 4987 3564 5037 sibi

1999 5075 2220 5136 solebat,
2263 5074 2403 5142 quod
2450 5082 2626 5129 tamen
2669 5075 2889 5128 adversa
2934 5075 3234 5129 valetudine
3287 5077 3564 5138 laboraret,

2000 5183 2104 5220 non
2137 5168 2202 5218 ab
2232 5167 2321 5220 illo
2341 5167 2615 5220 didit-erat.
2656 5165 2836 5219 Varum
2859 5168 2997 5234 quin,
3031 5167 3198 5234 inquit
3220 5168 3330 5232 ille,
3361 5169 3565 5221 labella-

1996 5261 2184 5312 riornm
2216 5259 2427 5328 fortasse
2457 5260 2664 5326 penuria
2691 5275 2789 5311 non
2826 5259 3021 5320 scribis,
3051 5260 3162 5311 ideo
3202 5260 3456 5322 homines,
3488 5262 3567 5329 qui

1996 5351 2063 5404 ad
2088 5361 2134 5404 le
2159 5350 2539 5418 proﬁciscantur
2569 5359 2760 5411 nactus,
2793 5349 2947 5401 literis
2970 5359 3015 5402 te
3039 5352 3244 5412 lacesso,
3269 5366 3390 5419 rogo
3411 5359 3456 5401 et
3481 5352 3564 5401 ob-

1993 5459 2151 5505 sacro,
2176 5452 2229 5494 ιιι
2256 5443 2444 5512 quoties
2477 5443 2689 5512 familias
2717 5441 2937 5505 dabitur,
2962 5441 3102 5494 nobis
3129 5459 3276 5509 quam
3299 5443 3566 5510 sa’pissimc

1995 5537 2207 5601 scribas,
2235 5545 2277 5587 rt
2305 5552 2404 5604 qua
2429 5536 2710 5588 valetudine
2731 5536 2797 5586 sis
2827 5551 3069 5603 exponas.
3098 5536 3414 5604 Quamquam
3439 5539 3561 5588 enim

1993 5630 2045 5681 in
2093 5627 2426 5681 desertissima
2474 5626 2604 5679 orbis
2658 5627 2764 5679 loco
2817 5626 3116 5692 babilanms,
3158 5655 3220 5690 ,π
3249 5635 3544 5704 ργρεθηηηπε
