2742 4342
215 230 282 268 999

216 314 301 343 metu
315 304 512 346 obsidemur,
527 301 714 349 multasque
729 302 763 336 in
781 306 849 336 tant
869 305 961 336 vasta
975 297 1157 334 solitudine
1170 300 1265 334 cnla-

217 369 344 404 mitates
363 363 576 413 perpetimur,
593 369 702 398 tamen
721 362 750 397 si
765 362 952 410 frequentes
972 371 994 394 a
1016 365 1060 401 te,
1085 359 1138 394 cui
1157 359 1268 394 caris-

217 429 290 466 simi
309 439 430 470 sumus,
453 426 564 462 literas
581 424 788 470 accipiamus
801 451 810 466 ,
826 433 900 469 quae
922 433 983 458 nos
1003 421 1044 457 de
1065 428 1122 456 tua
1142 421 1270 456 valetu-

217 491 293 526 dine
307 489 459 526 certiores
479 488 622 536 faciant,
645 487 810 534 ingentem
837 485 927 526 hinc,
948 491 994 520 tot
1019 484 1094 520 licet
1109 483 1269 520 (erumnis

217 546 374 598 oppressi,
395 548 654 584 consolationem
673 547 886 592 accipiemus.
911 547 1046 589 Quanta
1066 545 1154 580 enim
1180 543 1268 578 cari-

217 613 292 648 tatis
311 612 356 648 vis
381 613 423 646 sit
441 610 653 656 exploratum
677 609 792 652 habes,
813 607 967 655 quodque
991 617 1058 642 non
1083 607 1269 642 amicorum

217 674 385 709 dumtaxat
413 671 614 718 prtesentia.
638 669 698 706 sed
722 669 822 706 etiam
847 668 954 704 litera:
973 667 1090 714 ingens
1109 666 1268 703 solatium

216 732 366 778 aﬂ'erant.

262 793 471 840 llesychium
491 803 631 838 quoque
646 791 711 828 sibi
733 789 1006 833 amicissimum,
1025 789 1180 826 vicinum
1201 787 1267 824 ha-

217 855 286 893 buit
303 867 312 899 ;
327 856 370 890 ita
384 861 432 896 ιιι,
453 854 482 890 si
503 854 635 889 licitum
660 853 724 898 ipsi
755 851 892 894 fuisset,
929 850 1042 896 inquit
1062 850 1096 888 in
1118 848 1268 896 epistola

215 917 271 960 74,
291 927 402 964 neque
419 917 617 952 Isaurorum
640 920 770 958 metus,
800 923 914 959 neque
931 912 1092 958 corporis
1110 910 1268 948 imbecil-

216 978 291 1015 litas
321 978 507 1024 prohibere
533 976 742 1022 potuissent,
769 974 958 1021 quominus
992 973 1106 1019 ipsum
1124 972 1266 1015 adiret;

215 1049 324 1087 neque
342 1047 456 1076 tamen
479 1039 524 1076 ob
557 1039 757 1074 Isaurorum
780 1043 912 1072 metum
943 1035 988 1072 ab
1025 1035 1087 1072 illo
1103 1035 1191 1081 petit
1227 1041 1266 1071 ιιι

213 1100 382 1138 Cucusum
395 1102 526 1144 veniat,
542 1099 603 1136 sed
617 1106 772 1146 utquam
789 1097 1006 1144 frequentius
1017 1097 1149 1144 poterit
1167 1095 1211 1132 ad
1229 1105 1268 1132 se

221 1161 339 1198 literas
356 1161 482 1197 mittat.
494 1160 690 1208 [lesychius
706 1168 791 1196 vero
817 1159 930 1195 literis
941 1157 986 1194 ab
995 1157 1133 1194 Joanne
1152 1157 1266 1203 petiit,

214 1227 250 1258 ut
265 1221 328 1258 sibi
348 1223 556 1268 ignosceret,
572 1220 750 1268 quodnon
769 1220 918 1263 venerit,
934 1219 1015 1266 quia
1037 1229 1164 1265 nempe
1173 1229 1270 1254 mor-

214 1283 258 1318 bo
271 1282 464 1318 laborabat.
478 1281 680 1328 BeSpoudet
695 1281 967 1329 Chrysostomus
978 1279 1104 1324 (Epist.
1117 1280 1180 1326 2.4)
1189 1280 1268 1316 lau-

213 1343 338 1389 datque
355 1353 450 1386 cum:
467 1343 558 1388 quod
573 1352 614 1378 ea
629 1341 674 1378 de
685 1351 790 1378 causa
808 1351 878 1377 non
891 1341 1030 1378 venerit
1050 1353 1058 1376 :
1079 1341 1158 1377 licet
1173 1341 1266 1376 euitn

154 1453 159 1455 ἒ
213 1411 281 1440 tam
299 1415 418 1440 carttm
439 1411 546 1450 caput
561 1404 759 1442 exosculari
779 1409 896 1447 aveat,
917 1403 1003 1439 satis
1019 1403 1086 1440 sibi
1115 1402 1191 1439 fore
1205 1403 1268 1446 ait,

211 1465 239 1502 si
259 1467 422 1511 quamdiu
441 1466 515 1504 sive
535 1477 598 1513 per
609 1466 870 1514 :egritudinem,
889 1466 965 1503 sive
982 1476 1048 1512 per
1072 1467 1154 1502 anni
1173 1471 1266 1502 tem-

212 1534 383 1572 pestatem
403 1527 437 1564 id
455 1537 524 1562 non
547 1527 679 1568 licebit,
702 1527 813 1562 literae
828 1528 919 1562 ultro
941 1527 1105 1573 citroque
1125 1527 1270 1563 mittan-

211 1595 280 1624 tur.
297 1588 371 1624 lloc
387 1588 502 1633 ipsum
531 1587 605 1625 fere
628 1587 678 1623 illi
702 1589 831 1633 repetit
863 1589 898 1624 in
932 1588 1082 1634 epistola
1103 1587 1269 1625 litizubi

213 1649 349 1684 itineris
373 1648 616 1685 difficultatem
642 1657 722 1684 eum
742 1648 904 1693 corporis
922 1648 1163 1684 imbecillitate
1181 1659 1269 1684 con-

211 1708 334 1756 iungit,
349 1719 390 1745 ac
407 1708 606 1756 signiﬁcare
631 1708 771 1744 videtur
792 1719 831 1745 se
849 1709 905 1745 vel
917 1708 1035 1746 hieme
1049 1709 1122 1756 jam
1137 1719 1269 1756 appro-

211 1769 414 1816 pinquante,
429 1769 484 1806 vel
503 1769 538 1806 in
553 1770 628 1816 ipsa
661 1769 798 1817 hyemis
820 1775 1027 1818 tempestate
1046 1769 1110 1808 has
1125 1771 1272 1809 dedisse

211 1829 340 1867 literas.

255 1891 343 1928 Cum
374 1891 598 1928 'l‘illemontio
625 1893 811 1940 opinamur
827 1892 932 1929 alium
953 1893 1170 1943 llesycltium
1187 1902 1271 1931 esse

213 1952 321 1998 illum,
355 1964 458 2000 quem
489 1954 730 1991 venerandum
764 1959 801 1990 et
832 1954 1092 1992 nobilissimum
1112 1955 1212 2000 dicit,
1246 1965 1266 1992 a

213 2025 281 2062 quo
300 2025 338 2051 se
357 2015 503 2051 multum
518 2015 630 2052 amari
661 2027 705 2052 ex
737 2016 811 2052 sola
833 2015 924 2052 fama
953 2017 1138 2060 didicerat,
1161 2027 1179 2052 a
1195 2027 1266 2064 quo

215 2077 363 2123 postulat
380 2075 508 2123 (Epist.
523 2078 622 2123 198),
637 2083 674 2113 ιιι
689 2077 890 2124 frequentes
905 2079 969 2114 sibi
990 2079 1108 2116 literas
1123 2079 1263 2122 mittat;

215 2136 246 2173 id
257 2137 440 2185 ipsumque
453 2139 582 2184 repetit
594 2139 628 2173 in
646 2139 792 2184 cpistola
807 2137 891 2175 225.
905 2138 1070 2186 Idemque
1086 2140 1264 2176 literarum

213 2201 424 2236 consortium
444 2199 598 2247 postulat
637 2210 656 2235 a
689 2199 909 2236 Candidiano
937 2201 1012 2246 jam
1041 2201 1127 2236 olim
1152 2202 1267 2238 amico

213 2269 288 2305 suo,
306 2263 363 2308 qui
379 2261 520 2298 Cucuso
540 2261 821 2308 proculdegebat
853 2262 990 2309 (Epist.
1009 2263 1055 2299 42
1071 2265 1100 2310 ).

258 2323 469 2360 Antiochiam
488 2325 612 2360 multas
627 2324 742 2360 literas
760 2325 924 2360 mittit.—
936 2326 1158 2362 Antiochiam
1175 2335 1266 2372 quo-

214 2394 291 2429 que,
309 2385 366 2420 ubi
380 2385 414 2422 in
429 2395 553 2432 magna
569 2385 833 2423 existimatione
850 2391 939 2428 erat,
955 2386 1160 2422 innumeras
1179 2397 1268 2433 pene

213 2447 589 2492 epistolasmisitexsol
611 2459 619 2482 :
635 2457 785 2494 quarum
802 2448 920 2483 multm
933 2448 1086 2494 periere,
1098 2448 1269 2494 plurimas

213 2517 348 2554 quoque
366 2504 411 2545 ex
441 2509 484 2544 iis
506 2519 584 2555 quae
622 2515 814 2555 supersunt
849 2519 920 2544 non
953 2509 1118 2546 novimus
1149 2516 1266 2546 utrum

212 2569 254 2605 ad
273 2569 512 2606 Antiochcnos
529 2576 704 2617 spectent,
724 2571 805 2616 quia
827 2571 1027 2617 saepissime
1063 2581 1135 2607 non
1153 2577 1266 2614 notat,

212 2638 279 2664 nec
299 2629 359 2663 dat
385 2629 502 2666 locum
530 2631 806 2674 internoscendi,
820 2642 890 2677 quo
911 2632 945 2667 in
965 2631 1045 2668 loco
1063 2631 1224 2669 habitent
1244 2632 1268 2669 ii

213 2688 256 2724 ad
269 2689 487 2736 quoslileras
500 2691 640 2738 dirigit:
669 2693 861 2730 verisimile
881 2700 998 2730 autem
1020 2700 1077 2731 est
1097 2695 1268 2741 plurimas

212 2761 254 2787 cx
271 2751 352 2792 illis.
367 2761 445 2798 quae
468 2751 668 2796 hujusmodi
688 2760 806 2790 notam
839 2765 909 2791 non
931 2755 1061 2800 ferunt,
1083 2755 1126 2792 ad
1144 2756 1268 2792 Antio-

213 2813 346 2850 chenos
363 2813 490 2850 missas
509 2813 630 2850 fuisse.
653 2814 747 2850 lnter
766 2824 842 2858 eos,
862 2816 922 2862 qui
945 2818 1142 2854 Antiochia:
1162 2818 1267 2855 sedes

216 2872 401 2915 habebant,
420 2874 573 2910 amicitia
589 2875 636 2910 illi
651 2875 928 2921 conjunctissimi
943 2884 1046 2915 erant
1066 2878 1266 2916 Marcianus

215 2939 246 2968 et
261 2933 482 2972 Marcellinus
503 2935 644 2978 fratres,
660 2946 810 2983 quorum
845 2945 1045 2984 postremus
1072 2940 1106 2976 in
1127 2940 1267 2977 duobus

217 2993 294 3030 llss.
313 2995 555 3034 Marcellianus
569 3003 728 3034 vocatur.
759 2997 831 3034 Hos
849 3009 932 3037 vero
957 3001 1122 3040 obsecrat
1139 3003 1174 3040 in
1188 3005 1266 3050 epi-

216 3055 298 3092 stola
316 3057 394 3100 19.9,
417 3064 456 3094 ut
473 3069 512 3095 se
533 3058 736 3106 frequenter
753 3060 797 3096 de
816 3061 1016 3100 valetudine
1033 3075 1094 3100 sua
1133 3065 1264 3102 certio-

216 3125 286 3153 rem
321 3119 458 3156 faciant.
489 3120 710 3158 Theodotum
739 3132 823 3158 vero
855 3123 1044 3162 diaconum
1073 3132 1206 3171 monet,
1227 3133 1266 3164 ut

216 3175 468 3216 Marcellianum
501 3187 536 3218 ct
567 3181 710 3218 fratrem
736 3185 935 3228 cem-cuiat,
958 3191 993 3222 et
1022 3187 1114 3232 apud
1134 3197 1197 3224 eos
1229 3187 1262 3224 id

215 3243 302 3283 agat,
315 3245 350 3274 ut
370 3240 656 3287 Clu-ysostomum
676 3249 822 3290 purgent
841 3245 934 3290 apud
954 3245 1164 3291 Carteriam,
1185 3258 1264 3294 qure

215 3296 258 3334 de
273 3299 519 3347 Chrysostomo
537 3305 763 3348 querebatur,
778 3307 870 3353 quod
891 3308 934 3343 ad
951 3319 1027 3344 eam
1046 3320 1115 3346 non
1129 3311 1264 3348 scribe-

217 3367 287 3397 ret:
307 3373 371 3409 qua
391 3363 434 3400 de
449 3375 487 3401 re
509 3367 666 3403 inferius.
687 3368 950 3406 Mareellianutn
967 3381 1052 3407 vero
1065 3379 1100 3408 et
1118 3372 1263 3410 fratrem

217 3420 270 3458 hic
296 3423 531 3462 nobilissimos
557 3434 672 3464 vocat.
693 3429 839 3476 Scripsit
859 3431 964 3467 etiam
991 3432 1059 3468 illis
1077 3433 1262 3478 epistolam

216 3483 294 3526 221,
315 3487 517 3532 etqneritur
529 3490 620 3535 quod
635 3491 777 3535 sileant,
803 3502 868 3528 uec
883 3493 1006 3528 literas
1021 3494 1086 3530 sibi
1105 3495 1261 3540 mittant,

220 3555 280 3581 ucc
289 3554 464 3592 acceptam
483 3550 546 3586 sibi
567 3561 645 3588 esse
662 3552 747 3588 dicit
761 3553 1041 3595 excusationem,
1074 3565 1182 3601 quam
1203 3567 1264 3602 per

217 3604 450 3645 Constantium
467 3611 706 3660 presbyterum
727 3613 908 3650 miserant.
928 3613 1057 3650 Verum
1076 3623 1264 3662 antequam

220 3663 264 3698 illi
282 3666 367 3704 hanc
379 3670 559 3714 epistolam
593 3674 806 3718 accipereut,
829 3684 950 3709 eorum
966 3674 1042 3720 ipse
1071 3676 1192 3714 literas
1207 3689 1266 3715 ac-

219 3727 318 3770 cepit,
335 3730 431 3774 queis
448 3732 543 3768 illum
562 3734 716 3769 vicissim
751 3734 972 3771 lacessebant
989 3737 1082 3782 quod
1112 3737 1176 3774 sibi
1195 3751 1265 3777 non

221 3787 394 3826 scriberet.
411 3792 604 3840 ReSpoudat
621 3795 690 3830 illis
725 3795 1000 3842 Chrysostomus
1015 3826 1023 3841 ,
1047 3807 1151 3845 atque
1171 3801 1266 3847 ipsos

223 3856 286 3883 a0u
305 3849 376 3888 sine
391 3863 493 3890 causa
524 3865 642 3897 parem
675 3856 932 3899 querimoniam
960 3858 1088 3895 afferre
1117 3863 1264 3899 confite-

961 221 1082 258 ΝυΝο
1109 221 1285 261 PRIMUM
1312 223 1495 260 ADORNA
1503 226 1576 264 ΤΑ.

2337 232 2406 270 230

1343 305 1412 336 tur.
1435 301 1484 336 Ex
1507 302 1612 340 dictis
1642 315 1724 342 vero
1741 307 1817 354 ejus
1837 309 1973 344 eruitur
1999 309 2092 351 illos,
2115 311 2406 356 uisiargritudite

1338 361 1598 408 detinet-exitur,
1619 365 1729 412 ipsius
1749 369 1888 406 videndi
1907 381 2014 406 causa
2045 371 2222 409 Cucusam
2239 381 2407 408 \‘t'nlurns

1341 421 1460 466 fuisse,
1485 423 1517 459 id
1537 425 1631 470 quod
1666 427 1725 464 ille
1753 428 1944 465 admodum
1972 438 2142 478 exoptare
2183 433 2405 468 testificatur.

1338 481 1436 517 Alias
1451 483 1556 520 etiam
1578 485 1664 531 ipsis
1685 487 1779 524 misit
1808 490 1991 535 epistolas,
2007 503 2136 539 nempe
2158 495 2214 536 l9,
2233 495 2292 535 65,
2324 495 2405 533 100.

1339 549 1374 578 et
1392 543 1460 580 £29
1481 555 1489 579 :
1513 544 1546 580 in
1567 547 1668 592 queis
1681 549 1805 584 eadem
1825 549 1900 596 ipsa
1919 555 2060 598 repetit.
2073 555 2138 590 sibi
2155 555 2322 592 nimirum
2338 566 2408 591 S:t'-

1339 604 1418 650 pius
1437 606 1614 643 scribendi
1637 608 1816 646 licentiam
1847 622 1865 647 a
1890 613 2115 658 prmdouibus
2147 617 2276 654 lsauris
2301 618 2406 664 eripi,

1338 664 1597 714 literarumque
1616 669 1852 717 frequentiam
1880 681 2050 720 exoptare
2071 686 2110 711 5e
2138 678 2357 715 testificatur.

1386 727 1562 764 Marciano
1577 731 1683 768 etiam
1705 733 1806 770 alteri
1831 735 1989 771 Tribuuo
2011 737 2198 784 epistolam
2220 749 2259 776 se
2279 741 2398 778 misis-

1337 797 1377 823 se
1399 797 1658 828 commemorat
1681 793 1808 840 (Epist.
1828 795 1892 832 ‘2“
1918 797 1944 842 ),
1968 808 2046 841 qua:
2061 800 2134 842 jam
2155 800 2284 836 amissa
2299 808 2382 847 puta

1339 848 1545 909 tur.Sedin
1565 853 1714 898 epistola
1738 855 1806 890 122
1829 856 1874 892 ad
1905 857 2004 893 illum
2039 860 2146 896 missa
2175 871 2406 909 summopere

1339 907 1457 971 laudat
1477 910 1590 953 illum,
1607 914 1700 960 quod
1715 917 1926 962 pupillorum
1949 921 2184 964 patrocinium
2217 907 2403 971 suscipiat.

1337 969 1522 1008 viduarum
1538 984 1728 1012 mmrorem
1745 977 1864 1021 leniat,
1879 989 2122 1028 pattpt‘t‘lult'm
2137 983 2229 1021 levet
2245 969 2406 1032 plebem-

1337 1041 1406 1077 que
1420 1033 1620 1072 univcrsam
1634 1036 1826 1082 frumento,
1846 1043 1943 1084 vino,
1973 1045 2052 1081 oleo
2073 1045 2222 1093 aliisque
2241 1049 2406 1086 omnibus

1337 1093 1445 1130 rebus
1463 1096 1600 1140 alat,nc
1619 1110 1682 1144 pro
1693 1111 1793 1139 more
1808 1109 1841 1141 ut
1858 1105 1924 1141 sibi
1948 1105 2151 1153 frequenter
2169 1111 2299 1147 scribat
2319 1111 2404 1149 hor-

1339 1159 1445 1190 tatur.
1466 1156 1672 1196 Marcellino
1688 1163 1794 1198 etiam
1817 1171 1853 1200 ut
1872 1167 1986 1204 amiCo
1998 1171 2107 1206 veteri
2129 1173 2250 1208 scribit
2270 1175 2404 1220 cpisto-

1340 1215 1391 1251 las
1409 1217 1449 1254 5|
1471 1224 1506 1254 et
1522 1219 1602 1263 188,
1621 1221 1745 1258 cadent
1767 1224 1841 1262 fere
1861 1229 1934 1273 ipsa
1963 1239 2042 1276 qua:
2063 1232 2096 1267 in
2129 1237 2270 1272 etcteris
2287 1215 2403 1274 cunu-

1341 1278 1432 1315 tians
1455 1292 1561 1317 :nam
1582 1282 1778 1322 innumera:
1805 1298 1896 1333 pene
1927 1298 2009 1328 sunt
2035 1293 2194 1338 ejusdem
2233 1296 2357 1336 furtiue
2372 1308 2404 1336 ct

1341 1341 1474 1377 tenoris
1491 1343 1665 1390 cpistola.
1690 1347 1868 1384 Antiocho
1901 1350 1984 1388 item
2009 1355 2124 1390 amico
2144 1356 2268 1392 scribit
2299 1359 2406 1405 epist.

1340 1401 1422 1466 1-89.
1443 1403 1686 1442 difficultatem
1717 1409 1896 1448 scribendi
1929 1413 1976 1450 ob
1997 1415 2262 1456 tabellariorum
2292 1401 2404 1466 penu-

1339 1463 1427 1498 riam
1441 1475 1656 1512 memorans,
1675 1467 1879 1516 frequentes
1903 1473 1948 1510 ab
1978 1485 2021 1512 eo
2041 1477 2161 1514 literas
2199 1463 2338 1526 petens,
2359 1483 2404 1518 il-

1341 1523 1484 1571 lumque
1498 1528 1724 1568 Artemidore
1738 1533 1878 1570 cuidam
1894 1539 2120 1576 commendat
2143 1541 2175 1576 in
2197 1523 2304 1588 epist.
2324 1545 2404 1582 I77.

1341 1587 1488 1633 Alypius
1507 1601 1590 1626 vero
1601 1593 1743 1638 quidam
1757 1594 2010 1644 Chrysostomo
2031 1587 2404 1646 admodumaddictus

1341 1647 1406 1694 ipsi
1435 1650 1531 1694 prior
1544 1654 1736 1699 scripserat
1772 1659 1878 1703 epist.
1903 1659 1915 1707 (
1936 1661 2017 1704 186,
2042 1663 2150 1711 178),
2172 1666 2264 1702 haud
2298 1667 2405 1707 dubie

1339 1721 1418 1746 cum
1444 1715 1559 1759 primo
1577 1715 1752 1754 Cucusnm
1763 1719 1977 1764 advenisset,
1988 1725 2050 1760 sed
2067 1736 2147 1762 cntn
2159 1731 2405 1775 excusatione,

1338 1783 1384 1810 ne
1395 1784 1438 1810 ex
1460 1775 1515 1840 illa
1539 1777 1765 1818 festinatiOuc
1781 1784 1879 1828 quasi
1897 1785 2088 1824 admodum
2103 1800 2402 1840 prmecpsarguc-

1337 1840 1448 1898 retur.
1469 1835 1674 1884 Respondet
1690 1842 1738 1878 illi
1763 1842 2055 1893 Chrysostomus,
2074 1859 2136 1894 se,
2159 1857 2196 1887 ut
2217 1835 2407 1898 prius-ldiﬁ-

1337 1897 1490 1942 gentiam
1503 1906 1538 1935 et
1557 1899 1818 1940 festinationem
1834 1906 1910 1951 ejus
1930 1907 2149 1956 laudaverat,
2171 1897 2244 1960 jam
2261 1915 2406 1951 tardita-

1337 1962 1406 1994 tem
1422 1969 1586 2006 arguere.

1385 2021 1438 2058 Ad
1458 2023 1658 2060 Euthaliam
1687 2037 1828 2074 quoque
1865 2031 2004 2075 pietatis
2031 2034 2222 2080 singularis
2238 2037 2405 2076 feminam

1337 2081 1458 2119 literas
1477 2085 1573 2121 misit
1592 2086 1651 2130 5‘2,
1675 2088 1754 2130 l78,
1785 2091 2016 2138 queriturque
2040 2095 2134 2140 quod
2167 2098 2298 2134 multas
2314 2099 2404 2145 ipse.

1337 2153 1466 2189 paucas
1482 2145 1539 2180 illa
1561 2148 1627 2184 sibi
1663 2149 1783 2187 literas
1810 2153 1939 2197 mittat,
1969 2154 2126 2203 dicitque
2161 2164 2296 2196 tantum
2337 2162 2404 2198 sibi

1336 2205 1500 2250 gaudium
1517 2209 1710 2246 amicorum
1727 2211 1848 2249 literas
1864 2214 2006 2261 afferre,
2026 2224 2063 2253 ιιι
2083 2219 2284 2257 solitudinis
2301 2224 2405 2261 mole-

1337 2265 1584 2305 stiamnullam
1601 2273 1742 2308 sentiat.
1773 2275 1863 2311 Cum
1900 2279 2090 2325 Amprucla
2124 2288 2159 2318 et
2191 2284 2404 2329 quihusdam

1338 2327 1430 2370 aliis,
1447 2338 1525 2375 quae
1540 2341 1620 2367 cum
1650 2333 1708 2368 illa
1723 2336 1969 2379 versabantur,
1997 2342 2123 2386 majori
2143 2327 2250 2380 etiam
2272 2347 2402 2384 carita-

1339 2387 1384 2450 tis
1404 2389 1546 2426 vinculo
1565 2401 1676 2428 nexus
1689 2392 1796 2430 fuisse
1817 2396 1970 2440 videtur,
1985 2406 2021 2434 ut
2035 2411 2077 2436 ex
2101 2409 2252 2446 quatuor
2267 2407 2400 2450 episto-

1339 2446 1384 2511 ξε
1402 2448 1444 2484 ad
1467 2449 1562 2485 in..."
1585 2452 1700 2488 missis
1719 2453 1832 2490 tribus
1850 2456 1861 2500 (
1880 2457 1962 2500 tet,
1988 2459 2070 2502 tos,
2091 2459 2138 2498 96
2158 2461 2171 2509 )
2195 2446 2403 2511 percipitur.

1341 2507 1628 2555 EratAmprucla
1648 2512 1797 2552 fortasse
1814 2515 1918 2563 Syra,
1932 2518 1986 2554 vel
2005 2507 2319 2562 alteriusvfortass‘c
2339 2507 2404 2564 na;

1341 2570 1579 2618 tionis,neqnc
1593 2573 1714 2610 Graece
1728 2577 1886 2614 scribere
1894 2579 2043 2623 sciebat;
2057 2592 2100 2618 ex
2117 2583 2258 2620 sincero
2270 2593 2403 2632 autem,

1339 2642 1408 2678 quo
1425 2641 1506 2678 erga
1519 2631 1810 2682 Chrysostomum
1830 2639 2166 2684 tenebatur,afl'ectu
2185 2652 2308 2682 vexata
2327 2631 2404 2684 ma?

1339 2692 1455 2739 lisque
1475 2694 1596 2730 multis
1616 2702 1652 2731 et
1666 2695 1723 2732 illa
1750 2703 1786 2734 et
1803 2699 1910 2735 socia.-
1930 2709 2004 2736 Sum
2021 2712 2112 2748 pene
2131 2704 2258 2742 obruta
2275 2706 2402 2744 fuerat.

1339 2752 1439 2790 illam
1457 2765 1542 2792 vero
1561 2756 1698 2793 solatur
1729 2757 2019 2806 Chrysostomus,
2060 2767 2247 2810 praesentia
2286 2770 2404 2806 omnia

1339 2814 1431 2852 ﬂuxa
1453 2822 1531 2853 esse
1546 2817 1682 2858 dicens.
1701 2817 1816 2856 futura
1836 2827 1954 2858 autem
1975 2823 2066 2861 bona
2080 2825 2178 2862 firma
2194 2834 2229 2864 et
2249 2829 2280 2864 in
2295 2836 2402 2868 teter-

1339 2889 1422 2915 num
1455 2882 1648 2916 manentia.
1689 2881 1908 2920 llarmatium
1931 2896 2028 2931 vero,
2050 2889 2202 2934 probum
2237 2891 2350 2930 virum
2370 2900 2404 2930 et

1339 2941 1634 2990 opulentum,qui
1648 2942 1851 2982 hominibus
1862 2946 1938 2984 suis
1959 2948 2208 2995 imperaverat.
2230 2960 2268 2988 ιιι
2284 2955 2402 2992 omnia

1338 3003 1466 3049 quibus
1484 3013 1590 3048 egere
1614 3012 1734 3051 posset
1747 3005 2028 3056 Chrysostomus
2039 3011 2107 3058 ipsi
2117 3013 2402 3061 suppeditarent,

1337 3063 1450 3101 literis
1465 3065 1568 3112 suis(
1587 3065 1632 3102 75
1647 3066 1658 3114 )
1672 3073 1793 3104 mouet
1807 3069 1873 3104 sibi
1889 3071 2008 3107 omnia
2037 3071 2198 3118 affluere,
2218 3081 2304 3112 etse
2321 3078 2404 3114 nul-

1339 3124 1373 3160 lo
1391 3134 1480 3171 Opus
1497 3125 1642 3170 habere,
1663 3127 1726 3164 sed
1757 3129 1785 3164 si
1806 3129 1996 3176 gratificari
2017 3133 2084 3170 sibi
2116 3135 2215 3179 velit,
2236 3137 2348 3175 literis
2367 3149 2407 3176 se

1339 3185 1543 3232 frequenter
1561 3187 1606 3225 de
1623 3199 1686 3225 sua
1699 3195 1736 3226 et
1764 3189 1908 3228 familia:
1929 3193 2036 3231 totius
2051 3196 2254 3234 valetudine
2271 3199 2405 3236 certio-

1336 3258 1411 3284 vem
1433 3249 1550 3287 faciat.

1386 3311 1532 3359 llyemis
1553 3323 1638 3350 vero
1653 3320 1824 3360 tempore,
1837 3316 1912 3352 sive
1925 3316 2052 3366 hyeme
2073 3319 2230 3365 ineunte,
2245 3335 2320 3358 cum
2331 3325 2406 3372 jam

1339 3371 1466 3418 Ityentis
1481 3380 1612 3422 tempus
1629 3374 1700 3412 vias
1720 3375 1970 3421 intercluderet,
2002 3379 2166 3418 Musonio
2187 3371 2402 3429 scnpsitrep.

1337 3434 1407 3472 9.16
1425 3447 1432 3470 :
1453 3445 1558 3482 qutun
1594 3436 1716 3472 laudat
1741 3447 1760 3472 a
1781 3439 1985 3477 sinceritate
2011 3444 2184 3487 caritatis,
2206 3446 2250 3480 ab
2267 3445 2400 3480 amoris

1337 3496 1480 3541 ardore,
1503 3498 1547 3534 ab
1565 3498 1674 3534 animi
1708 3502 1920 3546 constantia,
1955 3503 2000 3539 ab
2019 3504 2237 3551 ingenuitate
2256 3505 2402 3540 simula-

1339 3559 1444 3594 tionis
1463 3565 1610 3605 cxpertc
1628 3571 1636 3603 ;
1659 3561 1820 3606 queritur
1833 3569 1965 3606 autem,
1981 3565 2075 3612 quod
2092 3566 2256 3609 licetjam
2271 3573 2380 3599 secun
2391 3583 2401 3589 -

1337 3620 1384 3656 do
1401 3621 1534 3656 scribat
1546 3621 1625 3667 ipsi,
1639 3623 1770 3658 nullam
1783 3623 1900 3660 adhuc
1911 3626 1989 3671 ejus
2003 3625 2181 3670 acceperit
2197 3621 2400 3668 epistolam.

1338 3681 1431 3728 quod
1451 3682 1630 3718 silentium
1663 3684 1798 3720 crebris
1831 3685 2011 3722 desiderat
2041 3683 2200 3730 epistolis
2229 3691 2396 3726 compca--

1339 3744 1423 3780 sari.

1389 3805 1500 3854 Magis
1519 3808 1710 3844 indurescit
1731 3809 1765 3843 in
1785 3808 1902 3842 exsilio
1917 3815 2018 3849 quam
2033 3803 2336 3848 Constantinopoli.
2361 3823 2389 3830 -

1339 3866 1494 3904 Joannes
1511 3878 1594 3905 vero
1614 3870 1646 3903 in
1677 3869 1803 3904 exsilio
1823 3867 1955 3910 degens
1995 3863 2104 3908 magis
2133 3863 2399 3909 inclarescebat,
