2742 4342
343 277 408 316 ρει
1092 267 1130 305 s.
1158 266 1346 304 JO.\NNIS
1373 263 1700 303 cunvsosrout
1731 264 1856 308 vtrA,
2479 275 2533 313 πε

341 365 447 401 quam
466 362 546 388 cum
567 347 766 385 Antiochia:
783 346 836 382 vel
869 344 1183 390 Constantinopoli
1200 351 1297 380 esset
1316 344 1327 390 (
1351 343 1420 380 So-

341 415 472 452 10112.1.
501 412 537 449 8.
572 422 604 446 c.
637 409 729 456 27).
761 405 850 444 Cum
891 408 987 444 enim
1011 407 1172 453 peunnis‘
1207 405 1422 450 abundaret,

339 486 427 524 quas
443 481 515 510 tum
537 471 722 520 Olympias
735 470 952 512 diaconissa.
978 476 1051 506 tum
1073 469 1133 505 alii
1155 468 1255 505 multi
1289 468 1426 505 submi-

339 537 554 580 ni-trabant,
571 537 732 581 captivos
743 533 918 582 plurimos
937 532 983 569 ab
999 533 1132 569 lsauris
1152 531 1318 576 redemit,
1334 531 1426 567 mul-

339 602 382 635 tis
401 599 508 636 etiam
527 597 650 645 egenis
677 596 881 633 necessaria
918 595 1067 642 largitus
1082 601 1160 636 est;
1183 605 1259 636 cos,
1279 593 1340 640 qui
1363 604 1424 640 pc-

341 661 458 699 cuniis
479 671 549 697 non
573 659 740 708 egebant,
761 658 951 705 colloquiis
972 658 1038 693 sibi
1072 657 1300 693 conciliabat.
1321 657 1425 692 Erat-

336 735 406 772 que
422 723 616 760 admodum
632 733 738 759 carus
759 729 832 758 tum
850 720 1018 758 Armenis
1039 719 1133 767 apud
1153 729 1242 766 quos
1256 718 1423 766 degebat,

338 796 412 825 tum
433 787 594 823 finitimis
604 785 785 821 ontnibus.
801 784 902 821 Multi
922 783 1082 831 quotidie
1102 782 1146 818 ad
1160 793 1242 818 eum
1263 781 1427 819 conflue-

340 850 426 886 bant
443 858 488 885 ex
504 847 591 884 urbe
613 846 816 890 Antiochia,
837 857 881 883 ex
893 845 996 894 Syria
1015 853 1051 882 et
1066 856 1110 882 ex
1125 845 1264 881 Cilicia.
1287 846 1422 891 Atque,

338 917 377 947 ut
397 909 559 958 pluribus
579 909 669 946 infra
685 908 839 950 dicetur,
869 918 932 945 eos
953 908 1013 955 qui
1049 906 1277 953 evangelium
1295 906 1426 952 praedi-

337 974 468 1010 cabant
486 973 520 1009 in
540 971 923 1018 Pbmnieia,juvabat,
947 977 983 1007 et
998 970 1144 1007 munitis
1159 975 1196 1006 et
1216 969 1423 1017 largitioni-

339 1035 419 1080 bus,
438 1034 528 1070 alios
545 1044 688 1081 quoque
707 1033 868 1075 mittens,
897 1032 957 1080 qui
979 1032 1096 1069 cidem
1118 1032 1220 1078 operi
1239 1031 1426 1068 incumbe-

340 1103 417 1133 rent
436 1109 444 1133 :
461 1097 642 1144 etiamque
662 1095 878 1132 Gotthorum
902 1101 938 1131 et
957 1095 1150 1131 Persarum
1162 1093 1344 1130 Ecclesias
1364 1104 1426 1130 cu-

339 1159 454 1196 rabat.

387 1220 606 1268 Porphyrius
637 1221 671 1257 in
697 1221 929 1268 episcopatum
966 1220 1216 1256 Antiochenam
1249 1220 1416 1256 inti-usus.

338 1304 386 1310 —
404 1282 484 1320 lllos
505 1289 626 1320 autem
646 1283 704 1330 qui
721 1283 786 1319 sibi
807 1282 940 1318 addicti
972 1288 1088 1326 erant,
1120 1289 1191 1318 tam
1222 1281 1426 1318 (loastanti-

341 1347 474 1394 nopoli,
495 1358 602 1394 (piam
621 1346 838 1389 Antiochia‘,
859 1347 894 1382 in
927 1346 1098 1382 aerumnis
1119 1346 1200 1381 ideo
1220 1352 1421 1388 versantes,

342 1411 486 1447 fovebat
517 1410 811 1457 sustentabatqne
851 1419 917 1456 pro
949 1409 1085 1444 viribus
1107 1408 1264 1456 (Pallad.
1283 1407 1424 1456 Dia/ag.

341 1472 482 1508 Sozam.
523 1471 547 1507 ι.
569 1471 605 1508 8.
643 1483 674 1507 c.
699 1471 744 1508 24
763 1472 790 1519 ).
812 1471 903 1508 Cum
941 1481 1029 1506 vero
1058 1470 1252 1506 Flavianus
1287 1471 1428 1517 cpisco-

342 1544 407 1577 pus
419 1539 581 1569 mortuus
597 1540 693 1570 esset
718 1544 812 1569 anno
828 1533 912 1576 tot,
951 1531 1174 1580 Porphyrius
1194 1532 1247 1567 vir
1269 1542 1288 1566 a
1305 1530 1426 1577 probis

341 1594 502 1630 moribus
532 1595 763 1638 abhorrens,
795 1605 877 1631 sese
915 1593 1180 1630 Antiochenam
1214 1592 1424 1639 episcopum

341 1663 422 1701 post
439 1655 604 1692 Flaviani
627 1656 762 1692 obitmn
784 1657 938 1703 indignis
968 1656 1084 1692 modis
1112 1656 1271 1691 ordinari
1288 1655 1427 1690 curavit

341 1716 387 1752 ab
422 1716 553 1752 Acacio
580 1715 756 1764 (Pallad.
791 1717 966 1764 Dialog.),
997 1717 1193 1753 Severiano
1229 1722 1264 1751 et
1301 1717 1427 1752 Antio-

338 1779 424 1822 cho,
444 1779 636 1826 statimque
665 1779 913 1827 Chrys-tistouti
949 1779 1243 1816 comlenniatimri
1265 1779 1425 1815 subscri-

342 1843 436 1890 psit:
457 1850 678 1890 quapropter
713 1844 816 1880 inulti
838 1845 872 1880 in
910 1844 1012 1891 Syria
1037 1843 1081 1879 ab
1119 1842 1197 1889 ejus
1236 1842 1420 1878 consortio

339 1915 422 1942 sese
442 1911 730 1951 sequestrarnnt,
763 1917 804 1941 ac
825 1905 975 1941 scorsim
998 1905 1168 1940 Collertas
1184 1903 1424 1947 Celebrantes,

339 1969 469 2005 multas
489 1962 670 2005 germanas
684 1976 726 2005 ae
742 1969 926 2005 molestias
942 1974 1024 2004 sunt
1041 1966 1217 2015 perpessi.
1232 1965 1319 2002 Nam
1341 1966 1424 2002 Cle-

344 2041 406 2066 rus
422 2029 669 2066 Antiochenus
703 2029 877 2076 insignior
905 2029 996 2064 clam
1028 2027 1170 2074 plebem
1203 2027 1423 2073 colligebat,

342 2091 598 2128 accedentibus
619 2092 727 2127 etiam
750 2090 960 2138 mulieribus
975 2101 1054 2136 (pne
1082 2089 1210 2134 Opibus
1227 2089 1422 2134 pollebant.

340 2153 428 2187 'l‘ota
459 2151 533 2187 fere
553 2152 778 2188 Autiochena
798 2151 958 2187 Ecclesia
977 2150 1127 2187 Joannis
1144 2150 1319 2187 inviscndi
1336 2161 1425 2187 cau-

343 2225 380 2248 sa
403 2215 436 2249 iu
455 2215 665 2250 Armeniam
685 2214 865 2260 migravit,
896 2219 933 2249 et
968 2213 1002 2248 in
1035 2212 1152 2249 reditu
1195 2224 1320 2249 ninnes
1347 2214 1426 2260 ejus

345 2275 610 2321 jbilosophiam
629 2275 904 2322 pnediearunt:
933 2285 1013 2322 qua:
1049 2285 1106 2312 res
1139 2274 1426 2314 Severiauumet

343 2337 579 2385 Porphyrium
598 2338 644 2374 ita
659 2337 858 2380 mordebat,
874 2343 912 2374 ut
927 2339 1006 2384 ejus
1026 2337 1107 2375 ideo
1125 2345 1323 2375 extremam
1341 2351 1425 2386 per-

348 2401 478 2438 niciem
501 2402 726 2438 molirentur.

390 2464 463 2500 lloc
482 2465 627 2500 circiter
642 2471 784 2511 tempus
810 2465 990 2503 Cucusum
1011 2467 1109 2504 venit
1130 2468 1321 2515 presbyter
1339 2468 1420 2516 qui-

340 2526 421 2562 dam
440 2538 458 2560 a
481 2526 618 2563 Domno
630 2528 799 2574 episcopo
819 2527 863 2564 ad
881 2528 1056 2566 Joannem
1076 2531 1222 2566 missus.
1245 2530 1330 2566 Erat
1351 2542 1418 2566 au-

341 2596 413 2625 tem
430 2589 589 2626 Domnus
610 2590 677 2636 ipsi
711 2591 1044 2638 conjunctissimus,
1066 2603 1173 2640 quem
1209 2600 1312 2640 rogat
1347 2593 1424 2630 fre-

339 2658 493 2697 quenter
524 2652 646 2688 literas
665 2652 782 2688 solatii
822 2663 928 2690 causa
963 2654 1030 2691 sibi
1064 2655 1193 2691 mittat.
1230 2656 1425 2692 Accessere

339 2724 482 2761 quoque
499 2714 557 2750 alii
578 2715 779 2762 presbyteri
809 2715 922 2762 ipsius
945 2717 1120 2754 invisendi
1152 2717 1280 2764 gratia,
1299 2724 1336 2754 et
1357 2717 1424 2754 for-

341 2777 445 2813 tassis
463 2777 692 2821 Antioclieni,
712 2778 842 2825 quibus
861 2778 906 2815 ad
937 2789 1001 2816 sua
1020 2780 1286 2817 revertentibus
1301 2781 1424 2818 lit-cras

339 2838 438 2876 dedit
453 2840 496 2876 ad
518 2840 698 2886 Elpidium
719 2841 928 2888 episcopum
959 2842 1188 2884 deferendas,
1211 2854 1270 2890 cp.
1290 2843 1338 2881 25
1359 2856 1367 2880 :
1388 2845 1422 2880 in

339 2911 489 2946 quarum
504 2902 684 2950 principio
698 2903 799 2946 dicit,
817 2913 856 2940 se
872 2904 1099 2950 frequentius
1113 2905 1180 2950 ipsi
1201 2906 1422 2951 scripturum

342 2961 463 3004 fuisse,
483 2964 549 2999 nisi
572 2964 751 3000 latronum
771 2973 903 3009 metus,
923 2966 1007 3001 anni
1027 2971 1237 3012 tempestas,
1256 2973 1292 3003 et
1309 2967 1424 3004 tabel-

341 3025 511 3064 lariorum
530 3028 663 3074 inopia,
682 3028 887 3066 facultatem
906 3029 973 3065 sibi
991 3029 1214 3072 adimerent;
1237 3039 1423 3076 precntur-

341 3097 410 3131 que
429 3093 469 3124 ut
487 3088 697 3136 frequenter
733 3100 772 3126 se
812 3090 924 3126 literis
959 3090 1162 3137 compellet.
1201 3091 1421 3128 Eorumdem

342 3149 630 3196 presbyterorum
663 3153 863 3190 ministerio
879 3153 1004 3190 eadem
1025 3163 1115 3199 pene
1140 3154 1213 3199 ipsa
1238 3153 1362 3190 scribit
1379 3155 1422 3190 ad

342 3207 505 3255 Magnum
541 3212 765 3259 episcopum.
811 3215 907 3250 Dona
939 3220 1057 3251 autem
1094 3215 1422 3262 undiqueaceipie-

343 3267 398 3305 bat
415 3280 435 3306 a
467 3273 552 3308 viris
575 3275 708 3319 probis,
721 3277 967 3323 etinsignibns
999 3278 1141 3315 feminis
1156 3279 1248 3326 atqui
1269 3280 1424 3326 bonique

342 3332 557 3378 amantibus,
578 3335 625 3370 ita
644 3342 683 3372 ut
715 3347 837 3374 rerum
869 3340 1030 3377 omnium
1057 3343 1160 3388 copia
1198 3343 1412 3379 abundaret.

343 3395 572 3440 Quapropter
591 3405 672 3432 cum
705 3399 866 3444 quotidie
903 3403 1114 3439 muneribus
1138 3413 1199 3440 res
1233 3402 1422 3440 familiaris

343 3455 433 3491 ultra
451 3456 596 3493 modum
613 3468 818 3506 augeretur.
833 3464 944 3510 coapit
963 3465 1024 3502 ille
1042 3466 1419 3503 donantilmsmnnera

343 3517 540 3562 remittere,
563 3526 652 3557 etut
679 3521 852 3570 largiendi
881 3526 988 3564 linem
1025 3526 1188 3565 facerent
1223 3538 1364 3575 rogare,
1383 3534 1421 3564 ut

343 3578 463 3616 videre
481 3581 584 3618 estin
603 3583 763 3629 epistolis
781 3586 829 3624 50
845 3587 890 3624 ad
928 3588 1135 3636 Diogenem,
1168 3589 1209 3626 6t
1234 3589 1278 3625 ad
1298 3588 1419 3625 Theo—

341 3641 522 3679 dotumex
545 3643 817 3692 Consularibus,
848 3656 886 3686 et
920 3651 993 3687 252
1009 3651 1054 3688 ad
1086 3649 1299 3687 Carteriam.
1335 3651 1420 3686 hio-

339 3713 449 3744 genes
471 3714 560 3742 vero
575 3705 668 3744 dona
701 3719 765 3746 sua
799 3711 948 3748 miserat
969 3722 1033 3758 per
1052 3712 1284 3758 Apliraatem,
1304 3712 1419 3748 virum

342 3764 667 3812 religiosissimum.
681 3783 787 3818 quem
818 3773 979 3820 jusscrat
1002 3773 1262 3821 ChrySostomo
1282 3774 1418 3810 nolenti

343 3834 488 3864 munera
510 3831 726 3879 relinquere.
753 3835 956 3882 Aphraatcs
977 3847 1022 3872 ne
1043 3836 1165 3872 literas
1197 3837 1342 3882 quidem
1374 3837 1418 3872 ab

343 3884 462 3951 illo-se
480 3900 710 3938 accepturum
739 3908 820 3933 esse
841 3899 1056 3938 minabatur,
1081 3899 1146 3933 nisi
1169 3897 1246 3944 ipse
1267 3908 1416 3935 munera

343 3951 531 3990 al"ﬂleret.
556 3954 834 4001 tilu-ysostontus
869 3969 953 3994 vero
982 3959 1240 4005 componendm
1263 3957 1313 3995 rei
1336 3970 1414 3994 mo-

1502 342 1585 378 dum
1620 343 1803 385 excitavit,
1839 342 2098 390 epistolamque
2133 343 2284 382 misit5l
2320 346 2466 395 Diogeni,
2480 363 2533 398 qua

1500 403 1666 440 hortatur
1687 405 1802 447 illum,
1817 411 1854 439 ut
1875 404 2089 450 Aphraatem
2105 405 2224 452 jubeat
2259 419 2395 444 uulnera
2414 410 2464 446 illa
2483 414 2531 448 de-

1499 466 1593 503 ferre
1613 468 1646 503 in
1683 467 1919 510 Phrenieiam,
1934 468 2072 514 illisque
2093 469 2220 506 offerre
2237 470 2535 519 quiregionisisum

1499 530 1652 576 gentiles
1687 529 1731 564 ad
1765 529 2004 566 Christianam
2036 530 2139 566 fidem
2175 530 2345 570 adducere
2370 535 2530 578 curabant,

1501 593 1594 628 unde
1615 593 1728 639 major
1745 593 1878 629 utilitas
1891 593 2006 629 futura
2033 601 2123 630 erat.
2150 595 2232 632 lude
2260 607 2338 633 vero
2356 599 2536 644 coajicuuus

1503 653 1696 701 Diogenem
1720 655 1820 691 illum
1851 654 2052 692 Antiochim
2070 655 2190 700 fuisse,
2221 665 2322 705 atque
2350 661 2535 707 Apltraateiu

1501 718 1535 754 in
1559 717 1674 754 reditu
1698 729 1762 754 suo
1776 729 1840 765 per
1854 718 2075 755 Pbteuiciam
2097 718 2203 756 fuisse
2231 722 2460 759 transitunm.

1548 780 1706 816 Carteria
1728 791 1815 817 vero
1831 787 1930 817 tanto
1947 791 2031 828 erga
2055 780 2342 829 Chrysostomum
2361 784 2474 821 affectu
2491 785 2535 824 fe-

1500 841 1663 887 rebatur,
1681 849 1718 878 ut
1735 844 1800 879 nisi
1820 844 1922 890 gravi
1941 843 2067 880 morbo
2084 845 2224 881 detenta
2241 844 2535 890 fuisset,Cucusum

1499 905 1577 952 ejus
1594 904 1732 941 visendi
1747 915 1855 942 causa
1872 905 2073 952 profectura
2089 905 2225 950 fuisset,
2239 914 2275 943 ut
2287 907 2386 953 liquet
2399 919 2436 944 ex
2448 911 2533 955 epist.

1498 967 1569 1003 227
1589 967 1601 1016 (
1617 966 1730 1016 Epist.
1749 967 1834 1016 l8).
1853 967 1978 1004 Morbo
1996 974 2114 1004 autem
2135 975 2373 1014 perseverante
2388 970 2452 1016 ipsa
2468 982 2534 1007 sua-

1500 1037 1561 1078 pte
1576 1042 1684 1068 manu
1699 1038 1882 1078 unguenta
1901 1031 2063 1079 quiedam
2081 1031 2246 1075 confecit,
2263 1042 2337 1079 qum
2355 1032 2535 1080 (Jhrysnsto-

1500 1105 1560 1130 mo
1581 1094 1698 1137 misit,
1724 1100 1762 1130 ut
1790 1095 1901 1142 liquet
1926 1105 1970 1131 ex
1991 1095 2140 1141 epistola
2166 1095 2223 1130 5.5.
2247 1094 2304 1131 llla
2323 1106 2400 1131 vero
2417 1096 2535 1143 longam

1501 1157 1826 1204 peregrinatiOnem
1848 1157 1940 1201 iniit,
1961 1163 1999 1192 ιιι
2015 1156 2131 1194 fertur
2150 1157 2182 1192 in
2201 1157 2302 1203 epist.
2322 1157 2364 1194 Η
2381 1158 2420 1194 ad
2436 1158 2535 1194 Theo-

1499 1220 1622 1256 dotum
1638 1219 1846 1256 diaconum.
1865 1219 1938 1256 Sub
1955 1220 2031 1255 bare
2048 1225 2166 1256 autem
2184 1218 2340 1264 Libanio,
2355 1220 2422 1256 viro
2435 1219 2535 1257 claris-

1499 1285 1612 1327 simo,
1633 1284 1767 1327 suasit,
1791 1291 1829 1319 ut
1847 1283 2026 1320 Cucusum
2046 1281 2290 1330 Chrysostomi
2310 1283 2434 1318 \isendi
2450 1293 2539 1320 causa

1501 1345 1793 1392 proficisceretur
1808 1358 1816 1382 :
1831 1345 1926 1392 quod
1947 1344 2013 1392 ipsi
2028 1343 2219 1380 admodum
2236 1344 2372 1391 placuit,
2391 1351 2423 1380 ut.
2439 1345 2536 1381 videre

1499 1408 1603 1444 estin
1623 1408 1890 1454 elegantissima
1906 1408 2059 1455 epistola
2070 1407 2154 1444 252.
2171 1406 2275 1443 Venit
2291 1417 2369 1454 ergo
2381 1406 2535 1448 Libanius,

1499 1476 1536 1506 et
1556 1471 1749 1516 perexiguo
1768 1477 1932 1517 tempore
1949 1481 2030 1506 eum
2049 1470 2304 1518 Cbrysostomo
2323 1476 2466 1506 versatus
2481 1476 2534 1512 cst,

1500 1540 1538 1569 ut
1568 1533 1602 1570 in
1631 1534 1782 1581 cpistola
1804 1535 1875 1570 250
1896 1534 1940 1570 ad
1972 1533 2149 1580 Elpidium
2169 1533 2366 1580 episcopum
2387 1540 2534 1569 narratur.

1501 1595 1533 1632 ls
1558 1596 1603 1633 de
1629 1597 1736 1634 rebus
1754 1625 1763 1641 ,
1783 1609 1864 1644 quin
1882 1596 2082 1635 Antiochia:
2107 1605 2179 1634 tum
2206 1595 2428 1643 gerebantur,
2450 1596 2536 1642 probe

1501 1659 1698 1696 instructus
1723 1667 1799 1697 erat
1815 1689 1823 1704 ,
1848 1667 1885 1697 et
1909 1661 1954 1698 de
1981 1663 2113 1700 Severa
2140 1662 2246 1698 nubili
2274 1662 2393 1708 piaquc
2415 1658 2537 1694 ntulicrc

1500 1721 1608 1756 multa
1631 1722 1766 1767 retulit,
1787 1733 1893 1769 quain
1918 1735 2114 1771 numquam
2130 1725 2264 1760 viderat
2283 1723 2534 1770 Chrysostomus.

1498 1782 1568 1820 Sed
1589 1794 1632 1820 ex
1654 1791 1800 1821 narratu
1822 1786 1962 1822 Libanii
1985 1793 2103 1823 motus
2121 1787 2273 1823 Joannes
2295 1791 2406 1821 no~ter
2426 1783 2536 1828 episto-

1499 1844 1570 1880 lam
1597 1844 1646 1880 illi
1673 1846 1769 1881 misit
1795 1846 1879 1883 ἓξὲξ).
1903 1847 1992 1884 Cum
2018 1859 2124 1894 porro
2152 1847 2318 1885 Libanius
2338 1847 2444 1885 venit,
2461 1844 2538 1880 Con-

1498 1906 1651 1942 stantius
1680 1907 1739 1943 ille
1770 1909 1959 1956 presbyter
1978 1910 2235 1958 Chrysostomo
2261 1908 2450 1945 carissimus
2473 1914 2540 1940 cuin

1499 1968 1560 2002 illo
1578 1975 1681 2012 erat;
1711 1969 1832 2006 literas
1852 1982 1960 2017 porro
1980 1973 2028 2008 il-li
2049 1973 2143 2009 dedit
2161 1972 2316 2008 Joannes
2333 1970 2373 2006 ad
2391 1968 2538 2005 Constan-

1499 2033 1586 2068 tium
1609 2034 1761 2070 alterum
1785 2037 2035 2084 presbyterum
2059 2035 2284 2072 adferendas.

1547 2095 1671 2131 Adolia
1693 2105 1850 2133 matrona
1871 2099 2082 2134 Antiocheam
2093 2098 2241 2133 caritatis
2251 2095 2538 2141 vincufajuncta.—

1500 2156 1549 2192 Ex
1572 2157 1639 2204 piis
1658 2164 1777 2195 autem
1797 2166 1834 2195 et
1854 2160 2033 2196 nobilibus
2053 2160 2208 2202 feminis,
2229 2169 2306 2205 qu:c
2323 2151 2538 2203 Clirysostonii

1497 2218 1607 2255 ductu
1625 2220 1717 2257 viam
1733 2222 1860 2258 salutis
1873 2224 2123 2270 capessebant,
2139 2223 2268 2259 nullam
2283 2221 2388 2266 magis
2401 2216 2538 2257 curabat.

1499 2282 1670 2329 nullaque
1690 2283 1756 2330 ipsi
1777 2285 1889 2331 magis
1904 2286 2002 2322 cordi
2019 2291 2110 2328 erat,
2123 2295 2227 2332 quam
2244 2283 2375 2323 Adolia,
2389 2286 2538 2318 matrona,

1499 2349 1536 2379 ut
1557 2344 1698 2381 videtur
1711 2373 1721 2388 ,
1741 2347 1978 2383 Antioclicna.
2002 2347 2085 2383 llazc
2117 2357 2200 2383 vero
2219 2344 2362 2382 Libanio
2381 2337 2538 2378 Antiochia

1498 2406 1542 2442 ad
1563 2406 1863 2455 Chrysostomum
1884 2409 2124 2456 proficiscenti
2140 2409 2255 2445 nullas
2273 2406 2410 2443 dederat
2426 2403 2538 2438 literaS.

1498 2479 1577 2514 quae
1597 2478 1704 2505 causa
1726 2481 1795 2507 non
1822 2471 2016 2507 mediocris
2033 2471 2167 2507 doloris
2185 2469 2249 2516 ipsi
2275 2468 2358 2510 fuit,
2379 2471 2412 2501 ut
2429 2465 2458 2500 iu
2477 2461 2536 2506 epi-

1498 2531 1590 2567 stola
1610 2531 1677 2568 251
1702 2533 1926 2571 testificatur.
1949 2533 2007 2569 llla
2028 2543 2112 2570 vero
2128 2543 2166 2569 se
2186 2543 2205 2568 a
2226 2528 2422 2578 propinquis-
2439 2522 2538 2571 prodi-

1499 2599 1570 2629 tam
1593 2595 1716 2640 fnisse,
1739 2606 1938 2643 gravesque
1959 2596 2151 2643 tragoedias
2171 2593 2376 2642 pertulisse,
2397 2589 2482 2636 prius
2494 2584 2537 2618 ιιι.

1497 2663 1612 2693 xerat.
1637 2658 1682 2693 At
1701 2657 1982 2705 Cbrysostomus
2001 2659 2096 2694 illam
2116 2686 2126 2701 ,
2151 2665 2188 2693 ut
2209 2662 2422 2693 terrenarum
2442 2655 2540 2685 rerum

1496 2729 1602 2755 curas
1621 2719 1751 2755 missas
1770 2719 1902 2761 faciat,
1925 2728 1961 2757 et
1985 2720 2028 2756 ad
2048 2731 2086 2757 se
2105 2720 2280 2757 Cucusum
2303 2716 2414 2752 veniat
2429 2710 2533 2747 cohor-

1498 2786 1594 2816 tatur
1613 2780 1721 2827 epist.
1747 2781 1816 2817 155
1833 2809 1842 2826 ,
1866 2782 1962 2818 illam
1983 2782 2146 2818 aditurus
2164 2783 2238 2828 ipse
2255 2809 2264 2822 ,
2290 2779 2317 2815 si
2339 2775 2490 2813 licuisset.
2509 2767 2536 2803 ltl

1498 2842 1664 2878 morbum
1693 2849 1815 2879 autem
1844 2844 1902 2879 illa
1923 2844 2069 2886 incidit,
2090 2850 2128 2880 ut
2150 2845 2182 2879 in
2203 2841 2346 2889 epistola
2365 2837 2406 2875 52
2423 2836 2536 2870 ferul“

1497 2905 1730 2941 nihilominus
1746 2910 1866 2942 tamen
1885 2906 1998 2949 illam,
2016 2913 2054 2942 ut
2071 2906 2212 2953 quando
2228 2915 2288 2951 per
2303 2898 2451 2947 Corporis
2465 2893 2536 2929 vale-

1498 2965 1658 3002 tudinem
1677 2966 1812 3002 licebit.
1831 2967 2013 3004 CuCUsum
2034 2967 2154 3004 veniat
2173 2966 2345 3002 hortatur.
2365 2962 2397 2998 ln
2413 2953 2536 3005 epislola

1496 3038 1582 3064 vero
1596 3028 1641 3064 57
1657 3028 1768 3071 illam,
1781 3029 2073 3076 quandoquidem
2089 3030 2135 3066 ob
2149 3029 2308 3075 corporis
2325 3022 2536 3062 infirmitatem

1495 3091 1565 3127 itcr
1583 3090 1761 3128 Cucusum
1784 3092 1969 3138 suscipere
1988 3102 2058 3128 non
2081 3096 2233 3138 poterat,
2254 3094 2412 3137 precatur
2430 3089 2461 3118 ut
2478 3079 2536 3116 frc-

1495 3155 1733 3200 quentissime
1744 3154 1866 3190 literas
1879 3154 1945 3190 sibi
1960 3155 2091 3198 mittat,
2104 3163 2216 3200 seque
2230 3153 2274 3188 de
2289 3146 2474 3186 valetudine
2485 3149 2536 3207 stt“

1495 3217 1684 3253 certiorem
1707 3216 1828 3253 faciat.
1852 3216 2128 3264 ingravescente
2147 3222 2266 3251 autem
2288 3210 2406 3248 morbo
2431 3201 2537 3264 Malia

1497 3287 1615 3316 tamen
1632 3279 1892 3326 Chrysostomo
1910 3279 2076 3324 scripsit;
2097 3288 2164 3324 qua
2183 3277 2228 3313 de
2246 3286 2284 3312 re
2303 3275 2336 3310 in
2355 3267 2485 3318 cpistola
2499 3260 2537 3298 33

1494 3342 1623 3385 agitur,
1646 3341 1704 3376 ubi
1723 3340 1768 3376 de
1790 3340 1996 3376 valetudine
2013 3340 2092 3386 ejus
2109 3349 2149 3376 se
2163 3337 2354 3375 admodum
2371 3327 2536 3369 sollicitum

1494 3416 1574 3442 esse
1593 3405 1817 3441 testificatur.
2499 3447 2516 3453 __

1543 3469 1713 3504 Autumni
1734 3474 1917 3514 tempore,
1940 3475 2066 3502 mense
2085 3464 2227 3501 circiter
2246 3454 2454 3507 Septembri.
2472 3448 2534 3516 cdt:

1492 3529 1580 3566 dicit
1595 3508 1877 3577 Chrysostomus
1895 3508 2140 3574 presbyteros,
2158 3525 2314 3571 aliosque
2329 3519 2386 3567 qui
2407 3508 2534 3576 incendii

1493 3591 1656 3628 ecclesia:
1673 3588 2082 3635 Coustantinopolitanm
2100 3597 2207 3623 causa
2227 3586 2260 3622 in
2279 3588 2448 3621 carcerem
2464 3578 2536 3634 trust

1492 3650 1650 3696 fuerant,
1665 3652 1820 3688 emissos
1834 3650 2077 3695 liberatosque
2090 3649 2199 3685 fuisse
2212 3658 2253 3684 ex
2271 3647 2344 3691 lege
2354 3641 2396 3678 ~29
2409 3635 2535 3700 Aug-its?

1495 3712 1540 3748 ad
1567 3691 1730 3750 Studium
1753 3712 1966 3749 Praefectum
1995 3691 2418 3756 C'onstantinopolitanum
2438 3699 2448 3744 (
2469 3691 2536 3756 νίίξί

1493 3774 1570 3811 cod.
1603 3775 1773 3812 'l'heodos.
1793 3775 1875 3812 161.
1909 3779 1934 3809 t.
1950 3772 1994 3817 2,
2011 3773 2036 3809 ι.
2058 3773 2118 3809 57.
2137 3785 2172 3818 p.
2193 3771 2252 3814 75)
2267 3781 2275 3802 :
2291 3774 2366 3812 qua:
2397 3759 2536 3796 formsSis

1494 3841 1571 3881 Ipso
1602 3837 1756 3874 sollicite
1789 3835 1994 3882 postulante
2021 3834 2100 3869 data
2135 3833 2246 3867 fuerat
2279 3841 2287 3864 τ
2317 3822 2534 3883 Ultimm???"

1492 3909 1586 3934 enim
1607 3909 1744 3936 amicus
1763 3908 1839 3937 erat
1862 3900 1932 3936 ille.
1954 3899 2028 3935 lloc
2053 3905 2211 3942 tempore
2233 3894 2335 3928 frater
2353 3886 2423 3932 “ll”
2439 3879 2534 3942 09""

1494 3968 1528 3996 et
1556 3959 1835 4007 Chrysostomus
1866 3963 1981 4009 iltstnn
2009 3956 2215 3997 consolandi
2243 3962 2345 3990 causa
2369 3939 2533 3992 t‘l'iswhm

2659 1623 2671 1880 ι
