2742 4342
186 256 253 294 253

187 332 336 378 scripsit,
355 327 473 365 Studia
488 324 654 371 Prw/crto
670 321 762 358 urbis
779 319 983 364 inscriptam
1001 329 1009 353 :
1025 315 1154 361 scripta
1175 314 1230 350 ni—

189 375 312 434 mirum
331 391 391 427 fuit
408 392 562 425 vertente
582 393 676 420 anno
695 381 765 418 40.5
780 408 790 425 ,
809 390 890 416 cum
911 377 1026 414 adhuc
1042 375 1234 412 Prmfeclus

189 457 284 494 urbis
309 461 398 491 esset
417 463 426 486 :
448 459 527 485 nam
548 448 583 483 in
611 447 679 481 line
700 444 802 480 istius
820 441 903 478 anni
931 440 1078 486 Optatos
1099 437 1135 473 in
1156 436 1234 482 ejus

190 518 298 553 locum
317 511 522 549 substitutus
535 535 545 552 ,
566 505 758 543 Przefectns
775 502 872 539 urbis
890 506 1028 537 creatus
1044 503 1112 536 est.

231 575 316 613 Cum
347 578 460 609 autem
492 568 720 616 presbyteros
756 563 836 599 illos
871 572 890 597 a
923 569 1065 596 carcere
1096 557 1234 616 solutos

191 634 417 678 exspectaret,
437 613 621 672 epistolam
643 621 711 658 1M
730 619 871 664 scripsit
892 616 1031 662 Elpidio
1049 613 1234 678 Laodicea:

192 675 360 738 episcopo,
376 685 566 724 venerabili
585 683 660 720 seni
674 688 709 719 et
723 679 946 717 sanctissimo
962 675 1114 723 praesuli,
1127 683 1232 720 quem

192 732 407 796 summopere
428 746 581 784 laudata
602 744 743 790 pietate,
763 752 782 776 a
804 737 987 786 prudentia
1009 743 1044 772 et
1062 746 1081 771 a
1102 732 1236 771 sollici-

194 812 305 849 tudine
320 838 330 853 ,
349 819 415 855 qua
443 807 550 843 totins
568 804 664 841 orbis
687 808 722 838 et
742 801 794 838 sui
817 800 923 837 etiam
947 797 1094 834 Joannis
1113 804 1235 831 curam

193 873 342 919 suscipit.
357 871 443 907 Cum
461 873 606 915 ettperet
619 870 736 901 autem
755 863 811 898 ille
827 862 918 898 scire
936 870 1006 905 quo
1023 861 1057 895 in
1073 864 1165 894 statu
1182 866 1238 892 res

192 917 426 981 Chrysostomi
446 936 527 966 tunc
546 931 688 968 essent;
710 930 828 960 narrat
844 922 902 958 ille
923 931 961 957 se
979 921 1012 956 in
1036 917 1237 955 desertissi-

194 978 282 1028 mum
305 992 415 1027 locum
433 1018 442 1032 ,
463 997 590 1034 nempe
615 986 792 1022 (Incusum
809 1012 818 1025 ,
839 983 1030 1029 relegatum
1051 990 1152 1020 esse.
1175 978 1238 1014 sed

194 1055 225 1090 in
251 1054 365 1100 quiete
393 1057 428 1088 et
457 1048 710 1096 tranquillitate
740 1044 896 1087 versari,
925 1042 1083 1078 omnium
1111 1039 1240 1076 officiis

193 1115 358 1162 gaudere,
377 1118 481 1158 atque
499 1109 612 1146 morbi
631 1108 788 1154 reliquiis
807 1105 964 1152 depulsis
978 1133 988 1148 ,
1005 1103 1077 1151 jam
1098 1103 1239 1139 Isauro-

195 1187 266 1212 rum
295 1182 387 1212 tnetu
417 1175 603 1210 liberatmn
632 1181 712 1207 esse
735 1168 889 1206 :adesse
921 1167 986 1203 sibi
1015 1166 1242 1213 presbyteros

193 1237 428 1274 Constantium
444 1243 478 1272 et
498 1234 697 1275 Evetbinm,
714 1241 927 1278 sperareqne
945 1239 982 1265 se
999 1229 1089 1264 alios
1105 1238 1148 1263 ex
1165 1237 1244 1262 car-

193 1310 269 1336 cere
297 1299 430 1334 solutos
460 1298 503 1333 ad
537 1307 575 1333 se
604 1295 864 1342 quamprimum
895 1291 1122 1327 advolaturos
1148 1299 1241 1325 esse.

194 1359 358 1396 Obsecrat
374 1358 525 1404 denique
550 1357 648 1392 illum
667 1384 675 1398 ,
696 1361 733 1391 ιιι
751 1364 814 1399 pro
835 1363 876 1388 se
896 1362 1019 1398 preces
1041 1351 1162 1386 fundat
1177 1377 1187 1392 ,
1209 1355 1245 1385 et

195 1419 310 1454 literas
327 1418 390 1454 sibi
406 1417 544 1453 mittere
567 1428 610 1451 ne.
624 1415 779 1456 tittsitltll;
793 1416 990 1459 salntatqne
1003 1411 1244 1459 Asyncritium

198 1480 492 1526 religiosissimum
508 1478 766 1524 presbyterum,
777 1474 1107 1520 totnmqneClcrum
1120 1473 1242 1518 ipsius.

194 1541 289 1577 Alias
313 1550 453 1586 quoque
474 1539 640 1584 epistolas
660 1538 801 1583 scripsit
827 1537 869 1572 ad
898 1535 1095 1581 Elpiditun,
1119 1544 1246 1578 nempe

195 1602 276 1643 151,
298 1601 380 1642 158,
401 1599 481 1638 H9...
503 1599 571 1635 250
589 1605 622 1634 et
640 1598 700 1641 95,
719 1608 928 1643 semperque
947 1607 1025 1633 cutn
1043 1606 1168 1642 magna
1188 1606 1246 1630 re-

195 1663 364 1700 verentia)
383 1661 652 1709 significatione.
673 1660 759 1706 Quia
782 1669 866 1695 vero
894 1659 1052 1705 Elpidins
1069 1658 1160 1704 aequi
1183 1657 1245 1692 bo-

195 1725 300 1771 niqne
311 1734 446 1767 amans,
458 1733 570 1768 neque
584 1722 735 1758 Atticum
755 1722 787 1756 in
800 1719 1245 1766 Constantinopolitanum,

196 1795 308 1832 neque
323 1784 556 1830 Porphyrium
574 1784 605 1817 in
623 1782 879 1817 Antiochennm
898 1781 1102 1826 episcopum
1120 1779 1246 1814 admit-

198 1854 268 1882 tere
283 1845 404 1889 voluit,
419 1845 621 1890 episcopatu
636 1843 803 1889 depulsus
817 1842 893 1878 fuit.
909 1841 1038 1878 Verum
1054 1851 1147 1876 anno
1162 1841 1242 1883 408,

197 1915 336 1944 curante
353 1907 554 1944 Alexandro
570 1934 579 1948 ,
605 1905 788 1953 Porphyrii
813 1913 1017 1940 successore
1034 1932 1044 1947 ,
1067 1903 1100 1938 in
1125 1903 1244 1939 sedem

197 1981 290 2006 suam
313 1970 494 2005 restitutus
514 1967 590 2004 fuit.

241 2031 404 2079 (lyriacns
424 2040 562 2077 quoque
580 2027 822 2077 Synnadensis
840 2028 1044 2074 episcopus,
1061 2026 1106 2063 ob
1128 2027 1248 2062 incen-

199 2093 288 2129 dium
307 2103 411 2139 supra
433 2098 664 2128 memoratum
684 2091 718 2125 in
739 2099 918 2125 carcerein
937 2088 1119 2134 eonjectus
1137 2115 1145 2130 ,
1166 2097 1246 2123 cntn

201 2154 406 2202 presbyteris
420 2160 454 2189 et
470 2154 547 2189 aliis
562 2153 699 2189 solutus
713 2158 746 2187 et
764 2151 933 2186 liberatus
952 2150 1068 2185 fuerat
1082 2149 1248 2194 Soptcm-

201 2215 250 2251 bri
272 2225 390 2251 mense
409 2215 574 2256 circiter;
597 2213 659 2248 sed
680 2212 726 2247 ita
748 2218 784 2247 ιιι
801 2211 898 2247 exsul
919 2216 1033 2253 esset,
1054 2215 1091 2245 ut
1117 2209 1184 2244 fert
1205 2209 1248 2243 ti-

203 2278 300 2319 tulus,
319 2277 350 2313 id
367 2284 434 2320 est,
451 2275 757 2320 Constantinopoli
773 2281 806 2310 et
821 2273 982 2309 fortassis
996 2273 1070 2319 ipsa
1085 2271 1249 2319 Synnada

201 2339 368 2374 exclusus.
391 2338 478 2374 Cum
508 2347 612 2384 porro
635 2341 687 2371 tot
703 2335 872 2370 arrumnis
895 2333 1024 2370 fractus
1043 2334 1075 2368 in
1097 2342 1252 2368 interere

202 2407 408 2442 versaretur,
428 2399 614 2446 epistolam
637 2398 705 2434 125
721 2396 769 2431 illi
789 2395 928 2431 czeteris
947 2395 1140 2440 longiorem
1159 2395 1253 2430 misit

201 2458 466 2508 Cluysoﬂomns
486 2474 493 2495 :
516 2471 584 2508 qua
605 2466 643 2496 ut
662 2460 882 2496 calamitates
907 2458 984 2493 illas
1005 2457 1143 2493 fortiter
1163 2458 1254 2493 ferat

203 2522 356 2559 hortatur
371 2552 380 2567 ,
399 2524 631 2569 exemploque
651 2528 856 2558 sanctorum
879 2521 1015 2557 Veteris
1033 2519 1253 2555 'l'estamenti

201 2584 242 2618 ad
262 2584 427 2629 qmclibcl
444 2585 538 2619 illata
559 2584 649 2620 mala
669 2583 877 2619 sustinenda
896 2582 1126 2623 corroborat;
1145 2591 1253 2627 seque

202 2645 313 2690 ipsum
329 2645 363 2679 in
380 2645 578 2690 exutnplnm
595 2646 710 2688 affert,
727 2651 762 2680 ct
775 2650 860 2691 quot
875 2644 977 2679 malis
991 2643 1152 2685 affectus,
1169 2648 1255 2688 quot

201 2707 385 2742 caluumiis
405 2707 582 2753 impetitus
599 2707 702 2743 fuerit
721 2714 881 2744 recenset
898 2719 907 2741 τ
926 2706 1008 2742 hinc
1026 2706 1070 2742 ad
1091 2706 1253 2751 exempla

203 2776 401 2804 Sanctorum
428 2768 516 2804 Novi
534 2768 748 2805 Testamenti
767 2778 803 2804 et
821 2769 1062 2814 apostolorum
1082 2768 1252 2811 vertitur,

206 2838 240 2867 ιιι
259 2832 334 2877 ejus
353 2832 509 2867 animum
528 2831 652 2876 erigat,
674 2830 886 2876 (leniumque
905 2830 959 2867 bis
978 2831 1093 2866 verbis
1113 2830 1253 2876 longam

205 2894 383 2938 epistolam
403 2894 477 2929 sive
495 2893 692 2928 orationetn
710 2892 839 2928 claudit
858 2905 864 2927 :
885 2892 1105 2937 Quamobrem
1125 2898 1156 2927 te
1173 2903 1254 2938 rogo

206 2966 241 2989 uc
266 2956 365 2990 veluti
396 2955 532 3003 genibus
553 2955 617 2989 luis
636 2953 816 2989 advolutus
835 2954 976 2990 obtestor
992 2983 1001 2998 ,
1024 2961 1058 2990 ut
1079 2965 1255 2991 mwrorem

207 3024 234 3052 et
251 3018 369 3052 luctum
387 3019 540 3066 abjicius,
560 3029 599 3053 ac
620 3029 681 3063 pro
700 3017 793 3052 nobis
812 3018 904 3064 apud
924 3017 1030 3053 Deum
1050 3029 1175 3053 memor
1192 3018 1252 3060 sis,

208 3078 354 3126 nobisque
367 3080 540 3115 rescribas.

251 3141 420 3178 Clutlridiu
439 3151 468 3177 et
481 3143 672 3189 Argum-ilia
693 3142 929 3189 Cltrysostomo
944 3143 1104 3178 addclw.
1119 3163 1165 3168 —
1181 3142 1255 3176 Duo

207 3211 302 3239 erant
319 3216 394 3251 qua:
415 3206 479 3241 iter
499 3205 782 3241 intet'clndelzant
803 3206 864 3246 iis,
886 3206 946 3252 qui
966 3206 1008 3240 ad
1032 3205 1253 3241 invisetulum

207 3263 369 3302 Joannem
387 3267 558 3303 (incusum
577 3267 698 3303 venire
718 3268 964 3313 peroptabaal,
987 3268 1150 3304 nimirum
1170 3267 1255 3316 hye-

209 3325 271 3362 mis
291 3332 476 3374 tempestas
495 3335 529 3364 et
551 3329 750 3365 Isaurorum
779 3329 1013 3365 incursiones.
1037 3329 1084 3365 Ea
1106 3340 1190 3365 vero
1211 3329 1256 3364 de

209 3396 308 3423 causa
335 3387 426 3424 haud
446 3388 549 3425 dubie
569 3389 749 3426 Chalcidia
769 3397 802 3425 et
822 3391 1021 3437 Asyncritia
1043 3391 1181 3426 nobiles
1203 3390 1254 3426 fc-

209 3447 308 3486 minte
323 3477 331 3490 .
357 3449 422 3496 ipsi
437 3451 590 3487 caritatis
608 3452 750 3488 vinculo
765 3453 896 3498 juncta:
911 3481 920 3493 ,
941 3463 1021 3498 qua:
1038 3453 1253 3500 Chrysosto~

206 3520 298 3546 ιιιιιιιι
328 3511 477 3549 invisere
500 3522 724 3560 summopere
744 3513 935 3559 enpiebant
951 3541 960 3554 ,
980 3525 1018 3549 se
1038 3524 1058 3549 a
1078 3515 1255 3560 carpenda

207 3571 254 3608 L'ia
275 3571 326 3606 his
339 3572 381 3608 de
395 3574 509 3610 causis
526 3574 698 3612 deterreri
717 3575 970 3622 (ihrysostomo
988 3575 1176 3623 scripsere.
1196 3577 1256 3612 Ille

204 3638 287 3667 vero
305 3633 485 3678 epistolam
503 3635 574 3672 242
589 3637 732 3683 scripsit
752 3647 760 3671 :
783 3635 877 3671 nulla
895 3635 979 3671 dicit
999 3635 1084 3681 ipsis
1101 3646 1180 3671 esse
1196 3647 1258 3672 ex-

208 3695 388 3736 'ltvalione
407 3705 493 3741 opus
511 3724 520 3741 ,
547 3698 685 3744 sibique
715 3697 894 3733 sincerum
924 3695 1062 3732 illarum
1090 3697 1254 3733 affectum

211 3759 274 3786 non
305 3752 497 3800 ignoranti,
523 3757 669 3805 perium:
700 3768 774 3794 rem
801 3767 841 3793 se
868 3756 999 3793 habere
1023 3768 1066 3794 ac
1083 3757 1112 3794 si
1133 3769 1256 3795 revera

213 3818 377 3852 venerint.
407 3818 498 3856 ltlem
527 3821 641 3867 ipsum
663 3818 875 3866 Asyneritia:
903 3819 1032 3865 repetit
1052 3820 1086 3855 in
1107 3820 1255 3866 cpistola

214 3872 271 3922 77,,
286 3883 319 3912 et
337 3887 398 3928 pro
416 3890 512 3917 more
531 3892 609 3925 suo,
627 3887 663 3916 ιιι
684 3879 887 3929 frequenter
905 3880 969 3916 sibi
988 3880 1106 3918 literas
1123 3882 1251 3926 mittat,

1003 238 1124 276 NUNC
1150 236 1328 274 PRIMUM
1355 237 1619 274 ADORNATA.

2301 233 2373 271 25‘

1307 313 1480 349 hortatur.
1507 311 1706 358 Asyncritia
1728 318 1761 347 et
1783 312 1962 348 Chalcidis
1984 311 2050 358 piae
2071 310 2236 348 mulieres
2265 311 2370 347 simul

1305 374 1413 408 vitam
1441 371 1616 418 agebant,
1646 381 1726 406 cum
1749 372 1828 407 aliis
1851 382 1972 408 secum
1998 372 2129 418 pietate
2157 370 2370 417 conjunctis.

1305 434 1561 480 Chrysostomo
1575 433 1765 468 admodum
1781 432 1930 468 addicta:
1947 433 2150 479 frequenter
2167 433 2232 480 ipsi
2251 432 2372 468 literas

1305 495 1508 536 mittebant,
1529 499 1568 528 ut
1586 503 1628 529 ex
1647 492 1724 537 ejus
1745 492 1788 528 ad
1805 492 1882 527 illas
1902 493 2076 537 epistolis,
2098 503 2246 539 quarunt
2266 493 2369 539 pluri-

1306 567 1373 591 mre
1405 561 1608 600 supersunt,
1643 553 1828 599 liquidum.
1860 553 1896 588 lu
1929 552 2038 588 titulis
2070 563 2156 589 vero
2185 553 2373 600 aliquando

1306 615 1521 664 Asyneritia,
1543 614 1720 651 interdum
1740 612 1936 654 Chalcidia,
1957 612 2070 659 prima
2093 613 2258 658 ponitur;
2278 623 2374 659 sa‘pe

1307 679 1412 714 etiam
1427 677 1616 723 separatim
1633 675 1790 722 singulas
1807 673 1917 710 literis
1931 673 2132 720 compellat.
2151 672 2213 709 lla:
2231 674 2264 708 in
2281 685 2372 710 tern-

1308 739 1402 776 mnis
1422 745 1458 775 et
1476 738 1648 774 molestiis
1670 737 1916 780 versabantur,
1936 741 1975 771 ιιι
1990 745 2032 770 ex
2051 734 2199 771 Joannis
2215 735 2376 780 epistolis

1308 801 1486 846 arguitur;
1501 805 1537 835 et
1550 797 1715 842 fortasse,
1731 798 1813 844 quia
1827 796 2083 844 Chrysostomo
2094 795 2244 831 addicta:
2258 804 2375 835 erant,

1309 863 1344 898 in
1355 861 1558 910 Porphyrii,
1571 861 1630 907 qui
1645 861 1901 896 Antiochenam
1913 858 2034 895 sedem
2049 858 2240 898 invaserat,
2253 857 2376 893 odium

1310 925 1544 960 incurrerent.
1570 921 1752 958 Chalcidia
1777 932 1794 956 a
1818 921 1922 967 longo
1940 920 2014 966 jam
2037 925 2198 965 tempore
2219 919 2378 955 caritatis

1310 987 1376 1024 sibi
1397 985 1539 1022 vinculo
1556 985 1676 1031 juncta
1695 991 1784 1028 erat,
1802 991 1840 1020 nt
1863 983 1976 1020 fertur
1995 985 2028 1019 in
2047 983 2197 1029 epistola
2213 983 2272 1020 59.
2299 982 2377 1028 Ipsa

1311 1056 1397 1083 vero
1414 1047 1447 1082 iu
1470 1056 1612 1094 gravem
1641 1045 1802 1081 morbum
1828 1045 1964 1088 incidit,
1982 1051 2019 1080 nt
2033 1055 2076 1081 ex
2093 1045 2240 1090 epistola
2260 1043 2306 1080 98
2321 1044 2376 1079 di.

1312 1108 1444 1145 scimus
1464 1121 1471 1143 :
1493 1118 1572 1154 qua
1599 1117 1655 1143 res
1681 1107 1974 1154 Chrysostomum
2002 1117 2072 1142 non
2092 1106 2225 1154 vulgari
2254 1105 2378 1142 dolore

1313 1171 1444 1207 affecit.

1362 1232 1495 1268 Fronto
1516 1231 1668 1266 Dnca‘us
1685 1230 1870 1276 epistolam
1890 1229 1958 1266 19-2
1977 1229 2138 1265 inscribit
2156 1231 2380 1276 .tsyucritiw,

1315 1305 1420 1341 quain
1445 1294 1635 1330 lectionem
1662 1299 1833 1339 sequutus
1851 1299 1904 1328 est
1923 1293 2028 1328 etiam
2049 1293 2102 1328 vir
2119 1292 2165 1327 cl.
2186 1292 2380 1328 Tiiit‘lllOll-

1317 1357 1399 1390 tius.
1431 1354 1501 1390 Sed
1532 1360 1656 1389 contra
1687 1353 1778 1388 hanc
1808 1352 1998 1389 lectionem
2032 1353 2228 1388 rcclatnant
2257 1363 2382 1388 omnes

1318 1416 1544 1462 Manuscripti
1566 1415 1674 1451 etiatn
1695 1414 1947 1460 antiquissimi,
1970 1414 2028 1461 qni
2050 1413 2182 1450 habent
2204 1413 2384 1449 Onesicrit-

1317 1479 1383 1514 tiw.
1395 1477 1454 1514 Sic
1463 1477 1568 1513 etiam
1582 1477 1666 1523 legit
1677 1476 1844 1518 Savilius,
1859 1485 1973 1522 neque
1984 1476 2090 1511 aliam
2105 1476 2293 1511 lectionem
2308 1485 2384 1509 me-

1318 1545 1446 1574 morat.
1466 1537 1723 1574 Onesicratiam
1745 1537 1848 1582 igitur
1871 1543 1942 1571 tum
1963 1536 2009 1572 ob
2031 1536 2108 1571 filiae
2128 1545 2201 1572 sua:
2222 1535 2384 1577 obitum,

1320 1607 1392 1636 tum
1405 1599 1498 1638 quod
1519 1599 1586 1635 alia
1607 1599 1848 1645 prmcessisset
1867 1597 2156 1645 plaga,afiliet:un
2170 1603 2204 1633 et
2220 1603 2384 1633 tumstam

1318 1663 1524 1699 couSolatnr
1542 1661 1831 1708 Chrysostomus.
1853 1660 1930 1696 Non
1954 1670 2057 1706 posse
2080 1659 2221 1705 quidem
2251 1664 2383 1693 tantam

1320 1725 1484 1761 mmroris
1504 1723 1634 1761 nubem
1655 1722 1784 1757 auferri
1809 1721 1958 1763 fatetur,
1979 1720 2040 1757 sed
2063 1731 2136 1756 rem
2158 1721 2282 1756 saltem
2305 1731 2383 1755 mo—

1319 1787 1475 1822 deratius
1496 1795 1574 1820 esse
1596 1783 1777 1820 ferendam
1796 1795 1804 1819 :
1825 1783 1959 1818 obitmn
1979 1783 2072 1818 enim
2094 1794 2162 1818 non
2186 1793 2271 1818 vere
2292 1793 2382 1817 mor-

1319 1855 1389 1884 tem
1417 1858 1510 1891 csse,
1532 1846 1594 1882 sed
1621 1846 1943 1892 peregrinationem
1972 1852 2078 1891 atque
2103 1856 2121 1878 a
2151 1844 2386 1880 deterioribus

1318 1910 1360 1945 ad
1383 1910 1528 1946 meliora
1550 1908 1894 1954 connnigrationem.
1917 1907 2131 1954 Asyncritia:
2157 1913 2274 1943 atttem
2304 1906 2386 1941 licet

1320 1971 1439 2007 literas
1460 1971 1589 2006 multas
1609 1968 1794 2014 scripserit
1813 1968 2105 2015 (ibrysoslornus,
2128 1977 2320 2013 numquam
2342 1966 2388 2002 de

1319 2034 1388 2070 ﬁlia
1408 2034 1518 2080 ipsius
1538 2032 1706 2078 loquitur.
1725 2031 1814 2066 Cum
1833 2036 1951 2066 autem
1969 2029 2181 2077 Asyncritim
2203 2029 2386 2075 plurimas.

1320 2095 1550 2132 Onesieratire
1570 2094 1660 2130 hanc
1677 2104 1782 2129 unam
1807 2098 1942 2128 tantum
1963 2093 2131 2138 scriptam
2152 2092 2388 2139 reperiamus,

1321 2167 1450 2192 nomen
1465 2157 1540 2202 ejus
1556 2156 1590 2190 in
1608 2155 1844 2201 Asyncritiaun
1862 2161 2000 2190 mutare
2011 2154 2185 2200 quispiam
2197 2164 2306 2190 ausus
2319 2160 2388 2190 est.

1368 2216 1508 2252 Namata
1529 2216 1688 2262 qn:edam
1710 2222 1870 2251 matrona
1885 2243 1895 2260 ,
1913 2222 1950 2251 nt
1969 2215 2119 2259 videtur,
2141 2215 2362 2252 Antiocheua
2379 2243 2388 2258 ,

1323 2287 1404 2322 erga
1423 2275 1715 2324 Chrysostomnm
1737 2278 1870 2324 optime
1889 2276 2028 2317 affecta,
2052 2277 2188 2313 tardius
2205 2284 2323 2314 tamen
2343 2279 2388 2313 ad

1324 2339 1421 2374 illum
1441 2338 1658 2382 scripserat,
1678 2344 1785 2382 atque
1815 2339 1860 2373 ita
1880 2344 1917 2373 ut
1944 2339 2050 2373 etiam
2071 2339 2228 2374 audacia:
2250 2340 2391 2375 veniant

1323 2406 1474 2446 peteret.
1493 2400 1638 2436 Dicebat
1659 2410 1764 2446 porro
1784 2412 1821 2436 se
1843 2401 1938 2435 illum
1962 2407 2033 2436 tam
2063 2400 2214 2436 ferventi
2243 2403 2392 2437 caritate

1323 2461 1488 2507 diligere,
1502 2467 1552 2504 ut,
1569 2461 1635 2496 nisi
1650 2461 1774 2496 morbo
1786 2460 1979 2502 laboraret,
1994 2460 2061 2496 iter
2076 2460 2166 2495 adeo
2183 2461 2392 2505 molestum,

1326 2530 1447 2570 totque
1467 2523 1672 2569 prmdonum
1694 2522 1956 2558 incursionibus
1975 2523 2162 2558 obsessmn
2183 2529 2392 2569 susceptura

1325 2583 1464 2626 fuisset,
1487 2584 1579 2619 illius
1601 2583 1735 2619 visendi
1757 2594 1878 2619 causa.
1903 2583 2098 2629 Respondit
2117 2583 2394 2629 (Lbrysostomus

1325 2647 1431 2692 epist.
1449 2645 1510 2690 47,
1531 2645 1639 2686 illam,
1656 2644 1784 2680 nedum
1805 2644 1978 2690 culpanda
1997 2651 2106 2686 esset,
2122 2644 2216 2690 quod
2236 2644 2394 2680 scribere

1325 2720 1411 2744 ausa
1430 2709 1548 2751 fuerit,
1566 2707 1781 2754 arguendam
1801 2707 1917 2753 potius
1934 2707 2026 2753 quod
2049 2708 2181 2743 tardius
2200 2707 2233 2743 id
2254 2707 2394 2750 fecerit,

1327 2781 1506 2817 unamque
1525 2769 1686 2806 delenda:
1705 2769 1819 2814 culpa:
1840 2779 2029 2814 superesse
2049 2769 2156 2812 viam,
2175 2770 2203 2804 si
2227 2769 2392 2805 nimirum

1326 2839 1514 2869 sescentas
1543 2831 1678 2874 literas,
1710 2841 1828 2877 grmce
1858 2831 1991 2867 niveum
2025 2830 2162 2866 imbrem
2201 2832 2392 2873 literarum,

1325 2895 1369 2930 ad
1398 2905 1437 2929 se
1463 2894 1630 2930 mitteret.

1378 2957 1523 3005 llyemis
1543 2963 1703 3003 tempore
1728 2956 1849 2992 literas
1868 2956 2005 3002 accepit
2029 2955 2232 2999 Callistrati,
2252 2955 2394 2990 Ιετιιιι-ιυ

1327 3020 1499 3066 episcopi,
1513 3024 1620 3064 atque
1635 3024 1671 3052 nt
1685 3028 1730 3053 ex
1744 3016 1989 3064 Cbrysostoini
2005 3026 2178 3062 responso
2191 3016 2290 3062 argui
2311 3027 2393 3061 pns-

1327 3091 1366 3116 se
1381 3080 1450 3115 vidi
1463 3086 1532 3123 tur,
1550 3089 1588 3116 se
1608 3079 1703 3114 illum
1721 3078 1916 3114 iuvisurum
1933 3077 2040 3113 fuisse
2055 3077 2208 3116 vincebat.
2229 3077 2294 3112 nisi
2311 3077 2394 3113 anni

1328 3146 1522 3187 tempestas
1542 3145 1578 3175 et
1595 3140 1732 3175 itineris
1751 3138 1934 3185 longitudo
1953 3138 2162 3174 obfuissent.
2186 3137 2222 3174 in
2244 3138 2392 3184 epistola

1329 3215 1412 3238 vero
1431 3214 1492 3238 sua
1514 3201 1797 3250 Chrysostomns
1823 3202 1872 3237 ait
1902 3212 2006 3247 posse
2026 3201 2110 3238 illml
2143 3201 2197 3237 sni
2220 3202 2394 3238 ill\'i.\elltii

1328 3265 1544 3301 desiderium
1561 3265 1791 3310 epistolarmn
1810 3264 2004 3308 frequentia
2021 3263 2261 3309 eompensari,
2277 3270 2312 3299 nt
2333 3274 2396 3309 po-

1327 3333 1401 3363 stea
1418 3354 1426 3368 ,
1446 3337 1526 3362 cum
1548 3332 1740 3371 tempestas
1760 3325 1981 3361 commodior
1999 3332 2117 3369 esset,
2136 3324 2181 3361 de
2199 3336 2394 3373 congressu

1326 3390 1515 3436 cogitetur.

1377 3453 1536 3498 Agapcto
1550 3450 1656 3485 etiam
1674 3459 1768 3484 anno
1783 3448 1852 3484 401»
1869 3455 2027 3485 vertente
2041 3448 2198 3494 scripsit,
2214 3448 2292 3483 viro
2307 3447 2395 3481 ami-

1327 3513 1420 3548 cilia:
1441 3512 1589 3548 vinCulis
1611 3510 1676 3546 sibi
1697 3509 1992 3555 eonjnuelissitno
2007 3535 2016 3551 ,
2037 3514 2276 3555 precaturque
2296 3505 2393 3540 illmn

1329 3580 1366 3608 nt
1387 3583 1493 3619 quam
1515 3571 1734 3618 frequentius
1754 3572 1881 3616 poterit
1899 3569 1944 3607 de
1964 3579 2028 3605 sua
2048 3567 2248 3603 valetudine
2265 3563 2393 3599 certio-

1328 3645 1403 3671 rem
1430 3645 1470 3670 se
1496 3634 1614 3670 faciat.
1634 3633 1792 3669 Alteram
1812 3642 1900 3669 vero
1920 3632 1985 3678 ipsi
2007 3627 2150 3674 scripsit
2177 3623 2364 3670 epistolam
2383 3649 2392 3665 ,

1330 3702 1479 3742 rogante
1509 3694 1776 3742 religiosissime
1807 3694 1884 3730 viro
1914 3689 2054 3736 Elpidio
2081 3684 2312 3742 presbytero,
2334 3683 2394 3728 qni

1331 3763 1462 3792 montis
1477 3757 1603 3792 Amani
1623 3756 1756 3793 incolas
1771 3752 2024 3802 prtedieatioue
2036 3756 2099 3783 sua
2110 3744 2154 3780 ad
2171 3742 2276 3778 fidem
2287 3741 2395 3778 Chri-

1329 3819 1374 3855 sti
1391 3819 1619 3866 perduxerat,
1634 3819 1751 3865 ibique
1767 3815 1937 3853 ecclesias
1951 3818 1985 3847 et
2000 3806 2214 3845 numasteria
2227 3810 2393 3841 constru-

1329 3888 1430 3918 xerat
1445 3909 1455 3927 ,
1474 3889 1509 3918 et
1531 3882 1676 3927 Agapcti
1697 3874 1911 3914 sanctissimi
1933 3872 1998 3907 vit'i
2021 3867 2306 3906 benevolentiam
2327 3867 2403 3903 sibi.
