2742 4342
358 258 444 314 235'
1081 262 1118 300 s.
1147 261 1334 300 JOANNIS
1360 260 1676 302 CHRYSOSTOMI
1700 261 1822 307 vrra,
2479 271 2531 310 πε

360 349 554 387 conciliare
571 343 749 382 studebat.
773 342 874 379 Illum
893 349 980 377 vero
1001 343 1072 376 tam
1091 339 1243 383 obnixe,
1267 345 1338 375 tam
1361 336 1433 375 fer-

361 416 488 447 venter
509 409 668 454 Agapeto
695 402 927 441 commendat
954 401 1235 449 Chrysostomus
1251 427 1260 443 ,
1289 406 1329 436 ut
1349 399 1437 436 nihil

360 471 508 508 dubium
527 479 607 506 esse
627 466 792 504 videatur
808 493 818 510 ,
841 464 926 511 quin
948 464 1128 510 Agapetus
1147 469 1310 499 sanctum
1338 462 1434 498 illum

361 531 532 569 Ecclesia:
549 538 748 576 pra‘conem
762 534 798 564 et
809 525 936 562 ofﬁciis
951 531 989 562 et
1001 524 1226 562 facultatibus
1239 524 1313 560 suis
1325 533 1438 570 quan-

363 601 438 629 tum
460 591 574 640 potuit
595 597 718 636 postea
733 588 879 635 juvcrit.

409 655 446 691 ln
473 652 635 700 epistolis
655 651 698 687 ad
717 648 964 698 Olympiadem
985 648 1103 684 nullus
1123 647 1212 684 ordo
1231 647 1410 692 reperitur
1425 673 1435 690 ,

359 715 511 765 perinde
525 721 632 761 atque
649 714 682 749 in
697 713 838 749 caneris
855 712 1022 748 Omnibus
1037 710 1286 758 Cbrysostomi
1305 709 1441 755 episto-

361 781 417 824 lis,
441 779 498 816 ubi
522 779 615 813 nulla
637 776 810 823 temporis
828 775 920 811 ratio
935 779 1114 817 servatur,
1134 772 1196 809 sed
1215 783 1342 808 omnes
1356 782 1440 818 per-

360 842 500 879 mixtim
531 840 656 888 positze
685 845 783 876 sunt.
805 837 843 874 In
869 837 1020 884 cpistola
1039 841 1158 872 autem
1181 836 1226 872 14
1245 835 1290 871 ad
1311 834 1437 883 Olym-

361 902 516 950 piadem,
550 901 636 938 dicit
667 910 706 936 se
724 899 798 946 jam
830 906 904 935 tres
941 898 1112 944 epistulas
1131 895 1335 943 Olympiadi
1369 895 1438 931 mi-

361 966 466 1007 sisse,
487 973 596 1000 unatn
633 971 698 1008 per
732 960 920 1008 pnetorios
941 959 1088 1002 milites,
1105 957 1256 994 alteram
1285 966 1349 1003 per
1363 957 1440 992 An-

361 1027 517 1069 tonium,
538 1023 679 1060 tertiam
698 1033 763 1070 per
781 1021 952 1058 famulum
973 1020 1084 1066 ipsius
1103 1019 1309 1055 Anatolium
1331 1030 1339 1052 ξ
1360 1017 1441 1054 dum

362 1099 448 1125 vero
467 1093 660 1134 postrema:
679 1085 858 1132 longiores
877 1089 992 1120 erant.
1012 1082 1126 1125 lllam,
1143 1091 1248 1128 quam
1270 1091 1333 1128 per
1350 1089 1442 1126 pra!-

363 1151 476 1187 torios
495 1151 628 1186 milites
647 1149 806 1189 miserat,
827 1157 908 1183 eum
925 1146 1158 1182 Tillcmoutio
1179 1150 1344 1191 putamus
1361 1153 1442 1180 esse

362 1213 540 1250 decimam
571 1211 714 1248 tertiam
731 1239 742 1254 ,
772 1219 878 1256 quam
907 1208 1015 1244 biduo
1043 1213 1234 1255 postquam
1261 1206 1440 1242 Cucusum

363 1275 569 1318 advenerat,
591 1285 654 1321 per
683 1273 872 1322 prmtorios
902 1272 1034 1308 milites
1061 1271 1180 1312 misit,
1203 1269 1247 1306 de
1271 1279 1340 1316 qua
1367 1269 1440 1315 jam

363 1336 532 1383 superius
551 1341 669 1372 actum
691 1347 700 1371 :
722 1336 802 1372 illas
829 1344 914 1371 vero
935 1334 1024 1370 duas
1040 1361 1050 1375 ,
1071 1342 1220 1379 quarum
1243 1331 1356 1367 altera
1378 1340 1443 1376 per

365 1398 578 1442 Antonium,
593 1397 704 1434 altera
723 1407 788 1444 per
805 1396 1010 1433 Anatolium
1031 1393 1252 1442 Olympiadis
1270 1391 1441 1428 famulmn

365 1458 474 1494 missa
497 1459 584 1502 I'uit,
605 1469 656 1494 CII}
677 1463 784 1501 sunt,
807 1468 886 1504 qua:
918 1457 1031 1502 prima
1063 1461 1098 1490 et
1125 1453 1280 1490 secunda
1303 1453 1376 1498 jam
1406 1453 1441 1488 in

367 1519 474 1555 editis
493 1525 742 1561 numerantur,
759 1524 794 1555 et
813 1517 1006 1554 conciones
1020 1515 1360 1562 adhortationesque
1373 1513 1442 1550 diei

367 1585 517 1625 possunt
535 1580 654 1626 potius
671 1589 775 1626 quam
797 1578 974 1625 epistolae.

417 1639 454 1675 In
474 1640 587 1686 prima
608 1650 692 1676 vero
709 1639 956 1687 Olympiadem
976 1637 1020 1675 de
1040 1635 1275 1674 diuturnitate
1297 1637 1443 1674 calami-

368 1703 454 1738 tatis
482 1712 562 1748 qute
594 1702 793 1738 Ecclesiam
833 1702 894 1737 Dei
931 1701 1166 1738 eouturbabat
1201 1706 1411 1736 mterentem
1431 1727 1440 1741 ,

368 1763 543 1808 eXempIis
579 1763 718 1798 Veteris
755 1768 791 1798 et
827 1763 916 1798 Novi
949 1761 1170 1798 Testamenti
1207 1761 1442 1804 consolatur,

367 1823 594 1870 Ostenditque
625 1823 734 1859 Deum
764 1832 861 1868 smpe
891 1821 936 1857 ad
963 1822 1142 1867 justorum
1172 1822 1382 1858 exercitium
1411 1828 1446 1858 et

372 1887 621 1932 probationem
643 1884 911 1920 diuturnitatem
939 1893 1181 1919 aerumnarum
1210 1883 1418 1930 permittere
1434 1911 1444 1925 ,

369 1954 410 1985 ιιι
442 1949 525 1985 hinc
549 1953 584 1984 et
605 1947 750 1994 prannia
780 1952 990 1993 augeantur.
1009 1946 1044 1982 In
1069 1945 1238 1989 secunda,
1262 1956 1341 1992 quae
1360 1956 1444 1992 pro-

371 2010 478 2047 lixior
504 2015 574 2053 est,
605 2015 641 2046 et
677 2009 780 2056 paulo
809 2013 889 2055 post
916 2007 1067 2054 primam
1101 2007 1208 2044 missa
1239 2007 1327 2051 fuit,
1350 2007 1444 2044 idem

371 2079 622 2119 argumentum
652 2071 890 2118 persequitur,
919 2069 1113 2116 multisque
1141 2069 1362 2114 rationibus,
1385 2080 1444 2105 ar-

371 2135 577 2180 gumentis,
612 2133 812 2179 exemplis,
841 2142 920 2178 quae
962 2131 1102 2176 longius
1144 2138 1240 2168 esset
1284 2131 1444 2173 referre,

373 2195 576 2243 Olympiadi
605 2199 644 2228 ut
663 2203 807 2229 omnem
829 2192 983 2238 deponat
1005 2203 1198 2230 mmrorem
1219 2192 1371 2230 suadere
1391 2193 1446 2228 ni—

375 2255 478 2291 titur.
501 2255 590 2298 Quia
609 2264 696 2290 vero
724 2253 807 2290 illud
830 2253 984 2290 maxime
1010 2253 1254 2302 Olympiadem
1275 2255 1444 2301 angebat,

373 2316 468 2364 quod
490 2327 509 2352 a
529 2315 790 2364 Cbrysostomo
813 2319 972 2362 sejuncta
1004 2323 1121 2355 esset.
1144 2317 1237 2364 quod
1260 2317 1358 2352 illum
1380 2317 1446 2353 (lo-

372 2385 514 2416 centcm
546 2385 582 2415 et
613 2379 885 2416 concionantem
919 2389 990 2416 non
1019 2379 1111 2416 ultra
1145 2379 1285 2416 audiret
1309 2392 1317 2416 :
1339 2379 1447 2416 licere

373 2441 460 2478 dicit
479 2441 677 2490 Olympiadi
695 2470 704 2485 ,
723 2441 872 2479 absente
891 2452 929 2478 se
944 2470 952 2485 ,
976 2442 1087 2479 libros
1105 2451 1190 2480 suos
1207 2443 1327 2490 legere
1343 2453 1353 2485 ;
1376 2443 1448 2479 imo

374 2503 598 2550 provisurum
625 2513 688 2548 se,
718 2504 747 2540 si
770 2503 878 2540 modo
904 2504 1108 2541 tabellarios
1132 2505 1382 2548 nanciscatur,
1411 2511 1449 2542 ut

373 2564 518 2602 crebras
543 2571 578 2602 et
596 2566 756 2614 prolixas
781 2566 904 2603 literas
922 2577 1004 2603 suas
1023 2567 1187 2613 accipiat.
1213 2567 1314 2612 Quod
1333 2569 1362 2604 si
1381 2569 1446 2604 do-

373 2628 516 2663 ctrinam
535 2635 699 2672 nostram,
717 2628 845 2675 inquit,
862 2630 936 2664 viva
951 2639 1030 2664 voce
1043 2630 1163 2666 audire
1175 2631 1286 2676 cupis,
1303 2633 1448 2678 fortasse

373 2689 437 2725 ltoc
454 2700 584 2736 quoque
603 2690 792 2738 continget;
814 2691 882 2726 imo
899 2702 966 2726 non
985 2693 1142 2738 fortasse,
1160 2692 1220 2728 sed
1237 2699 1352 2736 certe;
1369 2703 1449 2729 cave

373 2751 518 2788 dubites.
543 2752 602 2788 Sic
621 2752 680 2788 ille
698 2753 841 2798 putabat
861 2765 870 2798 ;
893 2753 954 2790 sed
972 2754 1042 2790 alio
1061 2754 1168 2790 modo
1187 2765 1246 2791 res
1261 2756 1383 2798 cessit,
1401 2756 1448 2791 ita

373 2812 586 2860 providente
603 2813 770 2850 Numine.
793 2815 877 2850 Plus
897 2816 992 2852 enim
1015 2815 1186 2862 proderat
1202 2817 1302 2853 exsul
1324 2816 1449 2854 Eccle-

374 2875 438 2911 sia:
461 2875 521 2912 Dei
547 2882 583 2912 et
613 2877 856 2923 praedicationi
876 2878 1066 2924 evangelii,
1088 2889 1194 2925 quam
1216 2889 1297 2915 cum
1319 2879 1352 2914 i'n
1375 2879 1450 2926 epi-

375 2937 509 2983 seopali
532 2937 660 2974 throno
677 2938 834 2982 sederet,
857 2944 894 2974 ut
913 2949 995 2974 mox
1017 2939 1207 2976 videbitur.

423 2998 460 3035 In
495 3000 598 3036 tertia
633 2999 678 3036 ad
710 2999 958 3048 O'ympiadem
993 3001 1168 3046 epistola,
1199 3000 1293 3038 idem
1332 3002 1448 3048 ipsum

373 3065 622 3108 argumentum
655 3062 896 3109 persequitur,
935 3062 1180 3109 exemplisque
1222 3062 1385 3109 plurimis
1414 3068 1450 3100 et

374 3123 593 3168 argumentis
609 3123 738 3170 probat
758 3126 790 3160 in
811 3124 1074 3161 calamitatibus
1094 3135 1162 3160 nou
1182 3125 1289 3161 modo
1309 3125 1447 3162 maesti-

375 3185 460 3220 tiam
477 3195 620 3222 omuem
641 3197 722 3224 esse
737 3186 1002 3234 deponendam,
1025 3187 1088 3224 sed
1107 3188 1214 3224 etiam
1231 3187 1264 3223 in
1280 3188 1450 3234 tranquil-

377 3243 474 3280 litate
497 3252 532 3281 et
551 3245 658 3282 animi
677 3248 860 3285 alaeritate
880 3249 1095 3285 versandum
1121 3259 1214 3286 esse.
1243 3250 1340 3286 Hanc
1363 3260 1450 3287 Vero

377 3306 516 3342 tertiam
544 3309 732 3354 epistulam
758 3320 838 3346 eum
860 3312 1074 3358 scripsisset,
1098 3313 1248 3350 necdum
1270 3313 1312 3348 ad
1329 3313 1450 3360 Olym-

377 3367 516 3412 piadem
548 3371 717 3414 misisset,
751 3382 814 3418 per
834 3373 1079 3412 bonorabilem
1099 3377 1288 3424 quemdam
1317 3378 1446 3420 virum,

377 3427 567 3464 Patricium
588 3431 744 3476 nomine,
764 3432 876 3478 ipsius
895 3433 1114 3482 Olympiadis
1138 3437 1324 3482 epistolam
1343 3447 1449 3472 acce-

377 3491 426 3536 pit
448 3502 456 3525 :
481 3500 549 3536 qua
567 3501 605 3527 se
625 3493 769 3528 omnino
785 3501 946 3531 moestam
961 3525 969 3538 ,
995 3504 1030 3534 et
1048 3499 1147 3544 quasi
1167 3498 1262 3533 luctu
1284 3499 1446 3534 obrutam

373 3551 591 3597 declarabat,
628 3555 780 3592 maxime
807 3567 892 3594 vero
914 3559 1008 3606 quod
1037 3570 1107 3596 ron
1137 3560 1310 3606 potuisset
1340 3560 1446 3595 alium

373 3614 490 3651 exsilii
510 3615 641 3659 locum,
669 3615 809 3654 Cucuso
827 3621 1120 3664 commodimem,
1142 3621 1270 3658 Joanni
1288 3621 1448 3668 Chryso-

373 3680 492 3712 stomo
513 3677 718 3722 impetrare.
757 3679 816 3717 Ille
834 3692 918 3718 vero
938 3682 1003 3718 hac
1025 3689 1168 3728 accepta
1185 3683 1348 3728 epistola,
1375 3690 1446 3719 ter-

375 3735 474 3779 tiam,
494 3737 538 3772 de
555 3749 622 3784 qua
640 3740 748 3776 modo
759 3741 979 3781 dicebamus.
993 3743 1085 3788 apud
1105 3746 1144 3780 se
1158 3745 1318 3788 retinuit,
1333 3755 1446 3790 neque

376 3793 470 3832 illam
489 3798 688 3846 Olympiadi
717 3803 827 3840 mnsit.
852 3805 912 3840 sed
940 3803 1045 3838 aliain
1067 3806 1332 3851 egregiamque.
1367 3816 1446 3851 qua:

377 3863 470 3892 nunc
489 3859 580 3896 inter
595 3865 764 3908 epistolas
783 3865 859 3910 ejus
875 3871 997 3910 quarta
1017 3864 1153 3899 decima
1175 3874 1394 3900 numeratur.

427 3914 544 3953 Primo
561 3922 653 3957 illam
675 3931 725 3958 ςιιι
746 3935 872 3970 ηεροιτιε
895 3917 1088 3969 redarguit,
1117 3925 1208 3970 quod
1227 3933 1333 3960 tanta:
1354 3938 1440 3962 nia:-

1510 338 1618 374 ειίιίω
1637 347 1675 375 se
1693 337 1846 382 dederit,
1867 342 2034 384 quantam
2066 337 2121 374 illa
2149 339 2182 376 in
2206 341 2348 387 epistola
2376 354 2431 380 sua
2454 348 2534 382 exhi-

1509 399 1648 436 buerat.
1685 399 1773 445 Quia
1799 409 1885 436 vero
1911 399 1990 436 ideo
2017 401 2170 438 maxime
2198 401 2346 445 dolebat,
2373 405 2454 449 quod
2481 418 2536 444 non

1509 463 1684 509 potuisset
1701 462 1810 498 alium
1828 461 2072 499 commodiore
2085 461 2220 500 Cucuso
2234 464 2343 501 locum
2357 465 2469 504 Joanni
2486 469 2533 505 im-

1509 529 1672 570 petrare;
1692 522 1774 558 hinc
1793 523 1980 559 occasione
1992 530 2131 572 sumpta
2147 530 2262 560 narrat
2276 525 2320 561 illi
2337 527 2456 569 omnia,
2475 541 2538 575 qua:

1509 585 1577 622 sibi
1602 585 1638 620 in
1665 590 1762 620 tanto
1782 584 1908 620 itinere
1929 585 2150 632 maximeque
2169 585 2334 622 Cresarete
2355 589 2538 634 acciderant,

1510 658 1590 694 qua:
1607 657 1674 684 nos
1693 647 1726 682 in
1747 645 1901 683 decursu
1923 656 2030 692 supra
2050 647 2244 685 attulimus.
2271 649 2356 694 Quia
2372 660 2447 687 vero
2463 653 2538 688 mala

1511 710 1629 746 omnia
1649 714 1823 752 recenset,
1843 718 1923 755 quae
1937 707 2003 744 sibi
2025 707 2228 746 Pharctrius
2245 708 2406 746 C:csare:e
2427 712 2541 758 epiSCo-

1512 781 1592 816 pus,
1613 769 1794 813 intulerat,
1815 769 2016 818 Olympiadi
2042 769 2150 806 edicit
2165 776 2201 806 ut
2222 770 2275 806 illa
2295 771 2404 808 omnia
2421 773 2540 810 silentio

1511 836 1620 879 tegat.
1639 831 1818 868 Caeterum
1838 837 1876 867 ut
1889 829 2136 878 Olympiadem
2155 829 2210 867 sui
2228 840 2328 868 causa
2347 832 2538 880 plangentem

1511 894 1658 938 soletur,
1681 903 1721 930 se
1733 893 1783 930 ait
1799 893 1895 929 omni
1915 892 2074 929 molestia
2089 891 2272 929 liberatum
2291 903 2378 937 esse,
2396 893 2540 930 ﬁrmiore-

1511 966 1581 1002 que
1601 954 1803 992 valetudine
1819 953 1902 999 frui,
1918 964 2022 1000 quam
2044 963 2124 990 cum
2141 953 2430 1001 Constantinopoli
2450 955 2539 1002 dege-

1512 1023 1580 1060 ret,
1605 1027 1721 1063 neque
1749 1017 1832 1059 ullo,
1861 1016 1955 1063 quod
1975 1016 2031 1052 illa
2049 1016 2206 1060 timebat,
2235 1016 2357 1063 frigore
2384 1019 2538 1065 torqueri:

1513 1078 1641 1114 caelum
1661 1077 1762 1122 illud,
1788 1087 1860 1124 quo
1879 1077 2074 1122 fruebatur,
2105 1077 2322 1114 Autiocbcuo
2348 1079 2449 1125 magis
2463 1080 2541 1114 simi-

1514 1140 1584 1176 lem
1602 1139 1668 1176 sibi
1695 1139 1807 1176 vidcri
1825 1151 1834 1183 ;
1857 1139 1902 1176 de
1923 1139 2056 1176 lsauris
2073 1145 2189 1176 autem
2211 1139 2294 1191 nihil
2317 1139 2384 1187 jam
2405 1141 2461 1177 sibi
2481 1152 2540 1178 me-

1514 1201 1685 1239 tuendum
1704 1211 1784 1239 esse
1801 1213 1808 1236 :
1837 1211 1918 1238 nam
1933 1201 1967 1238 in
1984 1202 2164 1248 regionem
2182 1211 2279 1238 suam
2297 1211 2333 1237 se
2351 1208 2539 1248 receperant,

1513 1263 1620 1311 idque
1648 1275 1692 1300 ex
1713 1263 1877 1300 Prmfecti
1909 1274 1995 1300 eura
2024 1269 2060 1300 et
2091 1263 2208 1300 studio
2237 1263 2358 1300 fictum
2382 1274 2463 1301 esse.
2493 1264 2543 1302 llic

1513 1335 1600 1362 vero
1620 1325 1816 1362 Prmfectus
1829 1325 1981 1372 SOpater
1993 1331 2083 1370 erat,
2103 1325 2161 1372 qui
2183 1325 2258 1372 plus
2272 1325 2372 1361 ofﬁcii
2389 1325 2447 1361 sibi
2463 1325 2543 1362 exhi-

1513 1389 1654 1434 buerat,
1694 1399 1800 1436 quam
1838 1399 1856 1425 a
1887 1396 1987 1436 patre
2018 1389 2266 1436 postulandum
2297 1388 2546 1424 videretur:vir

1515 1453 1666 1500 probus,
1699 1453 1890 1500 benignus,
1921 1453 2192 1499 communisque
2223 1461 2404 1498 pauperum
2434 1456 2544 1497 portus.

1515 1514 1576 1552 Sic
1593 1515 1690 1551 illum
1713 1514 1834 1551 laudat
1858 1514 2135 1562 Chrysostomus
2165 1514 2198 1549 in
2219 1513 2359 1560 epistola
2379 1512 2419 1550 (Η
2437 1511 2474 1548 ad
2491 1510 2548 1559 Cy-

1515 1577 1650 1613 riaeum
1671 1577 1879 1624 episcopum
1901 1589 1909 1612 :
1937 1587 2045 1624 quem
2064 1581 2228 1624 precatur
2241 1581 2277 1612 ut
2297 1575 2352 1611 ﬁlii
2373 1575 2480 1620 ipsius,
2499 1574 2545 1620 qui

1515 1637 1550 1674 in
1574 1637 1650 1674 istis
1673 1639 1833 1684 partibus
1861 1638 2046 1675 literarum
2063 1637 2191 1674 studiis
2209 1647 2346 1684 operam
2371 1636 2476 1678 dabat,
2501 1645 2549 1672 cu-

1516 1708 1592 1734 ram
1609 1705 1766 1745 gereret,
1786 1699 1925 1746 ipsiqne
1947 1698 2064 1736 ofﬁcia
2083 1698 2312 1746 impenderet.

1564 1762 1708 1798 Dixerat
1723 1761 1906 1810 Olympias
1927 1764 1961 1798 in
1980 1763 2129 1810 epistola
2147 1772 2208 1798 sua
2227 1760 2437 1805 Heracliden,
2451 1758 2532 1805 Ephe

1516 1825 1633 1861 sinum
1659 1826 1867 1872 episcopum
1890 1837 1909 1862 a
1936 1825 2193 1873 Chrysostomo
2213 1824 2442 1866 coitstitutum,
2463 1828 2493 1858 et
2515 1820 2548 1857 ah

1517 1885 1596 1931 ejus
1615 1885 1830 1922 adversariis
1851 1887 2060 1933 episcopatu
2077 1887 2229 1933 pulsum,
2259 1891 2294 1922 ut
2316 1884 2464 1932 superius
2475 1881 2549 1918 dixi-

1517 1957 1610 1988 mus,
1632 1954 1717 1984 tunc
1731 1948 1764 1983 in
1780 1957 1924 1984 carcere
1945 1955 1979 1984 et
1997 1949 2032 1984 in
2049 1949 2198 1985 vinculis
2214 1948 2389 1984 detentum
2403 1945 2467 1982 dira
2481 1943 2548 1991 pati.

1516 2008 1594 2044 Jam
1615 2009 1694 2055 ejus
1710 2019 1818 2046 causa
1834 2010 1954 2047 literas
1971 2011 2118 2048 miserat
2135 2010 2402 2059 Cbrysostomus
2420 2007 2458 2044 ad
2476 2007 2549 2043 l’cno

1519 2070 1648 2104 tadiam
1671 2076 1884 2115 matronam,
1903 2083 2052 2110 mOnens
2074 2079 2112 2108 ut
2132 2083 2270 2109 omnem
2291 2071 2488 2117 diligentiam
2501 2067 2550 2102 ad-

1518 2131 1674 2176 hiberet,
1707 2133 1752 2169 ad
1785 2134 2025 2172 calamitatem
2062 2142 2192 2172 tantam
2227 2135 2281 2171 vel
2314 2132 2485 2170 tollendam
2510 2129 2556 2166 rel

1522 2193 1724 2231 leniendam
1745 2207 1754 2232 τ
1776 2195 1978 2244 Olympiadi
2000 2209 2085 2234 vero
2104 2197 2202 2241 dicit,
2225 2197 2318 2233 Licet
2337 2193 2493 2232 Heraclidi
2507 2221 2514 2235 .
2530 2191 2552 2225 si

1520 2257 1620 2301 velit,
1654 2259 1864 2304 instantiam,
1895 2260 1996 2304 dare,
2025 2268 2130 2308 atque
2162 2261 2209 2297 ita
2238 2259 2399 2296 molestiis
2417 2255 2554 2294 oumilms

1517 2320 1681 2365 liberari;
1701 2322 1789 2370 nihil
1807 2323 1902 2360 enim
1918 2323 2013 2359 aliud
2029 2330 2202 2369 superest.
2226 2323 2310 2368 Quae
2324 2327 2414 2358 certe
2429 2327 2554 2366 quonia-

1517 2382 1564 2419 do
1581 2384 1757 2430 quadrare
1779 2386 1916 2432 possint
1948 2397 2017 2421 non
2039 2386 2210 2432 intelligo.
2232 2382 2462 2422 Tillemuntius
2484 2388 2557 2415 vero

1518 2450 1618 2490 putat
1633 2445 1821 2492 legendum
1841 2457 1920 2484 esse
1938 2448 2104 2491 ecstasim,
2127 2447 2379 2483 abdicationem
2397 2443 2554 2489 episcopa-

1518 2513 1589 2551 tus,
1606 2518 1685 2554 qure
1706 2507 1846 2544 videtur
1871 2519 1954 2544 vera
1973 2509 2092 2544 let-tio.
2113 2509 2180 2545 Sed
2205 2519 2283 2544 cum
2303 2515 2418 2542 omnes
2437 2502 2556 2540 omnino

1520 2567 1607 2604 Mss.
1629 2575 1665 2606 et
1681 2569 1776 2605 Editi
1797 2571 1994 2606 instantiam
2015 2570 2178 2614 habeant,
2199 2570 2287 2606 hanc
2306 2567 2476 2605 lectionem
2495 2571 2555 2598 Illll-

1519 2635 1596 2666 tare
1611 2640 1681 2666 non
1699 2641 1809 2667 ausus
1830 2640 1924 2666 sum.

1568 2691 1620 2726 De
1639 2691 1802 2728 Marutlta
1819 2693 2092 2740 episcopo.—De
2105 2691 2263 2728 Marutba
2279 2690 2436 2736 episeopo
2447 2683 2557 2729 tnajOrc

1519 2761 1600 2788 cum
1618 2751 1747 2788 affectu
1764 2758 1800 2788 et
1816 2752 1981 2788 instantia
1998 2753 2154 2800 loquitur
2171 2752 2439 2800 Cbrysostomus
2459 2745 2488 2781 in
2510 2754 2556 2779 ea-

1519 2814 1600 2851 dem
1628 2815 1776 2860 epistola
1797 2815 1934 2852 decima
1965 2821 2090 2862 quarta
2117 2815 2162 2852 ad
2182 2812 2432 2864 Olympiadem.
2460 2807 2555 2844 Maru-

1521 2877 1600 2914 thas
1633 2879 1738 2926 igitur
1767 2879 1825 2916 ille
1854 2880 2044 2926 episcopus
2069 2879 2328 2922 sanctissimus,
2351 2885 2368 2911 a
2389 2867 2558 2916 Thcophilo

1520 2941 1730 2988 cmterisque
1745 2941 1990 2990 Chrysostomi
2007 2942 2160 2978 inimicis
2179 2942 2444 2980 circumventus,
2466 2934 2494 2969 in
2509 2940 2557 2990 l‘0f

1520 3014 1598 3040 rum
1616 2988 1852 3040 conventibus
1880 3003 2006 3048 adfuit,
2029 3003 2206 3050 etiamque
2226 3004 2261 3038 in
2289 2994 2504 3038 conciliabula
2523 2988 2559 3025 nti

1519 3066 1697 3110 Quercum
1725 3078 1734 3101 :
1767 3075 1848 3102 cum
1877 3066 1972 3103 enim
2002 3076 2045 3102 ex
2073 3063 2218 3102 Perside
2244 3069 2317 3100 tum
2344 3059 2481 3098 veniret.
2501 3062 2556 3089 tto"

1521 3133 1660 3174 poterat
1692 3133 1894 3164 accuratam
1932 3137 2050 3162 rerum
2079 3132 2162 3162 tunc
2188 3117 2479 3166 Constantinopoli
2505 3121 2556 3160 ἔθ’

1520 3196 1654 3226 starum
1692 3190 1850 3226 notitiam
1895 3188 2042 3224 habere.
2089 3187 2252 3234 Alioquin
2300 3193 2382 3220 vero
2421 3177 2558 3216 audior-“Il

1521 3251 1684 3291 fortasse.
1701 3250 1936 3298 Epiphaniam
1959 3259 2112 3296 quoque,
2133 3247 2238 3296 Cypri
2259 3246 2465 3293 episcopum,
2485 3244 2556 3305 snt!-

1519 3317 1616 3348 ctmn
1647 3311 1759 3346 \‘irum
1794 3309 1968 3346 adversus
2001 3309 2298 3358 Cbrysostomnm
2337 3304 2558 3340 insurreXIsSC-

1520 3373 1652 3417 Verum
1673 3377 1710 3407 ttt
1737 3383 1806 3408 non
1831 3378 1888 3408 sat
1915 3379 2098 3417 perspecta
2122 3381 2238 3408 rerum
2266 3359 2558 3406 Constantinopoli-

1521 3441 1681 3469 tanarum
1699 3433 1916 3477 Conditione,
1937 3431 2182 3480 Chrysostomi
2209 3430 2374 3472 inimicis,
2396 3423 2559 3466 ιηιιίιῖείῐυο

1519 3495 1626 3532 etiam
1647 3495 1904 3532 consceleratis
1921 3505 2002 3531 sese
2034 3494 2197 3541 adjunxit
2220 3507 2228 3530 :
2259 3495 2304 3530 ita
2334 3492 2432 3528 etiam
2451 3483 2560 3522 dixit“!

1521 3561 1666 3598 ultionis
1687 3561 1848 3598 minister
1866 3560 1944 3596 fuit.
1957 3559 2045 3596 Cum
2062 3560 2156 3596 enim
2173 3558 2306 3606 Cyrini,
2321 3551 2562 3592 Chalcedonen-

1519 3623 1568 3660 sis
1585 3623 1756 3669 cpiscopi,
1789 3623 1882 3659 inter
1900 3622 2140 3668 primipilares
2160 3617 2398 3668 Chrysostomi
2422 3610 2562 3649 inimicus

1519 3685 1699 3726 acerrimi,
1732 3685 1858 3731 pedem
1881 3684 2086 3730 imprudens
2119 3684 2303 3724 calcasset,
2335 3679 2411 3714 hinc
2437 3671 2561 3731 duint“

1519 3745 1663 3780 maximi
1689 3745 1802 3781 exorti
1827 3751 1926 3786 sunt,
1953 3745 2130 3780 sectiones
2150 3743 2276 3789 pedum
2295 3745 2330 3777 et
2354 3744 2486 3773 crurum
2502 3728 2560 3763 fre-

1518 3813 1670 3852 quentes
1687 3817 1704 3840 τι
1726 3807 1873 3842 medicis
1892 3806 2072 3844 adbibitm,
2107 3815 2147 3840 ac
2169 3804 2272 3850 pattlo
2290 3805 2365 3847 post
2385 3808 2416 3832 tn
2441 3797 2559 3827 erm-ta-

1519 3870 1612 3904 tibus
1629 3869 1723 3905 diem
1742 3869 1869 3905 clausit
1887 3875 2100 3906 exlt'emum,
2123 3873 2160 3902 ut
2178 3874 2280 3909 supra
2301 3859 2456 3897 diximus.

1569 3929 1724 3965 Necdum
1748 3938 1864 3965 tamen
1885 3931 2038 3976 iniquam
2057 3929 2148 3964 itiazu
2170 3925 2386 3961 inimicorum
2401 3917 2563 3958 Chryse:-

2659 841 2672 1190 1

2687 2231 2694 2298 ι
