  <div class='ocr_page' id='page_1' title='image "/cluster/home/n/w/nwhite01/storage/ocr_20150623/47/hvd.32044073501884/216.png"; bbox 0 0 2742 4342; ppageno 0'>
   <div class='ocr_carea' id='block_1_1' title="bbox 169 199 1558 245">
    <p class='ocr_par' dir='ltr' id='par_1_1' title="bbox 169 199 1558 245">
     <span class='ocr_line' id='line_1_1' title="bbox 169 199 1558 245; baseline -0.004 -6"><span class='ocrx_word' id='word_1_1' title='bbox 169 209 224 245; x_wconf 71' lang='lat'><strong>257</strong></span> <span class='ocrx_word' id='word_1_2' title='bbox 948 199 1069 236; x_wconf 80' lang='lat' dir='ltr'><strong>NUNC</strong></span> <span class='ocrx_word' id='word_1_3' title='bbox 1097 200 1272 236; x_wconf 77' lang='lat' dir='ltr'><strong>PRIMUM</strong></span> <span class='ocrx_word' id='word_1_4' title='bbox 1291 199 1558 235; x_wconf 68' lang='lat' dir='ltr'><strong>ADOliNA&#39;I‘A.</strong></span> 
     </span>
    </p>
   </div>
   <div class='ocr_carea' id='block_1_2' title="bbox 167 276 1210 328">
    <p class='ocr_par' dir='ltr' id='par_1_2' title="bbox 167 276 1210 328">
     <span class='ocr_line' id='line_1_2' title="bbox 167 276 1210 328; baseline -0.008 -9"><span class='ocrx_word' id='word_1_5' title='bbox 167 283 248 320; x_wconf 88' lang='lat' dir='ltr'><strong>toini</strong></span> <span class='ocrx_word' id='word_1_6' title='bbox 272 279 562 328; x_wconf 78' lang='lat' dir='ltr'><strong>conspirationem</strong></span> <span class='ocrx_word' id='word_1_7' title='bbox 593 277 780 324; x_wconf 82' lang='lat' dir='ltr'><strong>agnovisse</strong></span> <span class='ocrx_word' id='word_1_8' title='bbox 800 276 984 313; x_wconf 86' lang='lat' dir='ltr'><strong>videbatur</strong></span> <span class='ocrx_word' id='word_1_9' title='bbox 1004 276 1184 312; x_wconf 75' lang='lat' dir='ltr'><strong>Mai-nibus</strong></span> <span class='ocrx_word' id='word_1_10' title='bbox 1203 289 1210 310; x_wconf 88' lang='lat'><strong>:</strong></span> 
     </span>
    </p>
   </div>
   <div class='ocr_carea' id='block_1_3' title="bbox 166 336 1212 385">
    <p class='ocr_par' dir='ltr' id='par_1_3' title="bbox 166 336 1212 385">
     <span class='ocr_line' id='line_1_3' title="bbox 166 336 1212 385; baseline -0.01 -6"><span class='ocrx_word' id='word_1_11' title='bbox 166 345 196 380; x_wconf 92' lang='lat' dir='ltr'><strong>id</strong></span> <span class='ocrx_word' id='word_1_12' title='bbox 217 343 308 378; x_wconf 90' lang='lat' dir='ltr'><strong>enim</strong></span> <span class='ocrx_word' id='word_1_13' title='bbox 339 341 491 376; x_wconf 90' lang='lat' dir='ltr'><strong>insinuat</strong></span> <span class='ocrx_word' id='word_1_14' title='bbox 506 338 782 385; x_wconf 88' lang='lat' dir='ltr'><strong>Clirysostomus</strong></span> <span class='ocrx_word' id='word_1_15' title='bbox 800 347 880 373; x_wconf 91' lang='lat' dir='ltr'><strong>cum</strong></span> <span class='ocrx_word' id='word_1_16' title='bbox 899 336 1094 383; x_wconf 74' lang='lat' dir='ltr'><strong>Olympiadi</strong></span> <span class='ocrx_word' id='word_1_17' title='bbox 1113 336 1212 379; x_wconf 91' lang='lat' dir='ltr'><strong>dicit,</strong></span> 
     </span>
    </p>
   </div>
   <div class='ocr_carea' id='block_1_4' title="bbox 167 397 1212 446">
    <p class='ocr_par' dir='ltr' id='par_1_4' title="bbox 167 397 1212 446">
     <span class='ocr_line' id='line_1_4' title="bbox 167 397 1212 446; baseline -0.007 -8"><span class='ocrx_word' id='word_1_18' title='bbox 167 402 325 438; x_wconf 75' lang='lat' dir='ltr'><strong>Omnibus</strong></span> <span class='ocrx_word' id='word_1_19' title='bbox 343 400 452 446; x_wconf 73' lang='lat' dir='ltr'><strong>ofﬁciis</strong></span> <span class='ocrx_word' id='word_1_20' title='bbox 471 409 544 434; x_wconf 89' lang='lat' dir='ltr'><strong>eum</strong></span> <span class='ocrx_word' id='word_1_21' title='bbox 561 399 735 444; x_wconf 64' lang='lat' dir='ltr'><strong>complecti</strong></span> <span class='ocrx_word' id='word_1_22' title='bbox 751 409 792 433; x_wconf 86' lang='lat' dir='ltr'><strong>ne</strong></span> <span class='ocrx_word' id='word_1_23' title='bbox 809 398 954 441; x_wconf 81' lang='lat' dir='ltr'><strong>desinas,</strong></span> <span class='ocrx_word' id='word_1_24' title='bbox 971 403 1006 432; x_wconf 86' lang='lat' dir='ltr'><strong>ut</strong></span> <span class='ocrx_word' id='word_1_25' title='bbox 1023 408 1098 432; x_wconf 84' lang='lat' dir='ltr'><strong>eum</strong></span> <span class='ocrx_word' id='word_1_26' title='bbox 1117 408 1136 432; x_wconf 91' lang='lat' dir='ltr'><strong>e</strong></span> <span class='ocrx_word' id='word_1_27' title='bbox 1152 397 1212 432; x_wconf 83' lang='lat' dir='ltr'><strong>ba-</strong></span> 
     </span>
    </p>
   </div>
   <div class='ocr_carea' id='block_1_5' title="bbox 167 457 1214 503">
    <p class='ocr_par' dir='ltr' id='par_1_5' title="bbox 167 457 1214 503">
     <span class='ocr_line' id='line_1_5' title="bbox 167 457 1214 503; baseline -0.006 -5"><span class='ocrx_word' id='word_1_28' title='bbox 167 464 277 498; x_wconf 81' lang='lat' dir='ltr'><strong>rutltro</strong></span> <span class='ocrx_word' id='word_1_29' title='bbox 297 463 446 497; x_wconf 67' lang='lat' dir='ltr'><strong>extra/tas</strong></span> <span class='ocrx_word' id='word_1_30' title='bbox 465 470 477 495; x_wconf 90' lang='lat'><strong><em>:</em></strong></span> <span class='ocrx_word' id='word_1_31' title='bbox 503 459 667 494; x_wconf 87' lang='lat' dir='ltr'><strong>nimirum</strong></span> <span class='ocrx_word' id='word_1_32' title='bbox 685 469 728 494; x_wconf 82' lang='lat' dir='ltr'><strong>ex</strong></span> <span class='ocrx_word' id='word_1_33' title='bbox 747 459 916 494; x_wconf 94' lang='lat' dir='ltr'><strong>societate</strong></span> <span class='ocrx_word' id='word_1_34' title='bbox 941 468 1021 493; x_wconf 90' lang='lat' dir='ltr'><strong>cum</strong></span> <span class='ocrx_word' id='word_1_35' title='bbox 1043 457 1214 503; x_wconf 88' lang='lat' dir='ltr'><strong>improbis</strong></span> 
     </span>
    </p>
   </div>
   <div class='ocr_carea' id='block_1_6' title="bbox 169 519 1212 568">
    <p class='ocr_par' dir='ltr' id='par_1_6' title="bbox 169 519 1212 568">
     <span class='ocr_line' id='line_1_6' title="bbox 169 519 1212 568; baseline -0.008 -6"><span class='ocrx_word' id='word_1_36' title='bbox 169 525 234 563; x_wconf 80' lang='lat' dir='ltr'><strong>illis</strong></span> <span class='ocrx_word' id='word_1_37' title='bbox 251 523 405 567; x_wconf 84' lang='lat' dir='ltr'><strong>Arsacio,</strong></span> <span class='ocrx_word' id='word_1_38' title='bbox 421 521 629 568; x_wconf 89' lang='lat' dir='ltr'><strong>Porphyrio,</strong></span> <span class='ocrx_word' id='word_1_39' title='bbox 652 521 858 564; x_wconf 86' lang='lat' dir='ltr'><strong>Severiano,</strong></span> <span class='ocrx_word' id='word_1_40' title='bbox 875 521 1064 556; x_wconf 83' lang='lat' dir='ltr'><strong>Antiocho.</strong></span> <span class='ocrx_word' id='word_1_41' title='bbox 1088 519 1133 556; x_wconf 89' lang='lat' dir='ltr'><strong>Ut</strong></span> <span class='ocrx_word' id='word_1_42' title='bbox 1148 531 1212 554; x_wconf 90' lang='lat' dir='ltr'><strong>:iu-</strong></span> 
     </span>
    </p>
   </div>
   <div class='ocr_carea' id='block_1_7' title="bbox 170 581 1212 630">
    <p class='ocr_par' dir='ltr' id='par_1_7' title="bbox 170 581 1212 630">
     <span class='ocr_line' id='line_1_7' title="bbox 170 581 1212 630; baseline -0.006 -8"><span class='ocrx_word' id='word_1_43' title='bbox 170 593 234 622; x_wconf 85' lang='lat' dir='ltr'><strong>tem</strong></span> <span class='ocrx_word' id='word_1_44' title='bbox 260 585 376 620; x_wconf 81' lang='lat' dir='ltr'><strong>videas</strong></span> <span class='ocrx_word' id='word_1_45' title='bbox 401 590 530 630; x_wconf 89' lang='lat' dir='ltr'><strong>quanto</strong></span> <span class='ocrx_word' id='word_1_46' title='bbox 556 583 687 626; x_wconf 89' lang='lat' dir='ltr'><strong>studio,</strong></span> <span class='ocrx_word' id='word_1_47' title='bbox 721 581 960 628; x_wconf 74' lang='lat' dir='ltr'><strong>prmdicationi</strong></span> <span class='ocrx_word' id='word_1_48' title='bbox 987 582 1160 628; x_wconf 81' lang='lat' dir='ltr'><strong>evangelii</strong></span> <span class='ocrx_word' id='word_1_49' title='bbox 1179 581 1212 617; x_wconf 88' lang='lat' dir='ltr'><strong>in</strong></span> 
     </span>
    </p>
   </div>
   <div class='ocr_carea' id='block_1_8' title="bbox 169 643 1210 691">
    <p class='ocr_par' dir='ltr' id='par_1_8' title="bbox 169 643 1210 691">
     <span class='ocr_line' id='line_1_8' title="bbox 169 643 1210 691; baseline -0.004 -7"><span class='ocrx_word' id='word_1_50' title='bbox 169 647 336 688; x_wconf 86' lang='lat' dir='ltr'><strong>omnibus,</strong></span> <span class='ocrx_word' id='word_1_51' title='bbox 367 652 403 682; x_wconf 91' lang='lat' dir='ltr'><strong>ut</strong></span> <span class='ocrx_word' id='word_1_52' title='bbox 431 646 476 682; x_wconf 88' lang='lat' dir='ltr'><strong>ita</strong></span> <span class='ocrx_word' id='word_1_53' title='bbox 512 645 642 689; x_wconf 90' lang='lat' dir='ltr'><strong>dicam,</strong></span> <span class='ocrx_word' id='word_1_54' title='bbox 675 645 772 682; x_wconf 87' lang='lat' dir='ltr'><strong>orbis</strong></span> <span class='ocrx_word' id='word_1_55' title='bbox 802 643 958 691; x_wconf 89' lang='lat' dir='ltr'><strong>partibus</strong></span> <span class='ocrx_word' id='word_1_56' title='bbox 989 644 1210 690; x_wconf 86' lang='lat' dir='ltr'><strong>advigilaret.</strong></span> 
     </span>
    </p>
   </div>
   <div class='ocr_carea' id='block_1_9' title="bbox 171 705 1216 755">
    <p class='ocr_par' dir='ltr' id='par_1_9' title="bbox 171 705 1216 755">
     <span class='ocr_line' id='line_1_9' title="bbox 171 705 1216 755; baseline -0.001 -12"><span class='ocrx_word' id='word_1_57' title='bbox 171 706 368 755; x_wconf 79' lang='lat' dir='ltr'><strong>posthabitis</strong></span> <span class='ocrx_word' id='word_1_58' title='bbox 385 716 525 752; x_wconf 83' lang='lat' dir='ltr'><strong>semper</strong></span> <span class='ocrx_word' id='word_1_59' title='bbox 541 705 598 748; x_wconf 88' lang='lat' dir='ltr'><strong>iis,</strong></span> <span class='ocrx_word' id='word_1_60' title='bbox 634 715 710 752; x_wconf 74' lang='lat' dir='ltr'><strong>quin</strong></span> <span class='ocrx_word' id='word_1_61' title='bbox 728 705 772 742; x_wconf 89' lang='lat' dir='ltr'><strong>ad</strong></span> <span class='ocrx_word' id='word_1_62' title='bbox 789 715 828 740; x_wconf 86' lang='lat' dir='ltr'><strong>se</strong></span> <span class='ocrx_word' id='word_1_63' title='bbox 843 705 1027 751; x_wconf 77' lang='lat' dir='ltr'><strong>speciatim</strong></span> <span class='ocrx_word' id='word_1_64' title='bbox 1052 712 1216 751; x_wconf 85' lang='lat' dir='ltr'><strong>spectare</strong></span> 
     </span>
    </p>
   </div>
   <div class='ocr_carea' id='block_1_10' title="bbox 171 765 1214 813">
    <p class='ocr_par' dir='ltr' id='par_1_10' title="bbox 171 765 1214 813">
     <span class='ocr_line' id='line_1_10' title="bbox 171 765 1214 813; baseline -0.003 -9"><span class='ocrx_word' id='word_1_65' title='bbox 171 768 462 813; x_wconf 75' lang='lat' dir='ltr'><strong>videbantur,qu:c</strong></span> <span class='ocrx_word' id='word_1_66' title='bbox 475 772 670 812; x_wconf 88' lang='lat' dir='ltr'><strong>sequuntur</strong></span> <span class='ocrx_word' id='word_1_67' title='bbox 683 766 725 802; x_wconf 90' lang='lat' dir='ltr'><strong>ad</strong></span> <span class='ocrx_word' id='word_1_68' title='bbox 742 766 889 803; x_wconf 89' lang='lat' dir='ltr'><strong>verbttm</strong></span> <span class='ocrx_word' id='word_1_69' title='bbox 910 772 992 802; x_wconf 89' lang='lat' dir='ltr'><strong>sunt</strong></span> <span class='ocrx_word' id='word_1_70' title='bbox 1007 765 1192 802; x_wconf 80' lang='lat' dir='ltr'><strong>referenda</strong></span> <span class='ocrx_word' id='word_1_71' title='bbox 1205 777 1214 801; x_wconf 90' lang='lat'>:</span> 
     </span>
    </p>
   </div>
   <div class='ocr_carea' id='block_1_11' title="bbox 172 827 1218 875">
    <p class='ocr_par' dir='ltr' id='par_1_11' title="bbox 172 827 1218 875">
     <span class='ocr_line' id='line_1_11' title="bbox 172 827 1218 875; baseline -0.003 -11"><span class='ocrx_word' id='word_1_72' title='bbox 172 830 256 865; x_wconf 84' lang='lat' dir='ltr'><strong>Nam</strong></span> <span class='ocrx_word' id='word_1_73' title='bbox 271 829 339 875; x_wconf 88' lang='lat' dir='ltr'><strong>ejus</strong></span> <span class='ocrx_word' id='word_1_74' title='bbox 353 839 454 874; x_wconf 84' lang='lat' dir='ltr'><strong>opera</strong></span> <span class='ocrx_word' id='word_1_75' title='bbox 471 827 510 862; x_wconf 91' lang='lat' dir='ltr'><strong>ob</strong></span> <span class='ocrx_word' id='word_1_76' title='bbox 531 827 680 864; x_wconf 77' lang='lat' dir='ltr'><strong>Persidis</strong></span> <span class='ocrx_word' id='word_1_77' title='bbox 697 829 829 875; x_wconf 86' lang='lat' dir='ltr'><strong>negotia</strong></span> <span class='ocrx_word' id='word_1_78' title='bbox 845 839 937 875; x_wconf 83' lang='lat' dir='ltr'><strong>egeo.</strong></span> <span class='ocrx_word' id='word_1_79' title='bbox 959 827 1078 874; x_wconf 78' lang='lat' dir='ltr'><strong>Atque,</strong></span> <span class='ocrx_word' id='word_1_80' title='bbox 1098 827 1128 863; x_wconf 85' lang='lat' dir='ltr'><strong>si</strong></span> <span class='ocrx_word' id='word_1_81' title='bbox 1144 827 1180 862; x_wconf 95' lang='lat' dir='ltr'><strong>id</strong></span> <span class='ocrx_word' id='word_1_82' title='bbox 1197 838 1218 862; x_wconf 90' lang='lat' dir='ltr'><strong>a</strong></span> 
     </span>
    </p>
   </div>
   <div class='ocr_carea' id='block_1_12' title="bbox 146 889 1218 937">
    <p class='ocr_par' dir='ltr' id='par_1_12' title="bbox 146 889 1218 937">
     <span class='ocr_line' id='line_1_12' title="bbox 146 889 1218 937; baseline -0.001 -10"><span class='ocrx_word' id='word_1_83' title='bbox 146 926 150 932; x_wconf 79' lang='grc'><strong><em>,</em></strong></span> <span class='ocrx_word' id='word_1_84' title='bbox 171 897 199 927; x_wconf 85' lang='lat' dir='ltr'><strong>te</strong></span> <span class='ocrx_word' id='word_1_85' title='bbox 213 889 282 936; x_wconf 80' lang='lat' dir='ltr'><strong>ﬁeri</strong></span> <span class='ocrx_word' id='word_1_86' title='bbox 297 895 412 936; x_wconf 87' lang='lat' dir='ltr'><strong>potest,</strong></span> <span class='ocrx_word' id='word_1_87' title='bbox 430 900 471 925; x_wconf 86' lang='lat' dir='ltr'><strong>e1:</strong></span> <span class='ocrx_word' id='word_1_88' title='bbox 487 900 524 925; x_wconf 89' lang='lat' dir='ltr'><strong>eo</strong></span> <span class='ocrx_word' id='word_1_89' title='bbox 543 889 704 937; x_wconf 85' lang='lat' dir='ltr'><strong>intellige,</strong></span> <span class='ocrx_word' id='word_1_90' title='bbox 721 890 881 936; x_wconf 82' lang='lat' dir='ltr'><strong>quidnam</strong></span> <span class='ocrx_word' id='word_1_91' title='bbox 901 890 970 926; x_wconf 85' lang='lat' dir='ltr'><strong>illic</strong></span> <span class='ocrx_word' id='word_1_92' title='bbox 984 890 1089 936; x_wconf 78' lang='lat' dir='ltr'><strong>ipsius</strong></span> <span class='ocrx_word' id='word_1_93' title='bbox 1105 890 1218 926; x_wconf 87' lang='lat' dir='ltr'><strong>studio</strong></span> 
     </span>
    </p>
   </div>
   <div class='ocr_carea' id='block_1_13' title="bbox 170 951 1218 998">
    <p class='ocr_par' dir='ltr' id='par_1_13' title="bbox 170 951 1218 998">
     <span class='ocr_line' id='line_1_13' title="bbox 170 951 1218 998; baseline 0.001 -12"><span class='ocrx_word' id='word_1_94' title='bbox 170 959 261 997; x_wconf 82' lang='lat' dir='ltr'><strong>atque</strong></span> <span class='ocrx_word' id='word_1_95' title='bbox 277 961 375 997; x_wconf 80' lang='lat' dir='ltr'><strong>opera</strong></span> <span class='ocrx_word' id='word_1_96' title='bbox 401 953 583 997; x_wconf 78' lang='lat' dir='ltr'><strong>perfectum</strong></span> <span class='ocrx_word' id='word_1_97' title='bbox 600 951 656 995; x_wconf 85' lang='lat' dir='ltr'><strong>sit,</strong></span> <span class='ocrx_word' id='word_1_98' title='bbox 687 957 716 986; x_wconf 88' lang='lat' dir='ltr'><strong>et</strong></span> <span class='ocrx_word' id='word_1_99' title='bbox 733 962 793 986; x_wconf 92' lang='lat' dir='ltr'><strong>cur</strong></span> <span class='ocrx_word' id='word_1_100' title='bbox 809 951 893 987; x_wconf 87' lang='lat' dir='ltr'><strong>istuc</strong></span> <span class='ocrx_word' id='word_1_101' title='bbox 910 953 1081 998; x_wconf 76' lang='lat' dir='ltr'><strong>profectus</strong></span> <span class='ocrx_word' id='word_1_102' title='bbox 1103 951 1146 987; x_wconf 86' lang='lat' dir='ltr'><strong>sit</strong></span> <span class='ocrx_word' id='word_1_103' title='bbox 1163 953 1218 998; x_wconf 83' lang='lat' dir='ltr'><strong>[ac</strong></span> 
     </span>
    </p>
   </div>
   <div class='ocr_carea' id='block_1_14' title="bbox 171 1011 1219 1059">
    <p class='ocr_par' dir='ltr' id='par_1_14' title="bbox 171 1011 1219 1059">
     <span class='ocr_line' id='line_1_14' title="bbox 171 1011 1219 1059; baseline 0 -11"><span class='ocrx_word' id='word_1_104' title='bbox 171 1013 276 1053; x_wconf 79' lang='lat' dir='ltr'><strong>sciam,</strong></span> <span class='ocrx_word' id='word_1_105' title='bbox 295 1023 334 1048; x_wconf 86' lang='lat' dir='ltr'><strong>ac</strong></span> <span class='ocrx_word' id='word_1_106' title='bbox 352 1022 429 1046; x_wconf 83' lang='lat' dir='ltr'><strong>num</strong></span> <span class='ocrx_word' id='word_1_107' title='bbox 447 1012 476 1047; x_wconf 86' lang='lat' dir='ltr'><strong>ei</strong></span> <span class='ocrx_word' id='word_1_108' title='bbox 489 1011 574 1048; x_wconf 85' lang='lat' dir='ltr'><strong>duas</strong></span> <span class='ocrx_word' id='word_1_109' title='bbox 592 1012 762 1058; x_wconf 77' lang='lat' dir='ltr'><strong>epistolas,</strong></span> <span class='ocrx_word' id='word_1_110' title='bbox 778 1023 862 1059; x_wconf 85' lang='lat' dir='ltr'><strong>quas</strong></span> <span class='ocrx_word' id='word_1_111' title='bbox 879 1014 924 1048; x_wconf 86' lang='lat' dir='ltr'><strong>ad</strong></span> <span class='ocrx_word' id='word_1_112' title='bbox 939 1023 1014 1048; x_wconf 86' lang='lat' dir='ltr'><strong>eum</strong></span> <span class='ocrx_word' id='word_1_113' title='bbox 1033 1013 1122 1056; x_wconf 84' lang='lat' dir='ltr'><strong>misi,</strong></span> <span class='ocrx_word' id='word_1_114' title='bbox 1141 1013 1219 1048; x_wconf 87' lang='lat' dir='ltr'><strong>red-</strong></span> 
     </span>
    </p>
   </div>
   <div class='ocr_carea' id='block_1_15' title="bbox 171 1074 1219 1120">
    <p class='ocr_par' dir='ltr' id='par_1_15' title="bbox 171 1074 1219 1120">
     <span class='ocr_line' id='line_1_15' title="bbox 171 1074 1219 1120; baseline 0.002 -12"><span class='ocrx_word' id='word_1_115' title='bbox 171 1074 298 1109; x_wconf 87' lang='lat' dir='ltr'><strong>dideris.</strong></span> <span class='ocrx_word' id='word_1_116' title='bbox 331 1074 372 1110; x_wconf 83' lang='lat' dir='ltr'><strong>Si</strong></span> <span class='ocrx_word' id='word_1_117' title='bbox 399 1075 481 1109; x_wconf 83' lang='lat' dir='ltr'><strong>nti/ii</strong></span> <span class='ocrx_word' id='word_1_118' title='bbox 507 1075 652 1110; x_wconf 77' lang='lat' dir='ltr'><strong>scribere</strong></span> <span class='ocrx_word' id='word_1_119' title='bbox 682 1075 774 1120; x_wconf 70' lang='lat' dir='ltr'><strong>velit,</strong></span> <span class='ocrx_word' id='word_1_120' title='bbox 803 1086 937 1111; x_wconf 82' lang='lat' dir='ltr'><strong>rursum</strong></span> <span class='ocrx_word' id='word_1_121' title='bbox 968 1075 1138 1118; x_wconf 77' lang='lat' dir='ltr'><strong>scribant;</strong></span> <span class='ocrx_word' id='word_1_122' title='bbox 1166 1076 1219 1111; x_wconf 85' lang='lat' dir='ltr'><strong>sin</strong></span> 
     </span>
    </p>
   </div>
   <div class='ocr_carea' id='block_1_16' title="bbox 171 1133 1220 1183">
    <p class='ocr_par' dir='ltr' id='par_1_16' title="bbox 171 1133 1220 1183">
     <span class='ocr_line' id='line_1_16' title="bbox 171 1133 1220 1183; baseline 0.004 -15"><span class='ocrx_word' id='word_1_123' title='bbox 171 1133 336 1170; x_wconf 80' lang='lat' dir='ltr'><strong>rescribere</strong></span> <span class='ocrx_word' id='word_1_124' title='bbox 363 1142 530 1182; x_wconf 77' lang='lat' dir='ltr'><strong>gravetur,</strong></span> <span class='ocrx_word' id='word_1_125' title='bbox 566 1136 684 1171; x_wconf 82' lang='lat' dir='ltr'><strong>saltem</strong></span> <span class='ocrx_word' id='word_1_126' title='bbox 712 1136 793 1183; x_wconf 87' lang='lat' dir='ltr'><strong>quid</strong></span> <span class='ocrx_word' id='word_1_127' title='bbox 818 1137 886 1172; x_wconf 88' lang='lat' dir='ltr'><strong>illic</strong></span> <span class='ocrx_word' id='word_1_128' title='bbox 907 1139 1092 1183; x_wconf 78' lang='lat' dir='ltr'><strong>perfectum</strong></span> <span class='ocrx_word' id='word_1_129' title='bbox 1119 1137 1220 1182; x_wconf 79' lang='lat' dir='ltr'><strong>fuerit</strong></span> 
     </span>
    </p>
   </div>
   <div class='ocr_carea' id='block_1_17' title="bbox 173 1194 1221 1244">
    <p class='ocr_par' dir='ltr' id='par_1_17' title="bbox 173 1194 1221 1244">
     <span class='ocr_line' id='line_1_17' title="bbox 173 1194 1221 1244; baseline 0.006 -16"><span class='ocrx_word' id='word_1_130' title='bbox 173 1194 224 1229; x_wconf 82' lang='lat' dir='ltr'><strong>tibi</strong></span> <span class='ocrx_word' id='word_1_131' title='bbox 254 1201 407 1240; x_wconf 74' lang='lat' dir='ltr'><strong>exponat,</strong></span> <span class='ocrx_word' id='word_1_132' title='bbox 445 1202 474 1232; x_wconf 88' lang='lat' dir='ltr'><strong>et</strong></span> <span class='ocrx_word' id='word_1_133' title='bbox 505 1207 586 1231; x_wconf 86' lang='lat' dir='ltr'><strong>num</strong></span> <span class='ocrx_word' id='word_1_134' title='bbox 613 1197 694 1242; x_wconf 84' lang='lat' dir='ltr'><strong>quid</strong></span> <span class='ocrx_word' id='word_1_135' title='bbox 725 1208 842 1233; x_wconf 78' lang='lat' dir='ltr'><strong>rursus</strong></span> <span class='ocrx_word' id='word_1_136' title='bbox 860 1197 975 1234; x_wconf 89' lang='lat' dir='ltr'><strong>eodem</strong></span> <span class='ocrx_word' id='word_1_137' title='bbox 1005 1199 1221 1244; x_wconf 81' lang='lat' dir='ltr'><strong>proﬁciscens</strong></span> 
     </span>
    </p>
   </div>
   <div class='ocr_carea' id='block_1_18' title="bbox 173 1255 1223 1305">
    <p class='ocr_par' dir='ltr' id='par_1_18' title="bbox 173 1255 1223 1305">
     <span class='ocr_line' id='line_1_18' title="bbox 173 1255 1223 1305; baseline 0.007 -17"><span class='ocrx_word' id='word_1_138' title='bbox 173 1255 367 1299; x_wconf 77' lang='lat' dir='ltr'><strong>priestiturus</strong></span> <span class='ocrx_word' id='word_1_139' title='bbox 384 1255 424 1290; x_wconf 86' lang='lat' dir='ltr'><strong>sit</strong></span> <span class='ocrx_word' id='word_1_140' title='bbox 441 1267 455 1291; x_wconf 83' lang='lat'><strong>.&#39;</strong></span> <span class='ocrx_word' id='word_1_141' title='bbox 473 1267 550 1291; x_wconf 85' lang='lat' dir='ltr'><strong>nam</strong></span> <span class='ocrx_word' id='word_1_142' title='bbox 565 1268 624 1302; x_wconf 86' lang='lat' dir='ltr'><strong>ego</strong></span> <span class='ocrx_word' id='word_1_143' title='bbox 643 1257 706 1292; x_wconf 85' lang='lat' dir='ltr'><strong>hac</strong></span> <span class='ocrx_word' id='word_1_144' title='bbox 731 1257 772 1293; x_wconf 89' lang='lat' dir='ltr'><strong>de</strong></span> <span class='ocrx_word' id='word_1_145' title='bbox 800 1269 902 1294; x_wconf 88' lang='lat' dir='ltr'><strong>causa</strong></span> <span class='ocrx_word' id='word_1_146' title='bbox 918 1259 1029 1305; x_wconf 88' lang='lat' dir='ltr'><strong>ipsum</strong></span> <span class='ocrx_word' id='word_1_147' title='bbox 1047 1259 1223 1295; x_wconf 82' lang='lat' dir='ltr'><strong>convenire</strong></span> 
     </span>
    </p>
   </div>
   <div class='ocr_carea' id='block_1_19' title="bbox 172 1315 1222 1368">
    <p class='ocr_par' dir='ltr' id='par_1_19' title="bbox 172 1315 1222 1368">
     <span class='ocr_line' id='line_1_19' title="bbox 172 1315 1222 1368; baseline 0.008 -19"><span class='ocrx_word' id='word_1_148' title='bbox 172 1315 345 1350; x_wconf 73' lang='lat' dir='ltr'><strong>studebant.</strong></span> <span class='ocrx_word' id='word_1_149' title='bbox 378 1316 562 1364; x_wconf 86' lang='lat' dir='ltr'><strong>Utcumque</strong></span> <span class='ocrx_word' id='word_1_150' title='bbox 581 1318 638 1362; x_wconf 86' lang='lat' dir='ltr'><strong>sit,</strong></span> <span class='ocrx_word' id='word_1_151' title='bbox 669 1319 830 1366; x_wconf 79' lang='lat' dir='ltr'><strong>quidquid</strong></span> <span class='ocrx_word' id='word_1_152' title='bbox 851 1326 984 1356; x_wconf 86' lang='lat' dir='ltr'><strong>tuarum</strong></span> <span class='ocrx_word' id='word_1_153' title='bbox 1009 1321 1156 1368; x_wconf 88' lang='lat' dir='ltr'><strong>partium</strong></span> <span class='ocrx_word' id='word_1_154' title='bbox 1173 1328 1222 1358; x_wconf 88' lang='lat' dir='ltr'><strong>est</strong></span> 
     </span>
    </p>
   </div>
   <div class='ocr_carea' id='block_1_20' title="bbox 173 1381 1222 1429">
    <p class='ocr_par' dir='ltr' id='par_1_20' title="bbox 173 1381 1222 1429">
     <span class='ocr_line' id='line_1_20' title="bbox 173 1381 1222 1429; baseline 0.008 -19"><span class='ocrx_word' id='word_1_155' title='bbox 173 1383 298 1421; x_wconf 79' lang='lat' dir='ltr'><strong>priesta,</strong></span> <span class='ocrx_word' id='word_1_156' title='bbox 319 1388 502 1424; x_wconf 84' lang='lat' dir='ltr'><strong>munusque</strong></span> <span class='ocrx_word' id='word_1_157' title='bbox 517 1385 609 1414; x_wconf 88' lang='lat' dir='ltr'><strong>tuum</strong></span> <span class='ocrx_word' id='word_1_158' title='bbox 629 1381 740 1425; x_wconf 71' lang='lat' dir='ltr'><strong>exple,</strong></span> <span class='ocrx_word' id='word_1_159' title='bbox 761 1381 890 1416; x_wconf 88' lang='lat' dir='ltr'><strong>etiamsi</strong></span> <span class='ocrx_word' id='word_1_160' title='bbox 908 1392 1022 1418; x_wconf 84' lang='lat' dir='ltr'><strong>omnes</strong></span> <span class='ocrx_word' id='word_1_161' title='bbox 1042 1393 1149 1429; x_wconf 84' lang='lat' dir='ltr'><strong>prono</strong></span> <span class='ocrx_word' id='word_1_162' title='bbox 1165 1395 1222 1418; x_wconf 90' lang='lat' dir='ltr'><strong>ca-</strong></span> 
     </span>
    </p>
   </div>
   <div class='ocr_carea' id='block_1_21' title="bbox 173 1435 1223 1488">
    <p class='ocr_par' dir='ltr' id='par_1_21' title="bbox 173 1435 1223 1488">
     <span class='ocr_line' id='line_1_21' title="bbox 173 1435 1223 1488; baseline 0.01 -17"><span class='ocrx_word' id='word_1_163' title='bbox 173 1435 233 1479; x_wconf 82' lang='lat' dir='ltr'><strong>pite</strong></span> <span class='ocrx_word' id='word_1_164' title='bbox 259 1438 293 1474; x_wconf 87' lang='lat' dir='ltr'><strong>in</strong></span> <span class='ocrx_word' id='word_1_165' title='bbox 327 1450 474 1487; x_wconf 78' lang='lat' dir='ltr'><strong>prteceps</strong></span> <span class='ocrx_word' id='word_1_166' title='bbox 499 1443 650 1488; x_wconf 78' lang='lat' dir='ltr'><strong>[erant-ur</strong></span> <span class='ocrx_word' id='word_1_167' title='bbox 677 1452 690 1478; x_wconf 88' lang='lat'><strong><em>:</em></strong></span> <span class='ocrx_word' id='word_1_168' title='bbox 716 1453 842 1479; x_wconf 80' lang='lat' dir='ltr'><strong>merces</strong></span> <span class='ocrx_word' id='word_1_169' title='bbox 871 1443 959 1480; x_wconf 88' lang='lat' dir='ltr'><strong>enim</strong></span> <span class='ocrx_word' id='word_1_170' title='bbox 989 1450 1046 1480; x_wconf 81' lang='lat' dir='ltr'><strong>tua</strong></span> <span class='ocrx_word' id='word_1_171' title='bbox 1075 1446 1223 1482; x_wconf 86' lang='lat' dir='ltr'><strong>numeris</strong></span> 
     </span>
    </p>
   </div>
   <div class='ocr_carea' id='block_1_22' title="bbox 171 1499 576 1538">
    <p class='ocr_par' dir='ltr' id='par_1_22' title="bbox 171 1499 576 1538">
     <span class='ocr_line' id='line_1_22' title="bbox 171 1499 576 1538; baseline 0.01 -5"><span class='ocrx_word' id='word_1_172' title='bbox 171 1499 314 1535; x_wconf 82' lang='lat' dir='ltr'><strong>omnibus</strong></span> <span class='ocrx_word' id='word_1_173' title='bbox 331 1499 482 1536; x_wconf 86' lang='lat' dir='ltr'><strong>absoluta</strong></span> <span class='ocrx_word' id='word_1_174' title='bbox 502 1502 576 1538; x_wconf 84' lang='lat' dir='ltr'><strong>erit.</strong></span> 
     </span>
    </p>
   </div>
   <div class='ocr_carea' id='block_1_23' title="bbox 214 1559 1222 1612">
    <p class='ocr_par' dir='ltr' id='par_1_23' title="bbox 214 1559 1222 1612">
     <span class='ocr_line' id='line_1_23' title="bbox 214 1559 1222 1612; baseline 0.01 -18"><span class='ocrx_word' id='word_1_175' title='bbox 214 1559 277 1596; x_wconf 87' lang='lat' dir='ltr'><strong>llic</strong></span> <span class='ocrx_word' id='word_1_176' title='bbox 288 1560 386 1596; x_wconf 77' lang='lat' dir='ltr'><strong>vides</strong></span> <span class='ocrx_word' id='word_1_177' title='bbox 405 1571 532 1596; x_wconf 85' lang='lat' dir='ltr'><strong>novum</strong></span> <span class='ocrx_word' id='word_1_178' title='bbox 547 1562 694 1600; x_wconf 87' lang='lat' dir='ltr'><strong>Paulum</strong></span> <span class='ocrx_word' id='word_1_179' title='bbox 711 1573 774 1600; x_wconf 79' lang='lat' dir='ltr'><strong>Sua</strong></span> <span class='ocrx_word' id='word_1_180' title='bbox 788 1566 906 1602; x_wconf 90' lang='lat' dir='ltr'><strong>omnia</strong></span> <span class='ocrx_word' id='word_1_181' title='bbox 924 1567 1013 1603; x_wconf 85' lang='lat' dir='ltr'><strong>nihil</strong></span> <span class='ocrx_word' id='word_1_182' title='bbox 1025 1573 1222 1612; x_wconf 88' lang='lat' dir='ltr'><strong>curantem,</strong></span> 
     </span>
    </p>
   </div>
   <div class='ocr_carea' id='block_1_24' title="bbox 169 1619 1222 1674">
    <p class='ocr_par' dir='ltr' id='par_1_24' title="bbox 169 1619 1222 1674">
     <span class='ocr_line' id='line_1_24' title="bbox 169 1619 1222 1674; baseline 0.011 -21"><span class='ocrx_word' id='word_1_183' title='bbox 169 1619 358 1656; x_wconf 89' lang='lat' dir='ltr'><strong>dummodo</strong></span> <span class='ocrx_word' id='word_1_184' title='bbox 375 1622 591 1667; x_wconf 81' lang='lat' dir='ltr'><strong>evangelium</strong></span> <span class='ocrx_word' id='word_1_185' title='bbox 611 1623 673 1660; x_wconf 86' lang='lat' dir='ltr'><strong>Dei</strong></span> <span class='ocrx_word' id='word_1_186' title='bbox 702 1625 912 1670; x_wconf 61' lang='lat' dir='ltr'><strong>praedicetur</strong></span> <span class='ocrx_word' id='word_1_187' title='bbox 940 1633 977 1664; x_wconf 88' lang='lat' dir='ltr'><strong>et</strong></span> <span class='ocrx_word' id='word_1_188' title='bbox 995 1636 1222 1674; x_wconf 76' lang='lat' dir='ltr'><strong>propagetur.</strong></span> 
     </span>
    </p>
   </div>
   <div class='ocr_carea' id='block_1_25' title="bbox 171 1682 1226 1739">
    <p class='ocr_par' dir='ltr' id='par_1_25' title="bbox 171 1682 1226 1739">
     <span class='ocr_line' id='line_1_25' title="bbox 171 1682 1226 1739; baseline 0.009 -19"><span class='ocrx_word' id='word_1_189' title='bbox 171 1682 292 1720; x_wconf 86' lang='lat' dir='ltr'><strong>Utrum</strong></span> <span class='ocrx_word' id='word_1_190' title='bbox 311 1694 395 1720; x_wconf 91' lang='lat' dir='ltr'><strong>vero</strong></span> <span class='ocrx_word' id='word_1_191' title='bbox 409 1685 590 1723; x_wconf 83' lang='lat' dir='ltr'><strong>Marutlias</strong></span> <span class='ocrx_word' id='word_1_192' title='bbox 607 1687 862 1736; x_wconf 82' lang='lat' dir='ltr'><strong>Clirysustomo</strong></span> <span class='ocrx_word' id='word_1_193' title='bbox 878 1691 1016 1728; x_wconf 86' lang='lat' dir='ltr'><strong>tandem</strong></span> <span class='ocrx_word' id='word_1_194' title='bbox 1033 1693 1226 1739; x_wconf 85' lang='lat' dir='ltr'><strong>rescripse-</strong></span> 
     </span>
    </p>
   </div>
   <div class='ocr_carea' id='block_1_26' title="bbox 171 1743 1223 1799">
    <p class='ocr_par' dir='ltr' id='par_1_26' title="bbox 171 1743 1223 1799">
     <span class='ocr_line' id='line_1_26' title="bbox 171 1743 1223 1799; baseline 0.011 -22"><span class='ocrx_word' id='word_1_195' title='bbox 171 1743 226 1785; x_wconf 92' lang='lat' dir='ltr'><strong>rit,</strong></span> <span class='ocrx_word' id='word_1_196' title='bbox 243 1744 295 1780; x_wconf 85' lang='lat' dir='ltr'><strong>vel</strong></span> <span class='ocrx_word' id='word_1_197' title='bbox 311 1745 514 1782; x_wconf 89' lang='lat' dir='ltr'><strong>societatem</strong></span> <span class='ocrx_word' id='word_1_198' title='bbox 531 1747 683 1794; x_wconf 81' lang='lat' dir='ltr'><strong>aliquam</strong></span> <span class='ocrx_word' id='word_1_199' title='bbox 713 1759 792 1786; x_wconf 88' lang='lat' dir='ltr'><strong>cum</strong></span> <span class='ocrx_word' id='word_1_200' title='bbox 813 1751 872 1788; x_wconf 90' lang='lat' dir='ltr'><strong>illo</strong></span> <span class='ocrx_word' id='word_1_201' title='bbox 890 1752 1007 1788; x_wconf 85' lang='lat' dir='ltr'><strong>inierit</strong></span> <span class='ocrx_word' id='word_1_202' title='bbox 1027 1763 1092 1799; x_wconf 90' lang='lat' dir='ltr'><strong>pro</strong></span> <span class='ocrx_word' id='word_1_203' title='bbox 1111 1763 1223 1790; x_wconf 86' lang='lat' dir='ltr'><strong>evan-</strong></span> 
     </span>
    </p>
   </div>
   <div class='ocr_carea' id='block_1_27' title="bbox 171 1804 1224 1860">
    <p class='ocr_par' dir='ltr' id='par_1_27' title="bbox 171 1804 1224 1860">
     <span class='ocr_line' id='line_1_27' title="bbox 171 1804 1224 1860; baseline 0.012 -23"><span class='ocrx_word' id='word_1_204' title='bbox 171 1804 247 1850; x_wconf 85' lang='lat' dir='ltr'><strong>gelii</strong></span> <span class='ocrx_word' id='word_1_205' title='bbox 266 1805 298 1839; x_wconf 93' lang='lat' dir='ltr'><strong>in</strong></span> <span class='ocrx_word' id='word_1_206' title='bbox 320 1805 463 1843; x_wconf 87' lang='lat' dir='ltr'><strong>Perside</strong></span> <span class='ocrx_word' id='word_1_207' title='bbox 477 1809 742 1854; x_wconf 74' lang='lat' dir='ltr'><strong>priedicatione,</strong></span> <span class='ocrx_word' id='word_1_208' title='bbox 756 1823 823 1858; x_wconf 90' lang='lat' dir='ltr'><strong>qua</strong></span> <span class='ocrx_word' id='word_1_209' title='bbox 843 1813 888 1848; x_wconf 91' lang='lat' dir='ltr'><strong>de</strong></span> <span class='ocrx_word' id='word_1_210' title='bbox 905 1823 942 1849; x_wconf 88' lang='lat' dir='ltr'><strong>re</strong></span> <span class='ocrx_word' id='word_1_211' title='bbox 957 1813 1017 1849; x_wconf 84' lang='lat' dir='ltr'><strong>ille</strong></span> <span class='ocrx_word' id='word_1_212' title='bbox 1040 1820 1224 1860; x_wconf 88' lang='lat' dir='ltr'><strong>tantopere</strong></span> 
     </span>
    </p>
   </div>
   <div class='ocr_carea' id='block_1_28' title="bbox 173 1866 1223 1922">
    <p class='ocr_par' dir='ltr' id='par_1_28' title="bbox 173 1866 1223 1922">
     <span class='ocr_line' id='line_1_28' title="bbox 173 1866 1223 1922; baseline 0.01 -20"><span class='ocrx_word' id='word_1_213' title='bbox 173 1866 336 1902; x_wconf 91' lang='lat' dir='ltr'><strong>sollicitus</strong></span> <span class='ocrx_word' id='word_1_214' title='bbox 351 1874 438 1911; x_wconf 85' lang='lat' dir='ltr'><strong>erat,</strong></span> <span class='ocrx_word' id='word_1_215' title='bbox 459 1881 601 1915; x_wconf 75' lang='lat' dir='ltr'><strong>prorsus</strong></span> <span class='ocrx_word' id='word_1_216' title='bbox 617 1871 833 1918; x_wconf 75' lang='lat' dir='ltr'><strong>ignoramus.</strong></span> <span class='ocrx_word' id='word_1_217' title='bbox 858 1873 950 1910; x_wconf 78' lang='lat' dir='ltr'><strong>Nihil</strong></span> <span class='ocrx_word' id='word_1_218' title='bbox 969 1876 1100 1922; x_wconf 84' lang='lat' dir='ltr'><strong>quippe</strong></span> <span class='ocrx_word' id='word_1_219' title='bbox 1117 1886 1158 1912; x_wconf 86' lang='lat' dir='ltr'><strong>ea</strong></span> <span class='ocrx_word' id='word_1_220' title='bbox 1177 1876 1223 1914; x_wconf 86' lang='lat' dir='ltr'><strong>de</strong></span> 
     </span>
    </p>
   </div>
   <div class='ocr_carea' id='block_1_29' title="bbox 175 1929 1222 1987">
    <p class='ocr_par' dir='ltr' id='par_1_29' title="bbox 175 1929 1222 1987">
     <span class='ocr_line' id='line_1_29' title="bbox 175 1929 1222 1987; baseline 0.012 -24"><span class='ocrx_word' id='word_1_221' title='bbox 175 1937 210 1963; x_wconf 88' lang='lat' dir='ltr'><strong>re</strong></span> <span class='ocrx_word' id='word_1_222' title='bbox 223 1929 312 1974; x_wconf 90' lang='lat' dir='ltr'><strong>apud</strong></span> <span class='ocrx_word' id='word_1_223' title='bbox 331 1930 528 1976; x_wconf 86' lang='lat' dir='ltr'><strong>historicos,</strong></span> <span class='ocrx_word' id='word_1_224' title='bbox 552 1934 607 1969; x_wconf 88' lang='lat' dir='ltr'><strong>vel</strong></span> <span class='ocrx_word' id='word_1_225' title='bbox 628 1935 662 1970; x_wconf 89' lang='lat' dir='ltr'><strong>iii</strong></span> <span class='ocrx_word' id='word_1_226' title='bbox 681 1935 758 1982; x_wconf 84' lang='lat' dir='ltr'><strong>ejus</strong></span> <span class='ocrx_word' id='word_1_227' title='bbox 788 1937 968 1982; x_wconf 81' lang='lat' dir='ltr'><strong>operibus,</strong></span> <span class='ocrx_word' id='word_1_228' title='bbox 999 1939 1054 1975; x_wconf 71' lang='grc' dir='ltr'><strong>γει</strong></span> <span class='ocrx_word' id='word_1_229' title='bbox 1079 1940 1112 1975; x_wconf 90' lang='lat' dir='ltr'><strong>in</strong></span> <span class='ocrx_word' id='word_1_230' title='bbox 1147 1940 1222 1987; x_wconf 88' lang='lat' dir='ltr'><strong>epi-</strong></span> 
     </span>
    </p>
   </div>
   <div class='ocr_carea' id='block_1_30' title="bbox 173 1991 1222 2045">
    <p class='ocr_par' dir='ltr' id='par_1_30' title="bbox 173 1991 1222 2045">
     <span class='ocr_line' id='line_1_30' title="bbox 173 1991 1222 2045; baseline 0.011 -19"><span class='ocrx_word' id='word_1_231' title='bbox 173 1991 280 2033; x_wconf 82' lang='lat' dir='ltr'><strong>stolis,</strong></span> <span class='ocrx_word' id='word_1_232' title='bbox 301 1993 393 2038; x_wconf 86' lang='lat' dir='ltr'><strong>qnod</strong></span> <span class='ocrx_word' id='word_1_233' title='bbox 420 2005 526 2040; x_wconf 79' lang='lat' dir='ltr'><strong>grave</strong></span> <span class='ocrx_word' id='word_1_234' title='bbox 546 1996 638 2032; x_wconf 83' lang='lat' dir='ltr'><strong>dictu</strong></span> <span class='ocrx_word' id='word_1_235' title='bbox 657 2004 723 2040; x_wconf 84' lang='lat' dir='ltr'><strong>est,</strong></span> <span class='ocrx_word' id='word_1_236' title='bbox 758 2000 966 2045; x_wconf 79' lang='lat' dir='ltr'><strong>reperimus.</strong></span> <span class='ocrx_word' id='word_1_237' title='bbox 995 1997 1139 2038; x_wconf 80' lang='lat' dir='ltr'><strong>certum</strong></span> <span class='ocrx_word' id='word_1_238' title='bbox 1159 2013 1222 2038; x_wconf 89' lang='lat' dir='ltr'><strong>au-</strong></span> 
     </span>
    </p>
   </div>
   <div class='ocr_carea' id='block_1_31' title="bbox 176 2053 1224 2112">
    <p class='ocr_par' dir='ltr' id='par_1_31' title="bbox 176 2053 1224 2112">
     <span class='ocr_line' id='line_1_31' title="bbox 176 2053 1224 2112; baseline 0.014 -23"><span class='ocrx_word' id='word_1_239' title='bbox 176 2057 240 2090; x_wconf 84' lang='lat' dir='ltr'><strong>teai</strong></span> <span class='ocrx_word' id='word_1_240' title='bbox 257 2059 310 2092; x_wconf 68' lang='lat' dir='ltr'><strong>Bst</strong></span> <span class='ocrx_word' id='word_1_241' title='bbox 335 2053 528 2094; x_wconf 69' lang='lat' dir='ltr'><strong>itarntliain</strong></span> <span class='ocrx_word' id='word_1_242' title='bbox 553 2057 586 2096; x_wconf 89' lang='lat' dir='ltr'><strong>in</strong></span> <span class='ocrx_word' id='word_1_243' title='bbox 605 2057 855 2108; x_wconf 79' lang='lat' dir='ltr'><strong>Mesopotamia</strong></span> <span class='ocrx_word' id='word_1_244' title='bbox 873 2062 1076 2111; x_wconf 37' lang='lat' dir='ltr'><strong>episeoiiuni</strong></span> <span class='ocrx_word' id='word_1_245' title='bbox 1099 2063 1224 2112; x_wconf 64' lang='lat' dir='ltr'><strong>fuisse,</strong></span> 
     </span>
    </p>
   </div>
   <div class='ocr_carea' id='block_1_32' title="bbox 175 2114 1226 2170">
    <p class='ocr_par' dir='ltr' id='par_1_32' title="bbox 175 2114 1226 2170">
     <span class='ocr_line' id='line_1_32' title="bbox 175 2114 1226 2170; baseline 0.015 -22"><span class='ocrx_word' id='word_1_246' title='bbox 175 2121 227 2150; x_wconf 89' lang='lat' dir='ltr'><strong>aut</strong></span> <span class='ocrx_word' id='word_1_247' title='bbox 246 2114 542 2164; x_wconf 87' lang='lat' dir='ltr'><strong>Supliarenorutn,</strong></span> <span class='ocrx_word' id='word_1_248' title='bbox 563 2128 626 2158; x_wconf 90' lang='lat' dir='ltr'><strong>aut</strong></span> <span class='ocrx_word' id='word_1_249' title='bbox 641 2122 825 2168; x_wconf 75' lang='lat' dir='ltr'><strong>Soplieiics</strong></span> <span class='ocrx_word' id='word_1_250' title='bbox 845 2126 1050 2170; x_wconf 68' lang='lat' dir='ltr'><strong>prorinciw,</strong></span> <span class='ocrx_word' id='word_1_251' title='bbox 1082 2134 1154 2170; x_wconf 90' lang='lat' dir='ltr'><strong>aut,</strong></span> <span class='ocrx_word' id='word_1_252' title='bbox 1189 2137 1226 2164; x_wconf 90' lang='lat' dir='ltr'><strong>ut</strong></span> 
     </span>
    </p>
   </div>
   <div class='ocr_carea' id='block_1_33' title="bbox 175 2176 1227 2234">
    <p class='ocr_par' dir='ltr' id='par_1_33' title="bbox 175 2176 1227 2234">
     <span class='ocr_line' id='line_1_33' title="bbox 175 2176 1227 2234; baseline 0.015 -25"><span class='ocrx_word' id='word_1_253' title='bbox 175 2176 228 2212; x_wconf 85' lang='lat' dir='ltr'><strong>alii</strong></span> <span class='ocrx_word' id='word_1_254' title='bbox 254 2179 394 2225; x_wconf 88' lang='lat' dir='ltr'><strong>voltmt,</strong></span> <span class='ocrx_word' id='word_1_255' title='bbox 425 2181 727 2230; x_wconf 80' lang='lat' dir='ltr'><strong>Martyropoleos,</strong></span> <span class='ocrx_word' id='word_1_256' title='bbox 757 2196 877 2232; x_wconf 90' lang='lat' dir='ltr'><strong>quam,</strong></span> <span class='ocrx_word' id='word_1_257' title='bbox 903 2186 1109 2224; x_wconf 86' lang='lat' dir='ltr'><strong>Theodosio</strong></span> <span class='ocrx_word' id='word_1_258' title='bbox 1129 2189 1155 2234; x_wconf 93' lang='lat' dir='ltr'><strong>l,</strong></span> <span class='ocrx_word' id='word_1_259' title='bbox 1190 2196 1227 2225; x_wconf 88' lang='lat' dir='ltr'><strong>ut</strong></span> 
     </span>
    </p>
   </div>
   <div class='ocr_carea' id='block_1_34' title="bbox 177 2244 1227 2294">
    <p class='ocr_par' dir='ltr' id='par_1_34' title="bbox 177 2244 1227 2294">
     <span class='ocr_line' id='line_1_34' title="bbox 177 2244 1227 2294; baseline 0.012 -21"><span class='ocrx_word' id='word_1_260' title='bbox 177 2247 322 2283; x_wconf 88' lang='lat' dir='ltr'><strong>narrant,</strong></span> <span class='ocrx_word' id='word_1_261' title='bbox 339 2244 502 2288; x_wconf 87' lang='lat' dir='ltr'><strong>pecunias</strong></span> <span class='ocrx_word' id='word_1_262' title='bbox 518 2245 825 2292; x_wconf 83' lang='lat' dir='ltr'><strong>subministrante,</strong></span> <span class='ocrx_word' id='word_1_263' title='bbox 847 2249 922 2294; x_wconf 87' lang='lat' dir='ltr'><strong>ipse</strong></span> <span class='ocrx_word' id='word_1_264' title='bbox 941 2249 1122 2287; x_wconf 77' lang='lat' dir='ltr'><strong>Maruthas</strong></span> <span class='ocrx_word' id='word_1_265' title='bbox 1141 2261 1227 2287; x_wconf 83' lang='lat' dir='ltr'><strong>cen-</strong></span> 
     </span>
    </p>
   </div>
   <div class='ocr_carea' id='block_1_35' title="bbox 177 2305 1226 2356">
    <p class='ocr_par' dir='ltr' id='par_1_35' title="bbox 177 2305 1226 2356">
     <span class='ocr_line' id='line_1_35' title="bbox 177 2305 1226 2356; baseline 0.015 -23"><span class='ocrx_word' id='word_1_266' title='bbox 177 2305 353 2340; x_wconf 79' lang='lat' dir='ltr'><strong>struxerat.</strong></span> <span class='ocrx_word' id='word_1_267' title='bbox 379 2305 524 2342; x_wconf 86' lang='lat' dir='ltr'><strong>Certum</strong></span> <span class='ocrx_word' id='word_1_268' title='bbox 549 2307 632 2344; x_wconf 90' lang='lat' dir='ltr'><strong>item</strong></span> <span class='ocrx_word' id='word_1_269' title='bbox 653 2316 708 2344; x_wconf 79' lang='lat' dir='ltr'><strong>est</strong></span> <span class='ocrx_word' id='word_1_270' title='bbox 725 2309 830 2356; x_wconf 76' lang='lat' dir='ltr'><strong>hujus</strong></span> <span class='ocrx_word' id='word_1_271' title='bbox 857 2311 1012 2347; x_wconf 89' lang='lat' dir='ltr'><strong>nominis</strong></span> <span class='ocrx_word' id='word_1_272' title='bbox 1043 2312 1164 2348; x_wconf 89' lang='lat' dir='ltr'><strong>urbem</strong></span> <span class='ocrx_word' id='word_1_273' title='bbox 1193 2313 1226 2349; x_wconf 95' lang='lat' dir='ltr'><strong>in</strong></span> 
     </span>
    </p>
   </div>
   <div class='ocr_carea' id='block_1_36' title="bbox 177 2359 1228 2422">
    <p class='ocr_par' dir='ltr' id='par_1_36' title="bbox 177 2359 1228 2422">
     <span class='ocr_line' id='line_1_36' title="bbox 177 2359 1228 2422; baseline 0.016 -28"><span class='ocrx_word' id='word_1_274' title='bbox 177 2359 414 2409; x_wconf 79' lang='lat' dir='ltr'><strong>Mesopotamia</strong></span> <span class='ocrx_word' id='word_1_275' title='bbox 435 2368 470 2402; x_wconf 91' lang='lat' dir='ltr'><strong>in</strong></span> <span class='ocrx_word' id='word_1_276' title='bbox 490 2368 644 2406; x_wconf 85' lang='lat' dir='ltr'><strong>coulinio</strong></span> <span class='ocrx_word' id='word_1_277' title='bbox 664 2370 816 2408; x_wconf 83' lang='lat' dir='ltr'><strong>Persidis</strong></span> <span class='ocrx_word' id='word_1_278' title='bbox 835 2371 958 2409; x_wconf 73' lang='lat' dir='ltr'><strong>fuisse.</strong></span> <span class='ocrx_word' id='word_1_279' title='bbox 979 2373 1228 2422; x_wconf 84' lang='lat' dir='ltr'><strong>Martyropolis</strong></span> 
     </span>
    </p>
   </div>
   <div class='ocr_carea' id='block_1_37' title="bbox 177 2427 1227 2482">
    <p class='ocr_par' dir='ltr' id='par_1_37' title="bbox 177 2427 1227 2482">
     <span class='ocr_line' id='line_1_37' title="bbox 177 2427 1227 2482; baseline 0.017 -26"><span class='ocrx_word' id='word_1_280' title='bbox 177 2427 285 2458; x_wconf 85' lang='lat' dir='ltr'><strong>autem</strong></span> <span class='ocrx_word' id='word_1_281' title='bbox 305 2427 507 2473; x_wconf 86' lang='lat' dir='ltr'><strong>vocabatur,</strong></span> <span class='ocrx_word' id='word_1_282' title='bbox 533 2430 614 2476; x_wconf 86' lang='lat' dir='ltr'><strong>quia</strong></span> <span class='ocrx_word' id='word_1_283' title='bbox 633 2431 679 2468; x_wconf 89' lang='lat' dir='ltr'><strong>ibi</strong></span> <span class='ocrx_word' id='word_1_284' title='bbox 703 2433 895 2470; x_wconf 88' lang='lat' dir='ltr'><strong>multorum</strong></span> <span class='ocrx_word' id='word_1_285' title='bbox 912 2441 1107 2482; x_wconf 78' lang='lat' dir='ltr'><strong>martyrum</strong></span> <span class='ocrx_word' id='word_1_286' title='bbox 1129 2436 1227 2473; x_wconf 84' lang='lat' dir='ltr'><strong>Beli-</strong></span> 
     </span>
    </p>
   </div>
   <div class='ocr_carea' id='block_1_38' title="bbox 176 2483 1229 2544">
    <p class='ocr_par' dir='ltr' id='par_1_38' title="bbox 176 2483 1229 2544">
     <span class='ocr_line' id='line_1_38' title="bbox 176 2483 1229 2544; baseline 0.017 -27"><span class='ocrx_word' id='word_1_287' title='bbox 176 2483 259 2544; x_wconf 72' lang='lat' dir='ltr'><strong>qiiiie</strong></span> <span class='ocrx_word' id='word_1_288' title='bbox 275 2485 441 2533; x_wconf 74' lang='lat' dir='ltr'><strong>deposita:</strong></span> <span class='ocrx_word' id='word_1_289' title='bbox 463 2489 612 2528; x_wconf 83' lang='lat' dir='ltr'><strong>fuerant.</strong></span> <span class='ocrx_word' id='word_1_290' title='bbox 634 2493 694 2529; x_wconf 84' lang='lat' dir='ltr'><strong>Ait</strong></span> <span class='ocrx_word' id='word_1_291' title='bbox 708 2504 791 2531; x_wconf 91' lang='lat' dir='ltr'><strong>vero</strong></span> <span class='ocrx_word' id='word_1_292' title='bbox 808 2493 1084 2544; x_wconf 86' lang='lat' dir='ltr'><strong>Chrysostomus</strong></span> <span class='ocrx_word' id='word_1_293' title='bbox 1103 2498 1138 2534; x_wconf 91' lang='lat' dir='ltr'><strong>in</strong></span> <span class='ocrx_word' id='word_1_294' title='bbox 1165 2498 1229 2534; x_wconf 91' lang='lat' dir='ltr'><strong>ho-</strong></span> 
     </span>
    </p>
   </div>
   <div class='ocr_carea' id='block_1_39' title="bbox 177 2543 1229 2603">
    <p class='ocr_par' dir='ltr' id='par_1_39' title="bbox 177 2543 1229 2603">
     <span class='ocr_line' id='line_1_39' title="bbox 177 2543 1229 2603; baseline 0.018 -26"><span class='ocrx_word' id='word_1_295' title='bbox 177 2543 278 2586; x_wconf 90' lang='lat' dir='ltr'><strong>inilia,</strong></span> <span class='ocrx_word' id='word_1_296' title='bbox 297 2547 366 2584; x_wconf 91' lang='lat' dir='ltr'><strong>imo</strong></span> <span class='ocrx_word' id='word_1_297' title='bbox 385 2551 499 2594; x_wconf 77' lang='lat' dir='ltr'><strong>potius</strong></span> <span class='ocrx_word' id='word_1_298' title='bbox 518 2552 552 2588; x_wconf 90' lang='lat' dir='ltr'><strong>in</strong></span> <span class='ocrx_word' id='word_1_299' title='bbox 571 2553 660 2590; x_wconf 92' lang='lat' dir='ltr'><strong>libro</strong></span> <span class='ocrx_word' id='word_1_300' title='bbox 679 2555 754 2600; x_wconf 89' lang='lat' dir='ltr'><strong>illo,</strong></span> <span class='ocrx_word' id='word_1_301' title='bbox 773 2557 830 2592; x_wconf 91' lang='lat' dir='ltr'><strong>eui</strong></span> <span class='ocrx_word' id='word_1_302' title='bbox 851 2557 987 2603; x_wconf 91' lang='lat' dir='ltr'><strong>titulus,</strong></span> <span class='ocrx_word' id='word_1_303' title='bbox 1011 2557 1110 2601; x_wconf 76' lang='lat' dir='ltr'><strong>Quod</strong></span> <span class='ocrx_word' id='word_1_304' title='bbox 1128 2559 1229 2596; x_wconf 74' lang='lat' dir='ltr'><strong>Cltri~</strong></span> 
     </span>
    </p>
   </div>
   <div class='ocr_carea' id='block_1_40' title="bbox 174 2607 1228 2664">
    <p class='ocr_par' dir='ltr' id='par_1_40' title="bbox 174 2607 1228 2664">
     <span class='ocr_line' id='line_1_40' title="bbox 174 2607 1228 2664; baseline 0.019 -26"><span class='ocrx_word' id='word_1_305' title='bbox 174 2611 240 2640; x_wconf 79' lang='lat' dir='ltr'><strong>stus</strong></span> <span class='ocrx_word' id='word_1_306' title='bbox 269 2607 310 2642; x_wconf 86' lang='lat' dir='ltr'><strong>sit</strong></span> <span class='ocrx_word' id='word_1_307' title='bbox 342 2608 431 2644; x_wconf 84' lang='lat' dir='ltr'><strong>Deus</strong></span> <span class='ocrx_word' id='word_1_308' title='bbox 458 2611 690 2652; x_wconf 73' lang='lat' dir='ltr'><strong>:Prazdicatio</strong></span> <span class='ocrx_word' id='word_1_309' title='bbox 729 2629 795 2653; x_wconf 86' lang='lat' dir='ltr'><strong>non</strong></span> <span class='ocrx_word' id='word_1_310' title='bbox 821 2619 876 2654; x_wconf 89' lang='lat' dir='ltr'><strong>liic</strong></span> <span class='ocrx_word' id='word_1_311' title='bbox 911 2625 1065 2664; x_wconf 81' lang='lat' dir='ltr'><strong>tantum,</strong></span> <span class='ocrx_word' id='word_1_312' title='bbox 1102 2622 1164 2658; x_wconf 78' lang='lat' dir='ltr'><strong>sed</strong></span> <span class='ocrx_word' id='word_1_313' title='bbox 1196 2629 1228 2658; x_wconf 85' lang='lat' dir='ltr'><strong>et</strong></span> 
     </span>
    </p>
   </div>
   <div class='ocr_carea' id='block_1_41' title="bbox 173 2665 1226 2728">
    <p class='ocr_par' dir='ltr' id='par_1_41' title="bbox 173 2665 1226 2728">
     <span class='ocr_line' id='line_1_41' title="bbox 173 2665 1226 2728; baseline 0.02 -30"><span class='ocrx_word' id='word_1_314' title='bbox 173 2666 264 2728; x_wconf 85' lang='lat' dir='ltr'><strong>apud</strong></span> <span class='ocrx_word' id='word_1_315' title='bbox 282 2665 404 2704; x_wconf 78' lang='lat' dir='ltr'><strong>Persas</strong></span> <span class='ocrx_word' id='word_1_316' title='bbox 423 2671 540 2716; x_wconf 81' lang='lat' dir='ltr'><strong>ﬂoret,</strong></span> <span class='ocrx_word' id='word_1_317' title='bbox 561 2675 690 2712; x_wconf 85' lang='lat' dir='ltr'><strong>etiamsi</strong></span> <span class='ocrx_word' id='word_1_318' title='bbox 709 2679 750 2713; x_wconf 88' lang='lat' dir='ltr'><strong>ab</strong></span> <span class='ocrx_word' id='word_1_319' title='bbox 766 2679 833 2716; x_wconf 84' lang='lat' dir='ltr'><strong>illis</strong></span> <span class='ocrx_word' id='word_1_320' title='bbox 850 2688 1086 2728; x_wconf 86' lang='lat' dir='ltr'><strong>oppugnetur:</strong></span> <span class='ocrx_word' id='word_1_321' title='bbox 1105 2685 1226 2719; x_wconf 87' lang='lat' dir='ltr'><strong>etenim</strong></span> 
     </span>
    </p>
   </div>
   <div class='ocr_carea' id='block_1_42' title="bbox 175 2727 1225 2782">
    <p class='ocr_par' dir='ltr' id='par_1_42' title="bbox 175 2727 1225 2782">
     <span class='ocr_line' id='line_1_42' title="bbox 175 2727 1225 2782; baseline 0.022 -23"><span class='ocrx_word' id='word_1_322' title='bbox 175 2727 264 2772; x_wconf 86' lang='lat' dir='ltr'><strong>apud</strong></span> <span class='ocrx_word' id='word_1_323' title='bbox 295 2728 371 2764; x_wconf 87' lang='lat' dir='ltr'><strong>illos</strong></span> <span class='ocrx_word' id='word_1_324' title='bbox 399 2741 527 2778; x_wconf 89' lang='lat' dir='ltr'><strong>quoqtte</strong></span> <span class='ocrx_word' id='word_1_325' title='bbox 559 2743 742 2782; x_wconf 84' lang='lat' dir='ltr'><strong>martyrum</strong></span> <span class='ocrx_word' id='word_1_326' title='bbox 763 2741 918 2776; x_wconf 70' lang='lat' dir='ltr'><strong>examina</strong></span> <span class='ocrx_word' id='word_1_327' title='bbox 945 2727 1069 2779; x_wconf 67' lang='lat' dir='ltr'><strong>inulta.</strong></span> <span class='ocrx_word' id='word_1_328' title='bbox 1106 2743 1225 2780; x_wconf 83' lang='lat' dir='ltr'><strong>Maru-</strong></span> 
     </span>
    </p>
   </div>
   <div class='ocr_carea' id='block_1_43' title="bbox 178 2786 1224 2852">
    <p class='ocr_par' dir='ltr' id='par_1_43' title="bbox 178 2786 1224 2852">
     <span class='ocr_line' id='line_1_43' title="bbox 178 2786 1224 2852; baseline 0.021 -31"><span class='ocrx_word' id='word_1_329' title='bbox 178 2786 250 2824; x_wconf 88' lang='lat' dir='ltr'><strong>tlias</strong></span> <span class='ocrx_word' id='word_1_330' title='bbox 266 2799 351 2836; x_wconf 85' lang='lat' dir='ltr'><strong>ergo</strong></span> <span class='ocrx_word' id='word_1_331' title='bbox 371 2791 405 2826; x_wconf 91' lang='lat' dir='ltr'><strong>in</strong></span> <span class='ocrx_word' id='word_1_332' title='bbox 427 2791 573 2830; x_wconf 78' lang='lat' dir='ltr'><strong>Perside</strong></span> <span class='ocrx_word' id='word_1_333' title='bbox 592 2799 809 2842; x_wconf 82' lang='lat' dir='ltr'><strong>evangelium</strong></span> <span class='ocrx_word' id='word_1_334' title='bbox 830 2799 960 2839; x_wconf 78' lang='lat' dir='ltr'><strong>Christi</strong></span> <span class='ocrx_word' id='word_1_335' title='bbox 978 2805 1126 2842; x_wconf 87' lang='lat' dir='ltr'><strong>miritice</strong></span> <span class='ocrx_word' id='word_1_336' title='bbox 1141 2817 1224 2852; x_wconf 85' lang='lat' dir='ltr'><strong>pro-</strong></span> 
     </span>
    </p>
   </div>
   <div class='ocr_carea' id='block_1_44' title="bbox 179 2851 1226 2904">
    <p class='ocr_par' dir='ltr' id='par_1_44' title="bbox 179 2851 1226 2904">
     <span class='ocr_line' id='line_1_44' title="bbox 179 2851 1226 2904; baseline 0.022 -22"><span class='ocrx_word' id='word_1_337' title='bbox 179 2851 305 2894; x_wconf 79' lang='lat' dir='ltr'><strong>pagavit</strong></span> <span class='ocrx_word' id='word_1_338' title='bbox 322 2878 332 2894; x_wconf 88' lang='lat'><strong>,</strong></span> <span class='ocrx_word' id='word_1_339' title='bbox 353 2863 538 2899; x_wconf 76' lang='lat' dir='ltr'><strong>magorum</strong></span> <span class='ocrx_word' id='word_1_340' title='bbox 563 2863 598 2892; x_wconf 90' lang='lat' dir='ltr'><strong>ct</strong></span> <span class='ocrx_word' id='word_1_341' title='bbox 615 2855 860 2897; x_wconf 79' lang='lat' dir='ltr'><strong>Chaldaeorum</strong></span> <span class='ocrx_word' id='word_1_342' title='bbox 880 2851 1148 2904; x_wconf 80' lang='lat' dir='ltr'><strong>incantationes</strong></span> <span class='ocrx_word' id='word_1_343' title='bbox 1163 2867 1226 2904; x_wconf 81' lang='lat' dir='ltr'><strong>dc-</strong></span> 
     </span>
    </p>
   </div>
   <div class='ocr_carea' id='block_1_45' title="bbox 179 2910 1224 2976">
    <p class='ocr_par' dir='ltr' id='par_1_45' title="bbox 179 2910 1224 2976">
     <span class='ocr_line' id='line_1_45' title="bbox 179 2910 1224 2976; baseline 0.021 -32"><span class='ocrx_word' id='word_1_344' title='bbox 179 2910 266 2954; x_wconf 81' lang='lat' dir='ltr'><strong>vicit,</strong></span> <span class='ocrx_word' id='word_1_345' title='bbox 287 2911 506 2961; x_wconf 79' lang='lat' dir='ltr'><strong>lsdegerdcni</strong></span> <span class='ocrx_word' id='word_1_346' title='bbox 537 2929 654 2964; x_wconf 81' lang='lat' dir='ltr'><strong>regem</strong></span> <span class='ocrx_word' id='word_1_347' title='bbox 685 2922 809 2959; x_wconf 88' lang='lat' dir='ltr'><strong>morbo</strong></span> <span class='ocrx_word' id='word_1_348' title='bbox 831 2923 1027 2970; x_wconf 87' lang='lat' dir='ltr'><strong>detentum,</strong></span> <span class='ocrx_word' id='word_1_349' title='bbox 1047 2928 1104 2964; x_wconf 90' lang='lat' dir='ltr'><strong>eui</strong></span> <span class='ocrx_word' id='word_1_350' title='bbox 1129 2929 1224 2976; x_wconf 80' lang='lat' dir='ltr'><strong>magi</strong></span> 
     </span>
    </p>
   </div>
   <div class='ocr_carea' id='block_1_46' title="bbox 183 2973 1224 3030">
    <p class='ocr_par' dir='ltr' id='par_1_46' title="bbox 183 2973 1224 3030">
     <span class='ocr_line' id='line_1_46' title="bbox 183 2973 1224 3030; baseline 0.021 -25"><span class='ocrx_word' id='word_1_351' title='bbox 183 2973 366 3010; x_wconf 86' lang='lat' dir='ltr'><strong>remedium</strong></span> <span class='ocrx_word' id='word_1_352' title='bbox 387 2976 514 3014; x_wconf 73' lang='lat' dir='ltr'><strong>alierre</strong></span> <span class='ocrx_word' id='word_1_353' title='bbox 536 2984 769 3025; x_wconf 81' lang='lat' dir='ltr'><strong>tentaret-ant,</strong></span> <span class='ocrx_word' id='word_1_354' title='bbox 791 2983 934 3030; x_wconf 75' lang='lat' dir='ltr'><strong>integrae</strong></span> <span class='ocrx_word' id='word_1_355' title='bbox 953 2988 1142 3026; x_wconf 82' lang='lat' dir='ltr'><strong>valetudini</strong></span> <span class='ocrx_word' id='word_1_356' title='bbox 1163 2973 1224 3027; x_wconf 72' lang='lat' dir='ltr'><strong>re-</strong></span> 
     </span>
    </p>
   </div>
   <div class='ocr_carea' id='block_1_47' title="bbox 181 3031 881 3089">
    <p class='ocr_par' dir='ltr' id='par_1_47' title="bbox 181 3031 881 3089">
     <span class='ocr_line' id='line_1_47' title="bbox 181 3031 881 3089; baseline 0.023 -25"><span class='ocrx_word' id='word_1_357' title='bbox 181 3031 298 3077; x_wconf 81' lang='lat' dir='ltr'><strong>stituit,</strong></span> <span class='ocrx_word' id='word_1_358' title='bbox 315 3036 481 3074; x_wconf 88' lang='lat' dir='ltr'><strong>miracula</strong></span> <span class='ocrx_word' id='word_1_359' title='bbox 501 3041 566 3076; x_wconf 86' lang='lat' dir='ltr'><strong>alia</strong></span> <span class='ocrx_word' id='word_1_360' title='bbox 588 3041 694 3078; x_wconf 91' lang='lat' dir='ltr'><strong>inulta</strong></span> <span class='ocrx_word' id='word_1_361' title='bbox 718 3045 881 3089; x_wconf 85' lang='lat' dir='ltr'><strong>patravit.</strong></span> 
     </span>
    </p>
   </div>
   <div class='ocr_carea' id='block_1_48' title="bbox 236 3093 1224 3160">
    <p class='ocr_par' dir='ltr' id='par_1_48' title="bbox 236 3093 1224 3160">
     <span class='ocr_line' id='line_1_48' title="bbox 236 3093 1224 3160; baseline 0.021 -32"><span class='ocrx_word' id='word_1_362' title='bbox 236 3093 426 3134; x_wconf 77' lang='lat' dir='ltr'><strong>Gott/torum</strong></span> <span class='ocrx_word' id='word_1_363' title='bbox 469 3099 718 3140; x_wconf 70' lang='lat' dir='ltr'><strong>Calliolicorum</strong></span> <span class='ocrx_word' id='word_1_364' title='bbox 775 3117 929 3154; x_wconf 74' lang='lat' dir='ltr'><strong>magnam</strong></span> <span class='ocrx_word' id='word_1_365' title='bbox 976 3121 1092 3146; x_wconf 89' lang='lat' dir='ltr'><strong>curam</strong></span> <span class='ocrx_word' id='word_1_366' title='bbox 1141 3113 1224 3160; x_wconf 86' lang='lat' dir='ltr'><strong>gerit</strong></span> 
     </span>
    </p>
   </div>
   <div class='ocr_carea' id='block_1_49' title="bbox 180 3151 1224 3210">
    <p class='ocr_par' dir='ltr' id='par_1_49' title="bbox 180 3151 1224 3210">
     <span class='ocr_line' id='line_1_49' title="bbox 180 3151 1224 3210; baseline 0.023 -25"><span class='ocrx_word' id='word_1_367' title='bbox 180 3151 436 3200; x_wconf 81' lang='lat' dir='ltr'><strong>C/irysostomus.</strong></span> <span class='ocrx_word' id='word_1_368' title='bbox 454 3162 691 3206; x_wconf 84' lang='lat' dir='ltr'><strong>—Qu:intuin</strong></span> <span class='ocrx_word' id='word_1_369' title='bbox 723 3151 932 3204; x_wconf 74' lang='lat' dir='ltr'><strong>Gotthorum</strong></span> <span class='ocrx_word' id='word_1_370' title='bbox 959 3151 1224 3210; x_wconf 68' lang='lat' dir='ltr'><strong>Calliolieoi&#39;uin</strong></span> 
     </span>
    </p>
   </div>
   <div class='ocr_carea' id='block_1_50' title="bbox 181 3214 1225 3282">
    <p class='ocr_par' dir='ltr' id='par_1_50' title="bbox 181 3214 1225 3282">
     <span class='ocr_line' id='line_1_50' title="bbox 181 3214 1225 3282; baseline 0.019 -32"><span class='ocrx_word' id='word_1_371' title='bbox 181 3214 468 3268; x_wconf 81' lang='lat' dir='ltr'><strong>Coustantinopoli</strong></span> <span class='ocrx_word' id='word_1_372' title='bbox 493 3225 696 3272; x_wconf 79' lang='lat' dir='ltr'><strong>degentium</strong></span> <span class='ocrx_word' id='word_1_373' title='bbox 715 3239 835 3266; x_wconf 87' lang='lat' dir='ltr'><strong>curam</strong></span> <span class='ocrx_word' id='word_1_374' title='bbox 854 3240 992 3278; x_wconf 78' lang='lat' dir='ltr'><strong>gereret</strong></span> <span class='ocrx_word' id='word_1_375' title='bbox 1009 3232 1225 3282; x_wconf 80' lang='lat' dir='ltr'><strong>Clirysosto-</strong></span> 
     </span>
    </p>
   </div>
   <div class='ocr_carea' id='block_1_51' title="bbox 181 3282 1220 3346">
    <p class='ocr_par' dir='ltr' id='par_1_51' title="bbox 181 3282 1220 3346">
     <span class='ocr_line' id='line_1_51' title="bbox 181 3282 1220 3346; baseline 0.023 -36"><span class='ocrx_word' id='word_1_376' title='bbox 181 3287 272 3346; x_wconf 58' lang='lat' dir='ltr'><strong>titus,</strong></span> <span class='ocrx_word' id='word_1_377' title='bbox 310 3282 458 3321; x_wconf 80' lang='lat' dir='ltr'><strong>vidimus</strong></span> <span class='ocrx_word' id='word_1_378' title='bbox 497 3298 600 3332; x_wconf 86' lang='lat' dir='ltr'><strong>supra</strong></span> <span class='ocrx_word' id='word_1_379' title='bbox 639 3290 682 3325; x_wconf 87' lang='lat' dir='ltr'><strong>ail</strong></span> <span class='ocrx_word' id='word_1_380' title='bbox 716 3302 848 3329; x_wconf 82' lang='lat' dir='ltr'><strong>annum</strong></span> <span class='ocrx_word' id='word_1_381' title='bbox 880 3294 950 3332; x_wconf 81' lang='lat'><strong>59‘)</strong></span> <span class='ocrx_word' id='word_1_382' title='bbox 977 3295 1110 3343; x_wconf 82' lang='lat' dir='ltr'><strong>(Epist.</strong></span> <span class='ocrx_word' id='word_1_383' title='bbox 1146 3299 1220 3346; x_wconf 66' lang='grc'><strong>14).</strong></span> 
     </span>
    </p>
   </div>
   <div class='ocr_carea' id='block_1_52' title="bbox 180 3335 1221 3406">
    <p class='ocr_par' dir='ltr' id='par_1_52' title="bbox 180 3335 1221 3406">
     <span class='ocr_line' id='line_1_52' title="bbox 180 3335 1221 3406; baseline 0.027 -37"><span class='ocrx_word' id='word_1_384' title='bbox 180 3335 318 3406; x_wconf 60' lang='lat' dir='ltr'><strong>Eotthiis</strong></span> <span class='ocrx_word' id='word_1_385' title='bbox 343 3344 434 3380; x_wconf 83' lang='lat' dir='ltr'><strong>enim</strong></span> <span class='ocrx_word' id='word_1_386' title='bbox 469 3346 686 3394; x_wconf 88' lang='lat' dir='ltr'><strong>Scripturam</strong></span> <span class='ocrx_word' id='word_1_387' title='bbox 721 3363 860 3390; x_wconf 83' lang='lat' dir='ltr'><strong>sacram</strong></span> <span class='ocrx_word' id='word_1_388' title='bbox 889 3355 1054 3394; x_wconf 84' lang='lat' dir='ltr'><strong>Gottliice</strong></span> <span class='ocrx_word' id='word_1_389' title='bbox 1089 3335 1221 3406; x_wconf 73' lang='lat' dir='ltr'><strong>legere,</strong></span> 
     </span>
    </p>
   </div>
   <div class='ocr_carea' id='block_1_53' title="bbox 181 3395 1222 3469">
    <p class='ocr_par' dir='ltr' id='par_1_53' title="bbox 181 3395 1222 3469">
     <span class='ocr_line' id='line_1_53' title="bbox 181 3395 1222 3469; baseline 0.025 -37"><span class='ocrx_word' id='word_1_390' title='bbox 181 3395 406 3466; x_wconf 77' lang='lat' dir='ltr'><strong>Cotthuniqnc</strong></span> <span class='ocrx_word' id='word_1_391' title='bbox 422 3409 659 3456; x_wconf 83' lang='lat' dir='ltr'><strong>presbyterum</strong></span> <span class='ocrx_word' id='word_1_392' title='bbox 681 3425 718 3450; x_wconf 89' lang='lat' dir='ltr'><strong>se</strong></span> <span class='ocrx_word' id='word_1_393' title='bbox 735 3424 909 3461; x_wconf 64' lang='lat' dir='ltr'><strong>pricsente</strong></span> <span class='ocrx_word' id='word_1_394' title='bbox 925 3418 1091 3456; x_wconf 89' lang='lat' dir='ltr'><strong>Gotthica</strong></span> <span class='ocrx_word' id='word_1_395' title='bbox 1105 3395 1222 3469; x_wconf 52' lang='lat' dir='ltr'><strong>li‘iigua</strong></span> 
     </span>
    </p>
   </div>
   <div class='ocr_carea' id='block_1_54' title="bbox 181 3465 1223 3522">
    <p class='ocr_par' dir='ltr' id='par_1_54' title="bbox 181 3465 1223 3522">
     <span class='ocr_line' id='line_1_54' title="bbox 181 3465 1223 3522; baseline 0.009 -12"><span class='ocrx_word' id='word_1_396' title='bbox 181 3466 368 3499; x_wconf 52' lang='lat' dir='ltr'><strong>“mc-“&quot;3”</strong></span> <span class='ocrx_word' id='word_1_397' title='bbox 385 3465 502 3511; x_wconf 57' lang='grc' dir='ltr'><strong>λυδεῖίν</strong></span> <span class='ocrx_word' id='word_1_398' title='bbox 531 3477 566 3506; x_wconf 71' lang='grc' dir='ltr'>οι</span> <span class='ocrx_word' id='word_1_399' title='bbox 590 3475 782 3517; x_wconf 66' lang='lat' dir='ltr'><strong>pastillum</strong></span> <span class='ocrx_word' id='word_1_400' title='bbox 803 3477 878 3522; x_wconf 90' lang='lat' dir='ltr'><strong>ipse</strong></span> <span class='ocrx_word' id='word_1_401' title='bbox 896 3477 1020 3516; x_wconf 77' lang='lat' dir='ltr'><strong>Graece</strong></span> <span class='ocrx_word' id='word_1_402' title='bbox 1038 3465 1223 3519; x_wconf 62' lang='lat' dir='ltr'><strong>concidita-</strong></span> 
     </span>
    </p>
   </div>
   <div class='ocr_carea' id='block_1_55' title="bbox 182 3523 1221 3586">
    <p class='ocr_par' dir='ltr' id='par_1_55' title="bbox 182 3523 1221 3586">
     <span class='ocr_line' id='line_1_55' title="bbox 182 3523 1221 3586; baseline 0.022 -29"><span class='ocrx_word' id='word_1_403' title='bbox 182 3523 230 3586; x_wconf 51' lang='lat' dir='ltr'><strong>itis</strong></span> <span class='ocrx_word' id='word_1_404' title='bbox 245 3529 309 3586; x_wconf 75' lang='lat' dir='ltr'><strong>est.</strong></span> <span class='ocrx_word' id='word_1_405' title='bbox 337 3525 410 3562; x_wconf 72' lang='lat' dir='ltr'><strong>Nec</strong></span> <span class='ocrx_word' id='word_1_406' title='bbox 436 3529 606 3568; x_wconf 90' lang='lat' dir='ltr'><strong>minoretn</strong></span> <span class='ocrx_word' id='word_1_407' title='bbox 635 3545 754 3572; x_wconf 88' lang='lat' dir='ltr'><strong>curaui</strong></span> <span class='ocrx_word' id='word_1_408' title='bbox 781 3540 928 3584; x_wconf 79' lang='lat' dir='ltr'><strong>gerebat</strong></span> <span class='ocrx_word' id='word_1_409' title='bbox 955 3541 1169 3579; x_wconf 86' lang='lat' dir='ltr'><strong>Gotthoruin</strong></span> <span class='ocrx_word' id='word_1_410' title='bbox 1188 3545 1221 3580; x_wconf 93' lang='lat' dir='ltr'><strong>in</strong></span> 
     </span>
    </p>
   </div>
   <div class='ocr_carea' id='block_1_56' title="bbox 181 3579 1223 3645">
    <p class='ocr_par' dir='ltr' id='par_1_56' title="bbox 181 3579 1223 3645">
     <span class='ocr_line' id='line_1_56' title="bbox 181 3579 1223 3645; baseline 0.019 -25"><span class='ocrx_word' id='word_1_411' title='bbox 181 3579 310 3645; x_wconf 51' lang='lat' dir='ltr'><strong>FOllhia</strong></span> <span class='ocrx_word' id='word_1_412' title='bbox 349 3585 560 3634; x_wconf 73' lang='lat' dir='ltr'><strong>degentium.</strong></span> <span class='ocrx_word' id='word_1_413' title='bbox 602 3593 679 3631; x_wconf 84' lang='lat' dir='ltr'><strong>Non</strong></span> <span class='ocrx_word' id='word_1_414' title='bbox 721 3579 934 3645; x_wconf 44' lang='lat' dir='ltr'><strong>ita‘pridem</strong></span> <span class='ocrx_word' id='word_1_415' title='bbox 975 3601 1036 3636; x_wconf 88' lang='lat' dir='ltr'><strong>illo</strong></span> <span class='ocrx_word' id='word_1_416' title='bbox 1077 3579 1223 3641; x_wconf 79' lang='lat' dir='ltr'><strong>miserat</strong></span> 
     </span>
    </p>
   </div>
   <div class='ocr_carea' id='block_1_57' title="bbox 182 3644 1222 3708">
    <p class='ocr_par' dir='ltr' id='par_1_57' title="bbox 182 3644 1222 3708">
     <span class='ocr_line' id='line_1_57' title="bbox 182 3644 1222 3708; baseline 0.012 -20"><span class='ocrx_word' id='word_1_417' title='bbox 182 3646 213 3708; x_wconf 52' lang='grc' dir='ltr'><em>Ἢ</em></span> <span class='ocrx_word' id='word_1_418' title='bbox 244 3644 438 3708; x_wconf 58' lang='lat' dir='ltr'><strong>e1’35ququ</strong></span> <span class='ocrx_word' id='word_1_419' title='bbox 481 3651 642 3698; x_wconf 87' lang='lat' dir='ltr'><strong>Unilain,</strong></span> <span class='ocrx_word' id='word_1_420' title='bbox 685 3659 798 3694; x_wconf 86' lang='lat' dir='ltr'><strong>\iruin</strong></span> <span class='ocrx_word' id='word_1_421' title='bbox 837 3660 1111 3708; x_wconf 84' lang='lat' dir='ltr'><strong>admirandum;</strong></span> <span class='ocrx_word' id='word_1_422' title='bbox 1159 3667 1222 3702; x_wconf 84' lang='lat' dir='ltr'><strong>sed</strong></span> 
     </span>
    </p>
   </div>
   <div class='ocr_carea' id='block_1_58' title="bbox 181 3695 1222 3772">
    <p class='ocr_par' dir='ltr' id='par_1_58' title="bbox 181 3695 1222 3772">
     <span class='ocr_line' id='line_1_58' title="bbox 181 3695 1222 3772; baseline 0.019 -30"><span class='ocrx_word' id='word_1_423' title='bbox 181 3695 315 3772; x_wconf 46' lang='lat' dir='ltr'><strong>“MS-(ES,</strong></span> <span class='ocrx_word' id='word_1_424' title='bbox 331 3705 449 3746; x_wconf 82' lang='lat' dir='ltr'><strong>Gotthi</strong></span> <span class='ocrx_word' id='word_1_425' title='bbox 469 3716 646 3761; x_wconf 81' lang='lat' dir='ltr'><strong>monachi,</strong></span> <span class='ocrx_word' id='word_1_426' title='bbox 666 3718 760 3763; x_wconf 87' lang='lat' dir='ltr'><strong>apud</strong></span> <span class='ocrx_word' id='word_1_427' title='bbox 777 3731 867 3765; x_wconf 81' lang='lat' dir='ltr'><strong>quos</strong></span> <span class='ocrx_word' id='word_1_428' title='bbox 883 3720 1072 3768; x_wconf 84' lang='lat' dir='ltr'><strong>Serapion,</strong></span> <span class='ocrx_word' id='word_1_429' title='bbox 1089 3695 1222 3772; x_wconf 61' lang='grc' dir='ltr'><strong>ἐρίδω-</strong></span> 
     </span>
    </p>
   </div>
   <div class='ocr_carea' id='block_1_59' title="bbox 184 3763 1220 3832">
    <p class='ocr_par' dir='ltr' id='par_1_59' title="bbox 184 3763 1220 3832">
     <span class='ocr_line' id='line_1_59' title="bbox 184 3763 1220 3832; baseline 0.028 -37"><span class='ocrx_word' id='word_1_430' title='bbox 184 3763 442 3832; x_wconf 44' lang='lat' dir='ltr'><strong>p‘its&#39;llei&#39;acleir,</strong></span> <span class='ocrx_word' id='word_1_431' title='bbox 462 3783 632 3820; x_wconf 84' lang='lat' dir='ltr'><strong>perpetuo</strong></span> <span class='ocrx_word' id='word_1_432' title='bbox 645 3778 890 3824; x_wconf 82' lang='lat' dir='ltr'><strong>delitescebat,</strong></span> <span class='ocrx_word' id='word_1_433' title='bbox 912 3763 1220 3832; x_wconf 71' lang='lat' dir='ltr'><strong>nuntiavcriintei,</strong></span> 
     </span>
    </p>
   </div>
   <div class='ocr_carea' id='block_1_60' title="bbox 185 3818 1220 3896">
    <p class='ocr_par' dir='ltr' id='par_1_60' title="bbox 185 3818 1220 3896">
     <span class='ocr_line' id='line_1_60' title="bbox 185 3818 1220 3896; baseline 0.026 -39"><span class='ocrx_word' id='word_1_434' title='bbox 185 3818 307 3862; x_wconf 87' lang='lat' dir='ltr'><strong>Unilatn</strong></span> <span class='ocrx_word' id='word_1_435' title='bbox 327 3831 464 3877; x_wconf 85' lang='lat' dir='ltr'><strong>obiisse,</strong></span> <span class='ocrx_word' id='word_1_436' title='bbox 485 3818 670 3884; x_wconf 83' lang='lat' dir='ltr'><strong>postquam</strong></span> <span class='ocrx_word' id='word_1_437' title='bbox 699 3846 794 3876; x_wconf 82' lang='lat' dir='ltr'><strong>tanto</strong></span> <span class='ocrx_word' id='word_1_438' title='bbox 814 3818 981 3890; x_wconf 79' lang='lat' dir='ltr'><strong>episcopo</strong></span> <span class='ocrx_word' id='word_1_439' title='bbox 1002 3845 1104 3895; x_wconf 81' lang='lat' dir='ltr'><strong>digna</strong></span> <span class='ocrx_word' id='word_1_440' title='bbox 1123 3818 1220 3896; x_wconf 65' lang='lat' dir='ltr'><strong>gesti;</strong></span> 
     </span>
    </p>
   </div>
   <div class='ocr_carea' id='block_1_61' title="bbox 2289 201 2359 240">
    <p class='ocr_par' dir='ltr' id='par_1_61' title="bbox 2289 201 2359 240">
     <span class='ocr_line' id='line_1_61' title="bbox 2289 201 2359 240; baseline 0.029 -2"><span class='ocrx_word' id='word_1_441' title='bbox 2289 201 2359 240; x_wconf 74' lang='lat'><strong>238</strong></span> 
     </span>
    </p>
   </div>
   <div class='ocr_carea' id='block_1_62' title="bbox 1291 277 2357 326">
    <p class='ocr_par' dir='ltr' id='par_1_62' title="bbox 1291 277 2357 326">
     <span class='ocr_line' id='line_1_62' title="bbox 1291 277 2357 326; baseline 0.008 -15"><span class='ocrx_word' id='word_1_442' title='bbox 1291 278 1444 322; x_wconf 85' lang='lat' dir='ltr'><strong>plurima</strong></span> <span class='ocrx_word' id='word_1_443' title='bbox 1473 277 1648 313; x_wconf 84' lang='lat' dir='ltr'><strong>ediderat.</strong></span> <span class='ocrx_word' id='word_1_444' title='bbox 1674 279 1968 326; x_wconf 80' lang='lat' dir='ltr'><strong>Moduariumque</strong></span> <span class='ocrx_word' id='word_1_445' title='bbox 1991 279 2181 317; x_wconf 88' lang='lat' dir='ltr'><strong>diaconum</strong></span> <span class='ocrx_word' id='word_1_446' title='bbox 2201 283 2357 325; x_wconf 81' lang='lat' dir='ltr'><strong>venisse,</strong></span> 
     </span>
    </p>
   </div>
   <div class='ocr_carea' id='block_1_63' title="bbox 1286 337 2358 388">
    <p class='ocr_par' dir='ltr' id='par_1_63' title="bbox 1286 337 2358 388">
     <span class='ocr_line' id='line_1_63' title="bbox 1286 337 2358 388; baseline 0.008 -17"><span class='ocrx_word' id='word_1_447' title='bbox 1286 338 1345 382; x_wconf 88' lang='lat' dir='ltr'><strong>qui</strong></span> <span class='ocrx_word' id='word_1_448' title='bbox 1363 337 1396 373; x_wconf 88' lang='lat' dir='ltr'><strong>id</strong></span> <span class='ocrx_word' id='word_1_449' title='bbox 1412 344 1632 380; x_wconf 86' lang='lat' dir='ltr'><strong>narraverat,</strong></span> <span class='ocrx_word' id='word_1_450' title='bbox 1646 347 1687 378; x_wconf 83' lang='lat' dir='ltr'><strong>ac</strong></span> <span class='ocrx_word' id='word_1_451' title='bbox 1703 340 1796 385; x_wconf 84' lang='lat' dir='ltr'><strong>regis</strong></span> <span class='ocrx_word' id='word_1_452' title='bbox 1809 339 2023 376; x_wconf 87' lang='lat' dir='ltr'><strong>Gotthorum</strong></span> <span class='ocrx_word' id='word_1_453' title='bbox 2039 341 2158 378; x_wconf 86' lang='lat' dir='ltr'><strong>literas</strong></span> <span class='ocrx_word' id='word_1_454' title='bbox 2170 343 2358 388; x_wconf 78' lang='lat' dir='ltr'><strong>alierebat,</strong></span> 
     </span>
    </p>
   </div>
   <div class='ocr_carea' id='block_1_64' title="bbox 1288 396 2360 443">
    <p class='ocr_par' dir='ltr' id='par_1_64' title="bbox 1288 396 2360 443">
     <span class='ocr_line' id='line_1_64' title="bbox 1288 396 2360 443; baseline 0.008 -11"><span class='ocrx_word' id='word_1_455' title='bbox 1288 396 1444 443; x_wconf 85' lang='lat' dir='ltr'><strong>petentis</strong></span> <span class='ocrx_word' id='word_1_456' title='bbox 1465 403 1501 432; x_wconf 88' lang='lat' dir='ltr'><strong>iit</strong></span> <span class='ocrx_word' id='word_1_457' title='bbox 1518 397 1707 443; x_wconf 87' lang='lat' dir='ltr'><strong>episcopus</strong></span> <span class='ocrx_word' id='word_1_458' title='bbox 1721 399 1755 434; x_wconf 89' lang='lat' dir='ltr'><strong>in</strong></span> <span class='ocrx_word' id='word_1_459' title='bbox 1771 399 1952 436; x_wconf 85' lang='lat' dir='ltr'><strong>Gottliiani</strong></span> <span class='ocrx_word' id='word_1_460' title='bbox 1966 402 2181 439; x_wconf 88' lang='lat' dir='ltr'><strong>mitteretur.</strong></span> <span class='ocrx_word' id='word_1_461' title='bbox 2201 403 2360 441; x_wconf 83' lang='lat' dir='ltr'><strong>Metuens</strong></span> 
     </span>
    </p>
   </div>
   <div class='ocr_carea' id='block_1_65' title="bbox 1287 455 2360 503">
    <p class='ocr_par' dir='ltr' id='par_1_65' title="bbox 1287 455 2360 503">
     <span class='ocr_line' id='line_1_65' title="bbox 1287 455 2360 503; baseline 0.009 -11"><span class='ocrx_word' id='word_1_462' title='bbox 1287 457 1406 503; x_wconf 85' lang='lat' dir='ltr'><strong>itaque</strong></span> <span class='ocrx_word' id='word_1_463' title='bbox 1437 455 1716 503; x_wconf 83' lang='lat' dir='ltr'><strong>Chrysostomus</strong></span> <span class='ocrx_word' id='word_1_464' title='bbox 1746 469 1791 494; x_wconf 84' lang='lat' dir='ltr'><strong>ne</strong></span> <span class='ocrx_word' id='word_1_465' title='bbox 1816 460 1984 497; x_wconf 81' lang='lat' dir='ltr'><strong>Arsaeius</strong></span> <span class='ocrx_word' id='word_1_466' title='bbox 2015 468 2052 498; x_wconf 90' lang='lat' dir='ltr'><strong>et</strong></span> <span class='ocrx_word' id='word_1_467' title='bbox 2077 464 2132 500; x_wconf 83' lang='lat' dir='ltr'><strong>sui</strong></span> <span class='ocrx_word' id='word_1_468' title='bbox 2162 465 2222 501; x_wconf 94' lang='lat' dir='ltr'><strong>illo</strong></span> <span class='ocrx_word' id='word_1_469' title='bbox 2241 466 2360 502; x_wconf 86' lang='lat' dir='ltr'><strong>statim</strong></span> 
     </span>
    </p>
   </div>
   <div class='ocr_carea' id='block_1_66' title="bbox 1287 519 2360 568">
    <p class='ocr_par' dir='ltr' id='par_1_66' title="bbox 1287 519 2360 568">
     <span class='ocr_line' id='line_1_66' title="bbox 1287 519 2360 568; baseline 0.01 -14"><span class='ocrx_word' id='word_1_470' title='bbox 1287 519 1496 564; x_wconf 84' lang='lat' dir='ltr'><strong>episcopum</strong></span> <span class='ocrx_word' id='word_1_471' title='bbox 1516 519 1714 562; x_wconf 90' lang='lat' dir='ltr'><strong>mitterent,</strong></span> <span class='ocrx_word' id='word_1_472' title='bbox 1735 519 1982 568; x_wconf 80' lang='lat' dir='ltr'><strong>Olympiadem</strong></span> <span class='ocrx_word' id='word_1_473' title='bbox 2001 534 2042 560; x_wconf 90' lang='lat' dir='ltr'><strong>ea</strong></span> <span class='ocrx_word' id='word_1_474' title='bbox 2061 525 2105 561; x_wconf 89' lang='lat' dir='ltr'><strong>de</strong></span> <span class='ocrx_word' id='word_1_475' title='bbox 2129 537 2167 562; x_wconf 92' lang='lat' dir='ltr'><strong>re</strong></span> <span class='ocrx_word' id='word_1_476' title='bbox 2186 535 2307 564; x_wconf 87' lang='lat' dir='ltr'><strong>monet</strong></span> <span class='ocrx_word' id='word_1_477' title='bbox 2325 529 2360 564; x_wconf 87' lang='lat' dir='ltr'><strong>in</strong></span> 
     </span>
    </p>
   </div>
   <div class='ocr_carea' id='block_1_67' title="bbox 1287 579 2362 632">
    <p class='ocr_par' dir='ltr' id='par_1_67' title="bbox 1287 579 2362 632">
     <span class='ocr_line' id='line_1_67' title="bbox 1287 579 2362 632; baseline 0.009 -18"><span class='ocrx_word' id='word_1_478' title='bbox 1287 579 1416 616; x_wconf 85' lang='lat' dir='ltr'><strong>eadem</strong></span> <span class='ocrx_word' id='word_1_479' title='bbox 1445 579 1598 624; x_wconf 89' lang='lat' dir='ltr'><strong>epistola</strong></span> <span class='ocrx_word' id='word_1_480' title='bbox 1617 579 1757 616; x_wconf 87' lang='lat' dir='ltr'><strong>decima</strong></span> <span class='ocrx_word' id='word_1_481' title='bbox 1787 587 1926 627; x_wconf 88' lang='lat' dir='ltr'><strong>quarta,</strong></span> <span class='ocrx_word' id='word_1_482' title='bbox 1955 588 1993 618; x_wconf 89' lang='lat' dir='ltr'><strong>ut</strong></span> <span class='ocrx_word' id='word_1_483' title='bbox 2023 583 2102 620; x_wconf 74' lang='lat' dir='ltr'><strong>illos</strong></span> <span class='ocrx_word' id='word_1_484' title='bbox 2123 587 2296 632; x_wconf 84' lang='lat' dir='ltr'><strong>tantisper</strong></span> <span class='ocrx_word' id='word_1_485' title='bbox 2315 589 2362 624; x_wconf 86' lang='lat' dir='ltr'><strong>ob</strong></span> 
     </span>
    </p>
   </div>
   <div class='ocr_carea' id='block_1_68' title="bbox 1287 641 2362 691">
    <p class='ocr_par' dir='ltr' id='par_1_68' title="bbox 1287 641 2362 691">
     <span class='ocr_line' id='line_1_68' title="bbox 1287 641 2362 691; baseline 0.007 -15"><span class='ocrx_word' id='word_1_486' title='bbox 1287 641 1444 677; x_wconf 82' lang='lat' dir='ltr'><strong>hiemem</strong></span> <span class='ocrx_word' id='word_1_487' title='bbox 1475 647 1702 678; x_wconf 88' lang='lat' dir='ltr'><strong>remoretur:</strong></span> <span class='ocrx_word' id='word_1_488' title='bbox 1725 652 1841 688; x_wconf 87' lang='lat' dir='ltr'><strong>neque</strong></span> <span class='ocrx_word' id='word_1_489' title='bbox 1865 643 1960 678; x_wconf 89' lang='lat' dir='ltr'><strong>enim</strong></span> <span class='ocrx_word' id='word_1_490' title='bbox 1980 643 2039 680; x_wconf 87' lang='lat' dir='ltr'><strong>illa</strong></span> <span class='ocrx_word' id='word_1_491' title='bbox 2068 650 2278 691; x_wconf 87' lang='lat' dir='ltr'><strong>tempestate</strong></span> <span class='ocrx_word' id='word_1_492' title='bbox 2299 657 2362 684; x_wconf 88' lang='lat' dir='ltr'><strong>aut</strong></span> 
     </span>
    </p>
   </div>
   <div class='ocr_carea' id='block_1_69' title="bbox 1287 701 2360 753">
    <p class='ocr_par' dir='ltr' id='par_1_69' title="bbox 1287 701 2360 753">
     <span class='ocr_line' id='line_1_69' title="bbox 1287 701 2360 753; baseline 0.006 -15"><span class='ocrx_word' id='word_1_493' title='bbox 1287 701 1322 738; x_wconf 86' lang='lat' dir='ltr'><strong>in</strong></span> <span class='ocrx_word' id='word_1_494' title='bbox 1345 701 1562 749; x_wconf 82' lang='lat' dir='ltr'><strong>Bosporum,</strong></span> <span class='ocrx_word' id='word_1_495' title='bbox 1593 711 1654 740; x_wconf 90' lang='lat' dir='ltr'><strong>aut</strong></span> <span class='ocrx_word' id='word_1_496' title='bbox 1679 704 1713 740; x_wconf 92' lang='lat' dir='ltr'><strong>in</strong></span> <span class='ocrx_word' id='word_1_497' title='bbox 1735 704 1814 740; x_wconf 90' lang='lat' dir='ltr'><strong>illas</strong></span> <span class='ocrx_word' id='word_1_498' title='bbox 1835 713 1954 751; x_wconf 85' lang='lat' dir='ltr'><strong>partes</strong></span> <span class='ocrx_word' id='word_1_499' title='bbox 1983 705 2152 753; x_wconf 78' lang='lat' dir='ltr'><strong>navigare</strong></span> <span class='ocrx_word' id='word_1_500' title='bbox 2182 715 2360 753; x_wconf 86' lang='lat' dir='ltr'><strong>p0terani.</strong></span> 
     </span>
    </p>
   </div>
   <div class='ocr_carea' id='block_1_70' title="bbox 1288 761 2363 814">
    <p class='ocr_par' dir='ltr' id='par_1_70' title="bbox 1288 761 2363 814">
     <span class='ocr_line' id='line_1_70' title="bbox 1288 761 2363 814; baseline 0.007 -16"><span class='ocrx_word' id='word_1_501' title='bbox 1288 762 1364 798; x_wconf 91' lang='lat' dir='ltr'><strong>Duo</strong></span> <span class='ocrx_word' id='word_1_502' title='bbox 1387 761 1486 798; x_wconf 89' lang='lat' dir='ltr'><strong>enim</strong></span> <span class='ocrx_word' id='word_1_503' title='bbox 1505 763 1587 800; x_wconf 89' lang='lat' dir='ltr'><strong>inde</strong></span> <span class='ocrx_word' id='word_1_504' title='bbox 1605 763 1698 800; x_wconf 90' lang='lat' dir='ltr'><strong>mala</strong></span> <span class='ocrx_word' id='word_1_505' title='bbox 1721 771 1985 810; x_wconf 80' lang='lat' dir='ltr'><strong>consequutura</strong></span> <span class='ocrx_word' id='word_1_506' title='bbox 2004 773 2120 810; x_wconf 87' lang='lat' dir='ltr'><strong>erant,</strong></span> <span class='ocrx_word' id='word_1_507' title='bbox 2148 773 2184 804; x_wconf 87' lang='lat' dir='ltr'><strong>et</strong></span> <span class='ocrx_word' id='word_1_508' title='bbox 2201 769 2294 814; x_wconf 89' lang='lat' dir='ltr'><strong>quod</strong></span> <span class='ocrx_word' id='word_1_509' title='bbox 2317 771 2363 805; x_wconf 89' lang='lat' dir='ltr'><strong>ab</strong></span> 
     </span>
    </p>
   </div>
   <div class='ocr_carea' id='block_1_71' title="bbox 1289 823 2360 877">
    <p class='ocr_par' dir='ltr' id='par_1_71' title="bbox 1289 823 2360 877">
     <span class='ocr_line' id='line_1_71' title="bbox 1289 823 2360 877; baseline 0.007 -17"><span class='ocrx_word' id='word_1_510' title='bbox 1289 823 1357 860; x_wconf 74' lang='lat' dir='ltr'><strong>illis</strong></span> <span class='ocrx_word' id='word_1_511' title='bbox 1378 825 1558 861; x_wconf 83' lang='lat' dir='ltr'><strong>creandus</strong></span> <span class='ocrx_word' id='word_1_512' title='bbox 1581 827 1772 872; x_wconf 86' lang='lat' dir='ltr'><strong>episcopus</strong></span> <span class='ocrx_word' id='word_1_513' title='bbox 1793 827 1854 864; x_wconf 89' lang='lat' dir='ltr'><strong>ille</strong></span> <span class='ocrx_word' id='word_1_514' title='bbox 1869 835 1982 872; x_wconf 86' lang='lat' dir='ltr'><strong>esset,</strong></span> <span class='ocrx_word' id='word_1_515' title='bbox 2003 829 2063 875; x_wconf 86' lang='lat' dir='ltr'><strong>qui</strong></span> <span class='ocrx_word' id='word_1_516' title='bbox 2085 836 2136 866; x_wconf 90' lang='lat' dir='ltr'><strong>tot</strong></span> <span class='ocrx_word' id='word_1_517' title='bbox 2162 831 2255 867; x_wconf 88' lang='lat' dir='ltr'><strong>mala</strong></span> <span class='ocrx_word' id='word_1_518' title='bbox 2278 842 2360 877; x_wconf 87' lang='lat' dir='ltr'><strong>per-</strong></span> 
     </span>
    </p>
   </div>
   <div class='ocr_carea' id='block_1_72' title="bbox 1288 887 2362 939">
    <p class='ocr_par' dir='ltr' id='par_1_72' title="bbox 1288 887 2362 939">
     <span class='ocr_line' id='line_1_72' title="bbox 1288 887 2362 939; baseline 0.007 -19"><span class='ocrx_word' id='word_1_519' title='bbox 1288 891 1532 930; x_wconf 70' lang='lat' dir='ltr'><strong>petrat-crant,</strong></span> <span class='ocrx_word' id='word_1_520' title='bbox 1553 893 1588 922; x_wconf 85' lang='lat' dir='ltr'><strong>et</strong></span> <span class='ocrx_word' id='word_1_521' title='bbox 1613 897 1632 921; x_wconf 90' lang='lat' dir='ltr'><strong>a</strong></span> <span class='ocrx_word' id='word_1_522' title='bbox 1654 887 1784 934; x_wconf 82' lang='lat' dir='ltr'><strong>quibus</strong></span> <span class='ocrx_word' id='word_1_523' title='bbox 1801 889 1916 925; x_wconf 86' lang='lat' dir='ltr'><strong>creari</strong></span> <span class='ocrx_word' id='word_1_524' title='bbox 1936 890 2036 926; x_wconf 78' lang='lat' dir='ltr'><strong>nefas</strong></span> <span class='ocrx_word' id='word_1_525' title='bbox 2055 898 2172 935; x_wconf 87' lang='lat' dir='ltr'><strong>esset;</strong></span> <span class='ocrx_word' id='word_1_526' title='bbox 2206 899 2242 928; x_wconf 93' lang='lat' dir='ltr'><strong>ct</strong></span> <span class='ocrx_word' id='word_1_527' title='bbox 2266 891 2362 939; x_wconf 87' lang='lat' dir='ltr'><strong>quod</strong></span> 
     </span>
    </p>
   </div>
   <div class='ocr_carea' id='block_1_73' title="bbox 1289 946 2360 998">
    <p class='ocr_par' dir='ltr' id='par_1_73' title="bbox 1289 946 2360 998">
     <span class='ocr_line' id='line_1_73' title="bbox 1289 946 2360 998; baseline 0.009 -16"><span class='ocrx_word' id='word_1_528' title='bbox 1289 946 1334 982; x_wconf 85' lang='lat' dir='ltr'><strong>ab</strong></span> <span class='ocrx_word' id='word_1_529' title='bbox 1355 947 1423 983; x_wconf 90' lang='lat' dir='ltr'><strong>illis</strong></span> <span class='ocrx_word' id='word_1_530' title='bbox 1441 955 1640 992; x_wconf 86' lang='lat' dir='ltr'><strong>crearetur,</strong></span> <span class='ocrx_word' id='word_1_531' title='bbox 1663 950 1722 996; x_wconf 90' lang='lat' dir='ltr'><strong>qui</strong></span> <span class='ocrx_word' id='word_1_532' title='bbox 1740 951 1926 998; x_wconf 88' lang='lat' dir='ltr'><strong>probitatis</strong></span> <span class='ocrx_word' id='word_1_533' title='bbox 1944 953 2117 990; x_wconf 88' lang='lat' dir='ltr'><strong>rationein</strong></span> <span class='ocrx_word' id='word_1_534' title='bbox 2139 955 2272 990; x_wconf 83' lang='lat' dir='ltr'><strong>nullam</strong></span> <span class='ocrx_word' id='word_1_535' title='bbox 2296 955 2360 991; x_wconf 89' lang='lat' dir='ltr'><strong>lia-</strong></span> 
     </span>
    </p>
   </div>
   <div class='ocr_carea' id='block_1_74' title="bbox 1289 1007 2363 1060">
    <p class='ocr_par' dir='ltr' id='par_1_74' title="bbox 1289 1007 2363 1060">
     <span class='ocr_line' id='line_1_74' title="bbox 1289 1007 2363 1060; baseline 0.01 -16"><span class='ocrx_word' id='word_1_536' title='bbox 1289 1007 1427 1046; x_wconf 87' lang='lat' dir='ltr'><strong>berent.</strong></span> <span class='ocrx_word' id='word_1_537' title='bbox 1443 1009 1572 1056; x_wconf 74' lang='lat' dir='ltr'><strong>Operae</strong></span> <span class='ocrx_word' id='word_1_538' title='bbox 1593 1013 1743 1058; x_wconf 89' lang='lat' dir='ltr'><strong>pretium</strong></span> <span class='ocrx_word' id='word_1_539' title='bbox 1762 1021 1880 1050; x_wconf 85' lang='lat' dir='ltr'><strong>autem</strong></span> <span class='ocrx_word' id='word_1_540' title='bbox 1899 1013 1976 1052; x_wconf 86' lang='lat' dir='ltr'><strong>fore</strong></span> <span class='ocrx_word' id='word_1_541' title='bbox 1993 1015 2092 1060; x_wconf 89' lang='lat' dir='ltr'><strong>dicit,</strong></span> <span class='ocrx_word' id='word_1_542' title='bbox 2113 1017 2142 1053; x_wconf 89' lang='lat' dir='ltr'><strong>si</strong></span> <span class='ocrx_word' id='word_1_543' title='bbox 2160 1017 2363 1055; x_wconf 81' lang='lat' dir='ltr'><strong>Meditarins</strong></span> 
     </span>
    </p>
   </div>
   <div class='ocr_carea' id='block_1_75' title="bbox 1289 1071 2121 1124">
    <p class='ocr_par' dir='ltr' id='par_1_75' title="bbox 1289 1071 2121 1124">
     <span class='ocr_line' id='line_1_75' title="bbox 1289 1071 2121 1124; baseline 0.01 -17"><span class='ocrx_word' id='word_1_544' title='bbox 1289 1071 1379 1107; x_wconf 88' lang='lat' dir='ltr'><strong>clam</strong></span> <span class='ocrx_word' id='word_1_545' title='bbox 1401 1077 1436 1108; x_wconf 87' lang='lat' dir='ltr'><strong>et</strong></span> <span class='ocrx_word' id='word_1_546' title='bbox 1456 1073 1536 1109; x_wconf 90' lang='lat' dir='ltr'><strong>sine</strong></span> <span class='ocrx_word' id='word_1_547' title='bbox 1561 1074 1711 1119; x_wconf 88' lang='lat' dir='ltr'><strong>strepitu</strong></span> <span class='ocrx_word' id='word_1_548' title='bbox 1731 1085 1769 1112; x_wconf 89' lang='lat' dir='ltr'><strong>se</strong></span> <span class='ocrx_word' id='word_1_549' title='bbox 1789 1077 1982 1113; x_wconf 81' lang='lat' dir='ltr'><strong>eonvenire</strong></span> <span class='ocrx_word' id='word_1_550' title='bbox 1998 1079 2121 1124; x_wconf 87' lang='lat' dir='ltr'><strong>possit.</strong></span> 
     </span>
    </p>
   </div>
   <div class='ocr_carea' id='block_1_76' title="bbox 1338 1131 2362 1186">
    <p class='ocr_par' dir='ltr' id='par_1_76' title="bbox 1338 1131 2362 1186">
     <span class='ocr_line' id='line_1_76' title="bbox 1338 1131 2362 1186; baseline 0.009 -18"><span class='ocrx_word' id='word_1_551' title='bbox 1338 1131 1426 1174; x_wconf 74' lang='lat' dir='ltr'><strong>Quis</strong></span> <span class='ocrx_word' id='word_1_552' title='bbox 1451 1132 1600 1179; x_wconf 83' lang='lat' dir='ltr'><strong>hujusce</strong></span> <span class='ocrx_word' id='word_1_553' title='bbox 1629 1134 1759 1180; x_wconf 87' lang='lat' dir='ltr'><strong>negotii</strong></span> <span class='ocrx_word' id='word_1_554' title='bbox 1784 1136 1900 1172; x_wconf 74' lang='lat' dir='ltr'><strong>exitus</strong></span> <span class='ocrx_word' id='word_1_555' title='bbox 1922 1137 2028 1174; x_wconf 80' lang='lat' dir='ltr'><strong>fuerit</strong></span> <span class='ocrx_word' id='word_1_556' title='bbox 2050 1148 2197 1185; x_wconf 88' lang='lat' dir='ltr'><strong>prorsus</strong></span> <span class='ocrx_word' id='word_1_557' title='bbox 2217 1140 2362 1186; x_wconf 82' lang='lat' dir='ltr'><strong>ignora-</strong></span> 
     </span>
    </p>
   </div>
   <div class='ocr_carea' id='block_1_77' title="bbox 1292 1194 2362 1242">
    <p class='ocr_par' dir='ltr' id='par_1_77' title="bbox 1292 1194 2362 1242">
     <span class='ocr_line' id='line_1_77' title="bbox 1292 1194 2362 1242; baseline 0.009 -16"><span class='ocrx_word' id='word_1_558' title='bbox 1292 1202 1400 1228; x_wconf 86' lang='lat' dir='ltr'><strong>mus:</strong></span> <span class='ocrx_word' id='word_1_559' title='bbox 1430 1203 1512 1229; x_wconf 91' lang='lat' dir='ltr'><strong>nam</strong></span> <span class='ocrx_word' id='word_1_560' title='bbox 1549 1195 1588 1230; x_wconf 87' lang='lat' dir='ltr'><strong>in</strong></span> <span class='ocrx_word' id='word_1_561' title='bbox 1619 1194 1766 1240; x_wconf 84' lang='lat' dir='ltr'><strong>epistola</strong></span> <span class='ocrx_word' id='word_1_562' title='bbox 1802 1206 1944 1242; x_wconf 83' lang='lat' dir='ltr'><strong>quoque</strong></span> <span class='ocrx_word' id='word_1_563' title='bbox 1969 1197 2040 1234; x_wconf 75' lang='lat'><strong>206</strong></span> <span class='ocrx_word' id='word_1_564' title='bbox 2066 1199 2110 1234; x_wconf 91' lang='lat' dir='ltr'><strong>ad</strong></span> <span class='ocrx_word' id='word_1_565' title='bbox 2137 1199 2362 1236; x_wconf 84' lang='lat' dir='ltr'><strong>Tlieodiilum</strong></span> 
     </span>
    </p>
   </div>
   <div class='ocr_carea' id='block_1_78' title="bbox 1293 1253 2362 1306">
    <p class='ocr_par' dir='ltr' id='par_1_78' title="bbox 1293 1253 2362 1306">
     <span class='ocr_line' id='line_1_78' title="bbox 1293 1253 2362 1306; baseline 0.008 -17"><span class='ocrx_word' id='word_1_566' title='bbox 1293 1253 1483 1290; x_wconf 89' lang='lat' dir='ltr'><strong>diaconum</strong></span> <span class='ocrx_word' id='word_1_567' title='bbox 1499 1255 1609 1292; x_wconf 86' lang='lat' dir='ltr'><strong>missa</strong></span> <span class='ocrx_word' id='word_1_568' title='bbox 1625 1255 1752 1292; x_wconf 67' lang='lat' dir='ltr'><strong>inedia:</strong></span> <span class='ocrx_word' id='word_1_569' title='bbox 1763 1262 1800 1292; x_wconf 86' lang='lat' dir='ltr'><strong>et</strong></span> <span class='ocrx_word' id='word_1_570' title='bbox 1813 1257 2021 1302; x_wconf 77' lang='lat' dir='ltr'><strong>asperrima:</strong></span> <span class='ocrx_word' id='word_1_571' title='bbox 2046 1258 2172 1296; x_wconf 87' lang='lat' dir='ltr'><strong>hiemis</strong></span> <span class='ocrx_word' id='word_1_572' title='bbox 2188 1267 2362 1306; x_wconf 84' lang='lat' dir='ltr'><strong>tempore.</strong></span> 
     </span>
    </p>
   </div>
   <div class='ocr_carea' id='block_1_79' title="bbox 1294 1315 2366 1364">
    <p class='ocr_par' dir='ltr' id='par_1_79' title="bbox 1294 1315 2366 1364">
     <span class='ocr_line' id='line_1_79' title="bbox 1294 1315 2366 1364; baseline 0.007 -13"><span class='ocrx_word' id='word_1_573' title='bbox 1294 1315 1392 1352; x_wconf 90' lang='lat' dir='ltr'><strong>illum</strong></span> <span class='ocrx_word' id='word_1_574' title='bbox 1411 1316 1492 1354; x_wconf 89' lang='lat' dir='ltr'><strong>huic</strong></span> <span class='ocrx_word' id='word_1_575' title='bbox 1510 1317 1656 1364; x_wconf 85' lang='lat' dir='ltr'><strong>negotio</strong></span> <span class='ocrx_word' id='word_1_576' title='bbox 1673 1318 1928 1364; x_wconf 86' lang='lat' dir='ltr'><strong>advigilantem</strong></span> <span class='ocrx_word' id='word_1_577' title='bbox 1953 1319 2115 1356; x_wconf 88' lang='lat' dir='ltr'><strong>hortatur</strong></span> <span class='ocrx_word' id='word_1_578' title='bbox 2135 1325 2172 1356; x_wconf 90' lang='lat' dir='ltr'><strong>ut</strong></span> <span class='ocrx_word' id='word_1_579' title='bbox 2192 1321 2301 1358; x_wconf 83' lang='lat' dir='ltr'><strong>Deum</strong></span> <span class='ocrx_word' id='word_1_580' title='bbox 2322 1333 2366 1358; x_wconf 90' lang='lat' dir='ltr'><strong>ea</strong></span> 
     </span>
    </p>
   </div>
   <div class='ocr_carea' id='block_1_80' title="bbox 1293 1379 2366 1425">
    <p class='ocr_par' dir='ltr' id='par_1_80' title="bbox 1293 1379 2366 1425">
     <span class='ocr_line' id='line_1_80' title="bbox 1293 1379 2366 1425; baseline 0.003 -10"><span class='ocrx_word' id='word_1_581' title='bbox 1293 1379 1338 1416; x_wconf 88' lang='lat' dir='ltr'><strong>de</strong></span> <span class='ocrx_word' id='word_1_582' title='bbox 1351 1389 1455 1415; x_wconf 84' lang='lat' dir='ltr'><strong>causa</strong></span> <span class='ocrx_word' id='word_1_583' title='bbox 1469 1386 1648 1425; x_wconf 78' lang='lat' dir='ltr'><strong>precetur,</strong></span> <span class='ocrx_word' id='word_1_584' title='bbox 1669 1386 1704 1415; x_wconf 86' lang='lat' dir='ltr'><strong>et</strong></span> <span class='ocrx_word' id='word_1_585' title='bbox 1723 1390 1842 1416; x_wconf 89' lang='lat' dir='ltr'><strong>moras</strong></span> <span class='ocrx_word' id='word_1_586' title='bbox 1863 1381 1954 1416; x_wconf 87' lang='lat' dir='ltr'><strong>trahi</strong></span> <span class='ocrx_word' id='word_1_587' title='bbox 1972 1388 2085 1418; x_wconf 89' lang='lat' dir='ltr'><strong>curet.</strong></span> <span class='ocrx_word' id='word_1_588' title='bbox 2101 1382 2156 1418; x_wconf 74' lang='lat' dir='ltr'><strong>Ad</strong></span> <span class='ocrx_word' id='word_1_589' title='bbox 2173 1384 2366 1418; x_wconf 76' lang='lat' dir='ltr'><strong>mouaehos</strong></span> 
     </span>
    </p>
   </div>
   <div class='ocr_carea' id='block_1_81' title="bbox 1293 1439 2367 1490">
    <p class='ocr_par' dir='ltr' id='par_1_81' title="bbox 1293 1439 2367 1490">
     <span class='ocr_line' id='line_1_81' title="bbox 1293 1439 2367 1490; baseline 0.003 -12"><span class='ocrx_word' id='word_1_590' title='bbox 1293 1439 1446 1478; x_wconf 89' lang='lat' dir='ltr'><strong>Gotthos</strong></span> <span class='ocrx_word' id='word_1_591' title='bbox 1477 1441 1512 1477; x_wconf 89' lang='lat' dir='ltr'><strong>in</strong></span> <span class='ocrx_word' id='word_1_592' title='bbox 1539 1452 1624 1488; x_wconf 84' lang='lat' dir='ltr'><strong>agro</strong></span> <span class='ocrx_word' id='word_1_593' title='bbox 1657 1441 1818 1478; x_wconf 76' lang='lat' dir='ltr'><strong>Promoti</strong></span> <span class='ocrx_word' id='word_1_594' title='bbox 1846 1441 2018 1488; x_wconf 87' lang='lat' dir='ltr'><strong>degentes</strong></span> <span class='ocrx_word' id='word_1_595' title='bbox 2046 1443 2173 1480; x_wconf 88' lang='lat' dir='ltr'><strong>eodem</strong></span> <span class='ocrx_word' id='word_1_596' title='bbox 2205 1451 2367 1490; x_wconf 80' lang='lat' dir='ltr'><strong>tempore</strong></span> 
     </span>
    </p>
   </div>
   <div class='ocr_carea' id='block_1_82' title="bbox 1295 1501 2366 1550">
    <p class='ocr_par' dir='ltr' id='par_1_82' title="bbox 1295 1501 2366 1550">
     <span class='ocr_line' id='line_1_82' title="bbox 1295 1501 2366 1550; baseline 0.004 -12"><span class='ocrx_word' id='word_1_597' title='bbox 1295 1501 1482 1548; x_wconf 87' lang='lat' dir='ltr'><strong>epistolam</strong></span> <span class='ocrx_word' id='word_1_598' title='bbox 1514 1503 1612 1539; x_wconf 88' lang='lat' dir='ltr'><strong>misit</strong></span> <span class='ocrx_word' id='word_1_599' title='bbox 1640 1503 1724 1544; x_wconf 84' lang='grc'><strong>107.</strong></span> <span class='ocrx_word' id='word_1_600' title='bbox 1755 1503 1907 1549; x_wconf 71' lang='lat' dir='ltr'><strong>illasque</strong></span> <span class='ocrx_word' id='word_1_601' title='bbox 1954 1503 2078 1540; x_wconf 85' lang='lat' dir='ltr'><strong>beatos</strong></span> <span class='ocrx_word' id='word_1_602' title='bbox 2113 1505 2282 1550; x_wconf 70' lang='grc' dir='ltr'>ιιι-,υύἰωι</span> <span class='ocrx_word' id='word_1_603' title='bbox 2319 1507 2366 1542; x_wconf 87' lang='lat' dir='ltr'><strong>ob</strong></span> 
     </span>
    </p>
   </div>
   <div class='ocr_carea' id='block_1_83' title="bbox 1296 1566 2367 1615">
    <p class='ocr_par' dir='ltr' id='par_1_83' title="bbox 1296 1566 2367 1615">
     <span class='ocr_line' id='line_1_83' title="bbox 1296 1566 2367 1615; baseline 0.005 -16"><span class='ocrx_word' id='word_1_604' title='bbox 1296 1573 1476 1600; x_wconf 72' lang='lat' dir='ltr'><strong>aerumnas</strong></span> <span class='ocrx_word' id='word_1_605' title='bbox 1495 1572 1529 1601; x_wconf 89' lang='lat' dir='ltr'><strong>et</strong></span> <span class='ocrx_word' id='word_1_606' title='bbox 1545 1566 1732 1602; x_wconf 81' lang='lat' dir='ltr'><strong>molestias</strong></span> <span class='ocrx_word' id='word_1_607' title='bbox 1749 1567 1815 1604; x_wconf 90' lang='lat' dir='ltr'><strong>sibi</strong></span> <span class='ocrx_word' id='word_1_608' title='bbox 1832 1567 1963 1610; x_wconf 87' lang='lat' dir='ltr'><strong>illatas,</strong></span> <span class='ocrx_word' id='word_1_609' title='bbox 1983 1567 2151 1615; x_wconf 85' lang='lat' dir='ltr'><strong>additque</strong></span> <span class='ocrx_word' id='word_1_610' title='bbox 2170 1569 2315 1614; x_wconf 76' lang='lat' dir='ltr'><strong>praemia</strong></span> <span class='ocrx_word' id='word_1_611' title='bbox 2331 1577 2367 1604; x_wconf 90' lang='lat' dir='ltr'><strong>et</strong></span> 
     </span>
    </p>
   </div>
   <div class='ocr_carea' id='block_1_84' title="bbox 1297 1627 2369 1676">
    <p class='ocr_par' dir='ltr' id='par_1_84' title="bbox 1297 1627 2369 1676">
     <span class='ocr_line' id='line_1_84' title="bbox 1297 1627 2369 1676; baseline 0.004 -14"><span class='ocrx_word' id='word_1_612' title='bbox 1297 1636 1448 1663; x_wconf 90' lang='lat' dir='ltr'><strong>coronas</strong></span> <span class='ocrx_word' id='word_1_613' title='bbox 1471 1627 1551 1663; x_wconf 86' lang='lat' dir='ltr'><strong>talia</strong></span> <span class='ocrx_word' id='word_1_614' title='bbox 1573 1629 1789 1672; x_wconf 85' lang='lat' dir='ltr'><strong>patientibus</strong></span> <span class='ocrx_word' id='word_1_615' title='bbox 1800 1631 1977 1676; x_wconf 78' lang='lat' dir='ltr'><strong>apparari.</strong></span> <span class='ocrx_word' id='word_1_616' title='bbox 1998 1629 2049 1666; x_wconf 91' lang='lat' dir='ltr'><strong>Illi</strong></span> <span class='ocrx_word' id='word_1_617' title='bbox 2070 1640 2153 1666; x_wconf 88' lang='lat' dir='ltr'><strong>vero</strong></span> <span class='ocrx_word' id='word_1_618' title='bbox 2167 1641 2274 1668; x_wconf 89' lang='lat' dir='ltr'><strong>omne</strong></span> <span class='ocrx_word' id='word_1_619' title='bbox 2293 1638 2369 1666; x_wconf 79' lang='lat' dir='ltr'><strong>stu-</strong></span> 
     </span>
    </p>
   </div>
   <div class='ocr_carea' id='block_1_85' title="bbox 1295 1687 2367 1735">
    <p class='ocr_par' dir='ltr' id='par_1_85' title="bbox 1295 1687 2367 1735">
     <span class='ocr_line' id='line_1_85' title="bbox 1295 1687 2367 1735; baseline 0.004 -11"><span class='ocrx_word' id='word_1_620' title='bbox 1295 1687 1393 1724; x_wconf 88' lang='lat' dir='ltr'><strong>dium</strong></span> <span class='ocrx_word' id='word_1_621' title='bbox 1425 1689 1654 1735; x_wconf 81' lang='lat' dir='ltr'><strong>exhibebant,</strong></span> <span class='ocrx_word' id='word_1_622' title='bbox 1685 1697 1722 1726; x_wconf 89' lang='lat' dir='ltr'><strong>ut</strong></span> <span class='ocrx_word' id='word_1_623' title='bbox 1753 1691 1874 1728; x_wconf 88' lang='lat' dir='ltr'><strong>nullus</strong></span> <span class='ocrx_word' id='word_1_624' title='bbox 1905 1691 1939 1727; x_wconf 87' lang='lat' dir='ltr'><strong>in</strong></span> <span class='ocrx_word' id='word_1_625' title='bbox 1973 1687 2124 1728; x_wconf 85' lang='lat' dir='ltr'><strong>ecclesia</strong></span> <span class='ocrx_word' id='word_1_626' title='bbox 2153 1692 2367 1728; x_wconf 85' lang='lat' dir='ltr'><strong>Gotthorum</strong></span> 
     </span>
    </p>
   </div>
   <div class='ocr_carea' id='block_1_86' title="bbox 1297 1749 2366 1800">
    <p class='ocr_par' dir='ltr' id='par_1_86' title="bbox 1297 1749 2366 1800">
     <span class='ocr_line' id='line_1_86' title="bbox 1297 1749 2366 1800; baseline 0.004 -16"><span class='ocrx_word' id='word_1_627' title='bbox 1297 1749 1471 1786; x_wconf 89' lang='lat' dir='ltr'><strong>tumultus</strong></span> <span class='ocrx_word' id='word_1_628' title='bbox 1485 1751 1652 1787; x_wconf 89' lang='lat' dir='ltr'><strong>oriretur.</strong></span> <span class='ocrx_word' id='word_1_629' title='bbox 1671 1751 1889 1788; x_wconf 85' lang='lat' dir='ltr'><strong>llortabatur</strong></span> <span class='ocrx_word' id='word_1_630' title='bbox 1902 1759 2021 1788; x_wconf 88' lang='lat' dir='ltr'><strong>autem</strong></span> <span class='ocrx_word' id='word_1_631' title='bbox 2035 1753 2114 1789; x_wconf 87' lang='lat' dir='ltr'><strong>illos</strong></span> <span class='ocrx_word' id='word_1_632' title='bbox 2135 1760 2172 1788; x_wconf 94' lang='lat' dir='ltr'><strong>ut</strong></span> <span class='ocrx_word' id='word_1_633' title='bbox 2188 1753 2366 1800; x_wconf 80' lang='lat' dir='ltr'><strong>negotium</strong></span> 
     </span>
    </p>
   </div>
   <div class='ocr_carea' id='block_1_87' title="bbox 1295 1813 2370 1866">
    <p class='ocr_par' dir='ltr' id='par_1_87' title="bbox 1295 1813 2370 1866">
     <span class='ocr_line' id='line_1_87' title="bbox 1295 1813 2370 1866; baseline 0.007 -19"><span class='ocrx_word' id='word_1_634' title='bbox 1295 1817 1464 1858; x_wconf 89' lang='lat' dir='ltr'><strong>quantum</strong></span> <span class='ocrx_word' id='word_1_635' title='bbox 1485 1818 1650 1859; x_wconf 88' lang='lat' dir='ltr'><strong>poterunt</strong></span> <span class='ocrx_word' id='word_1_636' title='bbox 1669 1813 1871 1850; x_wconf 75' lang='lat' dir='ltr'><strong>extrahant.</strong></span> <span class='ocrx_word' id='word_1_637' title='bbox 1892 1813 1956 1850; x_wconf 83' lang='lat' dir='ltr'><strong>Hic</strong></span> <span class='ocrx_word' id='word_1_638' title='bbox 1973 1815 2067 1852; x_wconf 82' lang='lat' dir='ltr'><strong>enim</strong></span> <span class='ocrx_word' id='word_1_639' title='bbox 2091 1825 2236 1866; x_wconf 84' lang='lat' dir='ltr'><strong>semper</strong></span> <span class='ocrx_word' id='word_1_640' title='bbox 2253 1816 2370 1865; x_wconf 80' lang='lat' dir='ltr'><strong>agitur</strong></span> 
     </span>
    </p>
   </div>
   <div class='ocr_carea' id='block_1_88' title="bbox 1295 1872 1828 1920">
    <p class='ocr_par' dir='ltr' id='par_1_88' title="bbox 1295 1872 1828 1920">
     <span class='ocr_line' id='line_1_88' title="bbox 1295 1872 1828 1920; baseline 0.004 -12"><span class='ocrx_word' id='word_1_641' title='bbox 1295 1872 1339 1908; x_wconf 90' lang='lat' dir='ltr'><strong>de</strong></span> <span class='ocrx_word' id='word_1_642' title='bbox 1355 1873 1436 1908; x_wconf 83' lang='lat' dir='ltr'><strong>novi</strong></span> <span class='ocrx_word' id='word_1_643' title='bbox 1455 1873 1612 1920; x_wconf 88' lang='lat' dir='ltr'><strong>episcopi</strong></span> <span class='ocrx_word' id='word_1_644' title='bbox 1632 1875 1828 1912; x_wconf 87' lang='lat' dir='ltr'><strong>creatione.</strong></span> 
     </span>
    </p>
   </div>
   <div class='ocr_carea' id='block_1_89' title="bbox 1344 1934 2366 1988">
    <p class='ocr_par' dir='ltr' id='par_1_89' title="bbox 1344 1934 2366 1988">
     <span class='ocr_line' id='line_1_89' title="bbox 1344 1934 2366 1988; baseline 0.009 -18"><span class='ocrx_word' id='word_1_645' title='bbox 1344 1934 1381 1970; x_wconf 92' lang='lat' dir='ltr'><strong>In</strong></span> <span class='ocrx_word' id='word_1_646' title='bbox 1407 1935 1532 1972; x_wconf 86' lang='lat' dir='ltr'><strong>eadem</strong></span> <span class='ocrx_word' id='word_1_647' title='bbox 1561 1936 1712 1982; x_wconf 87' lang='lat' dir='ltr'><strong>epistola</strong></span> <span class='ocrx_word' id='word_1_648' title='bbox 1733 1939 1872 1973; x_wconf 85' lang='lat' dir='ltr'><strong>declina</strong></span> <span class='ocrx_word' id='word_1_649' title='bbox 1903 1948 2030 1988; x_wconf 87' lang='lat' dir='ltr'><strong>quarta</strong></span> <span class='ocrx_word' id='word_1_650' title='bbox 2057 1940 2104 1978; x_wconf 87' lang='lat' dir='ltr'><strong>de</strong></span> <span class='ocrx_word' id='word_1_651' title='bbox 2121 1941 2258 1978; x_wconf 83' lang='lat' dir='ltr'><strong>Hilario</strong></span> <span class='ocrx_word' id='word_1_652' title='bbox 2277 1953 2366 1988; x_wconf 88' lang='lat' dir='ltr'><strong>quo-</strong></span> 
     </span>
    </p>
   </div>
   <div class='ocr_carea' id='block_1_90' title="bbox 1295 1996 2367 2050">
    <p class='ocr_par' dir='ltr' id='par_1_90' title="bbox 1295 1996 2367 2050">
     <span class='ocr_line' id='line_1_90' title="bbox 1295 1996 2367 2050; baseline 0.008 -18"><span class='ocrx_word' id='word_1_653' title='bbox 1295 1996 1375 2032; x_wconf 82' lang='lat' dir='ltr'><strong>dam</strong></span> <span class='ocrx_word' id='word_1_654' title='bbox 1394 1999 1565 2048; x_wconf 80' lang='lat' dir='ltr'><strong>episcopo</strong></span> <span class='ocrx_word' id='word_1_655' title='bbox 1579 1999 1652 2048; x_wconf 74' lang='lat' dir='ltr'><strong>agit</strong></span> <span class='ocrx_word' id='word_1_656' title='bbox 1669 1997 1950 2050; x_wconf 65' lang='lat' dir='ltr'><strong>Chryscstomus</strong></span> <span class='ocrx_word' id='word_1_657' title='bbox 1965 2030 1975 2047; x_wconf 94' lang='lat'><strong>,</strong></span> <span class='ocrx_word' id='word_1_658' title='bbox 1993 2003 2052 2050; x_wconf 92' lang='lat' dir='ltr'><strong>qui</strong></span> <span class='ocrx_word' id='word_1_659' title='bbox 2070 2013 2090 2038; x_wconf 90' lang='lat' dir='ltr'><strong>a</strong></span> <span class='ocrx_word' id='word_1_660' title='bbox 2107 2013 2148 2040; x_wconf 90' lang='lat' dir='ltr'><strong>se</strong></span> <span class='ocrx_word' id='word_1_661' title='bbox 2165 2013 2230 2049; x_wconf 88' lang='lat' dir='ltr'><strong>per</strong></span> <span class='ocrx_word' id='word_1_662' title='bbox 2243 2003 2367 2041; x_wconf 83' lang='lat' dir='ltr'><strong>literas</strong></span> 
     </span>
    </p>
   </div>
   <div class='ocr_carea' id='block_1_91' title="bbox 1298 2059 2366 2113">
    <p class='ocr_par' dir='ltr' id='par_1_91' title="bbox 1298 2059 2366 2113">
     <span class='ocr_line' id='line_1_91' title="bbox 1298 2059 2366 2113; baseline 0.007 -16"><span class='ocrx_word' id='word_1_663' title='bbox 1298 2059 1448 2108; x_wconf 79' lang='lat' dir='ltr'><strong>petierat</strong></span> <span class='ocrx_word' id='word_1_664' title='bbox 1462 2065 1667 2101; x_wconf 88' lang='lat' dir='ltr'><strong>tacultatem</strong></span> <span class='ocrx_word' id='word_1_665' title='bbox 1685 2064 1838 2102; x_wconf 77' lang='lat' dir='ltr'><strong>abeundi</strong></span> <span class='ocrx_word' id='word_1_666' title='bbox 1861 2066 1894 2101; x_wconf 90' lang='lat' dir='ltr'><strong>in</strong></span> <span class='ocrx_word' id='word_1_667' title='bbox 1909 2066 2089 2102; x_wconf 85' lang='lat' dir='ltr'><strong>civitatein</strong></span> <span class='ocrx_word' id='word_1_668' title='bbox 2107 2077 2208 2102; x_wconf 89' lang='lat' dir='ltr'><strong>suam</strong></span> <span class='ocrx_word' id='word_1_669' title='bbox 2227 2095 2237 2111; x_wconf 94' lang='lat'><strong>,</strong></span> <span class='ocrx_word' id='word_1_670' title='bbox 2259 2067 2366 2113; x_wconf 86' lang='lat' dir='ltr'><strong>polli-</strong></span> 
     </span>
    </p>
   </div>
   <div class='ocr_carea' id='block_1_92' title="bbox 1297 2123 2366 2176">
    <p class='ocr_par' dir='ltr' id='par_1_92' title="bbox 1297 2123 2366 2176">
     <span class='ocr_line' id='line_1_92' title="bbox 1297 2123 2366 2176; baseline 0.007 -18"><span class='ocrx_word' id='word_1_671' title='bbox 1297 2123 1412 2167; x_wconf 87' lang='lat' dir='ltr'><strong>citus,</strong></span> <span class='ocrx_word' id='word_1_672' title='bbox 1433 2127 1642 2172; x_wconf 89' lang='lat' dir='ltr'><strong>compositis</strong></span> <span class='ocrx_word' id='word_1_673' title='bbox 1662 2127 1768 2163; x_wconf 84' lang='lat' dir='ltr'><strong>rebus</strong></span> <span class='ocrx_word' id='word_1_674' title='bbox 1783 2154 1794 2171; x_wconf 86' lang='lat'><strong>,</strong></span> <span class='ocrx_word' id='word_1_675' title='bbox 1817 2137 1856 2164; x_wconf 89' lang='lat' dir='ltr'><strong>se</strong></span> <span class='ocrx_word' id='word_1_676' title='bbox 1870 2127 1914 2164; x_wconf 86' lang='lat' dir='ltr'><strong>ad</strong></span> <span class='ocrx_word' id='word_1_677' title='bbox 1933 2127 2047 2174; x_wconf 89' lang='lat' dir='ltr'><strong>ipsum</strong></span> <span class='ocrx_word' id='word_1_678' title='bbox 2069 2128 2366 2176; x_wconf 73' lang='lat' dir='ltr'><strong>Clirysostomum</strong></span> 
     </span>
    </p>
   </div>
   <div class='ocr_carea' id='block_1_93' title="bbox 1298 2188 2367 2237">
    <p class='ocr_par' dir='ltr' id='par_1_93' title="bbox 1298 2188 2367 2237">
     <span class='ocr_line' id='line_1_93' title="bbox 1298 2188 2367 2237; baseline 0.007 -18"><span class='ocrx_word' id='word_1_679' title='bbox 1298 2194 1525 2221; x_wconf 86' lang='lat' dir='ltr'><strong>reversurum</strong></span> <span class='ocrx_word' id='word_1_680' title='bbox 1546 2197 1638 2224; x_wconf 71' lang='lat' dir='ltr'><strong>esse.</strong></span> <span class='ocrx_word' id='word_1_681' title='bbox 1675 2188 1762 2232; x_wconf 81' lang='lat' dir='ltr'><strong>Quia</strong></span> <span class='ocrx_word' id='word_1_682' title='bbox 1791 2199 1877 2225; x_wconf 86' lang='lat' dir='ltr'><strong>vero</strong></span> <span class='ocrx_word' id='word_1_683' title='bbox 1905 2188 1982 2234; x_wconf 81' lang='lat' dir='ltr'><strong>ejus</strong></span> <span class='ocrx_word' id='word_1_684' title='bbox 2003 2190 2192 2235; x_wconf 72' lang='lat' dir='ltr'><strong>pricsetitia</strong></span> <span class='ocrx_word' id='word_1_685' title='bbox 2214 2200 2283 2226; x_wconf 90' lang='lat' dir='ltr'><strong>iion</strong></span> <span class='ocrx_word' id='word_1_686' title='bbox 2303 2201 2367 2237; x_wconf 87' lang='lat' dir='ltr'><strong>pa-</strong></span> 
     </span>
    </p>
   </div>
   <div class='ocr_carea' id='block_1_94' title="bbox 1299 2247 2368 2299">
    <p class='ocr_par' dir='ltr' id='par_1_94' title="bbox 1299 2247 2368 2299">
     <span class='ocr_line' id='line_1_94' title="bbox 1299 2247 2368 2299; baseline 0.007 -17"><span class='ocrx_word' id='word_1_687' title='bbox 1299 2257 1376 2282; x_wconf 88' lang='lat' dir='ltr'><strong>rum</strong></span> <span class='ocrx_word' id='word_1_688' title='bbox 1399 2247 1466 2293; x_wconf 83' lang='lat' dir='ltr'><strong>ipsi</strong></span> <span class='ocrx_word' id='word_1_689' title='bbox 1484 2249 1582 2285; x_wconf 91' lang='lat' dir='ltr'><strong>utilis</strong></span> <span class='ocrx_word' id='word_1_690' title='bbox 1601 2255 1690 2293; x_wconf 79' lang='lat' dir='ltr'><strong>erat,</strong></span> <span class='ocrx_word' id='word_1_691' title='bbox 1711 2260 1792 2286; x_wconf 85' lang='lat' dir='ltr'><strong>cum</strong></span> <span class='ocrx_word' id='word_1_692' title='bbox 1814 2251 1867 2286; x_wconf 90' lang='lat' dir='ltr'><strong>vir</strong></span> <span class='ocrx_word' id='word_1_693' title='bbox 1881 2251 1960 2297; x_wconf 88' lang='lat' dir='ltr'><strong>pius</strong></span> <span class='ocrx_word' id='word_1_694' title='bbox 1977 2258 2097 2296; x_wconf 88' lang='lat' dir='ltr'><strong>esset,</strong></span> <span class='ocrx_word' id='word_1_695' title='bbox 2117 2252 2368 2299; x_wconf 84' lang='lat' dir='ltr'><strong>constantique</strong></span> 
     </span>
    </p>
   </div>
   <div class='ocr_carea' id='block_1_95' title="bbox 1299 2306 2366 2357">
    <p class='ocr_par' dir='ltr' id='par_1_95' title="bbox 1299 2306 2366 2357">
     <span class='ocr_line' id='line_1_95' title="bbox 1299 2306 2366 2357; baseline 0.007 -15"><span class='ocrx_word' id='word_1_696' title='bbox 1299 2317 1341 2344; x_wconf 85' lang='lat' dir='ltr'><strong>ac</strong></span> <span class='ocrx_word' id='word_1_697' title='bbox 1359 2306 1497 2344; x_wconf 82' lang='lat' dir='ltr'><strong>fervido</strong></span> <span class='ocrx_word' id='word_1_698' title='bbox 1512 2309 1646 2353; x_wconf 86' lang='lat' dir='ltr'><strong>animo,</strong></span> <span class='ocrx_word' id='word_1_699' title='bbox 1665 2320 1746 2346; x_wconf 89' lang='lat' dir='ltr'><strong>eum</strong></span> <span class='ocrx_word' id='word_1_700' title='bbox 1761 2309 2038 2357; x_wconf 85' lang='lat' dir='ltr'><strong>Chrysostomus</strong></span> <span class='ocrx_word' id='word_1_701' title='bbox 2057 2313 2217 2348; x_wconf 83' lang='lat' dir='ltr'><strong>hortatus</strong></span> <span class='ocrx_word' id='word_1_702' title='bbox 2236 2313 2366 2356; x_wconf 81' lang='lat' dir='ltr'><strong>fuerat,</strong></span> 
     </span>
    </p>
   </div>
   <div class='ocr_carea' id='block_1_96' title="bbox 1300 2368 2371 2415">
    <p class='ocr_par' dir='ltr' id='par_1_96' title="bbox 1300 2368 2371 2415">
     <span class='ocr_line' id='line_1_96' title="bbox 1300 2368 2371 2415; baseline 0.004 -11"><span class='ocrx_word' id='word_1_703' title='bbox 1300 2375 1335 2404; x_wconf 90' lang='lat' dir='ltr'><strong>ut</strong></span> <span class='ocrx_word' id='word_1_704' title='bbox 1355 2375 1540 2414; x_wconf 85' lang='lat' dir='ltr'><strong>postquam</strong></span> <span class='ocrx_word' id='word_1_705' title='bbox 1565 2369 1626 2405; x_wconf 92' lang='lat' dir='ltr'><strong>illo</strong></span> <span class='ocrx_word' id='word_1_706' title='bbox 1643 2368 1823 2415; x_wconf 76' lang='lat' dir='ltr'><strong>profectus</strong></span> <span class='ocrx_word' id='word_1_707' title='bbox 1848 2370 1995 2414; x_wconf 76' lang='lat' dir='ltr'><strong>fuisset,</strong></span> <span class='ocrx_word' id='word_1_708' title='bbox 2017 2372 2135 2407; x_wconf 86' lang='lat' dir='ltr'><strong>statim</strong></span> <span class='ocrx_word' id='word_1_709' title='bbox 2157 2372 2201 2408; x_wconf 89' lang='lat' dir='ltr'><strong>ad</strong></span> <span class='ocrx_word' id='word_1_710' title='bbox 2219 2383 2258 2408; x_wconf 90' lang='lat' dir='ltr'><strong>se</strong></span> <span class='ocrx_word' id='word_1_711' title='bbox 2277 2373 2371 2408; x_wconf 81' lang='lat' dir='ltr'><strong>tedi-</strong></span> 
     </span>
    </p>
   </div>
   <div class='ocr_carea' id='block_1_97' title="bbox 1301 2430 2368 2480">
    <p class='ocr_par' dir='ltr' id='par_1_97' title="bbox 1301 2430 2368 2480">
     <span class='ocr_line' id='line_1_97' title="bbox 1301 2430 2368 2480; baseline 0.004 -14"><span class='ocrx_word' id='word_1_712' title='bbox 1301 2436 1376 2474; x_wconf 89' lang='lat' dir='ltr'><strong>rct;</strong></span> <span class='ocrx_word' id='word_1_713' title='bbox 1397 2436 1505 2476; x_wconf 86' lang='lat' dir='ltr'><strong>atque</strong></span> <span class='ocrx_word' id='word_1_714' title='bbox 1519 2430 1764 2478; x_wconf 85' lang='lat' dir='ltr'><strong>Olympiadem</strong></span> <span class='ocrx_word' id='word_1_715' title='bbox 1784 2437 1885 2478; x_wconf 87' lang='lat' dir='ltr'><strong>rogat</strong></span> <span class='ocrx_word' id='word_1_716' title='bbox 1898 2432 1958 2468; x_wconf 89' lang='lat' dir='ltr'><strong>det</strong></span> <span class='ocrx_word' id='word_1_717' title='bbox 1977 2442 2139 2478; x_wconf 83' lang='lat' dir='ltr'><strong>operam,</strong></span> <span class='ocrx_word' id='word_1_718' title='bbox 2162 2439 2201 2468; x_wconf 92' lang='lat' dir='ltr'><strong>ut</strong></span> <span class='ocrx_word' id='word_1_719' title='bbox 2216 2435 2368 2480; x_wconf 87' lang='lat' dir='ltr'><strong>epistola</strong></span> 
     </span>
    </p>
   </div>
   <div class='ocr_carea' id='block_1_98' title="bbox 1299 2493 2367 2542">
    <p class='ocr_par' dir='ltr' id='par_1_98' title="bbox 1299 2493 2367 2542">
     <span class='ocr_line' id='line_1_98' title="bbox 1299 2493 2367 2542; baseline 0.004 -14"><span class='ocrx_word' id='word_1_720' title='bbox 1299 2503 1363 2528; x_wconf 88' lang='lat' dir='ltr'><strong>sua</strong></span> <span class='ocrx_word' id='word_1_721' title='bbox 1383 2499 1418 2529; x_wconf 89' lang='lat' dir='ltr'><strong>et</strong></span> <span class='ocrx_word' id='word_1_722' title='bbox 1437 2493 1604 2529; x_wconf 85' lang='lat' dir='ltr'><strong>celeriter</strong></span> <span class='ocrx_word' id='word_1_723' title='bbox 1617 2498 1654 2530; x_wconf 90' lang='lat' dir='ltr'><strong>et</strong></span> <span class='ocrx_word' id='word_1_724' title='bbox 1671 2499 1746 2529; x_wconf 91' lang='lat' dir='ltr'><strong>tuto</strong></span> <span class='ocrx_word' id='word_1_725' title='bbox 1768 2494 1832 2540; x_wconf 91' lang='lat' dir='ltr'><strong>ipsi</strong></span> <span class='ocrx_word' id='word_1_726' title='bbox 1853 2493 2048 2538; x_wconf 88' lang='lat' dir='ltr'><strong>reddatur,</strong></span> <span class='ocrx_word' id='word_1_727' title='bbox 2072 2495 2166 2540; x_wconf 86' lang='lat' dir='ltr'><strong>quod</strong></span> <span class='ocrx_word' id='word_1_728' title='bbox 2185 2496 2260 2541; x_wconf 88' lang='lat' dir='ltr'><strong>ipse</strong></span> <span class='ocrx_word' id='word_1_729' title='bbox 2278 2507 2367 2542; x_wconf 79' lang='lat' dir='ltr'><strong>quo-</strong></span> 
     </span>
    </p>
   </div>
   <div class='ocr_carea' id='block_1_99' title="bbox 1299 2554 2368 2604">
    <p class='ocr_par' dir='ltr' id='par_1_99' title="bbox 1299 2554 2368 2604">
     <span class='ocr_line' id='line_1_99' title="bbox 1299 2554 2368 2604; baseline 0.004 -15"><span class='ocrx_word' id='word_1_730' title='bbox 1299 2565 1369 2600; x_wconf 90' lang='lat' dir='ltr'><strong>que</strong></span> <span class='ocrx_word' id='word_1_731' title='bbox 1387 2554 1540 2590; x_wconf 84' lang='lat' dir='ltr'><strong>Hilarius</strong></span> <span class='ocrx_word' id='word_1_732' title='bbox 1559 2555 1792 2601; x_wconf 86' lang='lat' dir='ltr'><strong>peroptabat:</strong></span> <span class='ocrx_word' id='word_1_733' title='bbox 1813 2555 1843 2592; x_wconf 92' lang='lat' dir='ltr'><strong>si</strong></span> <span class='ocrx_word' id='word_1_734' title='bbox 1864 2565 1950 2592; x_wconf 87' lang='lat' dir='ltr'><strong>vero</strong></span> <span class='ocrx_word' id='word_1_735' title='bbox 1966 2567 2035 2592; x_wconf 90' lang='lat' dir='ltr'><strong>non</strong></span> <span class='ocrx_word' id='word_1_736' title='bbox 2057 2556 2147 2592; x_wconf 86' lang='lat' dir='ltr'><strong>adsit</strong></span> <span class='ocrx_word' id='word_1_737' title='bbox 2167 2556 2368 2604; x_wconf 87' lang='lat' dir='ltr'><strong>Olympiadi</strong></span> 
     </span>
    </p>
   </div>
   <div class='ocr_carea' id='block_1_100' title="bbox 1301 2615 2370 2664">
    <p class='ocr_par' dir='ltr' id='par_1_100' title="bbox 1301 2615 2370 2664">
     <span class='ocr_line' id='line_1_100' title="bbox 1301 2615 2370 2664; baseline 0.004 -12"><span class='ocrx_word' id='word_1_738' title='bbox 1301 2615 1482 2652; x_wconf 84' lang='lat' dir='ltr'><strong>llelladius</strong></span> <span class='ocrx_word' id='word_1_739' title='bbox 1500 2617 1698 2664; x_wconf 82' lang='lat' dir='ltr'><strong>presbyter,</strong></span> <span class='ocrx_word' id='word_1_740' title='bbox 1722 2617 1780 2662; x_wconf 90' lang='lat' dir='ltr'><strong>qui</strong></span> <span class='ocrx_word' id='word_1_741' title='bbox 1797 2617 1968 2664; x_wconf 88' lang='lat' dir='ltr'><strong>epistolas</strong></span> <span class='ocrx_word' id='word_1_742' title='bbox 1984 2628 2066 2654; x_wconf 86' lang='lat' dir='ltr'><strong>suas</strong></span> <span class='ocrx_word' id='word_1_743' title='bbox 2086 2617 2224 2661; x_wconf 86' lang='lat' dir='ltr'><strong>reddat,</strong></span> <span class='ocrx_word' id='word_1_744' title='bbox 2247 2625 2370 2658; x_wconf 86' lang='lat' dir='ltr'><strong>monet</strong></span> 
     </span>
    </p>
   </div>
   <div class='ocr_carea' id='block_1_101' title="bbox 1301 2677 2365 2725">
    <p class='ocr_par' dir='ltr' id='par_1_101' title="bbox 1301 2677 2365 2725">
     <span class='ocr_line' id='line_1_101' title="bbox 1301 2677 2365 2725; baseline 0.004 -13"><span class='ocrx_word' id='word_1_745' title='bbox 1301 2677 1396 2712; x_wconf 86' lang='lat' dir='ltr'><strong>illam</strong></span> <span class='ocrx_word' id='word_1_746' title='bbox 1413 2683 1449 2713; x_wconf 90' lang='lat' dir='ltr'><strong>ut</strong></span> <span class='ocrx_word' id='word_1_747' title='bbox 1469 2687 1532 2724; x_wconf 83' lang='lat' dir='ltr'><strong>per</strong></span> <span class='ocrx_word' id='word_1_748' title='bbox 1541 2677 1696 2722; x_wconf 83' lang='lat' dir='ltr'><strong>aliquem</strong></span> <span class='ocrx_word' id='word_1_749' title='bbox 1712 2678 1924 2725; x_wconf 89' lang='lat' dir='ltr'><strong>prudentem</strong></span> <span class='ocrx_word' id='word_1_750' title='bbox 1942 2679 2055 2714; x_wconf 87' lang='lat' dir='ltr'><strong>virum</strong></span> <span class='ocrx_word' id='word_1_751' title='bbox 2073 2679 2142 2716; x_wconf 75' lang='lat' dir='ltr'><strong>illic</strong></span> <span class='ocrx_word' id='word_1_752' title='bbox 2158 2679 2365 2716; x_wconf 88' lang='lat' dir='ltr'><strong>reddantur.</strong></span> 
     </span>
    </p>
   </div>
   <div class='ocr_carea' id='block_1_102' title="bbox 1297 2739 2368 2786">
    <p class='ocr_par' dir='ltr' id='par_1_102' title="bbox 1297 2739 2368 2786">
     <span class='ocr_line' id='line_1_102' title="bbox 1297 2739 2368 2786; baseline 0.002 -10"><span class='ocrx_word' id='word_1_753' title='bbox 1297 2740 1386 2776; x_wconf 76' lang='lat' dir='ltr'><strong>Cum</strong></span> <span class='ocrx_word' id='word_1_754' title='bbox 1414 2739 1642 2776; x_wconf 87' lang='lat' dir='ltr'><strong>Tillcmontio</strong></span> <span class='ocrx_word' id='word_1_755' title='bbox 1678 2747 1866 2786; x_wconf 90' lang='lat' dir='ltr'><strong>putamus,</strong></span> <span class='ocrx_word' id='word_1_756' title='bbox 1903 2741 1997 2776; x_wconf 86' lang='lat' dir='ltr'><strong>hunc</strong></span> <span class='ocrx_word' id='word_1_757' title='bbox 2029 2740 2202 2776; x_wconf 79' lang='lat' dir='ltr'><strong>Hilarium</strong></span> <span class='ocrx_word' id='word_1_758' title='bbox 2225 2751 2305 2777; x_wconf 40' lang='lat' dir='ltr'><strong>esse</strong></span> <span class='ocrx_word' id='word_1_759' title='bbox 2323 2742 2368 2778; x_wconf 82' lang='lat' dir='ltr'><strong>de</strong></span> 
     </span>
    </p>
   </div>
   <div class='ocr_carea' id='block_1_103' title="bbox 1297 2801 2366 2849">
    <p class='ocr_par' dir='ltr' id='par_1_103' title="bbox 1297 2801 2366 2849">
     <span class='ocr_line' id='line_1_103' title="bbox 1297 2801 2366 2849; baseline 0.002 -13"><span class='ocrx_word' id='word_1_760' title='bbox 1297 2812 1368 2846; x_wconf 91' lang='lat' dir='ltr'><strong>quo</strong></span> <span class='ocrx_word' id='word_1_761' title='bbox 1397 2801 1476 2838; x_wconf 63' lang='lat' dir='ltr'><strong>haec</strong></span> <span class='ocrx_word' id='word_1_762' title='bbox 1500 2801 1605 2838; x_wconf 80' lang='lat' dir='ltr'><strong>verba</strong></span> <span class='ocrx_word' id='word_1_763' title='bbox 1637 2801 1772 2848; x_wconf 79' lang='lat' dir='ltr'><strong>profert</strong></span> <span class='ocrx_word' id='word_1_764' title='bbox 1794 2801 1972 2838; x_wconf 80' lang='lat' dir='ltr'><strong>Palladius</strong></span> <span class='ocrx_word' id='word_1_765' title='bbox 1994 2801 2159 2849; x_wconf 80' lang='lat' dir='ltr'><strong>(Pallad.</strong></span> <span class='ocrx_word' id='word_1_766' title='bbox 2177 2801 2332 2849; x_wconf 84' lang='lat' dir='ltr'><strong>Dialog)</strong></span> <span class='ocrx_word' id='word_1_767' title='bbox 2357 2815 2366 2838; x_wconf 90' lang='lat'>:</span> 
     </span>
    </p>
   </div>
   <div class='ocr_carea' id='block_1_104' title="bbox 1298 2862 2367 2909">
    <p class='ocr_par' dir='ltr' id='par_1_104' title="bbox 1298 2862 2367 2909">
     <span class='ocr_line' id='line_1_104' title="bbox 1298 2862 2367 2909; baseline 0.002 -11"><span class='ocrx_word' id='word_1_768' title='bbox 1298 2862 1479 2906; x_wconf 85' lang='lat' dir='ltr'><strong>Hilarius,</strong></span> <span class='ocrx_word' id='word_1_769' title='bbox 1510 2865 1560 2899; x_wconf 79' lang='lat' dir='ltr'><strong>rir</strong></span> <span class='ocrx_word' id='word_1_770' title='bbox 1589 2871 1727 2899; x_wconf 88' lang='lat' dir='ltr'><strong>sanctus</strong></span> <span class='ocrx_word' id='word_1_771' title='bbox 1751 2870 1782 2900; x_wconf 83' lang='lat' dir='ltr'><strong>et</strong></span> <span class='ocrx_word' id='word_1_772' title='bbox 1809 2874 1936 2909; x_wconf 73' lang='lat' dir='ltr'><strong>senex,</strong></span> <span class='ocrx_word' id='word_1_773' title='bbox 1970 2865 2004 2899; x_wconf 82' lang='lat' dir='ltr'><strong>in</strong></span> <span class='ocrx_word' id='word_1_774' title='bbox 2035 2865 2190 2900; x_wconf 86' lang='lat' dir='ltr'><strong>intimum</strong></span> <span class='ocrx_word' id='word_1_775' title='bbox 2219 2865 2367 2900; x_wconf 76' lang='lat' dir='ltr'><strong>Pontum</strong></span> 
     </span>
    </p>
   </div>
   <div class='ocr_carea' id='block_1_105' title="bbox 1297 2924 2368 2973">
    <p class='ocr_par' dir='ltr' id='par_1_105' title="bbox 1297 2924 2368 2973">
     <span class='ocr_line' id='line_1_105' title="bbox 1297 2924 2368 2973; baseline 0.002 -13"><span class='ocrx_word' id='word_1_776' title='bbox 1297 2924 1416 2973; x_wconf 86' lang='lat' dir='ltr'><strong>pulsus</strong></span> <span class='ocrx_word' id='word_1_777' title='bbox 1433 2931 1480 2960; x_wconf 85' lang='lat' dir='ltr'><strong>est</strong></span> <span class='ocrx_word' id='word_1_778' title='bbox 1497 2954 1506 2968; x_wconf 89' lang='lat'><strong>,</strong></span> <span class='ocrx_word' id='word_1_779' title='bbox 1529 2925 1639 2972; x_wconf 85' lang='lat' dir='ltr'><strong>plagis</strong></span> <span class='ocrx_word' id='word_1_780' title='bbox 1658 2926 1834 2968; x_wconf 81' lang='lat' dir='ltr'><strong>concisus,</strong></span> <span class='ocrx_word' id='word_1_781' title='bbox 1859 2937 1925 2962; x_wconf 83' lang='lat' dir='ltr'><strong>non</strong></span> <span class='ocrx_word' id='word_1_782' title='bbox 1943 2937 1963 2960; x_wconf 90' lang='lat' dir='ltr'><strong>a</strong></span> <span class='ocrx_word' id='word_1_783' title='bbox 1973 2926 2104 2973; x_wconf 79' lang='lat' dir='ltr'><strong>judice,</strong></span> <span class='ocrx_word' id='word_1_784' title='bbox 2127 2927 2186 2962; x_wconf 85' lang='lat' dir='ltr'><strong>sed</strong></span> <span class='ocrx_word' id='word_1_785' title='bbox 2202 2938 2222 2960; x_wconf 87' lang='lat' dir='ltr'><strong>a</strong></span> <span class='ocrx_word' id='word_1_786' title='bbox 2243 2926 2339 2962; x_wconf 88' lang='lat' dir='ltr'><strong>Clero</strong></span> <span class='ocrx_word' id='word_1_787' title='bbox 2355 2937 2368 2962; x_wconf 86' lang='lat'><strong><em>:</em></strong></span> 
     </span>
    </p>
   </div>
   <div class='ocr_carea' id='block_1_106' title="bbox 1296 2988 2366 3036">
    <p class='ocr_par' dir='ltr' id='par_1_106' title="bbox 1296 2988 2366 3036">
     <span class='ocr_line' id='line_1_106' title="bbox 1296 2988 2366 3036; baseline -0.001 -12"><span class='ocrx_word' id='word_1_788' title='bbox 1296 2989 1354 3036; x_wconf 88' lang='lat' dir='ltr'><strong>qui</strong></span> <span class='ocrx_word' id='word_1_789' title='bbox 1367 2989 1481 3025; x_wconf 84' lang='lat' dir='ltr'><strong>decem</strong></span> <span class='ocrx_word' id='word_1_790' title='bbox 1495 2996 1525 3025; x_wconf 87' lang='lat' dir='ltr'><strong>et</strong></span> <span class='ocrx_word' id='word_1_791' title='bbox 1543 2996 1618 3024; x_wconf 84' lang='lat' dir='ltr'><strong>octo</strong></span> <span class='ocrx_word' id='word_1_792' title='bbox 1631 2989 1753 3025; x_wconf 75' lang='lat' dir='ltr'><strong>abhinc</strong></span> <span class='ocrx_word' id='word_1_793' title='bbox 1765 2989 1865 3024; x_wconf 84' lang='lat' dir='ltr'><strong>annis</strong></span> <span class='ocrx_word' id='word_1_794' title='bbox 1883 3000 2005 3035; x_wconf 72' lang='lat' dir='ltr'><strong>panem</strong></span> <span class='ocrx_word' id='word_1_795' title='bbox 2021 3000 2086 3024; x_wconf 88' lang='lat' dir='ltr'><strong>non</strong></span> <span class='ocrx_word' id='word_1_796' title='bbox 2101 2988 2258 3036; x_wconf 77' lang='lat' dir='ltr'><strong>gustavit,</strong></span> <span class='ocrx_word' id='word_1_797' title='bbox 2275 2988 2366 3024; x_wconf 84' lang='lat' dir='ltr'><strong>olera</strong></span> 
     </span>
    </p>
   </div>
   <div class='ocr_carea' id='block_1_107' title="bbox 1295 3050 1926 3098">
    <p class='ocr_par' dir='ltr' id='par_1_107' title="bbox 1295 3050 1926 3098">
     <span class='ocr_line' id='line_1_107' title="bbox 1295 3050 1926 3098; baseline -0.005 -10"><span class='ocrx_word' id='word_1_798' title='bbox 1295 3051 1370 3088; x_wconf 77' lang='lat' dir='ltr'><strong>sola</strong></span> <span class='ocrx_word' id='word_1_799' title='bbox 1390 3058 1420 3087; x_wconf 88' lang='lat' dir='ltr'><strong>et</strong></span> <span class='ocrx_word' id='word_1_800' title='bbox 1437 3054 1648 3098; x_wconf 77' lang='lat' dir='ltr'><strong>frumentum</strong></span> <span class='ocrx_word' id='word_1_801' title='bbox 1666 3057 1797 3086; x_wconf 84' lang='lat' dir='ltr'><strong>coctum</strong></span> <span class='ocrx_word' id='word_1_802' title='bbox 1811 3050 1926 3085; x_wconf 85' lang='lat' dir='ltr'><strong>edens.</strong></span> 
     </span>
    </p>
   </div>
   <div class='ocr_carea' id='block_1_108' title="bbox 1343 3111 2364 3158">
    <p class='ocr_par' dir='ltr' id='par_1_108' title="bbox 1343 3111 2364 3158">
     <span class='ocr_line' id='line_1_108' title="bbox 1343 3111 2364 3158; baseline 0.001 -10"><span class='ocrx_word' id='word_1_803' title='bbox 1343 3111 1476 3148; x_wconf 74' lang='lat' dir='ltr'><strong>Piciinii</strong></span> <span class='ocrx_word' id='word_1_804' title='bbox 1505 3112 1634 3148; x_wconf 84' lang='lat' dir='ltr'><strong>laudes.</strong></span> <span class='ocrx_word' id='word_1_805' title='bbox 1654 3131 1704 3138; x_wconf 89' lang='lat'><strong>—</strong></span> <span class='ocrx_word' id='word_1_806' title='bbox 1733 3111 1928 3158; x_wconf 85' lang='lat' dir='ltr'><strong>Epistolam</strong></span> <span class='ocrx_word' id='word_1_807' title='bbox 1959 3111 2042 3148; x_wconf 86' lang='lat' dir='ltr'><strong>item</strong></span> <span class='ocrx_word' id='word_1_808' title='bbox 2063 3111 2205 3158; x_wconf 75' lang='lat' dir='ltr'><strong>scripsit</strong></span> <span class='ocrx_word' id='word_1_809' title='bbox 2223 3111 2294 3149; x_wconf 66' lang='lat'><strong>204</strong></span> <span class='ocrx_word' id='word_1_810' title='bbox 2321 3111 2364 3149; x_wconf 88' lang='lat' dir='ltr'><strong>:id</strong></span> 
     </span>
    </p>
   </div>
   <div class='ocr_carea' id='block_1_109' title="bbox 1297 3172 2364 3220">
    <p class='ocr_par' dir='ltr' id='par_1_109' title="bbox 1297 3172 2364 3220">
     <span class='ocr_line' id='line_1_109' title="bbox 1297 3172 2364 3220; baseline -0.001 -9"><span class='ocrx_word' id='word_1_811' title='bbox 1297 3175 1477 3212; x_wconf 69' lang='lat' dir='ltr'><strong>Paeonium</strong></span> <span class='ocrx_word' id='word_1_812' title='bbox 1495 3203 1505 3217; x_wconf 94' lang='lat'><strong>,</strong></span> <span class='ocrx_word' id='word_1_813' title='bbox 1539 3175 1656 3210; x_wconf 86' lang='lat' dir='ltr'><strong>virum</strong></span> <span class='ocrx_word' id='word_1_814' title='bbox 1686 3174 1806 3220; x_wconf 90' lang='lat' dir='ltr'><strong>pium,</strong></span> <span class='ocrx_word' id='word_1_815' title='bbox 1838 3173 1906 3209; x_wconf 87' lang='lat' dir='ltr'><strong>sibi</strong></span> <span class='ocrx_word' id='word_1_816' title='bbox 1929 3172 2212 3210; x_wconf 87' lang='lat' dir='ltr'><strong>addictissiinum</strong></span> <span class='ocrx_word' id='word_1_817' title='bbox 2231 3201 2241 3218; x_wconf 92' lang='lat'><strong>,</strong></span> <span class='ocrx_word' id='word_1_818' title='bbox 2271 3174 2364 3220; x_wconf 83' lang='lat' dir='ltr'><strong>aequi</strong></span> 
     </span>
    </p>
   </div>
   <div class='ocr_carea' id='block_1_110' title="bbox 1297 3235 2364 3283">
    <p class='ocr_par' dir='ltr' id='par_1_110' title="bbox 1297 3235 2364 3283">
     <span class='ocr_line' id='line_1_110' title="bbox 1297 3235 2364 3283; baseline 0 -11"><span class='ocrx_word' id='word_1_819' title='bbox 1297 3237 1442 3283; x_wconf 83' lang='lat' dir='ltr'><strong>verique</strong></span> <span class='ocrx_word' id='word_1_820' title='bbox 1459 3243 1655 3280; x_wconf 89' lang='lat' dir='ltr'><strong>amantem,</strong></span> <span class='ocrx_word' id='word_1_821' title='bbox 1676 3235 1850 3282; x_wconf 84' lang='lat' dir='ltr'><strong>dignitate</strong></span> <span class='ocrx_word' id='word_1_822' title='bbox 1872 3241 2116 3282; x_wconf 73' lang='lat' dir='ltr'><strong>prinstantem,</strong></span> <span class='ocrx_word' id='word_1_823' title='bbox 2133 3236 2192 3282; x_wconf 86' lang='lat' dir='ltr'><strong>qui</strong></span> <span class='ocrx_word' id='word_1_824' title='bbox 2215 3237 2364 3272; x_wconf 90' lang='lat' dir='ltr'><strong>multum</strong></span> 
     </span>
    </p>
   </div>
   <div class='ocr_carea' id='block_1_111' title="bbox 1296 3296 2365 3344">
    <p class='ocr_par' dir='ltr' id='par_1_111' title="bbox 1296 3296 2365 3344">
     <span class='ocr_line' id='line_1_111' title="bbox 1296 3296 2365 3344; baseline 0 -10"><span class='ocrx_word' id='word_1_825' title='bbox 1296 3297 1609 3344; x_wconf 81' lang='lat' dir='ltr'><strong>Censtantinopoli</strong></span> <span class='ocrx_word' id='word_1_826' title='bbox 1631 3303 1669 3332; x_wconf 89' lang='lat' dir='ltr'><strong>et</strong></span> <span class='ocrx_word' id='word_1_827' title='bbox 1689 3297 1727 3332; x_wconf 80' lang='lat' dir='ltr'><strong>in</strong></span> <span class='ocrx_word' id='word_1_828' title='bbox 1744 3296 1897 3343; x_wconf 88' lang='lat' dir='ltr'><strong>Imperio</strong></span> <span class='ocrx_word' id='word_1_829' title='bbox 1917 3303 1991 3334; x_wconf 90' lang='lat' dir='ltr'><strong>toto</strong></span> <span class='ocrx_word' id='word_1_830' title='bbox 2009 3303 2162 3344; x_wconf 85' lang='lat' dir='ltr'><strong>poterat,</strong></span> <span class='ocrx_word' id='word_1_831' title='bbox 2185 3303 2220 3334; x_wconf 86' lang='lat' dir='ltr'><strong>et</strong></span> <span class='ocrx_word' id='word_1_832' title='bbox 2240 3305 2365 3344; x_wconf 87' lang='lat' dir='ltr'><strong>poten-</strong></span> 
     </span>
    </p>
   </div>
   <div class='ocr_carea' id='block_1_112' title="bbox 1296 3358 2366 3396">
    <p class='ocr_par' dir='ltr' id='par_1_112' title="bbox 1296 3358 2366 3396">
     <span class='ocr_line' id='line_1_112' title="bbox 1296 3358 2366 3396; baseline -0.001 0"><span class='ocrx_word' id='word_1_833' title='bbox 1296 3361 1342 3396; x_wconf 92' lang='lat' dir='ltr'><strong>tia</strong></span> <span class='ocrx_word' id='word_1_834' title='bbox 1360 3370 1423 3396; x_wconf 81' lang='lat' dir='ltr'><strong>saa</strong></span> <span class='ocrx_word' id='word_1_835' title='bbox 1442 3365 1480 3395; x_wconf 89' lang='lat' dir='ltr'><strong>ut</strong></span> <span class='ocrx_word' id='word_1_836' title='bbox 1499 3359 1741 3396; x_wconf 70' lang='lat' dir='ltr'><strong>Christianum</strong></span> <span class='ocrx_word' id='word_1_837' title='bbox 1760 3358 1910 3395; x_wconf 85' lang='lat' dir='ltr'><strong>decebat</strong></span> <span class='ocrx_word' id='word_1_838' title='bbox 1928 3358 2104 3395; x_wconf 88' lang='lat' dir='ltr'><strong>utebatur.</strong></span> <span class='ocrx_word' id='word_1_839' title='bbox 2125 3359 2261 3396; x_wconf 87' lang='lat' dir='ltr'><strong>Laudat</strong></span> <span class='ocrx_word' id='word_1_840' title='bbox 2280 3371 2366 3396; x_wconf 84' lang='lat' dir='ltr'><strong>vero</strong></span> 
     </span>
    </p>
   </div>
   <div class='ocr_carea' id='block_1_113' title="bbox 1296 3420 2382 3468">
    <p class='ocr_par' dir='ltr' id='par_1_113' title="bbox 1296 3420 2382 3468">
     <span class='ocr_line' id='line_1_113' title="bbox 1296 3420 2382 3468; baseline -0.001 -11"><span class='ocrx_word' id='word_1_841' title='bbox 1296 3421 1394 3457; x_wconf 90' lang='lat' dir='ltr'><strong>illum</strong></span> <span class='ocrx_word' id='word_1_842' title='bbox 1411 3433 1431 3458; x_wconf 88' lang='lat' dir='ltr'><strong>a</strong></span> <span class='ocrx_word' id='word_1_843' title='bbox 1451 3421 1543 3466; x_wconf 85' lang='lat' dir='ltr'><strong>zelo,</strong></span> <span class='ocrx_word' id='word_1_844' title='bbox 1563 3431 1582 3456; x_wconf 88' lang='lat' dir='ltr'><strong>a</strong></span> <span class='ocrx_word' id='word_1_845' title='bbox 1599 3420 1777 3468; x_wconf 87' lang='lat' dir='ltr'><strong>vigilantia</strong></span> <span class='ocrx_word' id='word_1_846' title='bbox 1795 3448 1805 3464; x_wconf 93' lang='lat'><strong>,</strong></span> <span class='ocrx_word' id='word_1_847' title='bbox 1831 3420 1878 3457; x_wconf 89' lang='lat' dir='ltr'><strong>ab</strong></span> <span class='ocrx_word' id='word_1_848' title='bbox 1895 3421 2004 3456; x_wconf 89' lang='lat' dir='ltr'><strong>animi</strong></span> <span class='ocrx_word' id='word_1_849' title='bbox 2023 3420 2219 3464; x_wconf 87' lang='lat' dir='ltr'><strong>laboribus,</strong></span> <span class='ocrx_word' id='word_1_850' title='bbox 2237 3432 2256 3457; x_wconf 90' lang='lat' dir='ltr'><strong>a</strong></span> <span class='ocrx_word' id='word_1_851' title='bbox 2277 3421 2382 3464; x_wconf 46' lang='lat' dir='ltr'><strong>lidu-,</strong></span> 
     </span>
    </p>
   </div>
   <div class='ocr_carea' id='block_1_114' title="bbox 1293 3481 2363 3529">
    <p class='ocr_par' dir='ltr' id='par_1_114' title="bbox 1293 3481 2363 3529">
     <span class='ocr_line' id='line_1_114' title="bbox 1293 3481 2363 3529; baseline -0.004 -11"><span class='ocrx_word' id='word_1_852' title='bbox 1293 3483 1347 3518; x_wconf 91' lang='lat' dir='ltr'><strong>cia</strong></span> <span class='ocrx_word' id='word_1_853' title='bbox 1362 3482 1572 3518; x_wconf 80' lang='lat' dir='ltr'><strong>etlibertate</strong></span> <span class='ocrx_word' id='word_1_854' title='bbox 1591 3493 1658 3528; x_wconf 86' lang='lat' dir='ltr'><strong>qua</strong></span> <span class='ocrx_word' id='word_1_855' title='bbox 1674 3481 1850 3529; x_wconf 86' lang='lat' dir='ltr'><strong>episcopis</strong></span> <span class='ocrx_word' id='word_1_856' title='bbox 1867 3483 2059 3527; x_wconf 86' lang='lat' dir='ltr'><strong>restiterat,</strong></span> <span class='ocrx_word' id='word_1_857' title='bbox 2075 3493 2156 3519; x_wconf 93' lang='lat' dir='ltr'><strong>cum</strong></span> <span class='ocrx_word' id='word_1_858' title='bbox 2171 3482 2205 3518; x_wconf 90' lang='lat' dir='ltr'><strong>id</strong></span> <span class='ocrx_word' id='word_1_859' title='bbox 2224 3489 2363 3526; x_wconf 86' lang='lat' dir='ltr'><strong>tempus</strong></span> 
     </span>
    </p>
   </div>
   <div class='ocr_carea' id='block_1_115' title="bbox 1295 3540 2363 3592">
    <p class='ocr_par' dir='ltr' id='par_1_115' title="bbox 1295 3540 2363 3592">
     <span class='ocr_line' id='line_1_115' title="bbox 1295 3540 2363 3592; baseline -0.007 -11"><span class='ocrx_word' id='word_1_860' title='bbox 1295 3545 1520 3592; x_wconf 88' lang='lat' dir='ltr'><strong>requireret,</strong></span> <span class='ocrx_word' id='word_1_861' title='bbox 1543 3543 1683 3580; x_wconf 86' lang='lat' dir='ltr'><strong>tametsi</strong></span> <span class='ocrx_word' id='word_1_862' title='bbox 1703 3554 1784 3580; x_wconf 90' lang='lat' dir='ltr'><strong>cum</strong></span> <span class='ocrx_word' id='word_1_863' title='bbox 1809 3543 1928 3580; x_wconf 85' lang='lat' dir='ltr'><strong>debita</strong></span> <span class='ocrx_word' id='word_1_864' title='bbox 1949 3545 2218 3584; x_wconf 80' lang='lat' dir='ltr'><strong>moderatiOne;</strong></span> <span class='ocrx_word' id='word_1_865' title='bbox 2247 3540 2363 3587; x_wconf 87' lang='lat' dir='ltr'><strong>quod-</strong></span> 
     </span>
    </p>
   </div>
   <div class='ocr_carea' id='block_1_116' title="bbox 1294 3600 2362 3652">
    <p class='ocr_par' dir='ltr' id='par_1_116' title="bbox 1294 3600 2362 3652">
     <span class='ocr_line' id='line_1_116' title="bbox 1294 3600 2362 3652; baseline -0.004 -10"><span class='ocrx_word' id='word_1_866' title='bbox 1294 3616 1387 3651; x_wconf 85' lang='lat' dir='ltr'><strong>que,</strong></span> <span class='ocrx_word' id='word_1_867' title='bbox 1415 3616 1496 3642; x_wconf 89' lang='lat' dir='ltr'><strong>cum</strong></span> <span class='ocrx_word' id='word_1_868' title='bbox 1523 3605 1581 3641; x_wconf 90' lang='lat' dir='ltr'><strong>alii</strong></span> <span class='ocrx_word' id='word_1_869' title='bbox 1601 3605 1779 3652; x_wconf 81' lang='lat' dir='ltr'><strong>fugerint,</strong></span> <span class='ocrx_word' id='word_1_870' title='bbox 1808 3605 1868 3642; x_wconf 89' lang='lat' dir='ltr'><strong>alii</strong></span> <span class='ocrx_word' id='word_1_871' title='bbox 1886 3605 2032 3652; x_wconf 87' lang='lat' dir='ltr'><strong>relegati</strong></span> <span class='ocrx_word' id='word_1_872' title='bbox 2050 3605 2146 3646; x_wconf 88' lang='lat' dir='ltr'><strong>sint,</strong></span> <span class='ocrx_word' id='word_1_873' title='bbox 2174 3603 2247 3647; x_wconf 89' lang='lat' dir='ltr'><strong>ipse</strong></span> <span class='ocrx_word' id='word_1_874' title='bbox 2266 3600 2362 3634; x_wconf 78' lang='lat' dir='ltr'><strong>solus</strong></span> 
     </span>
    </p>
   </div>
   <div class='ocr_carea' id='block_1_117' title="bbox 1294 3665 2363 3715">
    <p class='ocr_par' dir='ltr' id='par_1_117' title="bbox 1294 3665 2363 3715">
     <span class='ocr_line' id='line_1_117' title="bbox 1294 3665 2363 3715; baseline -0.008 -11"><span class='ocrx_word' id='word_1_875' title='bbox 1294 3674 1379 3712; x_wconf 89' lang='lat' dir='ltr'><strong>stet,</strong></span> <span class='ocrx_word' id='word_1_876' title='bbox 1397 3668 1603 3715; x_wconf 90' lang='lat' dir='ltr'><strong>nullumque</strong></span> <span class='ocrx_word' id='word_1_877' title='bbox 1621 3668 1758 3705; x_wconf 87' lang='lat' dir='ltr'><strong>ordinis</strong></span> <span class='ocrx_word' id='word_1_878' title='bbox 1772 3669 1992 3706; x_wconf 85' lang='lat' dir='ltr'><strong>desertorem</strong></span> <span class='ocrx_word' id='word_1_879' title='bbox 2013 3666 2087 3702; x_wconf 81' lang='lat' dir='ltr'><strong>ﬁeri</strong></span> <span class='ocrx_word' id='word_1_880' title='bbox 2103 3665 2208 3706; x_wconf 89' lang='lat' dir='ltr'><strong>sinat,</strong></span> <span class='ocrx_word' id='word_1_881' title='bbox 2229 3670 2363 3706; x_wconf 79' lang='lat' dir='ltr'><strong>eosque</strong></span> 
     </span>
    </p>
   </div>
   <div class='ocr_carea' id='block_1_118' title="bbox 1294 3719 2358 3776">
    <p class='ocr_par' dir='ltr' id='par_1_118' title="bbox 1294 3719 2358 3776">
     <span class='ocr_line' id='line_1_118' title="bbox 1294 3719 2358 3776; baseline -0.004 -10"><span class='ocrx_word' id='word_1_882' title='bbox 1294 3729 1428 3774; x_wconf 87' lang='lat' dir='ltr'><strong>etiam,</strong></span> <span class='ocrx_word' id='word_1_883' title='bbox 1460 3729 1518 3776; x_wconf 89' lang='lat' dir='ltr'><strong>qui</strong></span> <span class='ocrx_word' id='word_1_884' title='bbox 1552 3729 1836 3766; x_wconf 88' lang='lat' dir='ltr'><strong>adversariorum</strong></span> <span class='ocrx_word' id='word_1_885' title='bbox 1870 3735 1990 3775; x_wconf 84' lang='lat' dir='ltr'><strong>partes</strong></span> <span class='ocrx_word' id='word_1_886' title='bbox 2015 3723 2282 3770; x_wconf 72' lang='lat' dir='ltr'><strong>sequebantur.</strong></span> <span class='ocrx_word' id='word_1_887' title='bbox 2313 3719 2358 3754; x_wconf 64' lang='grc' dir='ltr'>ξιιι</span> 
     </span>
    </p>
   </div>
   <div class='ocr_carea' id='block_1_119' title="bbox 1294 3780 2362 3828">
    <p class='ocr_par' dir='ltr' id='par_1_119' title="bbox 1294 3780 2362 3828">
     <span class='ocr_line' id='line_1_119' title="bbox 1294 3780 2362 3828; baseline -0.009 -1"><span class='ocrx_word' id='word_1_888' title='bbox 1294 3801 1377 3827; x_wconf 86' lang='lat' dir='ltr'><strong>suas</strong></span> <span class='ocrx_word' id='word_1_889' title='bbox 1397 3792 1484 3827; x_wconf 75' lang='lat' dir='ltr'><strong>mini</strong></span> <span class='ocrx_word' id='word_1_890' title='bbox 1505 3792 1682 3828; x_wconf 86' lang='lat' dir='ltr'><strong>suavitate</strong></span> <span class='ocrx_word' id='word_1_891' title='bbox 1697 3791 1870 3828; x_wconf 89' lang='lat' dir='ltr'><strong>traducat.</strong></span> <span class='ocrx_word' id='word_1_892' title='bbox 1890 3787 1990 3823; x_wconf 91' lang='lat' dir='ltr'><strong>llluin</strong></span> <span class='ocrx_word' id='word_1_893' title='bbox 2009 3793 2095 3819; x_wconf 91' lang='lat' dir='ltr'><strong>vero</strong></span> <span class='ocrx_word' id='word_1_894' title='bbox 2114 3781 2194 3817; x_wconf 87' lang='lat' dir='ltr'><strong>ideo</strong></span> <span class='ocrx_word' id='word_1_895' title='bbox 2207 3780 2362 3815; x_wconf 77' lang='lat' dir='ltr'><strong>maxime</strong></span> 
     </span>
    </p>
   </div>
   <div class='ocr_carea' id='block_1_120' title="bbox 1297 3840 2362 3900">
    <p class='ocr_par' dir='ltr' id='par_1_120' title="bbox 1297 3840 2362 3900">
     <span class='ocr_line' id='line_1_120' title="bbox 1297 3840 2362 3900; baseline -0.012 -11"><span class='ocrx_word' id='word_1_896' title='bbox 1297 3852 1452 3890; x_wconf 82' lang='lat' dir='ltr'><strong>celebrat</strong></span> <span class='ocrx_word' id='word_1_897' title='bbox 1470 3881 1478 3898; x_wconf 90' lang='lat'><strong>,</strong></span> <span class='ocrx_word' id='word_1_898' title='bbox 1501 3852 1597 3900; x_wconf 88' lang='lat' dir='ltr'><strong>quod</strong></span> <span class='ocrx_word' id='word_1_899' title='bbox 1616 3853 1650 3889; x_wconf 93' lang='lat' dir='ltr'><strong>in</strong></span> <span class='ocrx_word' id='word_1_900' title='bbox 1673 3862 1745 3889; x_wconf 91' lang='lat' dir='ltr'><strong>uno</strong></span> <span class='ocrx_word' id='word_1_901' title='bbox 1769 3848 1984 3886; x_wconf 86' lang='lat' dir='ltr'><strong>constitutus</strong></span> <span class='ocrx_word' id='word_1_902' title='bbox 2001 3843 2078 3879; x_wconf 89' lang='lat' dir='ltr'><strong>loco</strong></span> <span class='ocrx_word' id='word_1_903' title='bbox 2097 3840 2252 3878; x_wconf 72' lang='lat' dir='ltr'><strong>uiiiVei-si</strong></span> <span class='ocrx_word' id='word_1_904' title='bbox 2271 3850 2362 3886; x_wconf 81' lang='lat' dir='ltr'><strong>pene</strong></span> 
     </span>
    </p>
   </div>
  </div>
