2742 4342
216 186 280 222 241

217 260 391 304 inccndio,
410 267 445 296 ut
460 259 531 306 jant
551 258 681 294 dictntu
705 257 766 292 fuit
781 285 790 299 ,
813 255 1066 295 accusabatur,
1087 252 1131 287 ab
1151 252 1269 287 inimi-

218 323 269 358 cis
296 319 534 368 Cltrysostomi
563 318 651 354 diris
679 317 915 354 exercebatur
947 314 1132 351 molestiis.
1167 313 1271 349 Mina:

220 392 311 428 smpc
344 381 602 417 intentabantur
623 390 631 413 :
651 378 695 413 de
725 388 830 423 opmtt
855 376 993 422 jactura
1013 403 1022 418 ,
1056 373 1100 410 de
1129 374 1267 417 exsilio,

223 444 290 478 into
309 442 352 479 de
374 447 483 477 morte
502 440 682 485 agebatur.
705 439 832 474 Verum
854 438 911 473 illa
928 434 1174 484 Chrysostemi
1194 445 1272 471 mo-

222 503 302 539 nitis
319 509 353 539 et
374 502 482 538 literis
502 501 687 544 roborata,
707 499 783 536 lure
802 499 920 536 omnia
943 497 1132 546 tranquillo
1149 497 1271 532 animo

221 562 370 604 terebat,
392 569 426 598 ct
447 563 616 608 majorem
635 562 669 597 in
688 561 762 597 dius
787 559 896 596 animi
921 559 1122 596 ﬁrmitatem
1142 568 1264 594 conse-

219 624 397 670 quchatnr.
411 623 521 669 Quam
538 634 613 660 rem
631 634 710 659 cum
726 623 959 668 comperisset
975 621 1267 668 Cltrysostomus,

220 684 400 731 epistolam
421 685 467 720 illi
483 684 577 720 mi~it
599 684 770 720 decimam
792 683 978 729 septimam
993 710 1002 723 ,
1026 682 1083 717 ttbi
1107 682 1268 717 luculen-

221 754 272 784 ter
297 753 425 783 tantam
455 747 562 783 animi
594 747 854 788 constantiam,
891 745 925 780 in
949 744 1112 780 adversis
1142 743 1268 779 alacri-

221 814 323 845 tatem
341 837 350 852 ,
378 809 422 844 ad
451 809 568 844 onmia
593 807 668 844 dira
687 807 908 853 adversaque
929 813 1088 852 paratatn
1109 805 1272 842 laudibus

219 871 383 908 celebrat.

266 932 427 968 Pcutadia
447 942 586 979 quoque
608 931 732 968 iisdem
749 931 850 978 queis
871 931 1052 979 Olympias
1070 960 1078 976 ,
1107 931 1179 968 imo
1199 931 1272 968 lor-

219 999 310 1028 tassc
339 993 529 1039 majoribus
555 994 714 1040 cxpoata
745 993 914 1029 a‘rumuis
931 1021 940 1035 ,
971 993 1112 1030 fortiter
1139 994 1216 1029 illas
1236 1001 1272 1030 et

220 1055 470 1100 imperturban
502 1056 621 1092 animo
649 1055 809 1099 ferebat,
844 1061 881 1091 ut
910 1056 1037 1102 legitur
1058 1057 1091 1091 in
1118 1056 1271 1102 cpistola

218 1115 261 1151 Μ
280 1127 288 1151 :
306 1117 406 1161 cujus
435 1116 491 1152 hic
517 1117 676 1162 quaedam
703 1116 882 1153 aITercnda
910 1117 1075 1154 videnlur
1099 1129 1107 1152 :
1128 1117 1271 1159 Ecquod

218 1176 410 1212 insidiarum
429 1184 460 1213 et
486 1179 718 1214 machinarum
745 1189 850 1225 genus
879 1179 1162 1225 pra’terntiserunt

219 1238 258 1273 In
276 1241 384 1284 forum
404 1246 452 1282 te,
485 1251 562 1287 qtae
587 1247 710 1286 prazter
729 1241 901 1277 ecclesiam
919 1248 948 1276 et
967 1241 1158 1277 cubiculum
1187 1242 1273 1278 nihil

219 1311 327 1341 noras,
351 1307 608 1348 pertraxerunt;
627 1313 647 1337 a
667 1303 742 1349 foro
759 1302 804 1338 ad
821 1303 1004 1338 tribunalia
1019 1331 1028 1347 ,
1051 1315 1072 1338 ιι
1093 1303 1274 1339 tribunali-

218 1363 275 1398 bus
294 1363 338 1397 ad
356 1374 536 1400 carcerem.
570 1363 751 1400 Falsorum
777 1365 908 1400 testium
929 1365 1062 1414 linguas
1092 1373 1269 1410 uerterunt,

216 1424 438 1469 impudentem
455 1426 659 1461 calumniam
684 1428 928 1462 con-cinnama!
942 1455 951 1471 ,
974 1429 1081 1463 credes
1100 1434 1273 1474 perpetra-

215 1491 305 1528 runt,
327 1487 455 1521 cruoris
475 1494 633 1522 torrentes
656 1489 877 1534 profuderunt
895 1518 902 1532 ,
923 1489 991 1536 igni
1006 1501 1045 1524 ac
1066 1490 1154 1535 ferro
1169 1491 1272 1536 juru-

215 1557 293 1580 num
317 1557 459 1592 corpora
476 1555 752 1594 consumpserunt
769 1577 777 1590 ,
799 1551 913 1586 mul;is
938 1561 978 1585 ac
1000 1551 1173 1597 prwtluris
1194 1551 1273 1585 viris

215 1608 407 1643 innumeras
427 1609 543 1655 plagas
561 1617 591 1644 et
608 1613 775 1647 cruciatus
793 1612 979 1647 intulerunt
993 1641 1003 1656 ,
1026 1613 1158 1648 nullum
1178 1613 1273 1648 deni-

215 1679 277 1714 que
294 1668 439 1714 lapidem
457 1681 522 1705 non
541 1678 724 1714 moverunt,
745 1684 810 1717 quo
828 1678 859 1708 te
877 1679 964 1708 metu
981 1674 1192 1720 perterritam
1209 1675 1274 1710 huc

213 1729 396 1776 adigerent.
415 1737 450 1766 ut
463 1732 504 1767 iis
517 1743 590 1778 quae
603 1733 734 1769 videras
748 1736 919 1770 contraria
937 1735 1078 1770 diceres.
1107 1737 1149 1771 At
1164 1743 1198 1771 tu
1219 1738 1272 1772 in-

213 1797 282 1825 star
298 1791 419 1837 aquila:
443 1791 585 1828 sublime
607 1794 761 1837 volantis,
795 1807 908 1830 eorum
933 1796 1056 1832 retibus
1070 1798 1201 1844 fractis.
1225 1798 1270 1832 ad

214 1851 370 1886 libertatis
385 1853 558 1900 fastigith
575 1855 687 1889 virtuti
702 1861 769 1890 tua:
780 1863 1040 1891 consentanea»:
1060 1857 1242 1892 ascendisti
1255 1869 1267 1893 :

212 1913 258 1948 sic
274 1919 304 1949 te
315 1925 515 1961 comparans
534 1944 542 1958 ,
565 1922 601 1953 ut
614 1917 656 1952 ab
672 1917 754 1970 ipsis
775 1918 911 1953 minime
926 1919 1268 1961 circumscribereris;

212 1974 276 2009 into
305 1976 402 2010 etiam
420 2003 429 2018 ,
459 1986 622 2021 quantum
641 1979 686 2012 ad
705 1978 805 2025 hujus
825 1980 973 2015 incendii
992 1980 1116 2015 crimen
1144 1981 1268 2016 attine-

213 2033 278 2078 bat,
295 2036 391 2082 cujus
409 2038 542 2073 nomine
556 2039 667 2074 miseri
681 2047 778 2086 atque
793 2040 942 2087 infelices
957 2042 1108 2077 homines
1122 2043 1268 2079 maxime

213 2096 460 2142 gloriabantur,
493 2110 548 2134 eos
571 2099 750 2136 calunmiw
779 2102 1004 2137 conrinccres.
1035 2102 1094 2139 Sic
1115 2103 1210 2139 illaut
1233 2105 1266 2140 in

215 2161 281 2191 tota
302 2157 447 2203 cpistola
469 2159 630 2196 laudibus
651 2160 820 2197 celebrat.

259 2217 293 2253 In
323 2219 429 2256 altera
456 2232 620 2268 quoque,
643 2233 747 2268 qttam
768 2223 811 2258 ad
833 2225 943 2270 ipsam
961 2225 1055 2260 misit
1075 2253 1084 2268 ,
1119 2226 1266 2271 cpistola

215 2276 280 2314 104
299 2278 392 2315 illam
421 2281 568 2326 perinde
589 2283 762 2318 encomiis
786 2290 948 2320 exornat.
979 2284 1154 2328 Quoniam
1184 2296 1269 2322 vero

214 2341 366 2379 audierat
387 2343 482 2380 illam
499 2344 544 2380 de
560 2344 720 2381 discessu
740 2346 784 2381 ab
801 2346 889 2382 urbe
916 2347 1074 2393 cogitare
1091 2375 1100 2390 ,
1127 2347 1172 2382 ab
1193 2348 1267 2394 ipsa

214 2404 294 2448 petit
323 2415 368 2442 ne
397 2405 442 2442 de
465 2417 504 2443 re
536 2407 740 2453 ltujnsutodi
770 2408 926 2454 cogitare
960 2414 1084 2455 pergat
1106 2421 1114 2444 :
1136 2410 1266 2456 primo,

212 2465 300 2510 quod
322 2468 524 2505 concivibus
542 2469 738 2506 subsidium
763 2477 857 2507 esset
875 2477 911 2507 et
934 2471 1188 2508 adminiculum
1211 2472 1267 2515 iis,

211 2527 267 2572 qui
293 2527 326 2562 iu
354 2528 533 2566 laboribus
560 2532 820 2577 versabantur;
851 2533 1032 2577 secundo,
1068 2533 1162 2580 quod
1185 2534 1267 2570 antti

214 2593 352 2633 tempus
374 2590 408 2625 id
437 2590 551 2628 facere
571 2603 640 2630 non
660 2594 907 2641 permitteret:
930 2606 1010 2632 cum
1031 2597 1126 2633 enim
1151 2597 1264 2634 imbe-

212 2648 356 2685 cillitate
387 2654 548 2697 corporis
591 2655 795 2701 laboraret,
825 2657 952 2694 hiemis
982 2663 1144 2704 tempore
1170 2665 1204 2695 ct
1233 2660 1266 2695 in

214 2715 307 2746 tanta
326 2711 358 2746 vi
378 2711 516 2757 frigoris
540 2715 662 2760 pedem
684 2728 826 2755 ntovcrc
847 2731 915 2755 non
931 2719 1098 2756 debebat.

258 2771 516 2820 Chrysostomus
547 2776 582 2811 in
608 2778 758 2813 morbum
787 2780 918 2817 incidit.
937 2801 987 2808 —
1005 2781 1126 2818 Hiems
1146 2787 1264 2819 autent

213 2833 272 2870 illa
293 2836 434 2881 gravior
451 2835 563 2883 (Anno
580 2838 663 2885 405)
678 2867 687 2880 .
707 2850 810 2886 quam
832 2842 967 2878 solebat
993 2842 1058 2879 fuit
1074 2872 1083 2887 ,
1117 2852 1154 2880 ut
1181 2844 1268 2881 dicit

215 2894 286 2940 ipse
315 2896 591 2945 CltrySOstomus
616 2909 674 2946 ep.
697 2901 719 2937 6
737 2902 780 2937 ad
804 2901 1062 2950 Clympiadem.
1099 2906 1268 2953 Ingrave-

215 2964 330 2993 sccnle
359 2966 476 2996 autem
505 2961 634 3008 frigore
660 2962 694 2998 in
726 2965 889 3000 morbum
911 2965 969 3002 ille
990 2965 1133 3012 incidit,
1165 2969 1269 3006 itaut

216 3017 255 3053 ad
276 3029 392 3064 portas
418 3032 528 3068 usque
556 3025 682 3060 mortis
698 3053 707 3068 ,
733 3025 868 3072 inquit,
897 3031 1089 3066 accesserit
1105 3059 1114 3073 ,
1145 3041 1185 3067 ac
1205 3041 1269 3077 per

217 3080 300 3117 duos
317 3093 455 3120 menses
476 3086 509 3121 itt
529 3087 621 3122 lecto
637 3087 844 3125 decubucrit
861 3119 870 3134 ,
891 3092 1067 3128 stomachi
1089 3099 1125 3129 et
1141 3095 1268 3139 capitis

216 3141 390 3183 doloribus
404 3175 413 3190 ,
433 3148 636 3194 vomitibus,
661 3150 845 3187 insmnniis
862 3154 1086 3189 excruciatus
1110 3167 1118 3190 :
1137 3161 1267 3192 cattcra

217 3210 328 3241 autent
348 3209 564 3254 a-gritudinis
582 3210 806 3248 incommoda
826 3213 985 3260 pluribus
1005 3214 1064 3251 ilie
1083 3215 1265 3251 describit.

218 3264 279 3302 Ubi
308 3275 422 3305 autem
450 3281 514 3308 ver
541 3272 711 3318 advenit,
746 3276 966 3322 mutatioque
995 3277 1116 3320 aeris,
1148 3278 1269 3314 omnia

218 3336 338 3372 sponte
355 3329 490 3378 dilapsa
510 3340 591 3371 sunt
609 3345 618 3377 ;
641 3334 688 3371 ita
708 3342 824 3373 tamen
854 3343 890 3373 ut
917 3347 1044 3384 magna
1064 3338 1128 3384 ipsi
1149 3338 1269 3375 adhuc

219 3389 250 3424 in
269 3390 378 3427 victus
395 3393 527 3432 ratione
539 3405 622 3433 cura
639 3407 728 3443 opus
743 3405 850 3435 esset.
869 3399 1062 3446 Postquam
1078 3399 1154 3437 haec
1164 3400 1266 3445 dixit,

219 3449 259 3485 ad
276 3451 514 3498 Olympiadem
534 3468 734 3495 serntoncm
764 3461 966 3504 convertit,
994 3471 1100 3507 quam
1135 3462 1268 3508 ingenti

218 3514 343 3550 amoris
362 3522 396 3551 et
424 3519 579 3555 caritatis
607 3521 735 3558 aII‘ectu
755 3532 795 3558 se
814 3523 979 3568 prosequi
1001 3522 1172 3559 declarat.
1209 3523 1268 3559 Illa

221 3582 299 3610 vero
312 3586 450 3626 quoque
459 3582 554 3627 gravi
573 3584 698 3620 morbo
710 3593 895 3630 oppressa,
914 3584 948 3620 in
967 3590 1164 3620 extremum
1184 3586 1268 3624 vitte

223 3637 406 3678 periculum
445 3649 612 3686 venerat;
648 3644 712 3680 sed
746 3655 827 3681 cum
864 3644 1144 3692 Chrysostomus
1177 3646 1269 3684 hanc

222 3694 268 3730 illi
287 3699 465 3744 epistolam
489 3703 658 3750 scripsit,
689 3705 878 3742 commoda
906 3705 1110 3743 valetudine
1128 3705 1268 3744 frueba-

223 3759 290 3792 tur.
308 3757 415 3804 Ipsam
433 3773 538 3809 porro
556 3765 705 3800 summis
726 3765 890 3802 laudibus
907 3765 1059 3808 extollit,
1082 3767 1175 3813 quod
1197 3779 1266 3805 non

223 3815 326 3852 utodo
343 3831 397 3858 res
418 3829 486 3861 tam
508 3826 677 3863 adversas
699 3825 779 3863 forti
797 3833 832 3864 et
849 3828 1028 3865 constanti
1056 3829 1176 3868 animo
1198 3830 1266 3868 Ier-

29 4184 328 4274 μμ

1006 177 1125 214 NUNC
1155 175 1328 212 PRIMUM
1357 177 1383 212 Λ
1390 176 1618 213 ΒΟΙῖΝᾹΤΑ.

2337 173 2409 209 sta

1344 258 1422 291 ret.
1445 251 1506 286 sed
1531 263 1593 287 cas
1625 254 1730 288 etiam
1759 263 1824 298 pro
1851 253 1963 288 nihilo
1991 259 2154 299 putaret,
2186 251 2344 295 aliosque
2364 251 2408 287 ad

1343 312 1439 358 paria
1458 313 1653 348 certamina
1677 320 1846 357 acueret,
1867 320 1902 349 et
1921 313 2184 360 philosophiam
2203 312 2299 348 omni
2322 319 2408 347 tem-

1343 377 1482 418 pestate
1497 373 1719 417 superiorem
1735 373 1863 420 adepta
1885 380 1993 411 esset.

1391 432 1606 479 Olympiadis
1621 434 1724 469 uirtus
1740 441 1771 470 et
1789 435 1892 469 animi
1911 435 2068 479 ﬁrmitas.
2082 455 2129 462 -—
2140 435 2228 471 Huic
2246 435 2409 482 epistola:

1342 495 1611 539 reSjionsionem
1644 495 1818 530 modestia
1852 495 1993 540 plenam
2028 497 2125 532 misit
2149 497 2346 544 Olympias,
2369 507 2409 533 se

1342 567 1412 592 non
1449 563 1621 602 tropannn
1653 556 1812 592 erexisse.
1846 557 1995 601 dicens,
2025 569 2096 593 non
2134 559 2318 595 victoriam
2356 571 2413 596 re-

1343 618 1487 662 tulisse,
1513 629 1578 655 ncc.
1611 629 1779 655 coronant
1811 619 1976 666 adeptam
2010 631 2103 656 esse.
2125 621 2278 666 Reponit
2305 622 2413 670 Chry-

1341 690 1522 716 soswmus
1570 681 1602 715 in
1648 681 1799 727 epistola
1836 681 2013 726 septima,
2053 687 2166 716 totum
2206 682 2328 717 orbem
2377 683 2413 717 id

1341 742 1544 785 allirutare,
1577 743 1671 788 quod
1699 743 1774 789 ipse
1803 743 1838 778 in
1867 742 2016 788 epistola
2045 743 2231 789 superiore
2258 743 2416 782 dixerat,

1342 811 1377 840 et
1409 805 1540 851 ubique
1577 812 1751 841 terrarum
1791 806 1958 851 praeclara
1979 804 2203 852 Olympiadis
2229 813 2329 852 gesta
2349 806 2415 840 dr-

1341 867 1498 909 cantari;
1522 867 1602 902 licet
1623 867 1718 902 ettim
1741 877 1810 902 uno
1833 867 1865 902 iu
1897 866 1975 902 loco
1998 876 2055 901 res
2075 873 2152 902 acta
2177 866 2304 908 fuerit,
2332 876 2411 902 eam

1342 933 1460 964 tamen
1501 928 1545 964 ad
1584 928 1756 963 terminos
1793 927 1890 963 orbis
1926 929 2142 974 pervasisse.
2173 927 2286 974 Ipsam
2326 936 2414 963 vero

1341 992 1465 1028 merita
1505 998 1539 1027 et
1581 992 1716 1037 palmas
1749 991 1928 1027 auctiores
1967 990 2166 1027 reddidisse
2206 1002 2247 1026 ev
2287 989 2412 1026 mode-

1341 1053 1408 1089 stia
1427 1063 1489 1089 sua
1510 1059 1545 1089 et
1562 1053 1669 1089 animi
1688 1053 1921 1090 demissioue.
1940 1053 2068 1089 Narrat
2087 1053 2216 1089 deinde
2234 1052 2414 1098 quomodo

1343 1114 1456 1160 patria
1477 1115 1639 1161 expulsa,
1659 1115 1780 1157 domo,
1802 1115 1928 1151 amicis
1948 1122 1982 1151 et
1999 1116 2161 1162 ei'gnatis
2179 1115 2326 1154 relictis,
2346 1116 2412 1149 alia

1341 1176 1460 1221 gravia
1483 1182 1721 1222 exspectaret,
1740 1177 1801 1212 Dei
1818 1183 1936 1212 tamen
1953 1187 2095 1222 semper
2113 1178 2263 1224 gloriam
2286 1177 2415 1223 prad-

1342 1237 1490 1274 cavcrit.
1514 1237 1662 1274 Demum
1681 1237 1767 1274 dicit
1793 1238 1914 1284 pejore
1935 1239 1970 1273 ia
1992 1238 2196 1274 conditione
2225 1249 2289 1275 eos
2311 1249 2412 1282 esse,

1342 1301 1401 1348 qui
1433 1307 1528 1338 tanta
1550 1302 1641 1338 utala
1665 1301 1822 1338 inferunt
1837 1329 1846 1344 ,
1871 1311 1974 1348 quant
1993 1311 2056 1338 eos
2076 1302 2134 1348 qtti
2157 1301 2214 1336 illa
2235 1311 2314 1337 cum
2335 1312 2414 1348 gra-

1343 1364 1472 1400 tiarum
1503 1365 1644 1401 actione
1663 1365 1867 1411 patiutttur;
1892 1364 1965 1399 imo
1984 1374 2070 1400 vero
2093 1364 2125 1399 lti
2145 1363 2286 1400 coronis
2305 1363 2415 1400 desti-

1343 1432 1487 1468 nantur,
1506 1425 1646 1471 illisque
1665 1425 1839 1472 supplicia
1862 1431 2033 1472 parantur
2051 1437 2059 1461 :
2082 1425 2189 1472 idque
2207 1432 2414 1462 sanctorum

1343 1486 1508 1532 exemplo
1542 1487 1657 1532 palam
1692 1486 1812 1523 facere
1841 1487 1983 1532 satagit.
2005 1486 2100 1522 Inter
2129 1485 2220 1522 tttala
2241 1485 2295 1522 illa
2315 1486 2415 1532 ponit

1343 1548 1557 1583 calumniam
1575 1576 1583 1590 ,
1613 1548 1658 1584 de
1678 1558 1746 1594 qua
1770 1548 1909 1584 beatam
1928 1548 2176 1595 Olympiadem
2195 1547 2238 1584 ad
2261 1547 2414 1584 tribunal

1343 1608 1531 1643 adductam
1555 1610 1816 1652 incusaverat”,
1837 1607 1930 1655 quod
1954 1608 2116 1645 videlicet
2131 1608 2208 1655 ejus
2225 1618 2334 1656 opera
2353 1618 2418 1645 σει-

1342 1669 1448 1704 clcsia
1469 1670 1610 1704 inci-ima
1634 1669 1769 1706 luisset.

1393 1731 1569 1777 Olympias
1587 1730 1882 1778 Constantinopoli
1912 1731 2010 1778 pulsa
2044 1733 2121 1779 fuit.
2135 1731 2284 1768 —llit'tc
2303 1732 2415 1780 liqttt't

1342 1793 1433 1828 hanc
1450 1794 1635 1838 epistolam
1653 1794 1825 1838 scriptam
1849 1794 1956 1831 fuisse
1973 1823 1982 1839 ,
2011 1802 2200 1841 postquam
2228 1793 2414 1842 Olympias

1338 1854 1646 1901 Coastanlinopoli
1667 1856 1766 1901 pulsa
1787 1862 1822 1892 et
1841 1856 1874 1892 in
1895 1856 2059 1892 exsilium
2079 1856 2186 1892 missa
2206 1855 2332 1892 fuerat.
2348 1854 2416 1892 So-

1339 1927 1511 1952 zomcnus
1541 1928 1627 1953 vero
1655 1917 1742 1953 dicit
1776 1916 1943 1966 (Sozam.
1966 1918 1990 1953 Ι.
2011 1918 2046 1954 8.
2087 1929 2117 1953 c.
2139 1917 2201 1966 Ἡ)
2240 1917 2409 1964 Optatum

1338 1977 1550 2014 Prtcl‘ectum
1570 1979 1646 2014 anri
1668 1989 1804 2014 smuma
1833 1978 1927 2014 illam
1951 1979 2198 2021 mulctatissc,
2227 1979 2414 2025 ipsamque

1340 2036 1650 2085 Constantinopoli
1673 2040 1794 2075 relicta
1816 2039 1983 2087 Cyzicum
2005 2040 2285 2086 commigrasse;
2307 2040 2407 2086 quasi

1340 2100 1397 2136 illa
1412 2106 1540 2146 sponte
1554 2110 1616 2136 sua
1633 2100 1966 2147 Constantinopolin
1982 2101 2178 2147 reliquerit.
2194 2100 2326 2137 Verum
2342 2101 2414 2137 Iltle

1339 2160 1481 2206 dignior
1497 2160 1777 2210 Clttysostontus
1797 2169 1851 2198 est
1865 2191 1874 2207 ,
1896 2163 1955 2208 qui
1974 2162 2060 2199 dicit
2083 2163 2194 2208 ipsam
2215 2163 2354 2209 pulsam
2375 2169 2410 2199 et

1340 2223 1374 2258 itt
1393 2223 1554 2259 exsilium
1578 2225 1722 2260 missam
1742 2224 1871 2266 fuisse,
1902 2224 2008 2271 idque
2038 2225 2169 2272 repetit
2199 2225 2232 2261 in
2261 2225 2410 2270 cpistola

1339 2283 1477 2318 decima
1496 2290 1593 2320 sexta
1612 2297 1620 2320 :
1639 2285 1732 2328 Quid
1749 2286 1836 2321 enim
1857 2292 1925 2328 est,
1949 2285 2081 2333 inquit,
2103 2288 2236 2322 civitate
2258 2287 2358 2333 pulli,
2378 2295 2411 2323 et

1339 2354 1382 2378 ea:
1409 2344 1486 2379 aliis
1516 2345 1598 2380 locis
1626 2346 1660 2380 in
1689 2347 1759 2380 alia
1787 2347 1928 2380 subinde
1955 2348 2128 2393 migrare,
2146 2355 2244 2393 atque
2265 2349 2412 2392 mutique

1339 2405 1504 2451 exagitari
1524 2412 1554 2439 et
1575 2405 1737 2451 proscribi
1752 2412 1782 2440 et
1803 2405 1847 2440 ad
1868 2405 2050 2441 tribunalia
2078 2407 2165 2441 trahi
2189 2415 2218 2441 ct
2245 2419 2265 2442 a
2290 2408 2410 2442 militi-

1340 2466 1400 2502 bus
1418 2467 1562 2512 rapturi,
1581 2474 1680 2513 atque
1699 2466 1739 2502 ab
1759 2467 1799 2502 iis
1813 2495 1821 2506 ,
1843 2468 1900 2512 qui
1920 2468 2085 2503 sexcentis
2104 2468 2273 2512 beneﬁciis
2299 2469 2412 2513 u/fecu'

1340 2528 1488 2574 fuerant,
1510 2529 1680 2563 cantraria
1701 2539 1789 2563 nunc
1807 2529 1948 2574 perpeti.
1967 2540 2007 2563 ac
2025 2535 2094 2563 tum
2116 2540 2136 2563 a
2155 2529 2292 2575 fumidis
2307 2558 2316 2574 ,
2338 2535 2412 2566 tum

1339 2599 1360 2624 a
1379 2587 1491 2624 liberis
1508 2588 1634 2632 vectari,
1655 2600 1729 2624 cum
1747 2589 1868 2624 horum
1888 2590 2064 2636 prtcmium
2086 2589 2204 2625 etclam
2223 2590 2280 2633 sit,
2303 2598 2332 2625 ct
2348 2601 2412 2636 pu-

1340 2651 1476 2688 rissima
1494 2651 1554 2687 illa
1573 2651 1673 2695 bona,
1695 2663 1771 2698 qtae
1790 2663 1850 2688 nec
1865 2652 1972 2688 verbis
1989 2653 2068 2689 ullis
2088 2653 2251 2697 explicari
2269 2661 2408 2700 queunt,

1340 2725 1399 2750 nec
1429 2714 1532 2760 ﬁnem
1561 2715 1706 2758 habent,
1737 2725 1852 2750 verum
1884 2714 2107 2750 immortalem
2138 2715 2284 2760 fructum
2312 2720 2414 2760 atque

1339 2776 1593 2812 oblectationem
1620 2775 1796 2822 pra-bent?
1821 2775 1880 2812 Sic
1901 2776 2023 2821 paucis
2053 2775 2113 2812 illc
2140 2775 2259 2812 verbis
2290 2783 2412 2811 ttarrat

1339 2844 1470 2884 quanta
1492 2844 1527 2874 ct
1547 2849 1652 2885 quant
1670 2838 1746 2874 dira
1767 2847 1869 2884 passa
1892 2838 1938 2873 sit
1955 2837 2138 2885 Olympias
2152 2865 2162 2880 ,
2183 2838 2289 2874 etiam
2310 2845 2410 2883 post-

1339 2910 1446 2948 quam
1463 2899 1775 2946 Constantinopoli
1807 2899 1904 2946 pulsa
1933 2898 2062 2935 fuerat.
2085 2898 2169 2934 IIccc
2193 2897 2260 2934 sibi
2282 2907 2408 2935 succc-

1339 2961 1460 2999 dentia
1479 2962 1570 2998 mala
1587 2961 1835 3009 Olympiadem
1862 2960 1897 2997 in
1923 2960 2128 2996 uunstitiam
2150 2959 2409 3006 conjecerant:

1339 3030 1557 3071 quapropter
1576 3023 1664 3060 nihil
1683 3033 1752 3059 nou
1773 3023 1844 3069 agit
1863 3022 2157 3070 Cltrysos-tomus,
2178 3028 2218 3058 ut
2234 3022 2330 3058 illam
2347 3033 2410 3069 spe

1340 3085 1537 3121 futurorum
1553 3085 1744 3127 bonorum,
1760 3094 1839 3130 qua:
1854 3083 2030 3129 ejusmodi
2046 3083 2226 3120 Continuis
2240 3086 2415 3122 arumnis

1339 3148 1489 3184 miriﬁce
1502 3147 1664 3193 augenda
1681 3151 1798 3189 erant,
1817 3145 1862 3182 ad
1876 3145 1997 3182 omnia
2012 3145 2202 3192 patienter,
2223 3147 2295 3184 imo
2313 3152 2411 3184 tran-

1339 3210 1447 3257 qnille
1468 3210 1613 3246 ferenda
1634 3209 1791 3245 inducat.

1389 3271 1593 3314 Anthemio,
1617 3271 1676 3318 qui
1696 3269 1823 3306 consul
1845 3269 1916 3307 hoc
1930 3279 2024 3307 anno
2041 3270 2112 3308 405
2126 3270 2194 3307 elet
2206 3275 2262 3308 tus
2277 3269 2408 3314 fuerat,

1340 3345 1381 3371 ac
1401 3341 1571 3382 printer-ea
1591 3333 1785 3370 Pra-I‘cctus
1809 3332 1972 3369 Przctorii
1997 3339 2095 3377 erat,
2123 3333 2314 3380 epistolam
2338 3333 2410 3371 147

1340 3397 1478 3438 scribit,
1499 3407 1567 3443 qua
1588 3395 1654 3441 ipsi
1678 3400 1717 3430 ut
1737 3395 1852 3431 amico
1868 3394 2079 3442 gratulatur.
2100 3395 2213 3443 magis
2230 3395 2276 3431 ob
2295 3395 2408 3430 virtu-
2464 3384 2466 3388 ’

1342 3467 1428 3502 tem,
1442 3468 1546 3504 quant
1560 3456 1606 3493 ob
1618 3467 1745 3492 novatn
1759 3456 1983 3504 dignitatem.
1995 3458 2222 3504 Quapropter
2240 3456 2284 3493 iis
2300 3456 2407 3492 etiam

1339 3521 1551 3568 gratulatur,
1580 3520 1639 3566 qui
1671 3519 1798 3566 injuste
1829 3519 2068 3565 hedebatttur;
2091 3519 2280 3566 imperiuut
2310 3517 2407 3552 enim

1340 3583 1417 3629 ejus
1434 3592 1662 3618 communem
1682 3592 1806 3618 corutn
1824 3583 1886 3629 qui
1905 3583 2035 3629 injuria
2053 3580 2301 3618 aflicicbantur
2321 3585 2405 3621 por-

1341 3653 1414 3680 tum
1435 3644 1509 3680 fore
1528 3643 1687 3690 putabat.

1387 3705 1508 3742 Primo
1526 3716 1609 3743 vere
1625 3705 1908 3754 Cltrysosmmus
1933 3701 2170 3739 valetudinem
2197 3708 2288 3744 pene
2315 3697 2407 3734 inte--

1339 3779 1438 3816 grant
1460 3769 1696 3816 recuperavit.
1717 3767 1848 3805 Verum
1865 3764 1987 3805 Isauri.
2005 3763 2066 3809 qui
2079 3763 2233 3800 hiberno
2245 3769 2413 3809 tclttporr-

1339 3831 1384 3868 ad
1404 3830 1481 3868 loca
1499 3840 1562 3868 sua
1579 3831 1729 3869 reversi.
1745 3829 1790 3866 ab
1808 3824 2076 3864 incursiooibus
2094 3821 2324 3861 destiterant.
2347 3820 2402 3857 in-
