2742 4342
343 245 414 282 243

344 335 451 364 etinte
486 336 582 366 me,
615 333 677 370 per
704 331 831 358 omnes
859 320 933 354 vias
947 317 1048 354 effusi
1069 323 1174 358 sunt;
1193 315 1239 350 ita
1255 313 1416 349 utetiam

345 391 516 436 ingenuas
535 392 716 423 matronas
735 388 928 430 caperent,
957 387 993 418 et
1019 379 1114 416 viros
1129 407 1137 422 ,
1160 378 1217 425 qui
1240 377 1276 414 in
1294 385 1420 413 eorum

344 461 472 491 manus
510 447 736 491 inciderant,
773 445 1045 482 obtruncarent.
1073 442 1303 487 Quapropter
1338 447 1420 472 cum

343 514 461 552 aditus
490 521 618 547 omnes
645 507 829 545 interclusi
858 510 1003 548 essent,
1027 503 1216 540 Theodoto
1245 501 1420 542 diacono,

343 575 399 612 cui
419 574 607 622 epistolam
628 571 696 608 140
715 570 862 611 scribit,
884 573 922 604 et
941 577 1049 614 supra
1075 570 1271 602 memorata
1294 573 1424 599 recen-

343 644 412 681 set,
433 643 471 672 nt
489 635 556 672 sibi
576 635 736 682 ignoscat
755 633 856 680 petit,
878 629 972 678 quod
994 640 1036 666 ea
1057 629 1102 666 de
1121 637 1228 664 causa
1255 635 1326 662 non
1349 623 1423 660 fre-

289 717 291 720 ⁴
345 706 498 746 quenter
527 697 580 734 illi
615 695 814 743 scripserit.
853 694 941 730 Cum
975 701 1060 728 vero
1092 691 1202 726 sciret
1240 687 1337 724 illiilli
1378 685 1424 722 de

345 760 550 799 valetudine
579 769 642 796 sua
673 759 865 796 certiorem
900 755 976 793 fieri
1009 764 1163 800 cupere,
1191 751 1278 788 dicit
1306 749 1357 786 illi
1386 759 1425 786 se

344 822 531 870 superiore
549 821 679 870 hyeme
696 820 794 866 gravi
823 818 950 854 morbo
969 821 1164 864 :egrotasse
1178 842 1188 859 ,
1221 821 1316 849 nunc
1338 821 1426 847 vero

347 887 528 934 paululum
551 891 754 922 recreatum
775 893 880 925 esse;
900 880 964 918 sed
985 891 1028 917 ex
1057 879 1152 916 aeris
1183 874 1423 914 inconstantia

347 959 443 985 nunc
470 957 614 995 quoque
647 945 869 994 perturbari,
889 943 1071 989 etiamque
1093 947 1178 978 tunc
1195 939 1316 976 denuo
1336 937 1425 984 hye-

347 1020 441 1046 mem
461 1010 606 1056 vigere;
629 1017 776 1054 sperare
798 1012 933 1050 tamen,
953 1013 1034 1041 cum
1056 1007 1164 1038 aestas
1181 999 1368 1040 effulserit,
1387 1007 1427 1034 se

348 1071 463 1108 inurbi
484 1069 655 1117 reliquias
672 1069 919 1115 depositurum
935 1075 1028 1103 esse.
1049 1063 1160 1100 Addit
1177 1070 1308 1108 corpus
1321 1069 1425 1096 suum

349 1135 446 1171 indla
467 1144 506 1172 re
526 1143 629 1179 teque
652 1130 874 1173 labefactari,
897 1137 936 1165 ut
955 1127 1102 1174 frigore,
1125 1135 1192 1162 nec
1211 1133 1334 1159 rursus
1355 1121 1426 1158 ulla

349 1207 388 1233 re
404 1206 506 1243 :eqne
522 1194 655 1242 juvari,
676 1199 714 1230 ut
735 1197 861 1228 aestate
881 1196 918 1227 et
937 1188 1071 1226 caloris
1089 1187 1232 1224 solatio.

396 1257 549 1298 Eodem,
570 1265 609 1292 ut
625 1261 782 1302 putatur,
803 1263 898 1289 anno
922 1251 1060 1288 :cstatis
1080 1255 1244 1296 tempore
1259 1245 1428 1284 Theodo-

349 1327 406 1356 tus
421 1319 594 1355 diaconus
607 1318 907 1364 Cbrysostomum
925 1311 1296 1350 invisurusCucusum
1308 1309 1426 1346 venit:

348 1391 390 1417 ac
424 1387 505 1428 post
533 1379 731 1417 discessum
765 1377 848 1414 inde
877 1387 999 1419 suum,
1031 1385 1138 1422 quem
1168 1373 1320 1410 moleste
1350 1371 1430 1408 tulit

349 1444 506 1480 Joannes
525 1448 666 1485 noster,
687 1441 748 1478 diu
769 1439 882 1477 tacuit
910 1439 991 1482 ille,
1015 1447 1082 1474 nec
1100 1436 1362 1483 Clirysostomo
1383 1433 1428 1469 li-

351 1515 448 1544 teras
470 1505 582 1541 misit.
605 1505 682 1550 Qua
705 1503 749 1540 de
769 1513 877 1540 causa
901 1501 961 1538 ille
980 1499 1170 1547 epistolam
1195 1498 1240 1536 59
1261 1497 1426 1543 scripsit,

349 1579 416 1616 qua
433 1574 570 1604 tantum
589 1567 668 1614 ejus
689 1566 871 1602 silentium
888 1564 1006 1600 amico
1027 1562 1148 1598 animo
1165 1560 1296 1606 carpit,
1313 1568 1430 1605 neque

349 1640 456 1677 posse
486 1630 586 1666 illum
613 1629 668 1665 sui
695 1627 890 1665 excusandi
921 1635 1028 1663 causa
1058 1624 1262 1660 Isaurorum
1293 1628 1428 1658 metum

349 1693 548 1730 obtendere
566 1721 575 1736 ,
596 1691 886 1740 quandoquidem
906 1688 1009 1725 multi
1031 1693 1150 1730 erant,
1171 1685 1232 1732 qui
1255 1691 1339 1731 post
1357 1683 1431 1719 dis—

350 1766 494 1792 cessum
514 1756 592 1801 ejus
611 1755 792 1792 Cucusum
813 1756 1002 1789 venerant.

398 1817 598 1864 Epistulam
622 1816 691 1853 158
717 1816 762 1850 ad
794 1813 990 1860 Elpidium,
1011 1811 1221 1858 episcopum
1252 1807 1428 1844 Laodice-

351 1891 452 1925 num,
472 1881 599 1918 eodem
618 1879 765 1916 circiter
781 1883 944 1922 tempore
961 1873 1152 1920 scripsisse
1170 1871 1326 1908 videtur.
1345 1869 1430 1904 Erat

352 1943 411 1980 ille
429 1943 594 1978 sincerus
621 1940 759 1976 amicus
777 1967 784 1980 ,
807 1943 844 1975 et
867 1943 988 1972 tamen
1008 1945 1048 1972 se
1068 1945 1150 1970 raro
1173 1933 1222 1968 illi
1241 1931 1431 1978 scripsisse

352 2006 483 2041 fatetur
503 2017 511 2040 :
533 2013 659 2040 verum
680 2008 717 2038 et
735 2001 819 2037 anni
841 2003 1036 2046 tempestas
1054 2003 1090 2032 et
1107 1993 1266 2032 solitudo
1287 1993 1370 2035 loci,
1394 1993 1428 2028 in

351 2079 422 2114 quo
452 2067 586 2103 arctius
617 2075 722 2111 quam
754 2063 788 2100 in
818 2073 963 2099 carcere
991 2061 1149 2097 inclusus
1171 2059 1373 2100 tenebatur,
1393 2064 1431 2093 et

351 2139 476 2164 eorum
497 2139 556 2174 qui
577 2138 616 2162 se
634 2127 776 2162 adirent
807 2125 1046 2170 infrequentia
1060 2150 1070 2164 ,
1098 2133 1189 2170 quos
1208 2130 1326 2160 tamen
1357 2135 1428 2161 non

351 2199 478 2224 omnes
498 2189 565 2224 sibi
587 2187 676 2223 lidos
694 2196 774 2222 esse
796 2185 964 2232 putabat,
999 2194 1041 2222 ac
1067 2184 1225 2232 denique
1255 2186 1402 2223 morbus
1417 2214 1427 2229 ,

352 2249 411 2294 qni
441 2248 539 2284 illum
571 2258 636 2294 per
667 2253 777 2283 totam
808 2245 883 2284 fere
912 2245 1078 2294 liyemem
1113 2246 1206 2283 lecto
1235 2247 1426 2284 aflixerat:

353 2313 430 2348 lure
450 2310 584 2351 omnia,
607 2310 744 2356 inquit,
765 2319 804 2346 se
823 2321 866 2346 ne
887 2309 1006 2356 plures
1026 2310 1202 2347 scriberet
1223 2311 1346 2348 literas
1363 2323 1428 2348 co-

355 2373 556 2416 Iiilmerant,
573 2382 682 2419 seque
704 2379 822 2408 tamen
838 2372 1130 2419 frequentissime
1146 2372 1246 2409 illum
1260 2381 1299 2410 ut
1317 2373 1427 2411 fidum

353 2435 506 2471 amicum
523 2434 556 2470 in
576 2435 698 2470 animo
716 2443 875 2471 versare.

403 2497 533 2533 Eadem
553 2496 698 2532 circiter
719 2501 932 2542 tempestate
949 2495 1117 2534 Anatolio
1135 2498 1280 2544 scripsit
1294 2498 1430 2545 episto-

355 2559 422 2594 lam
445 2557 531 2594 205.
551 2557 635 2594 Erat
655 2557 716 2594 ille
735 2557 924 2594 Anatolius
953 2559 1152 2602 ορατ-(νήσω
1167 2587 1177 2600 ,
1210 2559 1243 2596 id
1277 2567 1359 2604 est,
1391 2567 1430 2596 ut

353 2628 454 2668 puto,
475 2620 736 2668 Exprazfeclus;
757 2621 816 2668 qui
838 2627 1026 2668 postquam
1051 2621 1210 2658 Joannes
1240 2629 1365 2660 noster
1392 2623 1426 2660 in

351 2682 518 2718 exsilium
537 2682 664 2728 pulsus
680 2681 808 2725 fuerat,
831 2683 940 2718 multa
963 2683 998 2718 in
1018 2683 1095 2729 ejus
1113 2685 1264 2730 gratiam
1289 2685 1430 2722 dixerat

353 2747 570 2793 ieceratque.
590 2746 648 2782 Ait
669 2755 756 2782 vero
775 2758 829 2790 se,
847 2757 893 2783 ne
912 2746 978 2793 ipsi
999 2746 1198 2792 scriberet,
1219 2747 1322 2794 longa
1343 2757 1427 2784 cor-

353 2808 449 2854 poris
459 2808 669 2855 a-gritudine
684 2808 868 2845 detentum
885 2807 1008 2849 fuisse.
1022 2807 1066 2844 ab
1082 2807 1216 2855 illoque
1231 2809 1320 2854 petit
1331 2814 1368 2844 ut
1382 2807 1428 2845 de

351 2879 415 2906 sua
436 2880 654 2917 suorumque
674 2871 879 2907 valetudine
897 2881 938 2906 se.
958 2870 1072 2906 literis
1091 2871 1283 2906 certiorem
1307 2870 1426 2906 faciat.

397 2929 656 2978 Clzrysoslomus
673 2932 890 2968 Antiocltenis
911 2932 1040 2967 scribit.
1053 2931 1204 2968 -—Cum
1229 2932 1425 2968 Antioche-

351 2994 406 3029 uis
440 2994 594 3030 maxime
626 2993 808 3030 literarum
843 3003 990 3038 semper
1019 2994 1240 3029 consortium
1281 2994 1424 3038 habuit,

351 3063 389 3092 et
418 3066 498 3092 cum
527 3054 632 3091 Clero
661 3055 820 3101 ejusdem
851 3053 1016 3090 civitatis.
1049 3053 1162 3092 Erant
1193 3061 1313 3092 autem
1347 3057 1428 3094 istic

351 3123 504 3162 quatuor
536 3115 736 3162 presbyteri
768 3113 837 3150 sibi
869 3114 1104 3152 addictissimi
1131 3122 1240 3163 atque
1269 3117 1426 3154 amicitia

353 3183 472 3213 mutua
493 3177 793 3224 conjunctiSsimi,
816 3187 945 3224 nempe
965 3178 1112 3221 Castus,
1136 3178 1296 3216 Valerius
1310 3208 1320 3224 ,
1341 3180 1426 3216 Dio-

353 3237 506 3283 phantus
535 3246 571 3275 et
601 3239 799 3286 Cyriacns:
820 3238 876 3274 his
895 3249 982 3276 vero
1001 3240 1069 3278 hoc
1087 3242 1232 3279 circiter
1265 3249 1428 3289 tempore

351 3299 539 3346 epistolam
563 3302 708 3346 scripsit
727 3301 809 3338 150.
826 3301 974 3339 Orditur
993 3309 1112 3342 autem
1133 3305 1272 3344 dicens.
1293 3305 1425 3341 carita-

355 3361 398 3398 tis
417 3359 558 3398 vincula
575 3362 755 3400 (rediture
780 3364 906 3410 quovis
927 3363 1201 3402 vehementiora
1227 3376 1322 3402 esse.
1339 3365 1426 3401 (Ire-

349 3423 446 3460 ditor
473 3424 568 3460 enim
599 3431 786 3472 postquam
817 3425 956 3463 debitas
979 3427 1046 3463 sibi
1077 3428 1248 3474 pecunias
1275 3427 1424 3473 recepit,

352 3485 438 3521 nihil
461 3485 552 3521 ultra
575 3486 826 3532 requirendum
849 3487 1006 3533 habere,
1026 3489 1088 3526 sed
1115 3489 1233 3526 debita
1265 3488 1426 3525 caritatis

350 3554 539 3595 postquam
569 3549 684 3584 Saluta
718 3555 822 3594 sunt,
849 3549 974 3587 eadem
997 3562 1166 3595 manere,
1191 3551 1263 3587 itnu
1281 3560 1426 3596 semper

349 3621 569 3648 accrescere.
593 3611 682 3656 Quia
701 3622 788 3648 vero
809 3613 856 3648 illi
877 3613 922 3650 de
939 3613 1050 3660 ipsius
1069 3613 1274 3650 valetudine
1289 3613 1424 3648 certio-

350 3685 406 3710 les
422 3674 496 3712 fieri
518 3675 771 3722 peroptabant,
787 3676 835 3712 ait
851 3676 910 3714 ille
925 3687 964 3714 se
981 3675 1159 3713 stomachi
1179 3675 1424 3712 imbecillitate

351 3735 536 3774 liberatum
556 3748 657 3782 esse,
679 3745 788 3786 atque
808 3739 948 3781 valere,
970 3748 1038 3774 nec
1053 3737 1255 3779 obsidione,
1282 3746 1348 3773 nec
1373 3736 1424 3772 la-

354 3803 494 3833 tronum
515 3800 792 3843 incursionibus,
812 3811 878 3837 nec
898 3799 966 3836 loci
985 3798 1192 3840 solitudine,
1211 3807 1278 3834 nec
1291 3796 1422 3833 adver-

353 3855 403 3890 sis
419 3859 559 3894 casibns
577 3861 783 3898 Conturbari
797 3889 808 3905 ,
827 3861 889 3898 sed
909 3861 983 3898 otio
996 3887 1006 3902 ,
1027 3860 1220 3896 securitate
1239 3869 1283 3896 ac
1303 3858 1422 3906 quiete

354 3916 440 3961 ι’ῖυῖι
458 3927 501 3955 ac
516 3921 670 3969 singulis
684 3923 811 3961 diebus
827 3924 872 3964 de
891 3924 1032 3961 illorum
1052 3929 1146 3959 statu
1164 3931 1286 3959 curam
1309 3921 1420 3958 liabe-

1067 236 1105 272 s.
1134 231 1323 272 JOANNIS
1341 228 1659 268 cunvsusrom
1689 227 1808 273 V'lTA,
2471 236 2522 276 to

1498 320 1549 348 re.
1569 319 1612 346 ac
1631 319 1712 345 cum
1734 309 1776 345 iis
1793 309 1852 356 qui
1875 308 2090 346 accedebant
2115 309 2158 346 de
2185 311 2287 348 rebus
2304 313 2344 348 ad
2363 314 2447 360 ipsas
2462 328 2525 364 spe-

1495 371 1676 407 ctantibus
1691 370 1868 416 colloquia
1889 370 2052 407 miscere.

1545 433 1629 470 llzcc
1647 433 1798 480 epistola
1819 433 1898 470 aliis
1920 433 2182 480 circumpositis
2196 434 2330 485 longior
2343 444 2404 473 est.
2419 438 2528 478 Verum

1495 496 1603 533 aliam
1617 497 1708 532 hanc
1720 495 1919 542 longiorem
1936 495 2021 542 ipsis
2034 495 2143 539 misit,
2160 496 2216 532 ubi
2235 497 2338 534 multa
2353 502 2529 539 enarratde

1498 559 1735 596 teutationum
1755 565 1791 596 et
1808 557 2066 595 adversitatum
2087 559 2198 596 fructu
2216 571 2224 594 :
2243 561 2291 596 ait
2309 571 2388 598 vero
2401 573 2448 605 se,
2463 563 2530 600 licet

1497 621 1659 666 epistola:
1680 621 1812 656 limites
1842 621 2042 658 excessisse
2071 621 2242 663 videatur,
2271 631 2407 669 sperare
2431 631 2530 661 tamen

1499 683 1596 730 ipsos
1615 683 1766 720 vinculis
1781 683 1915 719 amoris
1931 682 2137 725 obstrictos,
2156 683 2347 720 breviorem
2367 683 2452 720 illam
2467 696 2530 726 esse

1499 749 1684 790 putaturos
1705 754 1798 780 esse.
1819 743 1891 780 Res
1909 753 1952 780 ex
1968 749 2052 779 voto
2064 743 2315 790 Clirysostomo
2327 745 2426 781 cessit
2442 757 2450 781 :
2469 746 2530 783 Iun.

1497 816 1578 852 gain
1600 805 1696 842 enim
1725 805 1820 842 illam
1839 805 2028 852 epistolam
2050 805 2194 842 brevem
2223 805 2288 842 sibi
2313 806 2415 842 visam
2442 808 2533 845 fuisse

1498 868 1689 912 dixerunt,
1711 874 1750 904 ιιι
1765 868 1799 904 in
1819 868 1971 914 epistola
1997 867 2047 904 22
2071 867 2114 904 ad
2145 868 2239 912 ipsos
2257 868 2359 905 missa
2379 875 2530 906 narratur.

1500 930 1550 966 Ea
1567 930 1664 966 enim
1685 937 1742 966 est
1761 929 1815 966 vis
1833 929 2013 974 caritatis,
2041 930 2154 976 inquit
2173 929 2252 974 ille,
2275 940 2349 976 qua:
2365 940 2530 976 numquam

1499 992 1635 1039 expleri
1658 992 1785 1039 possit,
1805 991 1852 1028 ita
1874 999 1911 1028 ut
1928 992 1957 1028 si
1978 991 2132 1038 decuplo
2147 991 2284 1038 longior
2302 991 2440 1038 epistola
2457 991 2531 1028 fuis-

1499 1063 1552 1093 set
1569 1085 1579 1101 ,
1597 1055 1718 1092 brevis
1738 1061 1856 1092 tamen
1877 1056 1952 1092 visa
1973 1053 2099 1092 fuisset
2119 1055 2327 1090 amantibus.
2343 1054 2419 1090 [huc
2433 1061 2530 1090 autem

1501 1118 1561 1154 ille
1591 1118 1754 1166 pluribus
1777 1118 2020 1164 persequitur.
2043 1116 2218 1162 Quoniam
2247 1125 2328 1152 vero
2345 1115 2404 1161 ipsi
2423 1114 2532 1151 hortati

1501 1181 1598 1217 illum
1619 1181 1760 1218 fuerant
1793 1187 1833 1218 ut
1865 1181 2051 1221 Romano.
2081 1179 2286 1227 presbytero
2316 1177 2532 1221 Aulim-lieno.

1499 1243 1737 1280 sanctimonia
1759 1247 1794 1279 et
1813 1251 1954 1278 morum
1974 1240 2149 1278 sumitate
2177 1239 2322 1287 insigni,
2340 1238 2450 1276 literas
2463 1239 2533 1275 mit-

1501 1311 1593 1342 teret
1610 1317 1618 1340 :
1636 1315 1774 1342 morem
1791 1304 1879 1352 ipsis
1889 1313 2031 1351 gerens,
2046 1302 2231 1350 epistolam
2248 1302 2292 1338 25
2303 1301 2344 1338 ad
2361 1301 2532 1338 lioraanum

1502 1370 1754 1418 presbyterum
1775 1367 1894 1410 misit,
1914 1377 2021 1414 quem
2051 1373 2090 1404 ut
2113 1365 2270 1403 caritatis
2289 1365 2361 1411 lege
2379 1364 2438 1400 sibi
2455 1373 2534 1400 sem-

1502 1443 1567 1480 per
1585 1432 1798 1469 adstrictum
1820 1429 1940 1466 laudat
1961 1439 1982 1467 a
2003 1439 2142 1466 morum
2159 1428 2362 1474 virtutisque
2373 1426 2536 1470 suavitate,

1501 1504 1572 1541 qua
1593 1503 1719 1530 omnes
1737 1493 1798 1540 qui
1821 1491 1864 1528 ad
1887 1492 2002 1538 ipsum
2033 1491 2251 1528 accedebant
2276 1498 2356 1525 suos
2381 1487 2534 1524 redderet.

1503 1557 1618 1603 Rogat
1632 1561 1752 1592 autem
1774 1555 1896 1591 literas
1911 1554 1978 1590 sibi
1996 1554 2126 1594 mittat,
2145 1558 2181 1589 et
2200 1562 2237 1588 se
2259 1561 2396 1598 precum
2411 1558 2534 1586 suarum

1501 1617 1662 1654 subsidio
1676 1617 1790 1664 juvel.
1810 1615 1994 1652 Romanus
2011 1625 2096 1651 vero
2114 1614 2180 1650 hac
2193 1612 2335 1660 epistula
2351 1613 2534 1654 cantamus,

1503 1692 1572 1718 nun
1593 1679 1701 1716 modo
1719 1678 1850 1716 Juanni
1870 1678 2078 1726 rescripsit,
2100 1677 2162 1714 sed
2189 1677 2291 1713 etiam
2315 1674 2347 1711 id
2365 1672 2488 1717 effecit,
2507 1677 2536 1708 ut

1501 1743 1662 1780 caritatis
1695 1750 1730 1779 et
1765 1742 2027 1778 benevolentiae
2060 1751 2142 1788 erga
2172 1739 2450 1786 Cbrysostomum
2477 1744 2537 1770 sua:

1503 1805 1595 1840 fama
1620 1815 1690 1840 non
1716 1805 1751 1840 in
1771 1805 1981 1840 Armeniam
2011 1809 2148 1839 tantum
2163 1829 2172 1844 ,
2194 1801 2256 1837 sed
2274 1807 2308 1836 et
2327 1799 2360 1834 in
2377 1795 2537 1842 Cappado-

1501 1868 1608 1910 ciam,
1627 1867 1745 1913 quavis
1763 1867 1842 1901 tuba
1860 1865 2064 1901 luculentius
2084 1863 2302 1911 pervaderet.
2321 1860 2471 1896 Hortatur
2485 1867 2536 1892 au-

1503 1936 1574 1966 tem
1588 1930 1686 1965 illum
1700 1928 1795 1966 ntde
1813 1929 2020 1966 valetudine
2037 1937 2100 1964 sua
2123 1927 2189 1964 sibi
2213 1923 2419 1972 frequentius
2438 1921 2538 1956 literas

1501 1992 1634 2036 mittat,
1655 1996 1691 2028 et
1716 1991 1751 2026 in
1773 1990 1940 2037 precibus
1959 1990 2014 2027 sui
2031 1987 2239 2026 memoriam
2258 1997 2326 2023 non
2341 1983 2538 2021 intermittat.

1501 2053 1617 2090 Aliam
1635 2063 1779 2099 quoque
1793 2052 1984 2099 epistolam
2001 2051 2074 2087 222
2087 2050 2184 2087 misit
2198 2049 2319 2086 iisdem
2335 2042 2538 2094 presbyteris,

1501 2115 1610 2152 Casto
1627 2143 1638 2159 ,
1660 2115 1804 2152 Valerio
1819 2142 1828 2158 ,
1861 2114 2062 2161 Diopltanto
2078 2118 2114 2150 et
2129 2111 2296 2160 Cyriaco,
2315 2109 2370 2156 qui
2391 2107 2492 2153 ipsum
2508 2108 2541 2139 ut

1501 2178 1639 2224 prolixa
1660 2177 1727 2213 sibi
1746 2176 1899 2224 epistola
1921 2175 2157 2222 responderet
2177 2172 2305 2221 precati
2323 2170 2460 2206 fuerant.
2475 2165 2540 2202 Mus

1503 2246 1564 2276 tuo
1581 2245 1700 2275 autem
1717 2239 1798 2275 illos
1813 2238 1948 2276 amoris
1961 2237 2102 2274 vinculo
2116 2235 2325 2272 constrictos
2339 2227 2539 2277 depraedicat,

1501 2309 1700 2348 optareque
1717 2311 1756 2339 se
1771 2301 1859 2338 dicit
1877 2307 1915 2338 ut
1928 2309 2122 2348 congressu
2140 2297 2206 2334 frui
2221 2297 2336 2340 liceat,
2352 2293 2409 2330 sed
2425 2290 2496 2339 quia
2512 2286 2541 2324 id

1501 2374 1648 2412 sperare
1669 2375 1738 2400 non
1766 2370 1920 2410 poterat,
1941 2362 2121 2409 ingentem
2151 2359 2274 2397 saltem
2297 2357 2465 2392 literarum
2491 2359 2541 2386 co-

1502 2427 1596 2472 piam
1615 2425 1658 2461 ad
1676 2435 1717 2462 se
1737 2426 1896 2461 mittant.

1550 2488 1710 2534 Epistula
1729 2487 1776 2525 95
1793 2487 1924 2533 scripta
1940 2485 2003 2522 fuit
2019 2482 2238 2532 Aphthonio,
2251 2477 2438 2519 Theodoto,
2453 2471 2541 2510 Cha:-

1500 2562 1573 2589 re.e
1602 2551 1824 2599 presbyteris
1853 2556 1889 2587 et
1921 2548 2133 2590 monachis,
2162 2545 2310 2592 aliisque
2339 2541 2372 2578 in
2399 2534 2541 2575 sodalitio

1500 2613 1705 2661 Zeugmatis
1725 2611 1950 2648 versantibus
1968 2621 1976 2644 :
1993 2617 2191 2654 eorumque
2206 2605 2364 2654 precibus
2377 2608 2452 2638 sese
2463 2604 2541 2661 cout-

1501 2657 1660 2718 intendat,
1684 2681 1722 2710 ut
1739 2674 1814 2720 qui,
1833 2683 1914 2709 cum
1936 2670 2072 2708 mundo
2090 2668 2341 2706 valedixissent
2367 2668 2400 2700 et
2421 2660 2486 2708 jam
2512 2657 2540 2692 in

1501 2738 1693 2786 tranquillo
1713 2743 1818 2783 portu
1837 2740 2084 2778 versarentur,
2107 2737 2231 2768 noctes
2264 2731 2297 2766 in
2327 2727 2399 2764 dies
2417 2721 2455 2758 ad

1499 2781 1653 2838 caudam
1673 2781 2000 2840 cornimutaverint;
2023 2795 2238 2840 insuperque
2253 2797 2290 2827 ut
2306 2789 2349 2826 de
2363 2781 2540 2823 valetudine

1500 2876 1562 2901 sua
1583 2874 1622 2900 se
1645 2862 1758 2900 literis
1785 2861 1976 2898 certiorem
1999 2857 2133 2894 faciant
2161 2860 2318 2901 exoptat.
2337 2847 2458 2887 Eadem
2481 2842 2541 2912 fere

1501 2929 1575 2975 ipsa
1595 2925 1726 2974 repetit
1745 2924 1780 2960 in
1800 2923 1953 2970 epistola
1969 2922 2015 2958 70
2029 2921 2073 2957 ad
2092 2919 2237 2956 eosdem
2263 2915 2367 2952 missa
2386 2923 2395 2948 :
2411 2912 2441 2946 in
2457 2912 2542 2975 claua

1501 2974 1572 3027 line
1591 2989 1700 3031 dicit,
1721 2997 1762 3024 se
1779 2985 1925 3034 quidem
1955 2990 2079 3021 exacta
2101 2982 2219 3018 hieme
2249 2985 2284 3015 et
2303 2980 2422 3013 exorto
2438 2977 2510 3036 vero
2524 2974 2540 3000 ³

1499 3054 1596 3101 gravi
1627 3050 1755 3088 morbo
1785 3033 1977 3084 liberatum
2012 3047 2146 3089 fuisse,
2173 3042 2237 3080 sed
2271 3039 2378 3087 ipsius
2397 3033 2542 3101 reliflllllaf

1503 3090 1622 3152 adhuc
1659 3111 1910 3154 circumferre,
1945 3119 2036 3157 quas
2071 3107 2245 3154 angebant
2280 3101 2383 3140 etiam
2419 3090 2541 3157 IsauriCl

1501 3177 1836 3222 Inmultus:qnare
1877 3172 1913 3208 in
1957 3179 2197 3207 arrumnarum
2241 3163 2402 3202 solatium
2441 3155 2542 3224 Ιῐιεῗηιξ

1499 3239 1567 3276 sibi
1590 3239 1796 3284 frequenter
1814 3234 1958 3271 mittant
1986 3236 2146 3278 exoptat.
2165 3228 2239 3266 Sub
2263 3227 2338 3262 haec
2355 3223 2466 3284 literas
2484 3222 2540 3260 ipSI

1499 3280 1675 3337 miserunt
1693 3296 1920 3339 Theodorus,
1942 3295 2112 3332 Nicolaus
2131 3299 2165 3328 et
2182 3290 2346 3328 Chaereas
2361 3314 2370 3327 ,
2389 3280 2480 3330 queis
2498 3283 2542 3312 le-

1498 3363 1746 3402 stilicabantur
1765 3371 1804 3397 se
1824 3360 2004 3396 Cucnsmn
2034 3357 2146 3405 ipsius
2165 3351 2298 3391 visendi
2319 3357 2420 3387 causa
2437 3345 2543 3380 ventu-

1499 3437 1558 3464 ros
1581 3425 1688 3461 fuisse
1705 3451 1715 3467 ,
1745 3423 1812 3458 nisi
1837 3421 2040 3457 Isaurorum
2064 3417 2289 3455 incursiones
2310 3405 2542 3467 impedinlenlo

1498 3487 1565 3522 sibi
1601 3459 1766 3522 fuissent.
1796 3483 1858 3520 llis
1889 3480 2076 3528 respondit
2109 3477 2384 3525 Chrysustomns
2413 3459 2541 3512 epistola

1498 3547 1591 3592 HG,
1615 3557 1654 3584 se
1673 3553 1790 3583 tamen
1813 3545 1909 3591 ipsos
1935 3553 1978 3580 ex
2007 3541 2134 3578 affectu
2164 3539 2222 3575 tali
2244 3533 2341 3584 quasi
2370 3529 2542 3592 ργφεθηιεί

1497 3590 1641 3659 semper
1663 3610 1812 3654 habere,
1829 3590 1899 3645 nec
1916 3606 2082 3644 dubitare
2106 3615 2145 3640 se
2164 3601 2248 3649 quin
2275 3590 2456 3644 aliquando

1497 3649 1723 3710 tata-rerum
1752 3649 1960 3709 conditione
1985 3667 2030 3705 ad
2048 3677 2087 3704 se
2113 3665 2269 3704 veniant.
2293 3661 2338 3696 Se
2365 3660 2474 3692 autem
2503 3649 2544 3682 ειη

1497 3735 1620 3781 quiete
1637 3740 1674 3772 et
1691 3733 1764 3770 otio
1785 3731 1876 3776 frui,
1895 3738 2100 3778 corpusque
2117 3736 2218 3764 suum
2236 3724 2318 3762 licet
2335 3727 2401 3756 non
2421 3714 2544 3781 intesta

1498 3797 1704 3834 Valetudine
1722 3797 1876 3840 fruatur,
1897 3800 1952 3830 sat
1971 3790 2161 3830 commode
2177 3798 2218 3824 se
2237 3783 2366 3822 habere
2379 3805 2388 3821 ι
2409 3782 2441 3812 ει
2459 3773 2541 3808 ¹⁵⁵¹¹¹’

1495 3869 1619 3896 rerum
1637 3858 1862 3896 incursiones
1877 3854 2072 3893 valetudini
2091 3863 2164 3890 suze
2177 3848 2331 3886 ollicere-
2466 3902 2474 3909 ο

1547 3923 1809 3964 Chrusostomu
1825 3922 1868 3958 de
1885 3919 2126 3968 propagatione
2137 3916 2218 3963 ﬁdei
2227 3919 2358 3956 semper
2367 3903 2534 3943 sollicitus.
