2742 4342
239 246 310 282 9ιὸ

241 319 492 368 -ι-Νιιηηυεηη
521 331 708 364 ωτιιιηηω,
739 321 854 360 morbi
883 322 1007 359 alimv'e
1036 323 1298 360 sollicitudines

241 379 412 418 Joannem
440 388 596 419 nostrum
625 389 834 420 averterunt
857 391 878 419 a
908 382 1150 420 sollicitudine
1170 394 1298 430 propa-

241 441 364 488 gandae
391 434 482 479 iidci.
505 442 582 479 Jam
603 443 756 480 vniimus
779 445 907 490 ipsum,
927 451 994 490 qua
1013 443 1072 481 die
1098 443 1212 480 exsilii
1241 443 1298 480 Ιο-

241 513 322 539 cum
341 507 462 548 petens
477 502 632 540 Nicaeam
660 505 841 550 pergebat,
872 504 1060 551 scripsisse
1087 503 1298 541 Constantio

242 565 456 612 presbytero,
477 571 516 601 ut
533 575 577 602 ne
594 575 637 602 ex
653 573 827 611 prasente
846 572 1054 612 tempestate
1068 570 1296 602 amoveretur

239 624 284 660 ab
309 624 426 660 olficio
445 631 481 662 ct
497 635 518 662 a
536 636 573 662 re
593 633 772 672 suscepta,
792 626 854 663 sed
874 636 936 672 pro
954 636 1054 662 more
1071 635 1138 662 suo
1153 625 1295 672 θος,ᾳαί

239 684 353 722 adhuc
372 685 574 727 Grtecorum
594 688 847 734 superstitioni,
867 697 931 724 seu
959 687 1168 724 idololatria:
1185 687 1294 736 dediti

239 752 350 789 erant,
368 747 412 784 ad
433 748 666 784 Christianam
689 749 792 784 fidem
818 754 1028 786 convertere
1057 754 1234 796 pergeret,
1260 753 1296 785 et

239 807 378 854 impiam
410 809 615 856 religionem
645 811 912 855 exterininaret,
945 817 1052 856 atque
1083 809 1291 857 thnicim,

239 867 374 905 Arabia:
384 875 419 905 et
429 869 584 906 Orientis
598 871 836 908 Ecclesiarom
851 881 971 907 curam
985 877 1142 918 gereret.
1159 871 1293 913 Eadem

239 938 377 976 semper
394 929 524 968 ardens
545 932 710 978 cupidine
738 930 1016 980 Chrysostomus
1042 933 1088 969 ad
1107 932 1292 969 Nicolaum

239 991 478 1039 presbyterum
498 993 641 1039 scripsit
656 994 844 1040 epistolam
861 995 908 1032 55
938 1006 947 1030 :
980 1004 1086 1042 quem
1108 994 1294 1032 Nicolaum

237 1052 400 1099 Opinatur
429 1064 464 1090 v.
485 1055 531 1091 cl.
563 1055 813 1092 Tilleinontius
830 1067 910 1094 eum
936 1067 1017 1094 esse
1035 1058 1110 1104 qui,
1133 1063 1172 1094 ut
1189 1057 1294 1094 modo

237 1112 450 1156 dicebamus.
477 1127 558 1154 cum
585 1118 666 1154 aliis
687 1119 900 1165 quibusdam
931 1119 1190 1168 Chrysostomo
1207 1121 1298 1158 scri-

237 1175 332 1220 psit:
348 1176 442 1222 quod
457 1177 488 1214 si
509 1189 579 1215 non
595 1186 748 1222 certum,
773 1181 966 1219 verisimile
981 1183 1174 1220 admodum
1194 1184 1308 1233 vide:

236 1241 303 1274 tur.
321 1237 504 1277 Nicolaum
522 1241 620 1277 illum
637 1250 866 1290 summopere
882 1243 1016 1288 laudat,
1035 1245 1130 1292 quod
1150 1257 1297 1294 evauge

236 1296 310 1334 lica:
336 1299 574 1345 prmdicationi
595 1302 630 1338 in
649 1303 830 1341 Phtenicia
849 1314 993 1351 semper
1012 1305 1235 1353 advigilaret.
1252 1317 1296 1344 ac

235 1360 428 1398 monachos
445 1361 504 1398 illo
521 1363 692 1409 misisset,
707 1370 814 1411 atque
833 1366 868 1402 in
893 1372 990 1402 tanta
1008 1377 1128 1404 rerum
1145 1367 1298 1407 difﬁcul-

235 1423 304 1454 tate
324 1419 402 1456 illos
432 1421 512 1458 istic
540 1433 686 1461 manere
713 1426 901 1472 coegisset.
923 1426 1165 1475 liortaturque
1195 1429 1294 1465 illum

234 1485 272 1514 ut
290 1479 500 1519 Gerontium
523 1484 784 1533 presbyterum,
806 1497 912 1534 quem
929 1499 1034 1525 suum
1054 1489 1156 1534 dicit,
1175 1491 1294 1526 statim

232 1546 338 1586 atque
353 1552 372 1578 a
388 1543 518 1580 morbo
531 1545 766 1590 convaluerit,
787 1554 912 1594 urgeat
934 1555 973 1584 ut
990 1550 1060 1586 iter
1077 1551 1160 1586 illnc
1182 1551 1296 1587 susci-

235 1600 322 1646 piat,
339 1607 510 1648 curetqne
529 1610 568 1640 ut
579 1604 736 1642 Joannes
755 1617 898 1654 quoque
917 1611 1108 1658 presbyter
1123 1621 1209 1648 suus
1225 1622 1294 1648 una

233 1668 314 1704 eum
331 1659 503 1700 Geromio
517 1663 642 1702 eodem
662 1673 798 1714 pergat.
811 1669 858 1704 Se
873 1668 986 1715 ipsius
1000 1670 1136 1708 Nicolai
1152 1673 1294 1710 videndi

231 1725 268 1756 et
293 1723 533 1769 amplectendi
550 1737 679 1774 magno
701 1729 812 1766 teneri
829 1731 1010 1768 desiderio
1028 1733 1129 1777 dicit,
1147 1735 1210 1771 sed
1237 1741 1292 1771 ta-

229 1791 311 1818 men
329 1782 426 1820 illum
441 1795 535 1822 nutic
554 1786 634 1824 istic
651 1799 796 1826 manere
813 1801 963 1829 necesse
980 1793 1129 1831 omnino
1145 1804 1240 1832 esse.

277 1843 330 1879 Ad
357 1843 567 1883 Gerontium
596 1858 703 1894 porro
729 1850 830 1887 illum
849 1861 957 1898 supra
979 1862 1230 1902 memoratum,
1253 1857 1288 1894 in

230 1902 445 1944 Pliteniciam
465 1910 676 1956 profectum,
708 1911 809 1950 binas
838 1915 982 1962 scripsit
1001 1916 1184 1962 epistolas,
1201 1929 1290 1966 qua-

230 1975 306 2002 rum
322 1967 433 2012 prima
460 1969 584 2014 periit;
607 1971 641 2007 in
659 1973 815 2010 secunda
832 1985 921 2012 vero
934 1977 1096 2022 54_illum
1122 1979 1290 2018 cohorta-

230 2029 285 2062 tur
297 2033 330 2064 et
347 2027 519 2072 obsecrat,
535 2038 588 2076 ut,
599 2040 733 2078 quanto
751 2035 866 2080 major
874 2043 929 2073 est
944 2043 1288 2087 tempestas,quanto

229 2088 359 2135 mjora
381 2091 576 2138 ingruentia
600 2095 707 2139 mala,
728 2102 826 2134 tanto
845 2099 982 2145 majore
997 2101 1115 2138 studio
1139 2110 1175 2139 et
1191 2113 1231 2141 se
1249 2110 1290 2142 et

229 2150 315 2187 alios
331 2151 375 2188 ad
405 2153 490 2190 illud
515 2157 638 2202 operis
670 2159 936 2204 suscipiendum
968 2163 1115 2206 excitet,
1149 2174 1232 2201 cum
1264 2176 1288 2202 a

234 2211 356 2248 morbo
370 2215 614 2254 convaluerit.
633 2217 726 2254 Dicit
749 2226 867 2256 autem
895 2229 935 2258 se
969 2221 1182 2261 Constantio
1203 2236 1286 2272 pre-

229 2270 368 2318 sbytero
393 2275 429 2312 id
446 2277 576 2323 negotii
593 2279 832 2324 commisisse,
852 2285 890 2316 ut
909 2281 984 2318 sive
1003 2282 1047 2319 ad
1074 2270 1288 2323 mdium—ex»

227 2336 448 2382 structiones,
478 2339 556 2376 sive
587 2340 631 2376 ad
661 2341 916 2380 sublevandam
950 2343 1100 2382 fratrum
1131 2346 1286 2394 inopiam

228 2393 320 2442 large
335 2397 403 2434 illis
421 2407 584 2447 sumptus
599 2407 634 2438 et
651 2403 822 2450 pecunias
833 2405 1050 2452 suppeditet,
1070 2406 1142 2444 imo
1153 2393 1286 2456 largius

226 2463 328 2499 quam
344 2465 462 2498 antea.

269 2515 346 2554 Jam
379 2519 534 2559 vidimus
551 2523 726 2562 Joannem
748 2533 909 2564 nostrum
931 2539 1061 2567 munus
1091 2541 1155 2568 seu
1185 2542 1284 2570 sum-

225 2585 317 2636 mam
345 2582 515 2626 pecuniaz.
536 2595 639 2630 quam
659 2587 836 2634 Diogenes
857 2590 924 2636 ipsi
946 2591 1106 2636 miserat,
1132 2603 1280 2632 recusaé

223 2635 330 2681 vissc,
342 2645 378 2674 et
395 2640 442 2676 illi
459 2644 642 2689 scripsisse
661 2653 700 2684 ut
717 2659 796 2685 eam
810 2635 988 2689 summam
1011 2654 1044 2690 in
1061 2655 1284 2695 Phoeniciam

223 2696 268 2764 ad
281 2701 452 2764 evangelii
469 2714 650 2749 prmeones
672 2711 845 2754 mitteret,
864 2719 900 2750 et
922 2715 1154 2762 Aphraatem,
1172 2729 1278 2764 quem

223 2757 456 2824 sibimiserat
471 2764 515 2801 ad
543 2776 623 2804 eam
639 2779 714 2806 rem
733 2775 914 2818 expediret
932 2757 1026 2824 :iqui
1052 2779 1106 2815 vir
1129 2757 1206 2816 erat
1232 2781 1281 2818 ad

223 2820 274 2890 eis
289 2823 453 2861 solatium
471 2828 688 2867 afferendum
709 2832 870 2872 idoneus.
890 2820 1046 2876 Joannes
1065 2851 1153 2878 vero
1175 2837 1278 2890 pres-

224 2880 322 2928 byter
339 2885 462 2922 eadem
489 2887 536 2925 de
553 2899 658 2927 causa
679 2892 714 2929 in
735 2893 954 2934 Plitnniciam
983 2909 1023 2938 se
1047 2880 1276 2942 contulerat:

223 2951 434 3012 quapropter
462 2947 740 2996 Chrysostomus
767 2955 872 2994 illum,
896 2962 1124 3000 commendat
1143 2964 1178 3000 in
1196 2966 1276 3012 epi-

223 3003 308 3066 stola
325 3005 371 3042 55
387 3005 545 3046 Simeoni
565 3018 602 3048 et
619 3012 706 3051 Mari
735 3017 950 3066 presbyteris
970 3028 1010 3059 et
1033 3003 1273 3064 monachis'in

224 3063 426 3131 A'patneensi
443 3073 586 3118 regioue
605 3063 854 3116 versantibus;
872 3081 1024 3130 illosque
1044 3084 1207 3126 hortatur
1221 3094 1272 3132 ut,

223 3133 252 3160 ει
269 3137 361 3197 quos
382 3141 574 3178 generosos
599 3143 636 3174 et
657 3147 864 3184 praestantes
884 3145 980 3182 viros
1005 3149 1271 3197 nanciseantur,

221 3187 276 3231 qui
355 3202 431 3230 eam
459 3205 533 3233 rem
561 3199 772 3240 anxiiiarem
805 3215 951 3244 manum
968 3208 1098 3248 fferre
1120 3187 1270 3258 possint:

221 3256 282 3321 qus
297 3251 356 3288 illo
366 3255 516 3321 mittant.
529 3260 618 3298 Cum
635 3263 818 3304 didicisset
826 3268 948 3306 autem
968 3251 1136 3318 Alpinium
1151 3251 1273 3321 quem;

221 3309 313 3379 dam,
331 3325 433 3362 quem
461 3319 615 3360 Joannes
636 3327 824 3376 presbyter
841 3329 990 3375 adierat,
1013 3309 1117 3370 “illum

220 3380 321 3438 ξίδξθτ
336 3381 488 3438 atquein
505 3382 722 3424 Plimniciam
739 3389 894 3434 misisse.
914 3392 988 3430 imo
999 3395 1076 3431 auri
1091 3407 1268 3434 summam

463 3451 472 3477 :
493 3443 655 3492 Alpbimn
682 3449 763 3486 ideo
779 3451 937 3490 celebrat
953 3453 1111 3494 Joannes
1128 3464 1264 3503 noster,

219 3500 252 3530 ct
267 3501 306 3534 ut
321 3497 386 3535 sibi
403 3499 604 3550 frequenter
619 3509 743 3548 literas
763 3514 880 3549 mittat
898 3514 1076 3553 hortatur.

262 3555 438 3600 Tumultus
453 3564 488 3601 in
507 3565 682 3608 Pirenida
701 3575 820 3610 contra
835 3574 1014 3623 Evangelii
1031 3587 1268 3623 praecum.—

219 3613 344 3657 anrto
372 3633 502 3673 magno
527 3627 562 3666 in
590 3629 772 3671 thnicia
793 3613 960 3679 tumultu,
990 3613 1072 3674 cum
1092 3642 1264 3688 evangelii

221 3685 392 3720 matrones
421 3685 455 3722 in
473 3692 653 3736 aerumnis,
672 3700 710 3731 et
733 3695 881 3733 forsitan
903 3697 936 3734 in
967 3699 1127 3744 periculo
1145 3685 1266 3738 versa-

219 3745 358 3786 rentur;
386 3753 563 3788 nietuenst
575 3752 733 3792 Joannes
753 3764 876 3794 noster
909 3769 955 3796 ne
982 3769 1003 3795 a
1036 3761 1264 3806 praedicando

219 3805 392 3872 ξ’ξηεειὶο
409 3807 632 3859 desisterent,
657 3815 844 3862 epistolam
866 3819 934 3856 125
953 3805 1096 3867 scripsit
1116 3823 1262 3872 presby-

219 3863 297 3900 teris
313 3871 346 3903 et
363 3873 543 3928 monachis
553 3877 704 3922 gentiles
721 3879 756 3915 in
782 3879 964 3918 Phanicia
981 3863 1256 3926 instituentibus.

407 3942 585 3990 Psrnot..
609 3949 688 3992 Gn.
717 3953 889 3997 XLVII.

1007 243 1130 286 NUNC
1158 240 1335 288 rituum
1363 247 1628 291 ADORNATA.

2367 245 2440 282 24η

1377 325 1548 362 Hortatur
1575 333 1695 363 autem
1714 335 1864 366 cunctos
1882 335 1919 366 et
1937 329 2110 376 singulos,
2147 339 2192 366 ne
2210 331 2375 376 qniscos
2397 326 2446 363 ob

1371 391 1536 421 exortum
1563 388 1752 423 tumultum
1782 390 1816 424 in
1837 387 2000 426 fraudem
2028 390 2189 436 impellat
2208 389 2263 426 vel
2284 391 2441 426 abducat

1369 444 1414 480 ad
1434 444 1654 482 Phteniciam
1674 447 1948 493 relinquendam
1965 460 1974 484 :
1993 460 2064 496 quo
2083 451 2239 497 majores
2257 451 2352 488 enim
2371 449 2441 485 dif-

1369 504 1546 542 ficultates
1565 511 1602 542 et
1619 517 1790 543 :crumna:
1805 507 2037 553 objiciuntur,
2057 521 2102 546 eo
2117 511 2250 558 majora
2267 511 2334 547 sibi
2349 520 2440 557 prte-

1367 567 1438 602 mia
1458 567 1649 602 reservari.
1670 567 1758 604 Cum
1779 568 1876 604 enim
1900 569 2094 614 impietatis
2116 579 2255 616 partem
2275 573 2310 608 in
2332 571 2439 608 Phae—

1367 627 1458 663 nicia
1472 627 1548 674 jam
1567 628 1793 673 sustulerint,
1811 630 2010 666 curandum
2031 640 2112 668 esse
2133 642 2178 668 ne
2199 639 2318 668 tantus
2339 633 2440 669 labor

1367 688 1482 726 fructu
1501 695 1637 726 careat.
1653 689 1701 728 Se
1714 691 1762 727 ita
1785 691 1984 738 providisse
2002 693 2065 736 ait,
2098 699 2136 728 ut
2154 693 2242 729 nihil
2270 705 2438 740 umquam

1361 752 1493 789 deesse
1511 753 1638 799 possit,
1659 760 1771 800 utque
1787 754 1906 790 omnia
1937 754 2024 800 ipsis
2044 754 2236 791 affluenter
2266 755 2440 802 suppedi-

1364 819 1499 850 tentur.
1520 814 1622 859 Quod
1641 817 1671 852 si
1691 817 1750 854 ille
1773 817 1808 852 in
1824 815 1954 852 Cucusi
1983 816 2176 852 solitudine
2194 826 2342 853 versans
2359 823 2438 854 tan-

1367 881 1437 911 tam
1467 875 1610 912 illorum
1629 887 1756 914 curam
1775 883 1890 924 gerat,
1910 877 2024 914 multo
2042 877 2156 925 magis
2177 878 2286 924 ipsos,
2309 877 2439 924 quibus

1364 935 1484 972 omnia
1499 937 1644 974 abunde
1664 945 1876 985 suppetunt,
1895 949 1975 985 qua:
1993 948 2138 976 suarum
2167 941 2320 986 partium
2339 944 2436 982 sunt,

1365 998 1506 1034 abunde
1518 1005 1692 1046 praestare
1714 999 1862 1036 debere.
1885 1000 1945 1037 Ait
1961 1009 2048 1036 vero
2067 1009 2107 1036 se
2129 999 2436 1046 religiosissimum

1363 1059 1539 1096 Joannem
1576 1061 1824 1108 presbyterum
1855 1063 1997 1100 misisse
2027 1063 2089 1110 qui
2111 1063 2192 1100 illos
2212 1061 2437 1099 cohortetnr.

1367 1121 1415 1158 Se
1443 1121 1588 1158 demum
1609 1123 1730 1158 omnia
1757 1123 1901 1160 abunde
1921 1125 2131 1170 praestitisse
2163 1135 2173 1160 :
2201 1123 2295 1171 quod
2325 1123 2355 1160 si
2387 1123 2437 1160 illi

1365 1181 1458 1217 alios
1475 1191 1515 1218 se
1529 1183 1576 1218 ab
1591 1181 1714 1220 officio
1727 1190 1933 1221 avertentes
1947 1185 2107 1231 audiant,
2124 1185 2268 1222 videant
2287 1185 2322 1222 in
2335 1185 2438 1232 cujus

1365 1249 1474 1290 caput
1490 1249 1587 1280 tanta
1613 1245 1750 1290 jactura
1769 1245 1886 1282 cadat.

1413 1304 1488 1342 Sub
1506 1304 1584 1342 hazc
1601 1312 1721 1342 autent
1743 1315 1812 1342 nec
1830 1305 1942 1342 multo
1965 1311 2102 1352 postea.
2117 1299 2271 1353 gentiles
2289 1304 2436 1344 Plateni-

1365 1367 1430 1403 cia:
1448 1366 1482 1402 in
1500 1365 1658 1403 furorem
1677 1367 1763 1412 acti,
1783 1367 1818 1402 in
1839 1367 2037 1404 monachos
2055 1367 2230 1414 evangelii
2251 1377 2438 1413 praecones

1367 1428 1651 1471 insurrexerunt,
1671 1439 1713 1466 ac
1745 1429 1949 1476 complures
1982 1430 2189 1466 vulneribus
2218 1429 2430 1474 affecerunt,

1366 1489 1540 1535 quosdam
1567 1489 1676 1530 etiam
1709 1491 1930 1527 occiderunt.
1953 1491 2041 1536 Qua:
2072 1501 2130 1528 res
2159 1491 2335 1528 Joannem
2369 1502 2437 1529 no-

1365 1556 1480 1588 strum
1508 1551 1700 1589 admodum
1718 1555 1938 1591 commovit:
1959 1555 2150 1601 statimque
2169 1555 2284 1592 virum
2304 1556 2436 1602 quresi-

1367 1612 1431 1656 vit,
1450 1613 1510 1659 qui
1531 1619 1630 1650 tanto
1645 1614 1738 1651 malo
1753 1614 1950 1652 remedium
1970 1615 2098 1653 afferre
2119 1623 2252 1663 posset.
2273 1615 2348 1654 Nec
2361 1626 2435 1652 ma~

1365 1672 1418 1719 gis
1445 1673 1596 1711 idoneus
1631 1683 1711 1712 sese
1732 1677 1844 1712 menti
1862 1677 2006 1720 obtulit,
2039 1687 2146 1725 quam
2179 1678 2328 1714 Rufinus
2354 1688 2432 1726 pro.

1363 1734 1500 1782 sbyter,
1511 1736 1568 1772 cui
1589 1737 1778 1783 epistolam
1798 1738 1858 1776 ille
1873 1737 1972 1775 misit
1988 1739 2070 1784 ηδ,
2091 1739 2264 1788 illumque
2282 1739 2434 1788 rogavit,

1361 1790 1435 1833 imo
1453 1797 1557 1839 ursit,
1585 1803 1624 1833 ut
1642 1807 1751 1844 quam
1771 1799 1962 1837 celerrime
1982 1807 2106 1848 posset
2129 1811 2168 1838 se
2189 1801 2234 1837 ad
2254 1802 2322 1838 iter
2349 1801 2433 1839 illud

1359 1857 1565 1904 accingeret
1585 1869 1594 1894 :
1613 1865 1752 1896 certum
1771 1860 1867 1897 enim
1885 1861 1954 1898 sibi
1975 1871 2070 1906 esse,
2093 1863 2123 1899 si
2144 1873 2285 1908 preces,
2309 1861 2424 1899 lenita

1360 1925 1448 1960 tem.
1469 1920 1796 1965 mansuetudinem,
1827 1922 2052 1969 patientiam,
2073 1931 2108 1960 et
2126 1934 2204 1960 eam
2227 1933 2296 1970 qua
2323 1923 2435 1970 polle-

1359 1980 1420 2017 bat
1438 1981 1548 2017 animi
1569 1979 1818 2018 fortitudinem
1846 1983 2050 2026 adhiberet,
2071 1984 2188 2028 ipsum
2209 1985 2265 2020 vel
2283 1991 2434 2032 aspecto

1359 2042 1436 2079 solo
1453 2043 1685 2080 adversarios
1700 2043 1734 2080 in
1753 2043 1872 2090 fugam
1888 2051 2054 2081 acturum
2073 2054 2167 2082 esse.
2194 2046 2254 2082 [tit
2271 2055 2357 2083 vero
2374 2055 2428 2093 se,

1358 2113 1441 2141 cum
1459 2107 1614 2152 primum
1634 2107 1714 2152 ejus
1739 2107 1774 2143 in
1801 2107 2024 2145 Phteniclam
2041 2108 2236 2146 adventum
2257 2109 2430 2156 audierit,

1359 2173 1444 2204 tunc
1471 2167 1550 2206 sine
1567 2178 1652 2205 cura
1679 2175 1718 2206 et
1743 2169 1778 2206 in
1799 2171 1994 2208 securitate
2013 2170 2174 2208 futurum
2195 2182 2290 2210 esse.
2311 2172 2430 2211 Mirari

1357 2235 1446 2264 vero
1470 2237 1510 2264 se
1535 2228 1638 2270 dicit,
1664 2229 1758 2276 quod
1779 2241 1860 2267 ctnn
1889 2229 2103 2270 Theodorus
2121 2233 2310 2282 presbyter
2327 2235 2370 2272 ad
2391 2245 2431 2273 so

1358 2289 1531 2332 venisset,
1561 2289 1677 2326 nullas
1699 2291 1813 2336 ipsius
1833 2292 1953 2329 Ruﬁni
1975 2294 2097 2331 literas
2125 2296 2195 2332 sibi
2223 2289 2429 2336 attulisset:

1357 2357 1576 2395 quapropter
1594 2351 1756 2387 hortatur
1773 2353 1870 2388 illum
1886 2360 1941 2398 ut,
1957 2365 2038 2391 cum
2055 2357 2089 2391 in
2107 2356 2330 2394 thniciam
2348 2368 2430 2406 pro-

1356 2410 1554 2456 ﬁciscetur,
1574 2415 1610 2448 in
1627 2413 1778 2458 singulis
1793 2416 2042 2452 mansionibus
2061 2417 2128 2452 sibi
2146 2417 2266 2454 literas
2283 2420 2400 2457 mittat
2417 2435 2428 2458 :

1355 2471 1452 2519 quod
1470 2472 1500 2507 si
1522 2471 1650 2509 fratres
1669 2473 1788 2509 adhuc
1817 2474 1880 2509 illo
1911 2475 2056 2511 mittere
2081 2483 2260 2522 Oporteat,
2292 2479 2326 2514 id
2359 2480 2426 2517 sibi

1354 2539 1480 2570 notum
1497 2532 1618 2570 faciat.
1633 2534 1682 2570 De
1701 2540 1906 2570 sanctorum
1923 2545 2008 2572 vero
2020 2543 2220 2584 martyrum
2231 2538 2424 2586 Reliqniis,

1354 2602 1444 2642 quas
1463 2601 1690 2642 poposcerat.
1714 2607 1758 2632 ne
1777 2596 1868 2632 ultra
1898 2604 2002 2634 curet
2022 2598 2188 2635 hortatur
2216 2611 2226 2635 :
2257 2611 2298 2637 se
2327 2601 2426 2638 cnim

1353 2657 1563 2694 Terentium
1577 2657 1825 2706 presbyterum
1839 2659 1982 2696 misisse
1995 2659 2039 2696 ad
2052 2660 2174 2697 Otreiu
2183 2672 2231 2704 in,
2243 2663 2426 2700 Arabissa:

1351 2719 1577 2767 episcopum,
1613 2719 1673 2766 qui
1694 2719 1826 2756 multas
1852 2730 1895 2756 ac
1921 2721 2069 2758 minime
2086 2721 2214 2758 dubias
2240 2723 2424 2771 Reliquias

1351 2781 1520 2828 habebat,
1548 2791 1638 2829 quas
1667 2782 1792 2830 paucis
1825 2788 1947 2828 postea
1980 2783 2108 2820 diebus
2135 2785 2170 2820 in
2201 2785 2422 2823 Phtreniciam

1350 2842 1417 2889 ipsi
1435 2843 1611 2880 missurus
1627 2849 1718 2880 erat.

1396 2905 1436 2942 in
1447 2904 1598 2952 epistola
1609 2914 1751 2952 quoque
1761 2904 1808 2942 28
1819 2905 1862 2941 ad
1877 2904 2046 2942 Basiliam
2061 2907 2422 2954 presbyterum,dieit

1347 2966 1462 3010 illum,
1475 2976 1580 3012 quem
1595 2965 1640 3002 tle
1657 2965 1748 3002 facie
1766 2976 1960 3013 numquam
1973 2967 2126 3010 viderat.
2145 2969 2318 3006 adversus
2334 2981 2422 3018 gen-

1347 3027 1428 3064 tiles
1440 3027 1640 3071 decertare,
1654 3033 1693 3064 ut
1709 3037 1774 3065 eos
1783 3028 1828 3065 ad
1841 3029 1934 3065 viam
1949 3030 2108 3066 veritatis
2125 3030 2320 3070 deduceret
2335 3043 2346 3070 :
2365 3039 2421 3070 nt-

1345 3099 1425 3125 rnm
1441 3095 1562 3126 autem
1581 3088 1616 3125 in
1635 3089 1818 3127 Phtenieia
1837 3089 1871 3126 id
1889 3097 2026 3138 ageret,
2043 3091 2236 3129 incertum.
2251 3093 2354 3131 Prior
2368 3091 2418 3131 illi
2438 3086 2440 3089 ’

1346 3150 1467 3189 literas
1478 3151 1574 3188 misit
1585 3151 2028 3200 Chrysostomus,piet.itis
2039 3154 2151 3201 ipsius
2161 3155 2253 3192 fama
2263 3165 2420 3194 commo

1346 3219 1417 3257 tus,
1441 3212 1676 3261 hortaturque
1702 3213 1803 3250 illum
1826 3221 1864 3251 ut
1882 3215 2035 3253 subinde
2054 3216 2124 3254 sibi
2143 3215 2268 3254 literas
2285 3218 2399 3255 mittat

1363 3300 1366 3303 -
1391 3274 1610 3313 Commmini:
1627 3276 1799 3324 presbyter
1811 3289 1833 3314 α
1851 3276 2094 3326 Chrysostomo
2117 3282 2243 3318 missus
2260 3288 2411 3319 aetatu.

1340 3354 1389 3363 --
1405 3335 1501 3373 Dixit
1515 3341 1624 3384 Supra
1645 3337 1805 3375 Joannes
1821 3346 1947 3377 noster
1965 3341 1998 3377 in
2013 3341 2122 3388 epist.
2139 3341 2185 3379 ad
2203 3341 2416 3380 Gerontium

1342 3397 1402 3438 54.
1421 3408 1462 3435 se
1479 3398 1692 3436 Constantio
1714 3401 1928 3450 presbytero
1952 3404 2192 3447 commisisse,
2213 3409 2254 3441 ut
2271 3403 2329 3448 iis,
2355 3405 2414 3450 qui

1343 3459 1378 3495 in
1405 3460 1586 3498 thnicia
1621 3461 1808 3508 gentilium
1827 3463 2057 3502 conversiooi
2091 3465 2228 3501 dabant
2249 3473 2412 3510 operam,

1343 3524 1514 3567 pecunias
1545 3522 1688 3562 abunde
1719 3525 1981 3571 suppeditaret.
2016 3525 2142 3574 Neque
2171 3525 2327 3571 explicat
2363 3522 2412 3556 ibi

1339 3592 1407 3627 qua
1438 3583 1486 3622 de
1513 3594 1621 3621 causa
1653 3585 1886 3626 Constantius
1907 3615 1917 3630 ,
1942 3589 2003 3636 qui
2031 3585 2277 3634 Chrysostomi
2307 3582 2411 3619 lateri

1341 3645 1513 3690 torrebat,
1545 3647 1580 3684 in
1611 3647 1692 3686 illas
1712 3656 1834 3696 partes
1861 3651 1931 3687 iter
1949 3648 2149 3696 susceperit
2175 3657 2186 3682 :
2217 3653 2342 3681 verum
2372 3643 2411 3680 ίδι

1339 3708 1445 3752 epist.
1469 3707 1516 3746 62
1543 3708 1668 3754 Casio.
1688 3710 1848 3755 Valerio,
1869 3711 2086 3756 Diophanto.
2101 3713 2138 3744 et
2151 3705 2316 3753 (Syriaco,
2334 3713 2411 3750 pre-

1337 3767 1491 3816 sbyteris
1511 3769 1770 3815 Antiochenis,
1801 3781 1918 3818 ipsum
1955 3765 2184 3805 commendat
2218 3769 2258 3800 ut
2287 3763 2408 3810 inique

1336 3836 1501 3868 vexatum
1524 3833 1571 3870 ob
1588 3833 1766 3880 quoddam
1787 3833 1944 3879 ignotum
1971 3827 2075 3863 nobis
2103 3826 2297 3872 negotium,
2319 3835 2405 3872 prc-

1338 3895 1510 3942 caturqne
1523 3901 1562 3931 ut
1575 3900 1714 3938 curent,
1743 3903 1788 3930 ne
1815 3892 1883 3928 huc
1899 3895 2007 3935 atque
2025 3887 2108 3924 illnc
2127 3888 2404 3934 circumagatur.

2117 3959 2164 3999 L's
