2742 4342
241 219 310 258 249

285 295 414 342 Elapso
447 303 568 332 mese
601 293 753 332 accessit
787 292 988 338 Palladius,
1027 292 1294 340 Helenopoleos

241 365 428 403 episcopus
441 382 450 398 ,
471 365 508 392 se
537 355 690 392 furorem
710 354 939 401 magistratus
957 352 1159 390 declinandi
1185 362 1292 390 causa

239 416 371 464 fugisse
389 425 549 460 narrans,
565 420 600 452 et
614 425 692 462 quae
708 420 794 452 tunc
809 415 886 451 dira
903 415 1162 452 exercebantur
1178 414 1292 460 signi-

239 479 358 516 ficans.
375 479 458 515 Post
478 478 671 515 Palladium
693 479 791 515 venit
813 476 1016 514 Germanus
1034 477 1240 524 presbyter,
1256 483 1292 514 et

237 547 316 575 Cum
337 538 396 574 illo
411 537 602 575 Cassianus
617 538 810 581 diaconus,
830 538 864 574 in
892 544 966 574 toto
983 538 1069 574 orbe
1089 537 1292 574 Christiano

237 599 486 637 celeberrimus
507 611 516 635 :
533 599 593 648 qui
606 600 727 636 literas
741 598 934 636 efferebant
951 598 1061 634 totius
1073 597 1165 634 Cleri
1181 597 1292 634 Joan-

237 660 293 696 nis
311 659 570 707 Chrysostomi,
603 660 832 697 testificantes
861 660 1065 706 episcopum
1095 668 1198 695 suum
1233 665 1290 707 ty—

237 720 379 757 rannice
400 721 433 756 iu
458 721 620 758 exsilium
647 727 762 757 actum
785 729 865 757 esse
883 728 946 766 per
959 719 1150 756 factionem
1170 719 1290 756 Acacii

237 779 654 830 Berteensis,’l‘heophili
692 780 942 825 Alexandrini,
977 780 1140 818 Antiochi
1173 780 1291 817 Ptoleo

237 843 382 887 maidos,
402 850 438 880 et
451 843 632 880 Severiaui
649 842 878 880 Gabalorum.
899 841 952 878 Ad
973 841 1051 878 haec
1070 841 1288 878 breviculum

236 904 478 947 ostenderunt,
495 913 564 951 Quo
583 904 734 950 pretiosa
753 911 834 939 vasa
853 903 1073 939 tradiderant
1089 911 1210 939 coram
1228 902 1290 948 ju-

235 963 385 1008 dicibus,
400 964 526 1000 Studio
545 963 718 1000 Praefecto
745 963 860 1008 urbis,
881 962 1102 1010 Eutychiauo
1118 961 1290 999 Prmfecto

234 1023 418 1068 Praeterii,
451 1023 589 1061 Joanne
623 1023 760 1061 Comite
793 1024 1068 1066 thesaurorum,
1105 1022 1289 1059 Eustatliio

233 1085 418 1132 Quaestore
437 1091 473 1123 et
490 1085 702 1130 Tabulariis,
723 1085 759 1122 in
777 1095 878 1128 auro,
900 1091 1046 1131 argento
1060 1090 1097 1120 et
1115 1083 1287 1128 vestibus,

233 1147 444 1184 calumniam
461 1146 590 1184 Joanni
615 1147 785 1193 episcopo
807 1144 993 1182 confictam
1023 1144 1286 1192 propulsantes.

233 1207 307 1252 Qua
325 1207 370 1244 de
392 1217 431 1245 re
449 1215 568 1244 actum
585 1213 654 1252 est,
672 1217 750 1244 cum
771 1206 816 1244 de
835 1205 1043 1254 expulsione
1055 1205 1284 1254 Chryostomi

231 1267 338 1306 verba
357 1269 518 1306 fecimus.
1191 1263 1193 1266 ’

278 1328 362 1368 Post
380 1330 459 1368 illos
479 1331 600 1377 rediit,
623 1331 682 1378 qui
697 1323 770 1378 jam
797 1333 879 1368 ante
905 1334 1050 1368 Venerat
1072 1331 1286 1376 Demetrius,

232 1391 450 1428 Pessinuntis
479 1392 690 1439 episcopus,
721 1391 783 1438 qui
819 1389 1000 1428 Orientem
1035 1397 1287 1438 percurrcrat,

233 1451 429 1499 prmd‘icans
453 1452 697 1490 Romanorum
723 1453 1011 1489 communionem
1040 1463 1121 1489 cum
1151 1452 1290 1489 Joanne

231 1514 409 1560 episcopo,
429 1514 582 1550 ostensis
593 1511 788 1550 lnuo‘centii
801 1513 905 1559 Papa:
918 1513 1054 1558 literis;
1071 1520 1154 1550 tunc
1169 1520 1288 1550 autem

230 1574 381 1610 ali'erens
402 1575 521 1610 literas
536 1570 782 1620 episeoporum
799 1573 927 1618 Carizc,
949 1575 1008 1621 qui
1025 1574 1173 1611 Joannis
1189 1584 1288 1610 com-

231 1636 439 1672 munionem
463 1635 788 1682 amplectebantur,
809 1635 968 1682 aliasque
998 1636 1288 1684 presbyterorum

230 1698 450 1742 Antiochiae,
479 1698 539 1745 qui
560 1697 754 1734 Romanam
783 1698 1006 1746 disciplinam
1035 1700 1286 1747 sequebantur,

229 1756 533 1806 deplorabantque
567 1759 754 1806 Porphyrii
787 1759 1046 1798 ordinationem
1078 1768 1200 1798 contra
1228 1761 1288 1808 jus

229 1817 350 1866 fasque
367 1816 513 1856 indueti.

274 1881 358 1919 Post
374 1882 452 1918 illos
471 1891 596 1920 omnes
609 1883 707 1920 venit
726 1883 947 1920 Domitianus
962 1883 1163 1932 presbyter,
1187 1895 1286 1922 teco-

229 1953 354 1980 nomus
384 1943 553 1982 Ecclesiae
587 1944 1012 1994 Constantinopolitanre,
1050 1952 1088 1984 et
1121 1947 1286 1996 Vallagas

227 2004 382 2052 quidam,
401 2005 587 2054 presbyter
603 2005 806 2051 Nisibenus,
819 2017 970 2044 narrans
987 2009 1283 2044 monasteriorum

227 2065 484 2114 Mesopotamia:
503 2066 746 2104 afﬂictionem.
767 2067 810 2104 Hi
829 2068 934 2104 etiam
959 2068 1184 2114 protulerunt
1201 2075 1280 2105 acta

227 2126 341 2174 Optati
360 2124 541 2170 Praefecti,
563 2128 598 2164 in
615 2129 716 2176 queis
731 2127 912 2165 ferebatur
931 2128 1100 2165 honestas
1118 2129 1286 2167 mulieres

229 2197 271 2224 ex
286 2197 415 2234 genere
434 2188 622 2226 consulum
649 2187 870 2225 diaconissas
889 2187 1061 2225 Ecclesiae
1079 2187 1286 2225 Constanti-

228 2250 450 2296 nopolitanzc,
469 2249 506 2286 in
521 2249 636 2286 oculis
649 2249 768 2297 p0puli
783 2248 829 2286 ad
847 2259 927 2286 eum
944 2249 1129 2293 adductas,
1145 2257 1286 2288 coactas

229 2309 332 2348 fuisse
349 2317 410 2348 aut
429 2321 511 2356 cum
530 2312 679 2348 Arsacio
697 2311 986 2356 communicare,
1007 2317 1070 2348 aut
1088 2311 1176 2349 fisco
1201 2312 1288 2350 dare

228 2373 394 2412 ducentas
425 2374 502 2412 auri
531 2375 652 2411 libras.
673 2375 812 2411 Ascette
829 2383 971 2422 quoque
988 2380 1026 2410 et
1051 2375 1206 2421 virgines
1224 2374 1288 2411 ad-

227 2441 336 2479 erant,
348 2436 576 2474 ostendentes
587 2436 720 2473 sulcata
732 2435 845 2473 latera
857 2435 894 2472 in
905 2435 1072 2484 equuleo,
1086 2436 1172 2473 etin
1187 2442 1286 2484 tergo

227 2497 409 2534 verberum
431 2505 546 2536 notas.

273 2557 462 2597 Innocentii
489 2560 596 2610 Papre
616 2562 736 2602 litera.
751 2583 800 2591 --
817 2561 879 2600 His
893 2562 1097 2610 conspectis
1119 2563 1286 2600 omnibus

228 2619 453 2658 Innocentius
465 2622 558 2670 Papa
585 2624 855 2673 Cbrysostomo,
871 2635 890 2661 a
907 2635 979 2673 quo
998 2625 1120 2663 literas
1137 2635 1286 2672 accepe-

228 2685 296 2723 rat,
311 2682 504 2728 rescripsit,
517 2689 551 2718 et
562 2684 604 2720 ad
619 2686 822 2730 patientiam
835 2687 870 2723 in
882 2693 978 2723 tanta
990 2686 1176 2724 subeunda
1187 2687 1285 2723 cala-

210 2743 348 2780 'ruitate
364 2745 568 2782 cohortatus
587 2753 640 2782 est
659 2745 814 2793 (Sogom.
833 2749 859 2784 ι.
886 2749 922 2786 8.
949 2760 980 2786 c.
999 2749 1077 2797 26).
1098 2749 1284 2796 Episcopis

227 2803 346 2847 etiam,
375 2797 610 2852 presbyteris,
637 2804 796 2845 diaconis
817 2813 854 2845 et
881 2810 1050 2848 universo
1079 2810 1184 2849 Clero
1213 2811 1282 2848 Ec-

227 2864 340 2900 clesize
359 2864 776 2914 Constantinopolitanae,
795 2869 853 2917 qui
871 2870 938 2906 sibi
956 2872 1075 2910 literas
1095 2873 1281 2917 miserant,

227 2933 289 2971 per
303 2925 517 2964 Germanum
547 2929 794 2978 presbyterum
811 2938 847 2968 et
863 2932 1068 2970 Cassianum
1092 2935 1282 2972 diaconum

229 2986 419 3031 respondit,
443 2993 578 3025 tantum
602 2991 735 3027 malum
771 2992 838 3030 sibi
859 2994 1054 3033 renuntiari
1079 2996 1224 3041 dicens,
1245 3003 1283 3034 ut

228 3047 299 3083 sola
317 3049 494 3096 patientiae
519 3052 764 3090 consolatione
788 3057 904 3092 sanari
927 3067 1031 3104 posse
1059 3064 1169 3106 putet.
1189 3059 1280 3096 Tum

227 3116 299 3151 eos,
324 3111 383 3156 qui
399 3121 470 3148 non
489 3112 648 3150 auditum
677 3114 849 3154 Joannem
875 3117 1150 3165 damnaverunt,
1173 3127 1212 3158 ut
1228 3121 1281 3160 fa-

227 3167 406 3232 cinorosos
427 3173 602 3230 improbat
624 3187 634 3212 :
657 3179 968 3227 necessariumque
988 3191 1070 3218 esse
1088 3183 1138 3218 ait
1165 3182 1282 3232 Syno-

225 3227 304 3266 dum
319 3227 458 3280 cogere,
473 3246 551 3283 qua:
563 3236 606 3274 de
619 3243 714 3274 tanta
732 3249 772 3276 re
787 3241 1117 3286 possitdcceruerc.
1134 3245 1180 3282 Sc
1191 3227 1278 3282 vero

225 3292 353 3354 omnia,
381 3303 460 3340 quae
482 3296 548 3343 ipsi
566 3299 773 3347 narrabant,
792 3302 972 3340 audivisse
997 3304 1085 3342 dicit
1113 3316 1132 3341 a
1153 3307 1277 3354 coepi-

223 3353 338 3416 scopis
350 3355 423 3392 suis
437 3357 628 3406 Demetrio,
643 3361 806 3410 Cyriaco,
821 3364 967 3414 Eulysio
983 3371 1018 3404 ct
1030 3367 1200 3413 Palladio,
1214 3353 1276 3416 qui

223 3417 302 3452 tunc.
314 3415 436 3455 Roma:
451 3427 566 3459 erant.

266 3475 481 3525 Innocentius
503 3483 601 3531 Papa
622 3493 654 3523 et
673 3487 849 3526 Honorius
867 3489 963 3536 Imp.
991 3491 1171 3540 Synodum
1187 3505 1276 3531 mcu-

223 3540 380 3578 metricam
388 3544 548 3583 celebrari
565 3549 719 3596 cupiunt.
733 3571 780 3578 —
797 3552 846 3588 De
859 3552 1018 3590 Concilio
1031 3554 1139 3602 igitur
1154 3555 1274 3594 (Ecu-

223 3601 356 3641 menico
371 3608 530 3653 cogendo
544 3610 588 3646 ad
609 3611 805 3650 Honorium
823 3601 1077 3661 Imperatorem
1096 3624 1182 3657 tunc
1202 3621 1274 3657 Ra-

223 3669 342 3728 yenna:
366 3675 565 3728 versantem
583 3674 738 3720 scripsit.
759 3675 826 3720 Qui
846 3686 921 3712 rem
941 3687 1170 3726 summopere
1191 3692 1274 3728 pro-

223 3719 307 3790 batis
314 3725 414 3790 jussit
425 3719 703 3790 Occidentalium
717 3719 900 3781 Synodum
921 3737 1014 3785 cogi.
1027 3719 1148 3778 Coacti
1166 3719 1274 3790 igitur

388 3788 506 3834 llaliut,
529 3799 566 3830 ut
585 3794 634 3830 ait
653 3794 829 3833 Palladius
849 3797 1006 3844 (caetera;
1033 3786 1195 3850 namque
1205 3805 1274 3844 Oo-

222 3841 364 3883 cideatis
391 3852 580 3896 provincia:
597 3861 633 3892 et
660 3855 823 3906 regiones
843 3841 1184 3908 septentrionalia-m7

1011 217 1132 256 NUNC
1159 217 1338 257 PRIMUM
1359 219 1624 258 ADOR‘NATA.

2359 218 2430 256 250

1372 300 1507 331 nonum
1527 295 1772 333 invasionibus
1793 297 2015 344 laborantes,
2040 297 2097 334 vix
2116 300 2280 343 poterant
2298 294 2336 332 in
2362 295 2430 330 Ita-

1367 354 1450 391 liam
1469 354 1658 402 episcopos
1673 365 1759 394 suos
1777 358 1934 405 mittere)
1955 369 1966 396 :
1987 367 2057 394 una
2079 357 2144 394 fuit
2157 363 2276 394 autem
2297 356 2431 403 cpisco-

1367 423 1492 460 porum
1511 415 1714 460 sententia;
1736 417 1904 452 nimirum
1925 423 1966 454 ut
1985 423 2084 454 tanto
2115 417 2212 454 malo
2231 417 2429 454 remedium

1365 473 1566 518 afferretur,
1590 476 1834 512 necessarium
1852 486 1932 512 esse
1951 477 2148 514 Concilium
2168 479 2432 516 recumenicum

1365 534 1648 572 Occidentalium
1667 535 1773 572 simul
1789 542 1826 573 et
1845 537 2094 581 Orientalium,
2111 546 2148 576 et
2163 540 2431 578 Thessalonica;

1362 588 1593 632 indicendum
1625 607 1720 640 esse,
1749 602 1787 633 ut
1813 596 1954 634 facilius
1978 599 2134 636 Orientis
2163 607 2201 636 et
2227 601 2433 640 Occidentis

1363 655 1537 704 praesules
1553 658 1615 694 illo
1641 667 1832 696 accurrere
1853 665 2013 706 possent.
2046 660 2108 696 llis
2130 663 2330 700 assentiens
2358 665 2432 700 llo-

1363 720 1500 764 norius,
1519 720 1684 758 Romano
1703 720 1867 758 Pontifici
1888 721 2098 758 lnnocentio
2116 723 2275 770 scripsit,
2297 731 2336 760 ut
2354 727 2429 772 epi-

1362 788 1490 828 sc'0pos
1501 781 1658 828 quinque
1667 781 2002 830 Constantinopolin
2014 783 2186 828 mitteret,
2200 785 2430 832 presbyteros

1360 844 1466 891 duos,
1487 853 1523 884 et
1549 847 1753 891 diaconum,
1772 847 1833 895 qui
1865 856 1965 884 suam
1993 847 2036 884 ad
2058 847 2207 884 fratrem
2237 849 2429 886 Arcadiqu

1361 907 1549 954 epistolam
1567 907 1752 945 afferrent.
1809 927 1814 933 ›

1408 968 1606 1016 Epistulam
1626 969 1732 1016 igitur
1749 969 1904 1008 Arcadio
1931 970 2030 1008 fratri
2050 971 2214 1018 scripsit,
2235 981 2342 1018 quam
2362 971 2428 1017 ipsi

1362 1031 1504 1067 tertiam
1525 1039 1566 1068 ea
1592 1031 1637 1069 de
1657 1043 1696 1070 re
1725 1032 1870 1070 mittere
1901 1033 2007 1080 dicit,
2039 1041 2213 1082 rogatque
2239 1035 2430 1082 episcopos

1358 1091 1561 1130 Orientales
1583 1098 1686 1130 curet
1708 1093 1974 1132 Thessalonicae
1999 1095 2234 1142 congregari,
2253 1103 2430 1142 cogatque

1361 1145 1622 1200 Theophilum,
1641 1155 1701 1202 qui
1729 1157 1890 1192 omnium
1921 1157 2096 1194 malorum
2126 1167 2232 1194 causa
2265 1167 2346 1194 esse
2376 1158 2428 1192 fe-

1361 1214 1528 1258 rebatur,
1565 1215 1726 1252 Concilio
1759 1215 1901 1253 adesse.
1935 1216 1984 1254 Se
2015 1217 2150 1264 legatos
2185 1217 2251 1264 ipsi
2287 1217 2430 1254 mittere

1361 1275 1494 1321 probos
1513 1281 1550 1314 et
1567 1277 1642 1314 veri
1673 1282 1861 1320 amantes,
1879 1287 1972 1324 quos
1996 1283 2036 1314 ut
2055 1277 2146 1314 bene
2174 1278 2326 1324 excipiat
2345 1278 2430 1314 hor-

1363 1342 1470 1373 tatur.
1502 1337 1572 1383 Qui
1604 1347 1690 1374 vero
1721 1337 1821 1374 missi
1849 1337 1950 1375 fuere
1977 1338 2100 1384 legati,
2134 1344 2238 1374 erant
2270 1339 2429 1385 episcopi

1360 1396 1544 1442 Emii'ms,
1558 1398 1769 1448 Cythegius,
1785 1398 2008 1436 Gaudentius
2016 1406 2054 1437 et
2066 1400 2268 1444 Marianos;
2282 1400 2430 1447 quintus

1361 1466 1478 1496 autem
1497 1471 1518 1496 a
1545 1460 1706 1498 Palladio
1733 1471 1806 1498 non
1824 1461 2033 1498 nominatur
2051 1474 2060 1499 :
2078 1462 2279 1510 presbyteri
2307 1468 2428 1499 autem

1361 1520 1432 1556 duo
1449 1528 1550 1558 erant
1568 1519 1839 1560 Valentinianus
1859 1531 1894 1560 et
1912 1523 2131 1560 Bonifacius.

1409 1582 1566 1630 Anysius
1583 1583 1637 1618 vir
1649 1583 1723 1630 jam
1742 1593 1851 1620 senex
1868 1591 1905 1622 et
1922 1585 2070 1632 probus,
2094 1585 2284 1632 episcopus
2309 1585 2427 1624 Thcs-

1361 1643 1616 1689 salouicensis,
1629 1645 1752 1682 literas
1772 1644 1921 1694 Eulysio
1944 1645 2106 1692 dederat,
2127 1653 2166 1684 ut
2186 1647 2351 1692 vidimus,
2373 1647 2430 1684 ln-

1359 1704 1528 1740 nocentio
1549 1704 1653 1752 Papze
1673 1698 1888 1752 afferendas,
1910 1708 2012 1754 queis
2031 1717 2070 1746 se
2089 1718 2154 1754 pro
2167 1707 2428 1757 Chrysostomo

1359 1773 1454 1804 stare
1472 1767 1742 1805 testificabatur.
1771 1767 1863 1806 Huic
1881 1779 2042 1808 summas
2057 1771 2190 1818 gratias
2216 1771 2289 1818 egit
2308 1770 2429 1819 Chryc

1357 1834 1538 1866 sostomus
1569 1829 1605 1866 in
1639 1829 1794 1877 epistola
1822 1830 1904 1868 162.
1936 1831 2026 1868 Eam
2061 1829 2196 1869 tardius
2225 1842 2332 1879 quam
2365 1842 2430 1879 par

1355 1889 1484 1928 fuisset
1513 1901 1553 1929 se
1575 1892 1718 1929 misisse
1749 1892 1982 1938 testificatur,
2001 1893 2049 1930 ob
2081 1893 2149 1930 loci
2182 1893 2426 1930 solitudinem.

1357 1951 1554 2000 Virumque
1585 1953 1744 1990 laudata
1764 1953 1973 1990 fortitudine
1998 1959 2036 1992 et
2062 1955 2278 1998 constantia,
2303 1953 2426 1990 horta-

1357 2020 1486 2061 turque
1513 2019 1552 2051 ut
1581 2015 1660 2062 pari
1690 2016 1822 2052 virtute
1849 2021 1974 2064 pergat
1993 2016 2191 2053 Ecclesium
2218 2016 2426 2054 defendere.

1357 2075 1552 2122 Epistolam
1571 2087 1715 2124 quoque
1735 2077 1804 2115 163
1825 2077 1922 2115 misit
1940 2077 1985 2116 ad
2005 2078 2194 2126 episcopos
2213 2089 2338 2116 omnes
2351 2079 2429 2116 illa-

1355 2138 1530 2184 ccdoniae,
1553 2139 1677 2176 eadem
1698 2139 1810 2177 ferme
1839 2140 1914 2187 ipsa
1933 2139 2120 2178 ferentem.
2144 2141 2287 2178 Illorum
2307 2147 2428 2179 autent

1357 2199 1524 2236 undecim
1543 2201 1577 2236 iu
1609 2201 1712 2236 titulo
1746 2201 1891 2238 nomina
1919 2202 2068 2250 profert,
2097 2213 2298 2251 agmenque
2331 2203 2429 2241 ducit

1357 2261 1514 2309 Anysius
1549 2262 1910 2308 Thessalonicensis:
1949 2265 1993 2302 ad
2039 2271 2263 2313 cteterosrlue
2301 2277 2428 2304 omnes

1357 2322 1465 2358 etiam
1496 2332 1568 2358 non
1601 2323 1803 2360 nominatos
1837 2324 2017 2372 dirigitur.
2052 2325 2250 2372 Epistolam
2285 2337 2430 2374 quoque

1359 2381 1428 2418 164
1446 2381 1542 2418 misit
1563 2381 1608 2418 ad
1627 2381 1868 2419 Alexandrum
1885 2412 1893 2427 ,
1915 2383 2076 2420 Corinthi
2097 2385 2322 2432 episcopum,
2339 2389 2430 2422 ami-

1358 2441 1442 2480 citia
1468 2440 1538 2480 sibi
1563 2443 1794 2490 conjunctum
1809 2471 1819 2487 ,
1851 2443 1897 2482 de
1917 2454 1987 2492 quo
2015 2451 2133 2482 tamen
2153 2447 2314 2493 queritur
2333 2449 2429 2494 quod

1357 2505 1481 2542 literas
1501 2504 1618 2541 nullas
1639 2504 1684 2541 ad
1703 2513 1743 2542 sc
1765 2505 1896 2542 mittat.

1403 2569 1664 2617 Chrysostomus
1681 2568 1884 2607 Isaurorum
1908 2563 2159 2608 incursionibus
2185 2571 2316 2618 cogitur
2331 2571 2428 2608 sedes

1356 2638 1488 2667 mutare
1507 2637 1538 2667 et
1557 2628 1753 2668 Arabissum
1768 2635 1964 2681 confugere.
1982 2653 2031 2661 —
2045 2632 2125 2670 Jam
2145 2633 2206 2670 diu
2224 2634 2427 2670 Isaurorum

1356 2689 1582 2730 incursiones
1599 2694 1784 2740 regionem
1805 2695 1901 2731 illam
1923 2699 1958 2731 ct
1973 2695 2093 2732 omnia
2113 2695 2250 2732 circum
2271 2695 2347 2732 loca
2370 2696 2426 2731 in-

1355 2753 1445 2792 festa
1469 2754 1680 2792 habuerant.
1701 2754 1834 2792 Verum
1864 2765 1958 2792 anno
1982 2754 2054 2792 403
2076 2762 2250 2800 vertente,
2269 2761 2306 2793 et
2327 2756 2428 2792 initio

1355 2817 1542 2863 sequentis
1568 2815 1652 2860 406,
1676 2815 1780 2864 longe
1805 2815 1924 2852 acrius
1959 2815 2147 2860 institere;
2174 2822 2308 2854 etcum
2331 2817 2426 2862 peri-

1353 2876 1474 2916 culum
1503 2883 1601 2915 esset
1620 2887 1664 2915 ne
1689 2876 1882 2922 Cucusum,
1916 2887 1987 2914 non
2017 2877 2064 2914 ita
2094 2877 2268 2914 munitmn
2291 2878 2422 2922 lucum,

1353 2939 1565 2977 invaderent
1596 2945 1852 2986 caperentque,
1882 2938 2040 2977 Joannes
2071 2945 2195 2977 noster
2228 2938 2272 2976 ad
2307 2939 2426 2988 fugam

1357 3002 1617 3050 capessendam
1645 3008 1792 3040 coactus
1823 3007 1908 3040 est:
1939 3013 1982 3039 ac
2013 3001 2217 3040 securitatis
2245 3012 2351 3040 causa
2389 3003 2424 3040 in

1353 3067 1550 3114 asperrima
1580 3067 1700 3104 hieme
1727 3067 1804 3104 loca
1843 3065 1995 3104 subinde
2026 3069 2279 3110 commutavit,
2308 3069 2354 3106 ita
2387 3077 2426 3106 ut

1352 3128 1461 3166 modo
1477 3129 1514 3165 in
1533 3129 1698 3172 urbibus,
1720 3129 1830 3166 modo
1850 3129 1884 3165 in
1907 3135 2013 3166 terrae
2032 3128 2192 3167 faucibus
2207 3137 2244 3168 et
2257 3131 2422 3176 saltibus,

1352 3191 1489 3229 versari
1528 3191 1820 3238 compelleretur.
1858 3189 2090 3238 Tandemque
2132 3193 2334 3230 Isaurorum
2367 3201 2423 3230 tu-

1350 3251 1464 3289 multu
1483 3252 1658 3299 tantisper
1674 3251 1811 3296 sedato,
1834 3251 1910 3288 loca
1929 3251 2070 3290 deserta
2087 3254 2310 3302 relinquens,
2333 3255 2423 3292 Ara-

1349 3313 1486 3351 bissum
1501 3313 1674 3360 confugit,
1690 3313 1725 3350 in
1749 3323 1822 3361 quo
1837 3311 1970 3361 oppido
1997 3324 2062 3352 arx
2080 3321 2158 3352 erat
2177 3316 2323 3364 reliquis
2341 3327 2419 3353 om-

1349 3375 1455 3413 nibus
1473 3376 1601 3412 vicinis
1619 3375 1711 3413 locis
1727 3376 1847 3421 tutior,
1865 3377 1900 3413 iu
1917 3387 2000 3415 arce
2017 3383 2138 3415 autem
2156 3379 2262 3417 sedes
2281 3379 2415 3422 habuit,

1349 3439 1384 3474 in
1403 3437 1535 3486 oppido
1551 3439 1646 3476 enim
1667 3443 1744 3477 tuto
1763 3441 1898 3477 versari
1916 3451 1986 3478 non
2005 3447 2156 3488 poterat.

1395 3499 1482 3537 Harc
1503 3501 2136 3548 porronarratipstoaunesnoster
2148 3505 2184 3540 in
2198 3503 2347 3551 cpistola
2371 3501 2418 3538 69

1347 3561 1392 3598 ad
1425 3561 1610 3608 Nicolaum
1640 3563 1904 3612 presbyterum.
1942 3564 2052 3602 Addit
2087 3571 2207 3600 autem
2237 3571 2317 3599 esse
2347 3561 2414 3597 sibi

1347 3621 1440 3660 hanc
1459 3621 1582 3660 sedem
1615 3625 1713 3661 omni
1736 3615 1882 3664 carcere
1913 3626 2146 3664 deteriorem.
2174 3623 2413 3666 Pr:eter¢lunm

1345 3687 1440 3735 quod
1461 3687 1558 3724 enim
1590 3687 1702 3725 Isauri
1727 3689 1886 3736 quotidie
1899 3689 2018 3726 omnia
2046 3684 2278 3728 invadebant,
2305 3689 2414 3729 atque

1344 3749 1418 3797 igni
1449 3756 1485 3787 et
1513 3750 1610 3788 ferro
1643 3755 1716 3788 tum
1751 3750 1916 3794 aedificia,
1944 3756 2018 3802 tum
2049 3754 2200 3794 corpora
2229 3743 2411 3788 delebant,

1343 3811 1474 3851 famem
1503 3815 1632 3859 etiam,
1663 3823 1770 3862 quam
1799 3820 1837 3850 et
1863 3811 1933 3848 loci
1961 3809 2124 3856 angustia
2153 3812 2189 3844 et
2218 3805 2414 3842 multitudo

1345 3884 1472 3912 eorum
1499 3876 1559 3924 qui
1591 3876 1652 3912 illo
1693 3872 1958 3920 ccufugicbant,
1994 3867 2213 3912 minabatur,
2239 3867 2408 3916 pertime-
