2742 4342
364 275 428 312 2ἷ51
1055 269 1092 306 S.
1119 267 1307 306 JOANNIS
1333 267 1425 304 CIIIt

1498 267 1655 304 )STOMI
1684 267 1804 311 vm,
2481 275 2536 315 εδει

362 352 485 389 scebat
517 349 590 385 ille.
619 348 673 384 Ad
705 347 782 383 hzec
813 355 900 383 vero
932 345 1091 383 diuturni
1113 345 1227 382 morbi
1262 355 1368 393 quem
1399 351 1436 381 et

363 414 478 450 hiems
503 415 542 446 et
568 415 741 456 perpetua
763 409 842 455 fuga
876 414 1089 456 pepererat,
1109 408 1174 444 etsi
1198 407 1271 454 jam
1291 407 1436 444 sedatus

347 477 452 514 -erat,
472 476 591 506 tamen
622 469 793 517 reliquias
821 469 940 506 adhuc
965 469 1027 505 ille
1052 468 1343 506 circumferebat.
1364 467 1434 503 Vix

308 573 325 580 η,
359 540 478 571 autem
497 533 688 581 quisquam
707 532 751 568 ad
775 533 872 568 illum
893 542 1100 568 commeare
1129 531 1308 574 audebat,
1339 529 1434 576 quod

357 595 424 632 via:
460 594 618 642 undique
648 594 851 631 interclusm
877 600 1011 631 essent.
1048 593 1182 631 Eadem
1213 593 1328 630 ferme
1359 593 1434 639 ipsa

359 655 490 704 repetit
510 656 545 692 in
567 656 718 702 cpistola
738 655 785 692 70
801 655 847 692 ad
867 655 1130 703 Aphthonium,
1149 654 1376 691 Theodotum
1399 659 1436 689 et

356 715 544 754 Cltmreatn
577 717 808 764 presbyteros
839 722 876 753 et
906 715 1118 760 monachos,
1145 715 1229 762 quid
1262 714 1306 751 ad
1335 714 1435 751 illum

357 779 537 826 proficisci
569 779 828 827 peroptabaut;
849 778 913 816 sed
939 779 1022 828 quia
1053 779 1088 815 in
1111 779 1171 814 tali
1201 787 1323 814 rerum
1343 786 1434 813 con-

358 839 495 877 ditiouc
515 839 601 877 illud
623 841 690 877 iter
706 841 838 888 suscipi
859 840 1001 877 nonnisi
1020 849 1102 876 cum
1129 838 1255 887 grandi
1277 838 1436 884 periculo

361 908 516 949 poterat,
533 902 698 940 hortatur
718 904 801 940 illos
817 910 855 940 ut
873 904 941 940 sibi
962 913 1026 951 per
1043 902 1190 940 crebras
1211 901 1334 937 literas
1349 909 1435 936 con-

359 963 572 1001 solationem
591 965 745 1011 pariant.

408 1025 448 1062 In
474 1025 625 1075 epistola
657 1037 742 1064 vero
775 1027 841 1064 127
867 1026 912 1064 ad
942 1025 1130 1073 Polybium
1164 1026 1226 1069 ait,
1265 1024 1332 1061 sibi
1359 1024 1434 1071 jam

361 1086 471 1124 adimi
508 1087 693 1125 literarum
725 1090 892 1127 solatium
919 1099 983 1136 per
1014 1088 1107 1125 nius
1137 1088 1318 1134 ingentem
1340 1087 1432 1130 vim,

362 1158 444 1196 qua:
475 1149 552 1185 vias
582 1158 710 1186 omnes
747 1150 1017 1192 intercluserat;
1050 1147 1115 1185 sed
1152 1148 1266 1195 magis
1299 1147 1434 1184 invium

363 1208 726 1258 inaccessibilemque
737 1211 839 1247 reddi
851 1211 971 1248 locum
981 1211 1028 1248 ab
1042 1205 1244 1246 Isaurorum
1273 1214 1409 1245 terrore
1423 1218 1432 1252 ;

359 1273 420 1315 qui
438 1277 560 1306 tantus
579 1277 669 1312 erat,
695 1275 732 1306 ιιι
748 1280 854 1306 nemo
869 1271 968 1306 domi
989 1280 1136 1307 manere
1156 1269 1328 1312 auderet,
1353 1279 1433 1306 om-

359 1339 496 1377 nesque
515 1330 743 1378 aufugerent,
762 1331 810 1367 ita
831 1337 868 1368 ut
886 1331 994 1368 urbes
1015 1339 1100 1368 tunc
1119 1332 1274 1379 parietes
1296 1337 1433 1367 tantum

358 1397 394 1426 et
413 1395 504 1427 tecta
535 1399 672 1434 essent,
699 1398 880 1439 prazrnpta
907 1398 1028 1429 autem
1057 1399 1094 1428 et
1125 1392 1238 1429 saltus
1267 1391 1302 1430 in
1326 1391 1434 1428 urbes

357 1457 600 1489 mutarentur.
632 1452 769 1490 Tantus
797 1454 934 1490 scilicet
964 1459 1042 1490 erat
1068 1453 1272 1490 Isaurorum
1304 1453 1430 1489 furor:

349 1511 447 1550 .alios
469 1512 681 1560 jugulabant
706 1514 762 1552 vel
793 1515 1067 1559 comburebanl,
1097 1514 1188 1551 alios
1219 1524 1264 1551 ex
1282 1513 1433 1561 captivis

355 1585 482 1612 servos
512 1575 730 1614 efficiebant.
765 1577 1025 1615 Adolescentes
1060 1586 1204 1624 quoque
1233 1577 1268 1613 in
1305 1575 1433 1613 mediis

358 1637 524 1674 noctibus
551 1639 721 1686 aufugero
747 1641 864 1677 coacti
892 1640 926 1676 in
959 1640 1094 1676 nivium
1113 1639 1282 1687 congerie
1300 1638 1433 1687 frigore

357 1696 627 1745 obrigescentes
663 1702 922 1739 moriebantur.
962 1700 1156 1747 Superiora
1193 1700 1337 1737 brevius
1375 1711 1433 1737 re-

343 1765 481 1796 «censet
499 1759 534 1796 in
565 1761 718 1808 epistola
747 1762 814 1799 I5I
845 1762 891 1799 ad
913 1761 1092 1809 Elpidium
1117 1761 1339 1808 episcopum,
1363 1761 1432 1796 ait-

355 1829 426 1865 que
449 1830 489 1857 se
511 1821 616 1858 sedes
639 1823 771 1870 smpius
789 1823 1000 1868 mutavisse,
1021 1832 1138 1868 neque
1156 1822 1192 1857 in
1211 1822 1374 1866 castello,
1395 1821 1431 1858 in

354 1889 426 1926 quo
444 1886 528 1918 tunc
546 1881 648 1929 quasi
669 1882 704 1919 in
725 1892 873 1920 carcere
893 1883 1052 1919 inclusus
1066 1882 1248 1925 manebat,
1267 1881 1355 1916 satis
1375 1887 1431 1918 tu-

355 1948 430 1979 tum
446 1953 528 1981 esse
549 1955 558 1981 :
590 1943 702 1982 Isauri
731 1955 886 1994 namque
907 1945 1112 1993 hujusmodi
1139 1953 1240 1981 arces
1263 1943 1431 1981 obsidere

355 2014 426 2041 non
443 2005 668 2043 dubitabant.
691 2007 920 2056 Quapropter
939 2007 1030 2054 petit
1048 2013 1085 2043 ut
1106 2007 1268 2053 ignoscat
1286 2006 1378 2053 sibi,
1399 2007 1429 2043 si

353 2076 437 2102 rato
457 2067 524 2116 ipsi
542 2068 665 2105 literas
688 2071 820 2113 mittat,
842 2075 1017 2115 rogatque
1041 2067 1251 2114 frequenter
1270 2067 1328 2104 ille
1342 2095 1352 2113 ,
1372 2067 1429 2106 cui

355 2127 499 2174 licebat,
519 2129 554 2166 id
573 2130 733 2166 muneris
747 2135 977 2176 exsequatur.

401 2189 582 2234 Epistolas
598 2191 683 2226 item
698 2190 788 2227 duas
801 2190 947 2236 scripsit
961 2191 1005 2226 67
1026 2197 1062 2226 et
1082 2190 1127 2226 68
1143 2189 1187 2226 ad
1203 2188 1427 2226 Theodotum

353 2250 544 2288 diaconum
562 2252 630 2288 sibi
648 2252 950 2296 addictissimum,
971 2253 1005 2288 in
1024 2263 1174 2300 quarum
1188 2253 1298 2290 altera
1314 2253 1399 2290 dicit
1417 2264 1426 2289 :

355 2310 418 2347 Tot
445 2313 616 2350 Armenia:
649 2313 742 2350 mala
768 2321 848 2350 sunt
864 2343 874 2358 ,
901 2325 940 2350 ac
961 2321 1140 2362 tempestas
1171 2314 1279 2352 altera
1315 2316 1428 2351 omnia

352 2374 482 2419 excepit
514 2384 525 2409 :
555 2385 635 2410 nam
665 2386 876 2423 quocumque
905 2376 1041 2411 tandem
1074 2376 1251 2424 quisquam
1285 2377 1425 2417 venerit,

353 2441 509 2472 cruentos
542 2442 732 2481 torrentes,
769 2437 972 2474 cadaverum
1009 2439 1166 2485 agmina,
1200 2438 1319 2473 domos
1354 2440 1428 2474 solo

349 2503 514 2543 (equinas,
533 2497 630 2534 urbes
665 2509 798 2536 eversas
828 2499 1020 2547 perspiciet.
1050 2499 1179 2546 Oppidi
1197 2505 1315 2545 autem
1334 2500 1426 2536 Ara-

351 2558 436 2595 hissi
463 2560 656 2608 episcopus
689 2567 768 2599 erat
802 2562 945 2600 Otreins
973 2562 1232 2610 Chrysostomo
1269 2563 1426 2600 amicitia

349 2620 576 2667 conjunctus,
607 2628 645 2658 ut
665 2622 774 2670 liquet
787 2633 832 2660 ex
856 2623 1006 2670 epistola
1038 2624 1107 2660 I26
1123 2623 1168 2661 ad
1186 2623 1368 2660 Rufinum.
1389 2624 1424 2662 In

340 2682 497 2728 epistola
513 2684 581 2721 155
602 2683 790 2722 Theodoto
804 2685 956 2723 diacono
967 2687 1098 2734 gratias
1114 2697 1238 2734 agens,
1255 2687 1350 2734 quod
1370 2688 1425 2724 sui

349 2744 526 2782 iuvisendi
545 2756 653 2784 causa
669 2747 743 2795 jam
764 2749 798 2785 in
815 2750 1014 2798 asperrima
1041 2749 1160 2786 hieme
1184 2750 1366 2792 venisset.
1389 2757 1426 2788 et

348 2807 442 2852 quod
460 2808 622 2846 secundo
643 2810 853 2847 Arabissum
874 2817 1046 2848 venturus
1067 2812 1206 2855 fuisset,
1229 2813 1296 2848 nisi
1312 2812 1424 2849 Isauri

347 2867 425 2903 vias
447 2869 728 2915 prreclusissent,
761 2882 800 2908 se
819 2871 964 2918 quidem
991 2882 1120 2919 magna
1141 2875 1262 2920 quiete
1287 2879 1324 2910 et
1351 2873 1424 2909 otio

348 2925 418 2964 frui
440 2929 504 2974 ait,
527 2935 719 2978 tamenque
745 2931 971 2969 obsidionem
999 2933 1034 2969 in
1056 2933 1136 2970 dies
1157 2934 1420 2980 ingravescere.

347 2986 459 3035 1am,
505 2990 644 3038 inquit,
673 2993 784 3028 media
811 2999 906 3030 nocte
941 3001 1064 3042 prater
1087 3005 1221 3030 onmem
1249 3003 1424 3042 exspecta-

349 3049 472 3087 tionem
507 3059 731 3089 trecentorum
764 3053 968 3091 Isaurorum
993 3065 1113 3102 agmen
1140 3055 1306 3102 oppidum
1344 3067 1422 3103 per-

347 3113 508 3157 cursatu’t,
529 3125 678 3161 peneque
707 3126 770 3151 nos
793 3117 894 3163 cepit.
913 3115 1018 3152 Putat
1052 3125 1089 3150 v.
1104 3116 1153 3151 cl.
1174 3115 1424 3153 Tillemontius

345 3172 407 3209 "his
425 3175 616 3221 signiﬁcari
638 3177 843 3214 Isaurorum
865 3177 952 3214 illud
971 3187 1099 3225 agmen
1123 3177 1158 3212 iu
1176 3177 1348 3224 oppidum
1369 3177 1424 3214 in-

351 3243 514 3278 gressum
536 3236 668 3282 fuisse;
689 3239 788 3285 quod
804 3245 922 3276 tamen
940 3249 1012 3276 non
1033 3238 1175 3276 videtur
1191 3237 1347 3275 Joannes
1367 3238 1424 3276 his

352 3295 472 3332 verbis
489 3297 706 3344 significare.
728 3299 817 3346 Imo,
839 3302 869 3337 si
900 3301 935 3338 iu
964 3303 1134 3350 oppidum
1165 3302 1317 3349 ingressi
1336 3301 1423 3339 fuis-

352 3354 452 3398 sent,
475 3357 594 3394 caedes
617 3358 712 3395 haud
737 3360 865 3405 dubie,
881 3361 1126 3410 direptiones,
1158 3364 1298 3410 aliaque
1331 3364 1422 3401 mala

353 3417 584 3464 intulissent,
613 3429 693 3467 qua:
717 3421 997 3470 Cltrysostomus
1029 3426 1236 3464 describere
1263 3436 1333 3462 non
1361 3436 1423 3463 nco

353 3479 539 3525 glexisset.

399 3541 441 3577 In
456 3541 604 3588 epistola
624 3551 711 3578 vero
730 3543 776 3580 70
793 3533 843 3580 ait
861 3555 900 3582 se
913 3557 993 3582 cum
1019 3550 1116 3595 gravi
1135 3548 1298 3596 corporis
1316 3548 1422 3595 :egri-

353 3603 478 3643 tudine
495 3603 707 3642 conflictari.
740 3606 785 3642 At
818 3607 852 3642 in
883 3609 1032 3654 epistola
1066 3611 1130 3648 151
1169 3611 1214 3648 ad
1245 3611 1422 3658 Elpidium

351 3675 496 3711 gravem
514 3665 601 3703 dicit
613 3667 809 3704 accessisse
823 3669 1000 3713 morbum,
1015 3673 1116 3718 cujus
1127 3671 1245 3710 adhuc
1255 3672 1425 3720 reliquias

353 3725 628 3764 circumferebat
646 3739 655 3764 :
677 3727 771 3776 quod
803 3728 918 3775 ipsum
936 3728 1022 3766 dicit
1041 3731 1077 3766 in
1094 3732 1244 3777 epistola
1272 3733 1353 3770 158.
1371 3733 1425 3770 Ad

351 3783 600 3834 Olympiadem
619 3799 706 3826 vero
726 3790 888 3827 scribens
903 3790 1089 3836 epistolam
1109 3791 1154 3828 15
1171 3793 1233 3834 ait,
1249 3802 1290 3829 se
1307 3803 1327 3829 e
1341 3803 1425 3839 gra-

357 3846 502 3886 vissimo
517 3852 708 3889 emersisse
728 3852 869 3896 morbo,
890 3851 953 3889 sed
985 3851 1099 3888 morbi
1120 3852 1289 3899 reliquias
1307 3853 1426 3892 adhuc

357 3905 584 3948 circumferre
601 3924 609 3948 :
630 3917 667 3950 et
686 3913 811 3952 adesse
830 3913 897 3951 sibi
915 3913 1059 3964 quidem
1077 3913 1236 3952 medicos
1253 3913 1424 3962 optimos,

1510 345 1573 380 sed
1586 343 1870 379 necessariarum
1884 352 2002 379 rerum
2013 343 2179 390 inopiam,
2193 345 2367 384 medicina:
2378 348 2537 390 utilitatem
2581 343 2584 345 ’

1511 405 1747 449 labentcmre;
1771 416 1836 442 nec
1855 406 1962 442 modo
1982 406 2106 444 abesse
2128 408 2376 446 medicamenta
2395 419 2535 450 exteras-

1510 477 1581 514 que
1609 478 1680 510 res,
1703 477 1826 503 verum
1847 467 1955 504 etiam
1987 467 2114 505 famem
2141 474 2176 506 et
2208 477 2334 515 testem
2354 472 2536 517 imminere;

1511 527 1659 575 haecque
1692 529 1784 564 mala
1805 528 2007 565 Isaurorum
2041 531 2258 569 incursiones
2283 536 2466 580 parturire,
2489 540 2537 584 qui

1509 599 1634 626 omnes
1651 590 1726 626 vias
1745 589 2033 635 intercluderent,
2057 590 2206 639 hincque
2238 595 2418 641 periculum
2443 599 2538 635 creati

1510 650 1554 686 iis
1571 651 1630 697 qui
1659 651 1725 687 iter
1754 650 1923 688 facerent.
1946 652 2183 690 Andronicum
2201 655 2292 691 enim
2311 657 2480 702 quemdam
2498 660 2538 694 ait

1509 712 1543 748 in
1563 712 1702 748 illorum
1724 723 1850 750 manus
1865 714 2046 759 incidisse,
2061 721 2164 762 atque
2183 716 2226 752 ab
2241 717 2282 753 iis
2299 718 2481 764 spoliatum,
2495 725 2536 756 sie

1510 775 1647 811 salvum
1668 783 1784 813 tamen
1801 777 1972 813 evasisse.

1559 835 1776 872 Constantius
1814 838 1986 885 presbyter
2021 839 2055 874 in
2096 836 2242 886 Cyprum
2274 840 2367 888 fugit.
2399 861 2441 868 —
2471 842 2534 880 Non

1509 895 1578 944 ipsi
1609 907 1752 945 Semper
1788 905 1920 946 priesto
1941 899 2038 936 fuere
2069 900 2193 936 medici
2217 912 2224 935 :
2247 911 2323 936 nam
2352 901 2383 938 in
2410 903 2535 948 epistola

1508 958 1578 995 105
1613 957 1658 995 ad
1690 957 1909 996 Citalcidiam
1942 960 1991 996 ait
2018 970 2057 997 se
2091 960 2302 998 medicorum
2333 963 2461 1008 penuria
2491 963 2535 999 la—

1509 1021 1651 1058 borare.
1674 1021 1757 1058 Ilaec
1777 1032 1862 1059 vero
1882 1021 2062 1059 Cltalcidia
2077 1022 2205 1060 virtute
2221 1023 2380 1072 singulari
2399 1025 2534 1071 praedita,

1507 1093 1588 1130 quas
1609 1093 1756 1130 magnas
1782 1094 1845 1131 per
1864 1084 1971 1120 vitam
1989 1095 2088 1121 suam
2107 1095 2280 1122 aerumnas
2297 1096 2390 1132 passa
2420 1086 2531 1130 fuerat,

1508 1144 1543 1181 in
1564 1145 1722 1181 omnium
1737 1145 1985 1192 gravissimam
2002 1151 2084 1182 tunc
2102 1145 2282 1183 inciderat.
2299 1147 2388 1182 Illam
2405 1157 2478 1183 vero
2489 1157 2535 1182 so-

1507 1205 1911 1254 latur-Chrysostomus,
1939 1205 2032 1244 fluxa
2050 1217 2130 1244 esse
2165 1209 2344 1254 praesentia
2375 1214 2439 1244 tum
2459 1209 2532 1244 bona

1507 1272 1580 1303 tum
1601 1267 1694 1304 mala
1715 1268 1850 1311 dicens,
1867 1274 1903 1304 et
1922 1278 2100 1304 aerumnas
2115 1275 2245 1315 quanto
2263 1270 2430 1315 graviores
2445 1275 2532 1313 sunt,

1507 1333 1606 1364 tanto
1625 1329 1761 1374 majora
1781 1329 1926 1376 praemia
1937 1334 1973 1365 et
1986 1339 2136 1366 coronas
2153 1329 2348 1366 conciliare.
2369 1330 2454 1366 llanc
2465 1341 2533 1366 vero

1507 1399 1635 1425 novam
1656 1389 1853 1426 Chalcidize
1871 1400 2070 1426 aerumnam
2091 1400 2169 1427 esse
2193 1401 2294 1438 posse
2313 1391 2456 1437 opinatur
2475 1388 2532 1426 Til-

1506 1452 1699 1488 lemontius
1716 1452 1915 1489 Constantii
1935 1453 2134 1501 presbyteri
2153 1453 2219 1490 sibi
2236 1453 2489 1503 coajuuctissitni
2506 1459 2534 1488 et

1504 1512 1698 1550 Chalcidia:
1713 1513 1846 1551 addicti
1869 1524 1992 1551 casum
2014 1515 2125 1559 illum,
2147 1514 2204 1561 qui
2230 1525 2248 1549 a
2267 1514 2413 1550 Palladio
2431 1523 2533 1549 narra-

1507 1579 1564 1610 tur
1583 1575 1594 1620 (
1611 1573 1751 1610 Pallad.
1774 1574 1929 1623 Dialog.)
1955 1588 1963 1612 :
1981 1585 2064 1612 cum
2085 1575 2246 1613 videlicet
2262 1575 2460 1623 Porphyrius
2476 1576 2533 1611 An-

1506 1636 1706 1682 tiocheuus,
1727 1647 1822 1684 aegre
1850 1638 1974 1674 videns
2007 1638 2105 1675 illum
2136 1638 2182 1675 ob
2215 1638 2416 1685 singularem
2440 1639 2531 1685 picta-

1506 1703 1577 1733 tem
1595 1698 1630 1734 in
1660 1699 1773 1744 pretio
1807 1699 1950 1744 haberi,
1981 1700 2139 1746 pecuniis
2157 1699 2351 1746 impetravit
2370 1698 2533 1746 Imperato-

1504 1759 1576 1795 rias
1597 1760 1731 1803 literas,
1753 1762 1854 1807 queis
1875 1762 1934 1798 ille
1952 1767 1990 1798 ut
2011 1762 2129 1809 pOpuli
2151 1762 2367 1808 perturbator
2385 1761 2416 1798 in
2435 1761 2531 1796 U:tSIll|

1504 1821 1741 1867 relegabatur.
1763 1822 1867 1867 Quod
1886 1829 1924 1859 ut
1953 1823 2096 1859 rescivit
2114 1823 2347 1865 Constantius,
2367 1823 2532 1858 amicorum

1504 1882 1665 1919 subsidio
1682 1883 1716 1919 in
1737 1883 1897 1931 Cyprum
1913 1883 2061 1931 aufugit.

1553 1944 1762 1982 Theodotus
1779 1953 1864 1982 vero
1891 1945 2064 1984 diaconus
2091 1945 2340 1995 Chrysostomo
2362 1944 2531 1982 addictissi-

1503 2015 1596 2050 mus,
1618 2005 1668 2043 de,
1683 2016 1754 2053 quo
1768 2016 1875 2054 supra
1890 1996 2129 2054 loquebamur
2142 2035 2150 2049 ,
2170 2007 2203 2043 in
2223 2007 2407 2053 astzerrima
2437 2005 2532 2040 hieme

1503 2066 1619 2113 ipsunt
1656 2067 1835 2105 invisurus
1864 2068 2072 2105 Arabissum
2104 2074 2268 2110 venerat,
2298 2073 2396 2114 atque
2427 2065 2532 2102 iterum

1501 2134 1674 2166 venturus
1693 2135 1770 2166 erat
1782 2158 1792 2173 ,
1819 2130 1886 2166 nisi
1917 2129 2027 2167 Isauri
2046 2130 2122 2168 vias
2141 2129 2404 2177 prmelusisseut.
2420 2125 2531 2162 Eodem

1500 2191 1643 2228 circiter
1672 2198 1833 2238 tempore
1851 2198 1887 2229 et
1909 2191 2060 2229 fortasse
2080 2202 2159 2229 cum
2187 2190 2366 2228 Theodoto
2382 2189 2530 2228 diacono,

1499 2251 1544 2289 ad
1563 2252 1862 2301 Chrysostomum
1879 2254 1974 2291 venit
1989 2253 2196 2291 Theodotus
2210 2253 2297 2290 alter
2307 2252 2411 2289 lector
2423 2248 2530 2298 (Epist.

1501 2313 1578 2362 6l),
1603 2315 1698 2352 filius
1716 2315 1891 2353 Theodoti
1913 2327 1956 2353 ex
1976 2316 2233 2358 consularibus,
2255 2324 2354 2363 quem
2372 2317 2461 2361 pater
2475 2309 2530 2345 tui-

1499 2384 1596 2415 serat
1608 2378 1652 2414 ad
1671 2377 1984 2426 Chrysostomum,
2002 2384 2040 2414 ut
2059 2378 2170 2425 ipsius
2183 2377 2337 2414 doctrina
2348 2380 2381 2410 et
2393 2369 2530 2416 exemplo

1499 2438 1534 2475 in
1555 2449 1639 2476 vera
1657 2438 1904 2486 philosophia,
1925 2449 2032 2486 qualn
2065 2437 2314 2485 profitebatur,
2333 2433 2458 2471 radices
2477 2439 2528 2476 po-

1498 2510 1586 2537 nere
1615 2501 1774 2544 valeret;
1806 2500 2005 2547 eodemque
2038 2505 2197 2545 tempore
2225 2495 2418 2534 Theodotus
2450 2495 2529 2538 pater

1498 2571 1646 2598 munera
1661 2562 1921 2609 Chrysostomo
1941 2561 2059 2605 misit,
2087 2559 2360 2607 precabaturque
2378 2553 2483 2595 illum,
2499 2555 2529 2585 ut

1498 2623 1610 2659 filium
1632 2632 1736 2659 suum
1754 2621 1848 2669 apud
1869 2631 1909 2658 se
1927 2622 2111 2658 retineret.
2133 2619 2324 2666 Respondit
2343 2624 2421 2653 vero
2437 2613 2527 2650 Joan-

1498 2694 1563 2721 nes
1583 2690 1705 2720 noster
1730 2694 1769 2720 se
1791 2684 1865 2730 jam
1895 2694 1915 2719 a
1935 2683 2122 2720 Theodoto
2141 2689 2273 2719 tantum
2299 2686 2416 2716 munus
2442 2682 2526 2710 acce-

1497 2747 1614 2793 pisse,
1635 2756 1717 2782 cum
1745 2745 1856 2782 (ilium
1880 2755 1983 2782 suum
2013 2751 2107 2782 tanta
2132 2746 2261 2782 virtute
2290 2740 2458 2790 praeditum
2473 2733 2525 2772 silli

1497 2809 1618 2853 misit,
1641 2814 1678 2845 ut
1695 2819 1924 2855 summepere
1954 2808 2128 2853 miretur,
2157 2806 2250 2854 quod
2269 2805 2345 2842 aliis
2360 2808 2482 2850 quoque
2496 2804 2527 2833 50

1497 2870 1706 2908 muneribus
1737 2871 1921 2907 cumulare
1952 2869 2135 2906 voluerit:
2165 2871 2376 2915 quapropter
2403 2865 2524 2898 muneril

1496 2932 1624 2970 isthmc
1650 2933 1715 2979 ipsi
1743 2932 1903 2976 remisit;
1931 2931 2042 2969 tilium
2063 2941 2148 2968 vero
2171 2933 2247 2977 ejus
2272 2938 2311 2966 se
2325 2921 2526 2963 libentissime

1497 2999 1718 3031 retenturum
1739 2986 1847 3030 fuisse
1861 2994 1964 3037 dixit,
1983 2993 2045 3029 sed
2067 2993 2148 3040 quia
2165 2990 2275 3028 Isauri
2289 2986 2400 3025 omnia
2416 2983 2525 3040 circum

1496 3054 1592 3092 ferro
1623 3055 1775 3101 igneque
1800 3039 2089 3102 populabantur,
2113 3054 2258 3101 ipseque
2283 3045 2428 3097 quotidie
2442 3039 2525 3079 sedes

1497 3123 1636 3153 mutare
1660 3116 1878 3164 cogebatur,
1909 3116 1990 3152 ideo
2009 3126 2049 3153 se
2073 3116 2170 3152 illum
2197 3111 2377 3170 Theodoto
2402 3105 2526 3170 diaconit

1495 3177 1650 3228 misisse.
1668 3161 1928 3223 mandasseque
1948 3177 1998 3212 illi
2012 3183 2050 3212 ut
2065 3174 2238 3212 Theodoti
2259 3169 2395 3209 lectoris
2409 3161 2526 3228 assidue

1495 3225 1616 3275 curam
1633 3244 1795 3286 gereret,
1827 3238 1863 3274 in
1893 3237 2000 3285 idque
2025 3247 2154 3285 magno
2170 3234 2286 3272 studio
2313 3238 2349 3270 et
2370 3225 2525 3274 diliget!“l

1496 3301 1732 3338 incumberet.

1543 3362 1710 3399 Theodoti
1731 3362 1863 3398 lectoris
1881 3361 2034 3398 historia.
2053 3379 2102 3389 —-
2119 3357 2319 3397 Theodotus
2350 3357 2456 3389 autem
2482 3344 2524 3380 Ιεε

1496 3431 1574 3461 ctor
1593 3430 1714 3470 postea
1735 3423 1829 3470 apud
1849 3422 2146 3470 Chrysostomum
2161 3429 2240 3456 sese
2263 3411 2432 3454 excusavit
2448 3399 2524 3470 αοξξιί

1495 3486 1541 3522 ab
1562 3485 1622 3520 illo
1640 3485 1850 3521 secessisset
1869 3494 1877 3518 :
1900 3483 2081 3520 discessus
2100 3489 2185 3518 vero
2203 3485 2341 3516 causam
2372 3471 2467 3508 fuisse
2479 3463 2524 3499 dl-

1495 3547 1612 3590 cebat,
1635 3552 1709 3582 tum
1724 3545 1817 3593 quod
1831 3545 2016 3581 oculorum
2037 3541 2240 3580 inﬁrmitate
2265 3535 2447 3593 laboraret.
2464 3531 2524 3593 "'1"

1496 3583 1591 3656 quod
1603 3583 1760 3646 Inimium
1779 3607 1890 3654 frigus
1908 3607 2160 3644 extimesceret
2177 3614 2187 3638 :
2205 3599 2340 3638 dicebat
2357 3592 2452 3630 etiam

1496 3651 1587 3718 quos
1603 3680 1684 3708 esse
1704 3669 1763 3716 qui
1784 3651 1850 3705 sibi
1873 3667 2018 3704 insidias
2034 3668 2226 3704 struerent,
2246 3659 2277 3696 id
2293 3662 2356 3698 est,
2375 3657 2409 3688 ut
2423 3651 2526 3718 ex}?

1497 3711 1688 3778 quentibus
1703 3711 1828 3778 liquet,
1847 3729 1906 3776 qui
1924 3733 2061 3775 patrem
2083 3734 2184 3761 suum
2208 3721 2386 3780 adversum

1496 3771 1660 3832 citarent.
1691 3771 2144 3840 Ite'ponit'Chrysostomus
2168 3786 2203 3823 in
2233 3777 2373 3840 epistola
2399 3771 2526 3840 151ῑᾲ

1497 3831 1721 3892 Theodotum
1747 3831 1850 3901 quasi
1884 3831 2096 3898 przesentem
2117 3854 2256 3892 semper
2275 3831 2526 3903 haberera‘lgff

1632 3891 1850 3962 complecti;
1871 3891 2105 3958 hortaturque
2124 3891 2220 3946 illum
2240 3909 2278 3940 ut
2295 3897 2381 3938 mala
2395 3891 2524 3940 (ιυπίιυε
