2742 4342
223 233 293 272 253

225 308 409 358 prmsentia
419 310 697 355 spcrnat,utpote
706 304 893 349 lluxa,qu:e
901 311 1042 347 semper
1053 299 1278 336 manentibus

227 369 380 416 praimiis
397 373 668 413 compensentur
681 391 692 408 ,
711 371 818 410 atque
835 369 872 400 ut
891 362 1034 399 assidue
1053 361 1277 406 Scripturam

225 439 359 467 sacram
385 429 499 474 legat,
517 431 685 474 quantum
704 435 766 472 per
784 423 966 460 oculorum
998 420 1278 457 imbecillitatem

226 490 353 528 licebit.
381 489 466 525 Cum
494 497 601 534 porro
621 487 785 523 maeroris
805 494 922 522 causa:
947 482 1132 520 Theodoto
1152 481 1276 518 lectori

225 561 362 598 semper
382 551 640 593 increscereut,
671 548 781 595 patris
811 552 848 582 ut
880 545 1016 582 videtur
1045 549 1276 590 exasperatus

225 613 359 648 animus
385 617 421 648 et
445 611 626 647 oculorum
658 609 902 651 imbecillitas;
935 607 989 643 his
1015 605 1061 644 de
1085 605 1203 642 causis
1231 605 1276 640 ad

223 673 521 720 Cltrysostomum
533 667 777 716 scripsit:qui
804 678 844 705 ea
865 677 933 714 qua
953 677 1016 714 par
1041 671 1118 703 erat
1147 675 1274 702 conso~

224 732 350 770 latione
368 732 466 768 illum
486 731 654 768 recreavit
672 731 707 766 in
734 730 882 776 epistola
903 729 972 766 102)Ι
992 741 1000 765 :
1028 729 1121 764 circa
1149 727 1276 764 oculo-

223 804 298 830 rum
318 793 592 829 invaletudinem
612 793 773 828 hortatur
790 791 890 827 illum
909 797 946 827 ut
967 791 1125 827 medicos
1141 800 1275 827 consu-

223 857 283 900 lat,
301 862 336 892 et
355 855 398 892 ad
413 865 486 891 rem
508 861 638 890 tantam
654 853 832 900 advigilet.
849 853 943 890 Patri
962 853 1054 889 haud
1069 853 1176 889 dubie
1189 852 1278 888 scri-

223 918 290 962 psit
307 915 594 964 Chrysostomus,
617 923 654 952 ut
673 917 771 952 illum
792 927 872 953 cum
895 916 966 952 lilio
995 915 1154 962 pacatius
1171 925 1276 963 agere

221 984 374 1014 curaret.
389 979 476 1023 Quae
489 987 546 1014 res
567 988 610 1016 ex
631 984 711 1014 voto
727 977 835 1014 cessit
854 978 920 1022 illi,
941 983 980 1014 ut
1010 978 1120 1024 liquet
1139 989 1180 1015 ex
1202 979 1276 1024 epi-

220 1037 308 1074 stola
337 1038 417 1074 111.
447 1037 534 1074 Nam
564 1048 645 1075 cum
665 1038 869 1074 Theodotus
898 1039 1008 1076 lector
1021 1039 1276 1086 Chrysostomo

221 1099 472 1145 scripsissetse
487 1109 506 1135 a
525 1105 624 1146 patre
645 1099 841 1137 honoriﬁce
860 1107 1046 1148 exceptum
1064 1100 1192 1146 fuisse;
1217 1101 1277 1139 ille

221 1158 402 1195 Theodoto
429 1159 650 1196 exeonsulari
681 1160 768 1206 patri
801 1161 996 1207 rescripsit,
1015 1161 1146 1208 gratias
1169 1171 1277 1208 agens

221 1219 312 1266 quod
331 1230 404 1256 rem
426 1220 473 1256 ita
490 1221 753 1267 composuerit,
774 1221 1003 1270 hortaturque
1023 1223 1121 1260 illum
1142 1229 1180 1260 ut
1195 1233 1276 1260 cum

222 1281 294 1327 pari
313 1280 439 1332 affectu
456 1281 626 1328 deinceps
645 1283 824 1329 procedat.

266 1342 432 1378 Armenia:
451 1343 540 1379 mala
558 1349 697 1389 quanta.
712 1365 760 1371 —
775 1344 960 1382 Theodoto
985 1346 1092 1382 etiam
1125 1346 1277 1383 diacono

221 1399 423 1438 ﬁdelissimo
443 1412 506 1438 suo
526 1403 680 1449 scripsit,
699 1411 884 1451 postquam
912 1407 941 1442 is
957 1407 1126 1443 Arabisso
1139 1407 1278 1444 disces-

220 1468 326 1508 serat,
346 1474 384 1499 se
402 1463 560 1500 absentia
579 1463 688 1510 ipsius
718 1467 873 1503 maxime
893 1469 1047 1514 torqueri
1069 1468 1274 1512 declarans,

220 1528 271 1558 tot
287 1533 412 1570 nempe
427 1524 530 1560 malis
549 1525 820 1572 circumseptum
844 1526 976 1574 (Epist.
999 1529 1042 1564 67
1060 1529 1086 1574 ).
1109 1529 1277 1574 Queritur

219 1583 325 1620 etiam
341 1593 378 1620 se
390 1583 648 1630 infrequentius
665 1585 787 1623 literas
803 1587 847 1622 ab
861 1588 920 1624 illo
933 1588 1086 1626 directas
1097 1591 1274 1637 accipere;

217 1644 347 1682 fatetur
365 1652 482 1682 tamen
505 1646 699 1684 tabellariis
719 1649 926 1686 interclusas
944 1661 1025 1688 esse
1051 1652 1127 1688 vias
1146 1663 1155 1688 :
1177 1659 1277 1700 rogat

219 1717 318 1753 ergo,
337 1707 366 1742 si
387 1709 584 1754 pauciores,
607 1709 782 1756 longiores
809 1711 934 1748 saltem
955 1713 1124 1759 epistolas
1143 1715 1274 1753 mittat.

219 1765 256 1803 In
277 1769 435 1814 sequenti
456 1775 573 1805 autem
595 1769 640 1806 68
657 1781 696 1807 se
712 1770 800 1808 duas
817 1771 894 1818 ejus
911 1773 1079 1819 epistolas
1093 1776 1274 1822 accepisse

217 1827 264 1864 ait
279 1838 359 1864 cutn
375 1829 506 1876 ingenti
535 1830 674 1875 laetitia,
695 1838 730 1868 et
745 1838 782 1868 ut
805 1832 1011 1880 frequenter
1033 1835 1066 1872 id
1085 1835 1190 1873 faciat
1207 1847 1271 1874 co-

217 1888 386 1926 hortatur.
403 1889 491 1927 lline
505 1898 634 1938 quanta
653 1899 773 1930 essent
785 1894 964 1931 Armenia:
982 1895 1071 1932 mala
1087 1897 1270 1936 describit.

218 1948 265 1985 lbi
289 1956 370 1987 tunc
389 1951 510 1988 videre
540 1959 616 1989 erat
643 1961 810 1991 cruentos
827 1961 1026 2001 torrentes,
1057 1957 1268 1996 cadaverum

216 2011 362 2057 agmina.
377 2011 502 2049 domos
521 2013 598 2050 solo
615 2020 786 2060 aequatas,
805 2015 910 2052 urbes
931 2027 1088 2056 eversas.
1105 2019 1179 2056 Sub
1195 2013 1272 2058 haec

217 2077 329 2109 autem
359 2073 560 2112 Theodotus
577 2085 718 2122 quoque
742 2084 959 2124 conquestus
975 2085 1050 2122 est,
1071 2081 1164 2126 quod
1185 2092 1272 2128 pau-

217 2132 328 2169 ciores
347 2144 421 2182 ipse
445 2134 690 2182 Cltt'ysostomi
712 2137 833 2172 literas
861 2138 1050 2184 acciperet.
1074 2140 1271 2187 Respondit

217 2184 273 2230 ille
301 2195 334 2231 in
357 2197 461 2242 epist.
481 2197 568 2240 157,
597 2197 818 2234 Theodotum
846 2199 992 2236 totidem
1025 2184 1169 2247 literas,
1200 2215 1269 2240 una

215 2255 324 2292 mimis
347 2267 366 2293 a
383 2268 421 2294 se
439 2259 634 2304 accepisse,
649 2266 734 2305 quot
756 2259 831 2305 ipse
855 2268 1053 2306 acceperat.
1075 2262 1126 2300 De
1139 2270 1270 2302 callere

217 2317 369 2355 bortatur
389 2327 546 2365 utquam
568 2320 765 2366 saepissime
788 2321 918 2366 poterit
934 2322 979 2358 ad
1006 2332 1046 2360 se
1059 2324 1209 2369 scribat;
1239 2326 1270 2362 si

215 2385 324 2416 autem
347 2381 401 2417 vel
421 2381 504 2417 anni
532 2387 726 2428 tempestas
752 2383 808 2418 vel
828 2382 1028 2420 Isaurorum
1049 2385 1214 2424 incursus
1235 2387 1268 2424 id

216 2439 432 2486 prohibeant,
454 2453 534 2478 cum
548 2442 624 2488 ejus
644 2443 784 2480 animus
795 2443 860 2480 sibi
881 2445 1088 2491 exploratus
1105 2447 1163 2489 sit,
1187 2447 1270 2484 hinc

213 2509 248 2534 se
259 2502 408 2548 amplam
423 2503 578 2540 diuturni
591 2503 722 2540 silentii
738 2505 1019 2543 consolationem
1037 2514 1267 2555 accepturum

211 2569 300 2596 0550.

259 2619 429 2658 l'lurimas
447 2633 586 2670 quoque
603 2625 704 2670 alias,
725 2627 881 2664 Arabissi
903 2628 1074 2674 inclusus,
1098 2630 1268 2678 epistolas

212 2680 352 2727 scripsit
365 2709 374 2723 ,
393 2683 426 2718 in
447 2685 546 2728 queis
564 2685 606 2721 ad
626 2686 786 2724 diversos
807 2690 930 2726 eadem
949 2690 1063 2728 ferme
1082 2699 1240 2729 recenset
1253 2719 1262 2736 ,

211 2751 249 2778 se
279 2753 404 2788 nempe
424 2743 596 2781 inclusum
630 2746 678 2782 ibi
710 2759 868 2795 manere,
887 2761 966 2788 cum
997 2753 1267 2799 a'gritudinibus

211 2803 415 2849 conﬂictari,
436 2804 574 2844 Isauros
588 2809 705 2844 omnia
725 2812 857 2847 circum
875 2813 1096 2862 depopulari,
1117 2816 1261 2863 oppida,

213 2865 304 2901 vicos
321 2871 355 2902 et
367 2876 512 2914 cantpos
528 2867 681 2906 humano
699 2873 868 2918 sanguine
887 2882 1073 2913 cruentare
1087 2904 1096 2920 ,
1118 2877 1192 2914 vias
1211 2877 1266 2914 in-

214 2925 378 2963 terclusas
394 2937 486 2972 esse,
508 2929 554 2965 ita
582 2935 620 2965 ut
647 2930 768 2968 literas
786 2932 843 2969 vel
869 2935 1009 2973 mittere
1029 2937 1083 2974 vel
1104 2939 1263 2985 recipere

213 2987 385 3026 rarissime
404 2990 529 3038 possit.
544 2991 610 3028 Ubi
628 2993 831 3030 consideres
846 2995 963 3041 velim,
983 3007 1088 3044 quam
1108 2999 1262 3038 nefando

213 3047 290 3084 odio
305 3055 340 3086 et
358 3050 469 3088 livore
497 3052 629 3089 inimici
646 3055 723 3100 ejus
739 3055 833 3092 ducti
851 3057 978 3094 ruerint
1004 3070 1012 3094 :
1034 3069 1148 3107 neque
1165 3061 1260 3097 enim

213 3109 292 3144 satis
310 3109 463 3150 habuere
478 3113 575 3150 illtnn
595 3125 639 3152 ex
662 3115 747 3152 sede
766 3127 826 3153 sua
842 3118 1032 3166 depulisse,
1053 3121 1116 3158 sed
1134 3122 1170 3158 in
1185 3122 1260 3159 loca

213 3167 267 3204 illa
285 3170 434 3216 deserta,
457 3174 717 3212 incursionibus
732 3177 961 3216 barbarorum
977 3180 1152 3220 funestata
1167 3211 1177 3228 ,
1199 3185 1262 3222 ab-

213 3227 286 3264 duci
304 3240 481 3270 curavere.
498 3234 571 3270 lmo
590 3246 688 3280 vero,
711 3237 791 3283 quia
807 3240 892 3276 tanti
906 3241 971 3276 viri
992 3241 1082 3278 fama
1103 3249 1139 3279 et
1158 3253 1262 3280 sanc-

213 3288 349 3326 timonia
363 3293 564 3332 innumeros
581 3297 614 3332 in
633 3297 710 3334 loca
725 3299 783 3336 illa
799 3306 868 3336 tam
886 3303 1008 3348 procul
1025 3305 1136 3350 posita
1148 3311 1259 3342 attra-

212 3349 334 3397 hebat,
366 3355 401 3391 in
419 3362 606 3404 extremos,
624 3367 661 3396 ut
681 3371 762 3398 mox
781 3363 992 3408 videbimus,
1013 3366 1153 3414 imperii
1171 3367 1260 3405 fines

214 3412 303 3450 illum
323 3422 444 3462 postea
461 3421 638 3458 amandari
659 3433 842 3460 curavcre.
861 3425 1030 3464 Arabisso
1051 3435 1168 3465 autem
1190 3431 1260 3466 Cu-

212 3482 328 3512 cusum
353 3477 500 3516 rediisse
518 3488 657 3527 putatur
673 3494 767 3520 anno
786 3485 868 3522 406.

255 3534 504 3585 Cltrysoslontus
523 3543 567 3579 ad
586 3545 820 3584 Occidentales
838 3548 1025 3595 Episcopos
1046 3551 1160 3588 literas
1179 3555 1257 3590 utit—

215 3594 261 3629 tit.
276 3615 321 3623 —
335 3597 420 3635 Cum
441 3611 546 3648 porro
572 3606 680 3642 sciret
711 3594 988 3654 Cltrysostomus
1013 3609 1259 3651 Occidentales

214 3655 388 3704 episcopos
402 3671 421 3696 a
443 3665 601 3708 partibus
621 3667 695 3704 suis
709 3674 818 3712 stare,
841 3674 876 3705 et
892 3680 934 3706 ea
953 3682 1032 3718 quas
1057 3671 1260 3712 Constanti-

215 3719 324 3765 nopoli
337 3728 372 3758 et
389 3723 421 3759 in
438 3726 646 3772 expulsione
662 3738 726 3765 sua
744 3735 780 3766 et
795 3737 915 3776 postea
934 3740 1030 3780 gesta
1045 3733 1185 3773 fuerant
1198 3748 1261 3774 vc-

217 3775 388 3819 bemcnter
405 3784 625 3832 improbare,
647 3790 814 3836 epistolas
832 3791 924 3830 bene
943 3793 1071 3832 multas
1099 3797 1142 3833 ad
1175 3808 1258 3836 eos-

216 3837 289 3876 dem
307 3844 485 3894 cpiSCOpos
503 3850 612 3896 misit,
633 3857 670 3888 et
688 3851 830 3898 quidem
857 3863 921 3900 per
947 3855 1134 3896 Evetbium
1174 3871 1256 3908 prc-

971 223 1091 262 ΝυΝο
1115 221 1292 260 PRIMUM
1314 223 1576 262 ADORNATA.

2343 231 2413 269 255

1353 301 1551 348 sbyterum,
1570 313 1677 350 quem
1708 305 1744 342 in
1773 307 2020 346 Occidentales
2050 315 2167 356 partes
2195 309 2304 348 misit.
2325 312 2412 356 Qum

1351 361 1421 398 152
1439 361 1644 400 inscribitur
1657 392 1666 408 ,
1683 365 1728 401 ad
1746 368 1934 414 episcopos
1953 369 2060 406 missa
2079 370 2298 416 significatur
2313 400 2323 417 ,
2347 383 2414 410 nec

1350 421 1383 456 in
1402 421 1503 458 titulo
1529 423 1775 462 Occidentales
1807 435 2066 466 memorantur.
2088 429 2159 468 Sed
2189 443 2209 468 a
2239 433 2414 480 principio

1347 481 1393 517 ad
1407 481 1653 520 Occidentales
1672 484 1776 532 dirigi
1791 487 1968 524 indicatur
1989 489 2044 527 bis
2060 493 2178 530 verbis
2201 505 2210 530 :
2233 494 2278 530 Et
2299 496 2414 541 priuar-

1348 541 1407 576 tim
1433 542 1575 589 singulis
1591 549 1624 580 el
1641 546 1821 582 ttniversint
1841 549 1996 586 omnibus
2011 555 2139 598 gratias
2169 556 2260 592 vobis
2282 558 2424 605 deferre.

1347 601 1518 647 debemus,
1539 615 1606 641 non
1627 617 1688 643 nos
1707 608 1888 654 duntaxat,
1905 611 1964 647 sed
1977 613 2077 650 etiam
2094 625 2208 652 omnes
2225 617 2414 656 Orientales

1345 663 1506 710 episcopi,
1524 665 1732 704 diversarum
1749 669 1884 706 urbium
1903 672 2030 716 clerici,
2047 685 2087 710 ac
2106 675 2186 711 laici
2205 679 2298 714 vario
2314 681 2414 717 modo

1345 725 1459 770 pulsi,
1477 727 1566 773 quod
1585 735 1727 774 polenta
1753 731 1880 768 viscera
1899 733 2110 780 exhibentes,
2138 737 2243 773 vicem
2264 747 2413 776 nostram

1346 783 1522 831 doluistis,
1542 790 1740 837 fortiterque
1756 793 1908 829 stetistis.
1930 795 2175 842 Hortaturque
2205 798 2286 835 illos
2315 807 2354 836 ut
2379 803 2429 838 in.

1345 849 1472 894 coeptis
1493 851 1698 896 persistant.
1717 853 2006 904 Insequentibus
2032 869 2173 906 quoque
2194 861 2356 908 epistolis
2369 865 2414 900 ad

1345 909 1490 946 eosdem
1513 913 1632 949 missis
1649 915 1718 951 155
1735 922 1771 952 ct
1790 917 1872 962 151,
1897 925 1936 955 ιιι
1953 919 2117 957 car-idem
2137 932 2281 970 semper
2313 925 2346 960 in
2377 937 2415 962 re

1346 979 1509 1019 suscepta
1544 973 1783 1014 fortitudinem
1801 979 1994 1018 exhibeant
2023 982 2199 1029 obsecrat,
2215 991 2250 1021 et
2276 993 2422 1032 pertur-.

1345 1031 1525 1070 bationem
1545 1034 1655 1081 illam,
1677 1047 1756 1084 quae
1773 1037 1974 1078 Orientales
2007 1042 2184 1081 Ecclesias
2213 1031 2412 1090 invaserat,

1346 1093 1473 1131 sedare
1491 1103 1679 1134 cernentur.

1394 1153 1490 1190 Inter
1503 1157 1690 1204 episcopos
1704 1165 1822 1196 autem
1841 1162 1936 1205 illos,
1953 1164 2013 1210 qui
2027 1164 2274 1213 Chrysostomi
2295 1178 2415 1216 partes

1346 1213 1499 1259 amplexi
1535 1215 1697 1262 fuerant,
1729 1220 1908 1258 eminebat
1943 1222 2194 1272 Chromatius,
2225 1213 2414 1277 episcopus

1283 1314 1288 1321 Ι
1347 1273 1604 1321 Aquileiensis,
1627 1278 1686 1324 qui
1709 1279 1790 1316 tuba
1809 1281 1953 1324 clarius,
1977 1273 2260 1330 inquitJoanues
2276 1297 2428 1336 noster,

1349 1343 1415 1379 pro
1432 1345 1538 1372 causa
1553 1338 1664 1383 ipsius
1683 1346 1718 1376 et
1736 1347 1860 1378 contra
1879 1343 2106 1384 adversarios
2133 1357 2218 1386 suos
2237 1349 2414 1388 declama-

1346 1395 1418 1432 bat.
1441 1397 1554 1444 Hujus
1573 1408 1767 1448 conspectu
1782 1410 1889 1450 atque
1907 1415 2104 1454 congressu
2119 1409 2186 1446 frui
2203 1413 2414 1458 peroptabat

1347 1457 1650 1507 Chrysostomus;
1669 1465 1732 1501 sed
1757 1465 1838 1512 quia
1859 1467 1944 1504 illud
1965 1471 2138 1516 temporis
2165 1457 2324 1510 conditio
2345 1486 2423 1514 non.

1347 1517 1497 1565 ferebat,
1514 1522 1702 1560 Evctbium
1718 1527 1986 1575 presbyterum,
2005 1530 2065 1576 qui
2079 1531 2146 1568 sibi
2159 1542 2180 1568 a
2197 1532 2306 1570 latere
2319 1545 2413 1572 sem~

1347 1591 1412 1626 per
1427 1583 1558 1629 stabat,
1580 1585 1624 1621 ad
1653 1586 1753 1624 illum
1773 1589 1890 1635 misit,
1919 1601 2070 1636 precans
2089 1599 2126 1630 ut
2145 1594 2300 1643 benigne
2318 1599 2411 1634 exei-

1347 1649 1462 1688 peret,
1485 1655 1527 1682 ac
1548 1646 1711 1684 redeunti
1733 1649 1854 1688 literas
1868 1651 1970 1689 daret
1993 1653 2060 1691 sibi
2076 1654 2305 1702 afferendas;
2339 1665 2411 1696 tum

1345 1705 1451 1741 etiam
1467 1734 1476 1750 ,
1497 1707 1527 1743 si
1556 1708 1761 1747 tabellarios
1788 1713 1944 1750 nancisci
1974 1721 2116 1761 posset,
2149 1716 2194 1754 de
2213 1719 2329 1756 salute
2347 1731 2410 1756 sua

1343 1768 1532 1809 certiorem
1561 1779 1600 1806 se
1618 1770 1762 1808 faceret.
1784 1773 1850 1810 Hic
1876 1785 1961 1812 vero
1983 1775 2212 1816 Chromatius
2229 1780 2273 1816 ad
2303 1781 2410 1818 Joan-

1342 1838 1425 1866 nem
1451 1837 1613 1868 nostrum
1641 1835 1808 1880 scripsit,
1831 1842 1866 1873 ut
1886 1845 2062 1876 memorat
2089 1840 2270 1879 Palladius
2301 1843 2334 1879 in
2353 1844 2410 1880 Vi-

1341 1897 1376 1925 ta
1417 1890 1674 1940 Chrysostomi.
1717 1895 1830 1943 Hujus
1868 1899 1976 1935 etiam
2017 1903 2154 1938 mentio
2189 1903 2342 1940 habetur
2374 1905 2408 1941 in

1339 1951 1444 1997 epist.
1479 1952 1674 1992 Innocentii
1705 1956 1748 1992 ad
1783 1957 2094 2006 Chrysostomum.
2131 1963 2234 2001 Hunc
2267 1975 2410 2013 queque

1339 2011 1586 2052 Chromatium
1620 2018 1886 2064 Aquileiensem
1919 2021 2120 2062 honorifice
2151 2036 2409 2068 commemorat

1341 2073 1580 2123 Hieronymus
1597 2078 1806 2125 prmfatione
1827 2081 1862 2118 in
1885 2081 2029 2120 librum”
2046 2085 2346 2134 Paralipomenon
2373 2098 2409 2130 et

1341 2135 1374 2172 in
1395 2139 1542 2184 cpistola
1561 2140 1620 2177 66.

1387 2199 1572 2248 Episcopis
1591 2204 1698 2240 etiam
1719 2204 2033 2252 Occidentalibus,
2059 2211 2120 2258 qui
2145 2212 2189 2249 ad
2213 2213 2406 2255 Arcadium

1340 2257 1430 2305 Imp.
1449 2261 1597 2299 Concilii
1617 2267 1827 2304 (ccumenici
1847 2269 2050 2314 postulandi
2063 2257 2170 2308 causa
2189 2276 2405 2322 veniebant,

1339 2329 1404 2366 per
1422 2321 1610 2359 Evethium
1631 2326 1876 2373 presbyterum
1897 2330 2066 2376 epistolas
2090 2334 2186 2370 misit
2204 2335 2288 2380 156,
2310 2339 2378 2376 157
2393 2368 2403 2384 ,

1340 2379 1424 2424 158,
1442 2382 1523 2426 159,
1543 2383 1667 2420 iisdem
1689 2395 1780 2432 pene
1798 2388 1914 2424 verbis
1931 2398 2140 2437 conceptas,
2159 2379 2402 2436 fortitudinem

1339 2441 1510 2486 laudans,
1534 2453 1753 2492 precaosque
1767 2474 1776 2490 ,
1800 2452 1837 2482 ut
1859 2451 2037 2486 constanti
2067 2453 2188 2490 animo
2215 2453 2249 2491 itt
2271 2466 2310 2492 re
2330 2463 2402 2495 tam

1338 2502 1430 2538 bene
1445 2510 1559 2550 coepta
1579 2513 1820 2551 perseverent.
1841 2509 1895 2545 Ad
1915 2510 1992 2547 base
2010 2523 2094 2549 vero
2111 2508 2302 2560 epistolam
2313 2520 2403 2556 seri-

1337 2564 1409 2611 psit
1427 2565 1494 2602 160
1508 2565 1684 2615 Episcopo
1697 2597 1706 2612 ,
1725 2570 1783 2616 qui
1801 2571 1842 2607 ab
1864 2571 2046 2610 Occidente
2065 2583 2198 2612 venerat
2210 2605 2220 2622 ,
2249 2578 2297 2616 ita
2317 2590 2402 2618 cou-

1337 2625 1532 2671 cinnatarn,
1552 2634 1590 2664 ut
1610 2637 1733 2676 posset
1749 2633 1898 2680 singulis
1918 2634 2207 2675 Occidentalibus
2226 2641 2403 2689 episcopis

1336 2687 1470 2725 olIerri.
1491 2689 1714 2740 Presbyteris
1727 2695 1832 2731 etiam
1847 2696 2032 2744 Romanis,
2053 2699 2114 2746 qui
2130 2711 2210 2738 cum
2225 2687 2403 2751 episcopis

1337 2749 1371 2784 in
1391 2749 1572 2794 Orientem
1589 2761 1774 2798 venerant,
1796 2756 1916 2794 literas
1931 2759 2029 2796 misit
2047 2770 2104 2806 ep.
2129 2761 2210 2803 161.
2227 2773 2290 2810 per
2303 2749 2396 2802 enitr

1335 2809 1416 2847 dem
1437 2812 1625 2850 Evethium
1647 2815 1860 2854 afferendas.
1882 2819 1946 2865 Qui
1969 2821 2140 2858 Evethius
2163 2823 2270 2860 etiam
2291 2835 2401 2872 pecu--

1335 2872 1456 2910 Iiarem
1477 2875 1664 2920 epistolam
1687 2877 1754 2915 162
1771 2879 1814 2916 ad
1837 2880 2022 2929 Anysium,
2043 2881 2400 2925 Thessalonicensem

1334 2935 1554 2982 episc0pum,
1574 2939 1708 2982 attulit,
1731 2940 1968 2989 similiterque
1986 2943 2134 2980 alteram
2155 2945 2223 2982 165
2240 2946 2284 2983 ad
2301 2947 2400 2998 Any-

1334 2998 1424 3034 sium
1443 3006 1667 3048 canorosque
1695 3012 1821 3040 omnes
1839 3003 2056 3042 Macedonire
2083 3006 2290 3054 episcopos,
2309 3019 2400 3056 quo-

1333 3069 1410 3095 rum
1430 3060 1595 3098 undecim
1618 3063 1868 3108 nominantur;
1895 3071 1929 3102 et
1949 3076 2027 3103 eam
2047 3067 2206 3115 insuper,
2225 3080 2304 3116 quze
2332 3071 2401 3109 161

1333 3122 1561 3168 inscribitur,
1581 3125 1624 3161 ad
1648 3125 1890 3168 Alexandrum
1921 3127 2086 3166 Corinthi
2107 3132 2335 3179 episcopum,
2355 3134 2400 3172 de

1332 3193 1402 3230 quo
1420 3185 1533 3220 amice
1547 3187 1720 3232 queritur,
1741 3187 1835 3233 quod
1857 3189 1923 3225 sibi
1945 3189 2068 3227 literas
2083 3193 2201 3231 nullas
2219 3195 2349 3232 mittat.

1380 3246 1566 3294 Episcopis
1585 3249 1693 3284 etiam
1727 3249 1796 3286 illis
1823 3251 2086 3299 Orientalibus,
2118 3257 2176 3303 qui
2209 3257 2263 3294 sui
2293 3268 2398 3296 causa

1333 3307 1481 3344 Romam
1504 3320 1542 3345 se
1559 3311 1806 3356 contulerant,
1835 3318 1872 3350 et
1895 3323 1975 3351 cum
1999 3315 2288 3356 Occidentalibus
2319 3323 2398 3368 epi-

1331 3370 1449 3415 scopis
1465 3370 1510 3407 ad
1528 3371 1782 3418 Imperatorem
1796 3375 1987 3413 Arcadium
2001 3378 2213 3426 migrabant,
2230 3381 2400 3430 epistolas

1331 3432 1428 3468 misit
1443 3433 1524 3477 165,
1547 3434 1616 3470 166
1634 3441 1670 3471 et
1689 3435 1757 3472 167
1780 3447 1789 3471 :
1811 3447 1899 3484 quas
1917 3440 2034 3476 eidem
2065 3441 2218 3480 Evethio
2249 3443 2398 3490 presby-

1333 3497 1409 3528 tero
1429 3493 1516 3540 ipsis
1538 3493 1732 3531 tradendas
1751 3499 1986 3546 consignavit.
2010 3501 2211 3538 Gaudentio
2230 3513 2370 3549 quodue
2385 3523 2394 3538 ο

1331 3552 1499 3590 Brixiano
1517 3555 1706 3602 episcopo,
1739 3569 1842 3605 quem
1861 3559 1934 3606 jam
1953 3561 2038 3598 olim
2069 3568 2240 3604 noverat,
2262 3561 2397 3606 cpislo.

1332 3614 1400 3650 lam
1421 3615 1487 3652 181
1507 3617 1663 3664 scripsit,
1682 3619 1872 3668 laudatque
1898 3622 1996 3658 illutn
2017 3633 2037 3658 a
2052 3621 2251 3658 constantia
2267 3626 2300 3656 et
2323 3618 2397 3654 for-

1333 3676 1484 3714 titudine
1501 3684 1607 3726 atque
1633 3691 1650 3715 a
1677 3684 1964 3728 perseverantia,
1985 3688 2019 3718 ct
2040 3681 2161 3728 paucis
2179 3679 2395 3725 indicatjam

1331 3737 1376 3774 de
1395 3749 1514 3776 rerum
1533 3751 1670 3778 summa
1689 3744 1759 3791 agi.

1380 3804 1500 3852 Legati
1539 3805 1658 3852 itaque
1690 3805 1856 3853 (Pallad.
1887 3801 2062 3849 Dialog.),
2084 3800 2248 3837 Aimilius
2285 3800 2396 3838 Bene-

1335 3868 1430 3904 νειιιί
1448 3867 1654 3915 episcopus,
1671 3867 1876 3914 Cytbcgius,
1895 3861 2128 3903 Gaudentius.
2149 3861 2338 3908 Mariauus,
2363 3871 2395 3900 et
