2742 4342
331 264 401 302 355
1071 250 1110 288 s.
1136 247 1325 290 manus
1349 245 1668 288 cumsostotu
1696 247 1817 296 Vl'l‘A,
1878 226 1880 228 ’
2451 255 2505 296 ass

331 345 421 379 :iiitts
439 339 541 386 cujus
573 344 702 374 nomen
736 339 948 379 expressum
976 338 1050 367 non
1085 327 1174 373 fuit;
1204 325 1406 375 presbyteri

332 414 416 440 vero
432 397 698 438 Valentinianus
709 392 975 436 etBouifacius,
994 397 1031 429 et
1045 390 1220 428 diaconus
1233 399 1340 433 unus,
1353 398 1408 426 ae-

330 459 731 513 ceptisiiterislionorii
753 457 1000 506 imperatoris,
1019 455 1218 493 lnnocentii
1239 461 1276 492 et
1302 453 1409 490 italo-

331 536 409 564 rum
436 523 704 571 episcoporum,
738 519 938 558 Chromatii
971 517 1227 566 Aquileiensis,
1264 513 1408 552 Venet-ii

331 583 609 624 Mediolanensis
629 588 666 620 et
681 583 849 624 aliorum,
866 579 1030 617 instructi
1044 578 1152 616 etiam
1169 576 1410 614 commonito-

328 652 384 689 rio
398 647 536 698 Synodi
551 646 806 690 Occidentalis,
825 643 942 681 Roma
961 641 1112 690 profecti
1129 645 1214 678 sunt
1241 649 1311 676 una
1327 646 1408 674 cum

327 713 494 761 (Syriaco,
515 709 712 754 Demetrio,
733 707 897 745 Palladio
915 711 951 742 et
963 703 1114 752 Eulysio
1129 701 1310 750 episcopis
1329 698 1410 736 Ori-

327 759 520 818 entalibus,
538 771 598 820 qui
618 765 1006 816 Constantinopolitani
1039 763 1178 801 dissidii
1199 771 1308 798 causa
1337 759 1410 796 ito-

331 848 426 875 tnam
449 839 639 873 venerant.
661 832 708 870 Ut
725 838 845 868 autem
867 840 912 867 ex
931 826 1083 870 Palladii
1097 826 1207 864 dictis
1236 823 1409 870 liquidum

328 907 388 938 est
411 897 570 948 (Pallad.
594 891 767 942 Dialog.),
790 891 952 928 nondum
979 888 1142 926 sciebant
1175 885 1224 922 illi
1252 883 1409 922 Atticum

330 969 412 1011 post
431 960 568 1000 Arsacii
585 966 740 997 mortem
755 957 880 995 sedem
894 951 1330 1000 ConstantinOpolitanam
1358 949 1413 986 in-

330 1026 486 1064 vasisse.
507 1024 544 1062 in
565 1019 843 1060 commouitorio
862 1025 983 1056 autem
1002 1014 1242 1054 Occidentalis
1275 1011 1410 1060 Synodi

332 1086 532 1128 dicebatur,
548 1084 724 1122 Joannem
747 1079 966 1128 injudicium
981 1076 1154 1115 accedere
1172 1085 1243 1111 non
1263 1073 1408 1116 debere,

334 1149 403 1187 nisi
425 1149 524 1196 prius
537 1146 604 1194 ipsi
625 1143 794 1182 restituta
813 1141 940 1179 fuisset
962 1146 999 1178 et
1015 1137 1177 1176 Ecclesia
1195 1143 1232 1173 et
1260 1145 1414 1171 commu-

332 1194 510 1258 uim—jure
523 1217 680 1256 namque
699 1203 990 1254 conquerebatur
1008 1199 1083 1246 ille,
1114 1194 1209 1247 quod
1229 1202 1264 1234 et
1281 1195 1413 1232 absens

330 1279 368 1312 et
386 1273 520 1310 indicta
537 1281 644 1308 causa
664 1269 855 1306 damnatus
870 1266 1012 1304 fuisset.

379 1333 545 1382 Episcopi
563 1332 604 1368 ab
625 1330 781 1370 Honorio
802 1328 897 1376 Imp.
924 1327 970 1363 ad
987 1324 1172 1362 Arcadium
1191 1322 1299 1366 missi,
1323 1319 1412 1356 male

333 1383 558 1444 excipiuntur.
573 1413 621 1420 --
636 1392 843 1430 Conscensa
864 1390 971 1437 igitur
987 1386 1070 1424 navi
1091 1395 1214 1422 versus
1233 1383 1412 1422 Graeciam

336 1460 414 1496 \ela
429 1457 622 1501 dederunt,
644 1463 800 1501 cumque
825 1452 898 1503 jam
917 1459 1030 1498 prope
1051 1447 1274 1485 Athenarum
1293 1445 1412 1481 littora

333 1519 598 1568 pervenissent,
629 1527 649 1554 a
669 1516 813 1553 tribuno
843 1511 997 1561 quodam
1025 1508 1161 1548 detenti
1199 1507 1312 1550 luere,
1353 1505 1413 1552 qui

331 1583 582 1622 centurionem
594 1581 664 1617 illis
673 1578 851 1626 adiunxit,
863 1577 1002 1624 jussuin
1015 1573 1184 1611 cohibere
1198 1582 1243 1608 ne
1257 1570 1415 1606 Thessa-

335 1647 504 1689 lonicam,
520 1653 593 1692 quo
609 1653 649 1680 se
663 1641 830 1680 conferre
850 1645 957 1686 atque
968 1635 1106 1689 Anysio
1122 1635 1244 1672 literas
1261 1632 1348 1670 dare
1358 1640 1416 1668 v0-

337 1707 472 1749 lebant,
486 1691 708 1751 appellerent
727 1700 884 1738 (Pallad.
902 1697 1034 1746 supra).
1047 1695 1244 1743 Conjectos
1256 1694 1362 1741 igitur
1379 1691 1414 1728 in

337 1767 475 1814 navigia
487 1762 561 1798 duo
571 1762 1058 1808 dimisit.lngruenteautem
1074 1761 1182 1793 vento
1195 1752 1412 1796 vehementi,

335 1829 488 1876 JEgeum
507 1835 608 1864 mare
627 1831 664 1862 et
685 1823 775 1860 freta
797 1821 876 1858 sine
893 1819 974 1856 cibo
993 1819 1226 1864 trajecerunt,
1245 1820 1282 1851 et
1301 1816 1416 1852 tertia:

335 1875 406 1930 diei
425 1891 513 1928 hora
531 1887 744 1926 duodecima
779 1881 931 1931 (Pallad.
955 1879 1125 1927 Μαίας).
1156 1875 1414 1915 Constantino-

336 1951 614 2002 polinappulere
634 1957 746 1998 prope
766 1944 1010 1984 suburbanum
1025 1941 1190 1978 \‘ictoris.
1210 1939 1275 1976 Ubi
1287 1936 1417 1974 retenti

335 1999 382 2054 ab
409 1999 638 2054 exactoribus
655 2016 835 2058 portuum,
854 2007 956 2055 jussu
976 2003 1162 2052 cujusdam
1177 2001 1244 2039 sibi
1276 1999 1417 2048 ignoti,

335 2086 434 2118 retro
449 2079 693 2116 discesserunt
709 2103 718 2119 ,
739 2079 776 2126 et
802 2071 928 2109 inclusi
956 2069 1054 2106 fuere
1089 2068 1125 2104 in
1151 2076 1234 2103 arce
1261 2064 1416 2112 quadam

333 2142 500 2180 't'hraciae
517 2139 710 2184 maritima,
725 2137 782 2174 cui
795 2145 926 2172 nomen
938 2133 1073 2181 Athyra
1085 2143 1095 2175 ;
1107 2129 1257 2167 Romani
1271 2128 1416 2176 quidem

336 2207 374 2246 in
393 2213 460 2240 una
489 2199 706 2238 domuncula
725 2225 734 2243 ,
751 2197 776 2234 ii
787 2202 906 2234 autem
918 2195 978 2242 qui
995 2203 1076 2230 cum
1093 2191 1244 2240 Cyriaco
1262 2197 1364 2228 erant
1381 2190 1418 2228 in

339 2265 496 2305 diversis
515 2261 708 2310 separatim
724 2288 734 2306 ,
749 2259 894 2306 illicque
921 2257 1038 2296 vexati
1054 2260 1164 2299 sunt,
1184 2253 1230 2290 ita
1243 2259 1282 2290 ut
1301 2263 1345 2290 ne
1362 2251 1416 2288 fa-

339 2327 459 2372 mulus
476 2325 620 2374 quidem
642 2328 772 2372 prtesto
796 2327 906 2366 esset,
919 2320 980 2368 qui
1002 2319 1072 2357 illis
1087 2317 1320 2355 ministraret.

389 2391 448 2428 Ait
483 2398 592 2438 porro
621 2387 846 2427 Sozomenus
873 2383 1030 2434 (Sozam.
1053 2381 1078 2418 ι.
1099 2381 1135 2418 8.
1159 2391 1192 2416 c.
1208 2380 1286 2428 28),
1307 2378 1418 2416 Joan-

344 2454 401 2490 nis
419 2450 649 2489 adversarios
665 2448 876 2496 Imperatori
899 2445 1071 2492 Arcadio,
1090 2443 1240 2482 credulo
1261 2441 1366 2478 nimis
1383 2446 1420 2478 et

341 2513 536 2558 imbecillo,
563 2511 735 2556 suasisse,
751 2511 786 2551 id
804 2510 840 2547 in
855 2508 1113 2551 contumeliam
1140 2503 1335 2543 Orientalis
1347 2503 1418 2540 im-

343 2575 430 2623 perii
451 2574 583 2614 factum
601 2583 707 2616 esse;
729 2577 838 2619 atque
873 2570 958 2607 hinc
990 2569 1156 2606 e\cnisse
1189 2572 1227 2604 ut
1254 2563 1304 2603 illi
1335 2573 1418 2601 enin

344 2637 536 2686 ignominia
548 2635 830 2679 dimitterentur,
851 2633 1009 2672 Joannes
1044 2636 1164 2668 autem
1198 2628 1354 2677 longius,
1382 2626 1418 2664 in

347 2699 515 2750 appidum
531 2698 671 2736 scilicet
685 2695 908 2743 Pytiuutem,
929 2691 1200 2730 transferretur.

402 2763 431 2804 Α
451 2761 578 2809 legatis
595 2770 682 2796 vero
707 2757 882 2795 Romanis
898 2756 1068 2804 petebant
1095 2754 1133 2796 ii,
1159 2751 1220 2800 qui
1240 2759 1312 2790 tam
1342 2751 1420 2788 dire

346 2825 428 2863 illos
444 2824 637 2866 vexabant,
667 2822 790 2863 literas
821 2819 1052 2868 imperatoris
1085 2824 1122 2854 et
1153 2817 1418 2866 episcoporum.

347 2885 624 2934 Responderunt
640 2883 708 2928 illi,
739 2893 779 2919 se
809 2880 952 2918 nonnisi
973 2878 1184 2926 imperatori
1204 2877 1272 2924 ipsi
1289 2881 1326 2913 ct
1341 2875 1419 2922 epi-

349 2941 470 2995 scopis
496 2957 602 2995 posse
619 2946 742 2982 literas
756 2943 836 2980 illas
853 2942 957 2980 dare.
975 2941 1067 2976 Cum
1083 2948 1169 2976 vero
1191 2937 1423 2984 persisterent

351 3011 404 3048 illi
422 3014 610 3058 negantes,
633 3007 731 3044 venit
745 3005 861 3052 primo
881 3002 1057 3039 Patricius
1072 3000 1247 3044 notarius,
1269 3005 1344 3035 tum
1362 2997 1422 3034 alii

349 3073 504 3121 itlipsum
523 3073 702 3119 petentes,
714 3067 933 3112 demumque
948 3063 1162 3101 Valerianus
1173 3059 1363 3108 Cappadox
1378 3069 1422 3096 ex

352 3135 502 3171 militum
525 3140 690 3173 numero,
711 3129 798 3167 lwso
812 3126 959 3164 Mariani
979 3125 1140 3173 episcopi
1172 3123 1316 3172 pollice,
1351 3121 1420 3158 lm-

352 3184 528 3244 peratoris
545 3199 581 3230 et
601 3191 752 3228 aliorum
769 3189 894 3226 literas
911 3187 977 3235 ipsi
992 3186 1154 3223 abstulit.

357 3246 361 3254 ’
404 3254 578 3306 Postridie
592 3257 713 3288 autem
733 3249 790 3295 vel
808 3249 914 3298 auliei
930 3247 1176 3294 imperatoris,
1198 3245 1252 3281 vel
1273 3245 1352 3292 ipse
1366 3244 1425 3280 At-

355 3304 458 3362 ticus,
477 3313 654 3350 miserunt
673 3311 727 3347 eis
739 3309 801 3358 qui
821 3310 888 3346 tria
909 3309 1018 3345 millia
1037 3307 1292 3358 nuntismatum
1315 3304 1423 3341 oli'er-

353 3379 448 3418 rent,
463 3375 494 3410 si
505 3383 588 3426 cum
607 3371 726 3409 Attico
743 3370 1012 3421 communicare
1033 3369 1182 3411 vellent,
1199 3374 1234 3404 et
1254 3366 1299 3412 de
1315 3365 1425 3403 Joan-

354 3438 411 3474 nis
426 3435 561 3484 judicio
574 3437 748 3479 tacerent.
769 3431 831 3471 llis
849 3431 1008 3478 rejectis,
1029 3431 1078 3467 illi
1109 3430 1154 3466 ad
1189 3438 1314 3475 preces
1338 3437 1425 3473 con-

357 3499 452 3535 Versi
469 3502 568 3547 sunt,
584 3500 623 3531 ut
638 3503 720 3530 eum
739 3491 829 3535 nihil
848 3497 993 3539 possent
1006 3490 1152 3537 paciﬁee
1173 3498 1357 3539 peragere,
1380 3487 1428 3524 ob

359 3567 492 3602 tantam
507 3537 644 3596 scilicet
658 3554 971 3598 inhumanitatem,
987 3552 1172 3589 Ecclesias
1196 3561 1280 3600 suas
1318 3537 1427 3599 repe-

363 3631 435 3660 tere
454 3623 533 3661 sine
553 3617 716 3668 periculo
731 3620 889 3663 possent,
909 3613 1019 3661 idque
1039 3615 1139 3660 ipsis,
1161 3614 1275 3660 inquit
1313 3612 1428 3648 Palla-

358 3686 452 3730 dius,
486 3671 594 3724 variis
619 3677 902 3718 revelationibus
929 3675 1148 3712 declaratum
1181 3675 1273 3720 fuit;
1312 3675 1360 3711 ita
1391 3680 1430 3725 ut

359 3747 466 3784 etiam
495 3745 648 3783 diacono
667 3742 709 3780 S.
731 3738 896 3778 Emmelii
920 3737 1046 3782 Paulo,
1065 3737 1142 3772 viro
1176 3737 1366 3772 mitissimo
1394 3723 1430 3772 et

361 3807 540 3853 prudenti,
554 3805 686 3844 Paulus
698 3801 880 3851 apostolus
891 3797 1110 3846 apparuerit.
1127 3796 1432 3844 Valerianusergo

363 3869 525 3907 tribunus
543 3869 624 3905 illos
639 3867 674 3905 in
698 3863 876 3914 putridam
896 3870 1023 3909 navem
1053 3858 1219 3900 immisit,
1250 3858 1430 3902 mercede,

366 3937 402 3975 tt!
417 3940 538 3970 mmor
555 3935 644 3974 erat,
665 3928 836 3966 nauclero
856 3924 952 3971 data,
970 3930 1007 3959 ut
1021 3921 1230 3968 navigantes
1246 3919 1325 3957 illos
1345 3929 1429 3968 per-

1485 326 1600 371 deret,
1620 325 1800 374 adjunetis
1819 325 1928 364 etiam
1949 325 2073 374 viginti
2088 327 2255 365 militibus
2273 337 2283 366 :
2303 327 2351 367 sic
2363 329 2435 368 illos
2446 341 2508 370 sta-

1483 388 1545 426 tim
1564 387 1712 436 Athyris
1726 387 1876 435 expulit.
1903 387 1993 425 Cum
2023 394 2120 425 tanto
2138 389 2241 436 igitur
2259 390 2406 437 periculo
2422 395 2509 430 navi-

1483 459 1611 499 gantes
1629 451 1866 498 Lampsacum
1883 451 2110 498 appulerunt,
2139 457 2178 489 et
2195 457 2323 489 mutata
2340 453 2414 490 navi
2429 455 2510 491 vice-

1483 513 1578 550 simo
1597 512 1658 550 die
1677 512 1901 561 iiydruntem
1919 513 2135 560 applicuere.
2152 511 2222 550 Nec
2243 513 2411 560 quidpiam
2433 515 2511 551 edis-

1483 583 1566 611 cere
1581 579 1730 620 potuere
1751 574 1807 612 vel
1825 574 1871 612 de
1889 574 1994 611 beato
2013 573 2150 612 Joanne
2166 573 2219 611 vel
2237 573 2280 612 de
2297 581 2435 622 quatuor
2447 577 2513 613 Ori-

1483 637 1662 674 entalibus
1687 635 1866 684 episcopis
1877 636 1936 684 qui
1957 646 2078 674 secum
2093 636 2205 673 Roma
2217 641 2389 674 venerant.

1533 699 1620 736 Cum
1639 699 1806 747 episcopis
1827 697 2056 736 Orientalibus
2077 698 2184 735 Roma
2199 697 2401 736 redeuntibus"
2415 711 2513 747 asper-

1484 763 1569 800 rime
1593 767 1705 800 actum
1725 768 1787 799 est.
1805 781 1853 790 —-
1870 760 1974 807 Quod
2007 765 2145 808 spectat
2174 760 2217 798 ad
2246 760 2418 808 episcopos
2447 762 2514 800 illos

1485 823 1699 867 Orientales,
1724 833 1848 860 rumor
1865 821 1986 860 statim
2006 820 2072 858 fuit
2089 821 2170 859 illos
2190 822 2224 858 in
2249 832 2341 858 mare
2355 821 2514 860 demersos

1485 885 1593 922 fuisse
1615 884 1782 933 (Pallad.
1804 883 1961 932 Dialog.)
1977 894 1987 928 ;
2006 890 2041 920 at
2062 883 2140 920 illos
2159 883 2194 920 in
2225 889 2373 920 extrema
2392 882 2519 931 imperii-

1488 954 1524 984 et
1557 946 1652 995 apud
1683 945 1854 983 barbaros
1872 947 2054 993 ablegatos
2072 944 2180 981 fuisse
2198 944 2440 991 deprehensum
2456 951 2512 982 est.
2536 968 2538 975 .

1485 1009 1573 1046 Nam
1603 1015 1643 1046 ut
1663 1008 1807 1056 quidam
1835 1007 2008 1045 diacouus
2043 1006 2234 1050 retulerat,
2253 1005 2410 1054 Cyriacus
2423 1006 2511 1042 Eme-
2536 1033 2537 1038 η

1492 1080 1601 1108 senus
1628 1069 1831 1118 Palmyram
1851 1069 1978 1106 (luctus
1999 1068 2034 1106 in
2061 1067 2248 1105 Persarum
2275 1068 2410 1104 castello
2439 1073 2514 1112 erat,

1483 1131 1666 1178 Octoginta
1692 1130 1906 1167 milliaribus
1935 1129 2027 1166 ultra
2049 1129 2230 1172 Emesam;
2267 1127 2420 1176 Eulysius
2431 1138 2514 1171 vero,

1486 1193 1696 1230 Bostrorum
1727 1193 1932 1240 episcopus,
1964 1191 2002 1228 in
2031 1191 2178 1228 castello
2195 1191 2359 1234 Arabum,
2385 1190 2516 1236 Misphas

1485 1255 1595 1298 dicto,
1613 1254 1718 1290 trium
1734 1253 1872 1290 dierum
1889 1253 2016 1289 itinere
2031 1251 2166 1288 Bostris
2181 1251 2348 1295 distante;
2363 1249 2517 1287 Palladius

1485 1317 1628 1366 Syenen
1655 1316 1690 1353 in
1728 1316 1858 1354 vicinia
1878 1315 2103 1363 Blemmyum
2127 1319 2162 1351 et
2175 1313 2385 1362 Ethiopum,
2413 1311 2514 1349 Deme-

1487 1383 1578 1419 trius
1599 1381 1634 1418 in
1652 1379 1738 1418 Oasi
1765 1379 1957 1416 Mazicihus
1971 1378 2146 1426 proxima.

1535 1447 1563 1483 Α
1581 1444 1754 1482 militibus
1773 1451 1891 1481 autem
1907 1471 1916 1488 ,
1939 1443 2074 1490 quieos
2093 1442 2130 1479 in
2151 1441 2322 1488 assignate
2337 1439 2409 1476 loca
2425 1437 2516 1475 dedu-

1489 1519 1591 1553 xere,
1613 1513 1683 1544 tam
1698 1517 1828 1556 aspere
1845 1505 1958 1544 habiti
1973 1510 2071 1550 sunt,
2087 1510 2125 1540 ut
2137 1503 2228 1540 mori
2243 1501 2517 1550 pmoptavissent.

1488 1572 1664 1610 Pecunias
1677 1571 1789 1616 enim,
1817 1580 1907 1618 quas
1931 1572 2172 1616 sumpserant,
2203 1567 2360 1612 abreptas
2379 1563 2460 1601 inter
2487 1571 2519 1599 se

1487 1633 1607 1680 partiti
1619 1637 1714 1675 sunt,
1729 1637 1765 1669 et
1779 1631 1814 1668 in
1827 1631 1908 1668 vilia
1920 1630 2080 1678 iumenta
2092 1629 2186 1676 ipsos
2197 1626 2426 1674 conjicientes,
2439 1623 2520 1661 bidui

1489 1695 1558 1731 iter
1573 1703 1646 1731 uno
1665 1693 1722 1730 die
1742 1691 1984 1730 conficiebant
2003 1690 2115 1728 multa
2145 1694 2248 1726 nocte
2270 1687 2346 1728 illos
2364 1687 2396 1722 in
2418 1685 2518 1722 diver-

1488 1757 1584 1794 soria
1606 1756 1854 1799 immittentes,
1881 1759 1919 1792 et
1948 1762 2088 1790 summo
2106 1761 2210 1788 mane
2226 1756 2306 1787 ante
2325 1749 2429 1785 lucem
2449 1755 2520 1794 pro-

1490 1818 1600 1856 licisci
1619 1822 1803 1864 cogentes,
1824 1816 1872 1852 ita
1891 1821 1930 1852 ut
1956 1826 2001 1853 ne
2018 1815 2168 1852 miseras
2184 1811 2322 1860 quidem
2339 1818 2432 1848 escas
2457 1813 2520 1844 sto-

1489 1879 1640 1921 machus
1655 1878 1814 1915 retinere
1832 1883 1968 1925 posset.
1989 1876 2168 1924 Turpibus
2179 1875 2282 1912 etiam
2301 1878 2336 1910 et
2353 1871 2522 1908 inhonestis

1489 1940 1608 1978 verbis
1627 1939 1710 1976 illos
1735 1939 1911 1987 impetere
1937 1946 2010 1976 non
2032 1930 2203 1976 timebant
2223 1947 2232 1972 :
2261 1933 2410 1972 Palladio
2432 1931 2522 1969 etiam

1490 2001 1662 2039 famulum
1677 2001 1904 2038 abstulerunt
1917 2029 1927 2046 ,
1958 2001 2031 2038 vim
2049 1999 2116 2048 ipsi
2137 1997 2328 2036 inferentes
2347 1999 2384 2032 ut
2397 1993 2522 2030 tabellas

1489 2063 1701 2111 deponeret.
1722 2062 1943 2100 Detnetrium
1965 2068 2084 2098 autem
2105 2069 2196 2099 unus
2213 2069 2256 2096 ex
2277 2055 2468 2094 ductoribus
2485 2053 2524 2088 ita

1490 2127 1650 2172 vexavit,
1669 2132 1709 2164 ut
1721 2135 1802 2163 cum
1820 2125 1983 2164 Zibinam
2003 2124 2114 2162 multa
2135 2128 2238 2160 nocte
2249 2117 2450 2168 pervenerit,
2466 2121 2525 2152 sta-

1491 2190 1554 2227 tim
1574 2189 1636 2228 ille
1655 2188 1878 2237 gravissimis
1898 2193 1974 2225 toto
1993 2196 2144 2236 corpore
2167 2183 2343 2223 doloribus
2358 2179 2525 2218 cruciatus,

1490 2251 1634 2289 vivendi
1656 2251 1764 2288 linem
1782 2248 1908 2288 fecerit
1927 2260 1936 2286 :
1955 2249 2003 2286 ita
2023 2253 2062 2285 ut
2080 2246 2139 2294 qui
2160 2247 2236 2282 haec
2254 2243 2406 2281 viderunt
2419 2245 2526 2276 omnes

1492 2313 1556 2350 Dei
1575 2312 1770 2350 vindictam
1789 2316 2041 2359 agnoscerent.
2062 2306 2242 2349 Palladius
2263 2315 2342 2340 vero
2363 2302 2430 2350 jam
2445 2309 2524 2347 pm"

1491 2375 1636 2412 dixerat
1653 2384 1664 2412 :
1685 2374 1724 2411 in
1741 2373 1812 2410 hoc
1828 2373 1960 2410 itinere
1974 2369 2226 2408 miserabiliter
2243 2361 2382 2413 peribis.

1541 2436 1580 2474 in
1600 2441 1700 2473 tanto
1726 2435 1856 2472 itinere
1881 2439 2026 2470 sanctos
2051 2431 2149 2467 viros
2173 2426 2339 2466 Ecclesiis
2361 2419 2528 2470 appropin-

1493 2506 1605 2546 quare
1624 2507 1696 2534 non
1717 2495 1898 2538 sinebant,
1913 2493 1976 2530 sed
1993 2489 2190 2529 diversoria
2212 2487 2384 2536 petebant.
2399 2483 2450 2522 ubi
2464 2489 2528 2517 nte-

1494 2559 1669 2598 retricum
1685 2563 1789 2595 erant
1804 2557 1947 2604 agmina
1966 2555 2024 2592 vei
2040 2562 2228 2602 synagoga:
2252 2546 2528 2588 Samaritanorum

1497 2627 1560 2659 aut
1580 2619 1801 2663 Judaeorum,
1823 2616 2003 2665 praecipue
2021 2621 2142 2652 autem
2161 2611 2276 2655 Tarsi,
2296 2609 2353 2646 ubi
2373 2608 2405 2644 in
2432 2613 2529 2650 angu-

1494 2687 1584 2724 stias
1597 2683 1731 2722 redacti
1749 2687 1845 2720 sunt.
1856 2679 1956 2718 Unus
1969 2688 2054 2716 vero
2070 2687 2115 2715 ex
2125 2673 2300 2724 episcopis
2315 2671 2400 2708 alios
2416 2667 2530 2705 solatus

1493 2755 1563 2794 est,
1582 2746 1708 2784 dicens
1723 2743 1780 2781 his
1796 2741 1966 2779 omnibus
1980 2740 2091 2777 Deum
2103 2737 2215 2786 gloria
2233 2733 2338 2776 afﬁci,
2356 2728 2531 2774 multasque

1493 2824 1539 2851 ex
1558 2811 1630 2849 illis
1641 2805 1908 2850 meretricibus,
1918 2813 2000 2852 quae
2012 2801 2123 2850 inDei
2141 2799 2356 2838 oblivionem
2364 2792 2530 2831 venerant.

1493 2881 1557 2912 aut
1574 2883 1658 2912 eum
1678 2882 1724 2909 ne
1740 2875 1870 2908 norant
1887 2866 2048 2916 quidem,
2061 2865 2146 2901 visis
2155 2860 2330 2910 episcopis
2341 2858 2386 2895 ita
2397 2850 2530 2892 vexatis,

1496 2937 1532 2974 in
1550 2935 1718 2974 timorem
1733 2931 1800 2970 Dei
1819 2930 1977 2976 venisse,
1995 2933 2031 2965 et
2044 2925 2137 2963 forte
2151 2931 2340 2962 conversas
2358 2917 2471 2955 fuisse.

1544 2995 1713 3043 Plerique
1753 2998 1872 3030 autem
1911 2973 2171 3037 exvepiseopis
2205 2976 2364 3033 (Pallad.
2383 2973 2530 3043 maloa).

1495 3059 1555 3107 qui
1594 3039 1800 3104 Theophila
1819 3053 2028 3098 ha'rebant,
2069 3059 2140 3086 non
2172 3045 2280 3084 modo
2302 3039 2532 3104 humanitatem

1497 3096 1632 3158 nullam
1651 3096 1736 3166 erga
1752 3116 1944 3164 episcopos
1971 3096 2053 3150 illos
2072 3108 2332 3148 exhibuerunt,
2356 3101 2416 3146 sed
2442 3096 2533 3136 etiam

1497 3180 1709 3218 muneribus
1728 3163 1963 3226 przetorianos
1977 3174 2194 3212 induxerunt
2207 3175 2246 3207 ut
2255 3177 2334 3206 cum
2349 3163 2415 3201 illis
2427 3163 2536 3204 aspere

1495 3247 1658 3290 agerent.
1689 3224 1758 3286 Qui
1779 3245 1900 3275 autem
1920 3237 2102 3284 praecipue
2118 3234 2202 3271 huic
2217 3225 2391 3268 vexationi
2409 3224 2534 3290 operat“

1497 3282 1646 3348 dedere,
1663 3282 1767 3340 erant
1785 3282 1946 3348 episcopi
1967 3298 2073 3335 Tarsi
2091 3304 2128 3334 et
2147 3291 2360 3332 Antiochize,
2388 3282 2536 3326 Eulogius

1497 3365 1673 3404 Czesarete
1699 3363 1921 3405 Palaestinae;
1958 3367 2042 3398 ante
2071 3367 2198 3396 omnes
2231 3361 2346 3392 autem
2372 3347 2536 3396 ερὶεεθνυε

1499 3429 1666 3475 Ancyrze.
1687 3431 1725 3461 et
1739 3423 1952 3460 Ammonius
1969 3421 2122 3466 Pelusii,
2153 3417 2301 3466 quitum
2329 3410 2440 3451 donis,
2475 3409 2535 3438 IIII"

1502 3489 1610 3528 minis
1632 3487 1768 3532 milites
1787 3485 1960 3522 adversus
1987 3494 2051 3521 eos
2078 3482 2191 3529 magis
2209 3472 2474 3524 exasperabant.
2503 3469 2538 3531 Ol“

1501 3562 1547 3589 ne
1564 3551 1666 3588 laieis
1685 3548 1832 3598 quidem
1853 3547 1934 3595 illos
1953 3545 2120 3593 excipere
2139 3539 2336 3580 volentibus
2358 3533 2391 3572 id
2412 3529 2540 3580 perunt-

1503 3617 1636 3649 terent.
2448 3652 2465 3653 Vr
2499 3647 2518 3653 η

1551 3647 1664 3717 secus
1680 3678 1800 3710 autem
1827 3669 1943 3708 fecere
1972 3667 2032 3713 alii
2071 3665 2242 3714 episcOpi,
2269 3661 2328 3710 qui
2357 3668 2376 3695 a
2400 3647 2540 3717 Palladio

1503 3746 1584 3772 eum
1607 3733 1712 3772 laude
1729 3736 2081 3772 commemorantur;
2105 3737 2232 3774 nempe
2250 3715 2474 3775 Cappadocia:
2491 3719 2541 3749 se-

1504 3786 1631 3848 cundm
1651 3794 1826 3843 episcopi,
1847 3793 1908 3841 qui
1929 3802 2011 3830 cum
2032 3790 2200 3839 lacrymis
2218 3775 2544 3848 exsulibttsjPiSf-‘l'

1506 3859 1561 3906 pis
1579 3846 1814 3900 eondoluere.
1831 3831 1927 3893 inter
1947 3863 2010 3890 eos
2024 3831 2142 3888 autem
2160 3831 2543 3906 eminuerunt'i‘heodo-l

1511 3890 1816 3968 Irus,"'t",;u$§aiu
1835 3890 2054 3962 episcopus,
2082 3910 2272 3958 anporius
2297 3902 2464 3944 Colonia,
2497 3890 2547 3940 qui
