2742 4342
715 206 743 222 ,δ
757 185 878 216 κείρω*
897 183 919 193 ··

241 247 309 287 εδει

243 319 552 372 quadragesimum
572 321 736 354 octavum
759 311 955 350 annum-in
980 314 1186 372 episcopatu
1214 317 1299 372 age-

245 367 322 426 bat;
341 367 508 426 Serapion
529 375 743 419 Ostracinat,
775 372 835 420 qui
859 372 905 408 ab
927 370 1030 406 annis
1065 367 1299 415 quadraginta

245 444 400 492 quinque
417 438 615 487 episcopale
630 446 757 473 munus
769 433 930 482 gerebat.
945 431 989 468 Hi
1007 430 1042 466 in
1053 435 1190 492 partem
1203 438 1300 492 teru-

249 489 424 546 mnarum,
461 500 562 548 queis
582 495 928 535 tunc'obruebantur
956 491 1099 530 exsules
1127 489 1300 536 episcopi,

247 562 552 604 commiseratione
571 570 634 598 sua
646 563 834 600 venerunt,
854 564 892 592 ut
907 557 942 592 in
970 560 1104 602 partem
1133 551 1302 600 prannio-

249 636 326 663 rum
347 625 382 661 in
399 623 517 660 futuro
527 621 659 670 judicio
669 619 954 656 admitterentur.

293 687 395 724 Attici
413 687 449 722 in
465 685 577 722 sedem
596 683 636 722 C.
658 682 703 720 P.
725 681 847 718 intrari
889 679 1079 716 molimina.
1097 697 1148 704 —
1165 676 1304 713 Atticus

250 758 349 792 vero,
368 746 526 785 omnium
555 751 679 782 contra
705 743 878 782 Joannem
906 740 1131 778 molimiuum
1155 737 1304 782 artifex,

248 821 328 850 cum
349 809 486 847 videret
503 808 682 845 neminem
701 805 776 842 fere
799 803 1034 842 Orientalium
1055 801 1306 848 episcOporum

249 882 368 909 secum
390 868 656 908 communicare
673 867 777 912 velle,
797 866 868 903 imo
881 875 966 902 vero
977 863 1022 901 ab
1031 872 1070 901 se
1085 865 1308 910 segregatum

253 943 398 972 manere
415 931 585 980 populum
602 928 1035 976 Coustantinupolitanum
1050 955 1060 970 ,
1105 924 1233 962 Joanni
1271 929 1309 960 ut

251 994 400 1034 antistiti
419 1003 485 1031 suo
501 989 948 1040 addietissimumU‘atlad.
965 986 1138 1036 Dialog.);
1149 985 1310 1034 Scriptu-

251 1067 370 1094 rarum
382 1065 562 1094 sacrarum
579 1054 770 1102 legumque
789 1052 990 1089 divinarum
1009 1059 1137 1096 expers
1151 1058 1232 1085 cum
1250 1058 1310 1084 es-

251 1123 321 1163 set,
340 1117 386 1154 ab
405 1117 622 1165 lmperatore
640 1117 762 1153 literas
780 1115 994 1162 impetravit,
1015 1118 1053 1150 ut
1072 1112 1127 1149 vel
1145 1111 1312 1148 nolentes

253 1179 296 1216 ad
311 1189 351 1216 se
367 1179 527 1216 converti
541 1183 698 1224 cogeret.
720 1177 947 1224 Rescriptum
967 1171 1087 1212 autem
1119 1173 1312 1220 imperato-

254 1239 303 1277 ris
329 1239 407 1276 hate
429 1238 566 1276 ferebat
584 1251 592 1274 :
615 1238 664 1274 Si
683 1239 758 1285 quis
777 1237 1012 1285 episcoporum
1041 1247 1110 1272 non
1129 1234 1314 1272 communi-

253 1306 306 1336 cat
316 1311 393 1336 cum
411 1299 611 1347 Theophila,
632 1298 825 1346 Porphyrio
845 1304 876 1335 et
895 1297 1006 1334 Attico
1018 1325 1026 1339 .
1065 1295 1219 1332 Ecclesia
1237 1295 1314 1342 qni-

253 1361 330 1398 dem
346 1359 514 1408 ejiciatur,
533 1365 597 1395 eta
616 1359 764 1407 propriis
791 1357 1008 1406 facultatibus
1032 1357 1202 1404 abigatur.
1243 1355 1316 1392 Hoc

253 1422 395 1470 publica
414 1423 588 1469 prolatum
606 1421 760 1458 edictum
779 1420 813 1457 id
833 1419 966 1464 eﬁ'ecit,
984 1425 1022 1456 ut
1042 1419 1063 1456 ii
1081 1419 1140 1466 qui
1166 1417 1315 1454 faculta-

255 1483 348 1522 tibus
365 1484 570 1532 pellebant,
581 1483 666 1531 ipsis
678 1484 787 1520 etiam
801 1483 900 1520 inviti
915 1482 1240 1528 cunjungerentur:
1257 1479 1318 1516 alii

255 1546 486 1594 pauperiores
505 1551 541 1582 et
552 1547 586 1582 iu
604 1555 690 1582 sana
709 1544 781 1581 fide
797 1545 1026 1587 intirtniores,
1043 1543 1219 1580 donorum
1239 1541 1318 1588 pol-

255 1605 510 1644 licitationibus
527 1605 644 1642 allecti
658 1605 702 1642 ad
715 1605 812 1651 ipsos
826 1609 1078 1642 accesserunt:
1099 1603 1158 1640 alii
1174 1601 1318 1650 genere,

263 1665 506 1712 facultatibus,
527 1673 562 1704 et
578 1665 800 1714 corruptibili
825 1665 940 1714 gloria
967 1663 1206 1713 posthabitis,
1239 1663 1321 1712 fuga

255 1727 324 1765 sibi
339 1728 614 1765 consuluerunt:
627 1738 670 1764 ex
687 1728 730 1764 iis
741 1727 886 1774 quidam
899 1727 1050 1764 Romam
1061 1725 1314 1774 confugerunt,

253 1789 317 1827 alii
333 1789 382 1828 ad
404 1795 560 1843 montes.
595 1789 654 1826 alii
674 1790 711 1826 in
736 1791 950 1826 Aseetarum
980 1788 1214 1826 mcuasteria.
1247 1787 1321 1832 Nec

253 1851 424 1889 adversus
447 1851 638 1899 episcopos
657 1851 766 1888 modo
781 1851 938 1888 edictum
957 1851 1130 1888 emissum
1154 1849 1234 1894 fuit,
1255 1850 1320 1888 sed

253 1912 350 1950 aliud
367 1913 476 1950 etiam
488 1918 613 1950 contra
633 1912 743 1950 laicos
765 1911 830 1949 bis
858 1911 978 1950 verbis
1005 1921 1217 1960 expressum
1231 1939 1242 1957 ,
1282 1917 1325 1948 ut‘

255 1973 433 2018 videlicet,
465 1973 496 2010 si
514 1974 574 2020 qui
604 1983 686 2012 cum
707 1973 918 2011 memoratis
936 1983 1044 2020 supra
1063 1981 1135 2010 non
1154 1982 1318 2010 commu-

255 2036 426 2080 nicarent,
443 2036 500 2082 qui
516 2035 781 2084 indignitatibus
812 2041 922 2073 essent
951 2036 1140 2082 constituti,
1169 2046 1232 2072 suo
1259 2035 1321 2072 lto-

256 2107 336 2134 uore
346 2103 377 2134 et
387 2097 550 2146 dignitate
561 2097 775 2142 excederent,
790 2097 911 2134 milites
921 2097 1096 2145 cingulum
1107 2097 1321 2135 amitterent:

257 2159 382 2206 reliqua
400 2160 492 2206 plebs
511 2165 612 2208 atque
629 2159 790 2207 opiﬁces,
825 2159 920 2206 graui
941 2159 1018 2195 auri
1051 2159 1200 2207 pondere
1231 2159 1320 2196 mul-

257 2224 348 2267 ctati,
369 2223 577 2271 subjacerent
597 2223 734 2259 exsilio.
1222 2223 1226 2227 '

304 2283 466 2333 Episcopi
485 2285 584 2321 ηιαΠὶ
600 2284 710 2320 uexati
726 2290 758 2320 et
773 2283 906 2321 sedibus
922 2285 1027 2332 pulsi.
1045 2300 1095 2312 —
1129 2283 1323 2330 Postquam

261 2347 374 2385 edicta
395 2346 600 2395 huiusmodi
621 2345 843 2393 promulgata
864 2345 980 2392 fuere,
999 2345 1099 2382 mulli
1113 2356 1178 2392 per
1197 2344 1326 2384 Oricu-

261 2415 330 2444 tetn
364 2408 472 2444 variis
503 2407 620 2444 modis
634 2403 756 2440 vexati
785 2405 950 2454 pulsique
989 2406 1088 2444 fuere
1109 2405 1265 2455 (Pallad.
1288 2408 1326 2442 in

261 2467 397 2516 Dialog.
426 2468 558 2516 supra).
581 2467 746 2514 Episcopi
771 2467 844 2514 qni,
863 2473 900 2504 ut
921 2467 1091 2512 diximus,
1127 2466 1233 2504 minis
1267 2466 1324 2504 vel

267 2529 435 2566 aerumnis
448 2539 468 2564 a
487 2529 607 2566 debito
618 2527 738 2566 ofticio
752 2527 910 2564 amoveri
931 2537 1002 2565 non
1018 2534 1199 2575 poterant,
1221 2527 1326 2564 aufu—

263 2599 362 2634 gere.
391 2589 570 2627 Palladius
590 2589 864 2638 Helenopoleos,
886 2599 958 2637 quo
991 2595 1138 2627 auctore
1173 2594 1210 2626 et
1233 2588 1324 2626 duce

263 2647 341 2686 bare
361 2648 561 2692 scribimus,
575 2650 722 2687 Romam
740 2661 780 2687 se
801 2651 950 2699 recepit,
970 2651 1028 2688 ubi
1051 2656 1131 2698 post
1153 2649 1325 2698 Chrysos-

265 2709 351 2746 torni
380 2715 530 2747 mortem
557 2709 698 2748 advenit
727 2722 820 2749 anno
850 2713 934 2750 407.
971 2711 1100 2750 Rhodo
1135 2712 1324 2760 episcopus

261 2769 357 2807 Asia:
375 2769 566 2819 Mitylenen
578 2771 713 2819 aufugit
733 2785 742 2809 :
761 2773 897 2819 Brisso,
917 2773 1027 2814 frater
1043 2773 1193 2811 Palladii
1218 2773 1326 2812 Hele-

263 2830 462 2880 nopolitani
477 2861 486 2878 ,
518 2832 675 2870 Ecclesia
697 2843 758 2870 sua
777 2834 870 2871 ultro
895 2835 1078 2880 derelicta,
1103 2835 1149 2874 ad
1168 2836 1322 2884 agellum

262 2902 365 2929 suum
379 2903 420 2930 se
438 2893 589 2940 recepit,
609 2894 669 2931 ubi
698 2901 828 2932 terram
848 2897 1002 2944 propriis
1019 2897 1188 2936 manibus
1211 2909 1324 2936 exco-

264 2954 352 2990 luit:
375 2953 543 2999 Hilarius,
563 2955 618 2992 vir
629 2963 774 2994 sanctus
791 2963 828 2995 et
841 2968 964 3004 senex,
981 2959 1017 2996 in
1049 2961 1214 2998 intimum
1226 2960 1323 2999 Pon-

265 3020 335 3050 tum
351 3013 474 3062 pulsus
491 3021 561 3060 est,
579 3017 692 3064 plagis
708 3017 886 3063 concisus,
917 3031 990 3058 non
1023 3031 1042 3058 a
1059 3021 1198 3068 judice,
1217 3022 1282 3060 sed
1302 3033 1322 3059 a

261 3073 380 3112 Clero.
402 3075 435 3112 is
451 3075 576 3114 decem
595 3083 632 3114 et
649 3084 733 3115 octo
751 3089 866 3117 annos
885 3086 1132 3130 transegerat,
1167 3094 1241 3122 non
1260 3094 1324 3131 pa-

264 3136 480 3182 nemedens,
501 3139 566 3176 sed
581 3139 681 3176 olera
697 3146 832 3178 tantum
857 3149 894 3180 et
924 3143 1144 3181 frumentum
1164 3152 1322 3183 coctum.

262 3195 436 3235 Antonius
464 3209 552 3237 vero
589 3201 830 3248 cpiscopusin
860 3205 1046 3252 speluncis
1059 3205 1324 3246 Palaestinase-

263 3255 379 3302 ipsum
389 3260 564 3298 conclusit
585 3273 594 3298 :
617 3261 830 3300 Timotheus
849 3265 1042 3311 Maronem,
1063 3273 1098 3304 et
1111 3267 1269 3306 Joannes
1287 3271 1321 3306 in

263 3317 371 3367 Lydia
390 3322 591 3369 episcopus,
607 3325 643 3362 in
660 3324 906 3365 Macedoniam
941 3337 982 3365 se
1018 3329 1200 3376 recepisse
1231 3329 1326 3368 dice-

263 3378 412 3420 bantur:
431 3383 624 3433 Gregorius
653 3388 689 3424 in
717 3388 830 3437 Lydia
861 3389 1068 3438 episcopus,
1096 3392 1132 3428 in
1169 3391 1323 3440 Phrygia

262 3445 574 3486 esseuarrabatnr.
587 3449 811 3497 Lampetium
825 3451 994 3488 dicebant
1023 3452 1058 3488 in
1094 3453 1226 3500 oppido
1255 3454 1325 3502 Ly-

262 3504 330 3542 dia:
345 3515 438 3552 esse,
457 3507 516 3544 ubi
533 3508 680 3556 iuvante
696 3521 735 3548 se
753 3511 912 3558 quodam
931 3511 1142 3550 Eleutherio
1163 3513 1323 3552 lectioni-

264 3564 328 3602 bus
343 3576 488 3612 operam
505 3569 625 3608 dabat.
642 3571 826 3619 Eugenius
845 3572 880 3608 in
902 3573 1015 3618 patria
1027 3583 1090 3610 sua
1105 3583 1145 3612 se
1158 3577 1322 3614 contine-

265 3623 346 3662 bat:
368 3628 539 3675 Elpidius,
561 3642 711 3680 magnus
740 3632 800 3670 ille
829 3632 1020 3670 Laodiceae
1045 3633 1160 3683 Syriae
1189 3637 1324 3684 episco-

265 3694 342 3732 pus,
358 3695 393 3726 et
411 3689 550 3738 Pappus
567 3703 630 3740 per
649 3699 764 3730 totum
797 3694 994 3732 triennium
1013 3696 1182 3742 precibus
1198 3709 1322 3736 vacan-

267 3754 318 3784 tes
331 3747 378 3786 do
394 3751 489 3790 scala
507 3753 635 3792 domus
651 3763 728 3791 sua:
747 3764 818 3792 non
839 3755 1134 3794 descenderunt:
1171 3757 1322 3798 Heracli-

266 3807 327 3844 des
339 3809 509 3857 Ephesius
528 3824 591 3861 per
607 3815 881 3862 quadriennium
896 3815 1112 3856 Nicomediae
1126 3817 1162 3856 in
1176 3829 1321 3859 carcere

269 3865 424 3912 inclusus
445 3876 590 3914 mansit.

1021 230 1142 272 NUNC
1166 231 1342 271 PRIMUM
1369 228 1648 271 A-DORNA'PA-..

2369 220 2440 258 ιιδθ

1421 303 1616 352 Presbyteri
1651 311 1682 342 et
1711 305 1868 342 ntanaclti
1900 305 1989 342 male
2025 301 2168 351 excepti.
2190 320 2239 330 ·-·
2273 295 2440 346 Εμῖεοοιιλ

1377 372 1498 404 autem
1520 366 1593 412 illi,
1624 365 1738 412 inquit
1754 365 1960 411 Palladius,
1985 365 2046 412 qui
2068 375 2142 412 pra:
2159 367 2254 400 metu
2273 359 2444 403 ad-Attiei

1379 435 1498 475 partes
1516 427 1746 472 transierant,
1775 427 1811 464 in
1829 427 1916 464 alias
1948 426 2110 464 Thracia:
2131 423 2309 462 Ecclesias
2325 427 2444 459 trans-

1375 477 1434 526 lati
1455 494 1553 532 sunt,
1581 488 1702 525 Attico
1719 497 1850 534 nempe
1869 487 1902 522 vi
1919 493 2070 524 extortae
2087 487 2229 524 illorum
2247 483 2444 522 adhaesioni

1375 561 1446 588 non
1457 551 1546 588 satis
1559 549 1704 586 fidente.
1715 548 1920 586 Anatolium
1929 547 2136 594 episcopum
2148 544 2446 584 dicebantessein

1377 611 1515 650 Galliis.
1542 610 1839 658 Presbyterorum
1853 606 2020 645 veroalii
2038 607 2072 642 in
2088 606 2255 643 Arabiam
2276 611 2312 642 et
2336 604 2449 642 Palat-

1377 678 1506 710 stinam
1526 671 1709 708 amendati
1726 675 1824 708 sunt.
1866 668 2007 716 Tigrius
2027 667 2062 704 in
2081 666 2374 713 Mesopotamiam
2389 675 2452 703 re-

1380 735 1516 783 legatus
1529 740 1598 780 est,
1615 733 1844 781 Philippusin
1867 731 1980 769 Ponto
1997 731 2099 768 exsul
2113 728 2452 776 obiit,-’l‘beophilus

1379 797 1415 834 in
1435 795 1682 844 Paphlagonia
1703 800 1808 840 erat;
1828 793 2009 836 Joannes.
2044 790 2300 835 (Ethriitilins,
2332 789 2452 828 Casa-

1385 853 1458 898 reaa
1477 857 1736 895 monasterium
1755 854 1968 893 construxit.
1992 853 2214 902 Stephanum
2234 852 2268 888 in
2285 851 2452 888 Arabiam

1381 921 1576 968 relegatum
1603 925 1640 958 et
1673 917 1863 956 custodum
1893 915 2058 954 manibus
2090 915 2326 959 abstractum,
2358 913 2455 951 Isau-

1382 981 1412 1018 ri
1434 981 1468 1018 iu
1487 981 1644 1018 Taurum
1671 979 1886 1017 dimiserunt
1911 990 1920 1015 :
1946 975 2145 1015 Salustium
2178 977 2212 1012 in
2239 974 2346 1013 Creta
2375 984 2456 1013 esse

1383 1042 1576 1080 dicebant:
1596 1041 1785 1090 Philippus
1803 1039 2002 1078 monachus
2027 1044 2062 1076 et
2082 1037 2276 1087 Presbyter
2305 1036 2456 1075 Schola-

1385 1115 1482 1149 rum,
1506 1103 1692 1140 dicebatur
1711 1103 1746 1142 in
1765 1102 1960 1149 Campania
1979 1107 2170 1148 aegrotare,
2195 1107 2232 1138 et
2251 1098 2458 1148 Stephanus

1385 1165 1562 1202 diaconus
1583 1164 1618 1200 in
1638 1161 1844 1200 Thebaidos
1861 1171 2006 1199 carcere
2025 1161 2192 1199 detineri.
2224 1161 2356 1197 Paulus
2379 1159 2459 1196 diae

1388 1235 1520 1270 conus,
1541 1223 1742 1263 (Economi
1763 1223 1906 1270 adiutor
1919 1251 1929 1267 ,
1951 1222 2164 1259 narrabatur
2180 1223 2215 1258 in
2235 1221 2354 1258 Africa
2375 1231 2459 1257 ver-

1387 1290 1459 1326 sari
1477 1300 1488 1326 :
1506 1288 1598 1325 alius
1628 1287 1761 1324 Paulus
1789 1286 1964 1324 diaconus
1994 1285 2193 1322 Anastasis:
2225 1284 2460 1333 Jerosolymis

1388 1350 1615 1388 versabatur.
1647 1349 1832 1386 Helladius
1851 1348 2038 1396 presbyter
2059 1347 2185 1384 Palatii
2206 1347 2242 1384 in
2260 1346 2377 1394 agello
2397 1355 2462 1384 suo

1389 1412 1567 1460 Bithynia:
1585 1411 1693 1449 vitam
1711 1412 1854 1460 agebat.
1877 1411 1977 1448 Multi
2003 1409 2312 1457 Constantinopoli
2339 1409 2459 1447 delite-

1389 1474 1560 1520 scebant;
1577 1474 1639 1511 alii
1657 1475 1692 1512 in
1712 1474 1864 1522 patriam
1879 1473 2032 1522 quisque
2045 1483 2146 1510 suam
2163 1472 2338 1509 abierant.
2352 1471 2464 1509 Silva-

1391 1548 1472 1582 nus,
1490 1543 1636 1575 sanctus
1649 1537 1840 1585 episcopus
1853 1566 1862 1581 ,
1882 1537 1918 1574 in
1937 1535 2081 1574 Treade
2104 1535 2328 1584 piscabatur,
2355 1539 2392 1572 et
2419 1545 2464 1570 ex

1393 1598 1532 1646 piscatu
1553 1599 1662 1636 vitam
1681 1598 1749 1636 sibi
1768 1598 2014 1646 comparabat.
2033 1595 2235 1644 Stephanus
2252 1596 2464 1638 monachus.

1393 1661 1454 1708 qui
1469 1661 1716 1698 Romanorum
1735 1661 1906 1709 epistolas
1924 1659 2117 1704 detulerat,
2139 1669 2181 1696 ea
2195 1657 2242 1696 de
2255 1647 2366 1696 causa
2383 1667 2465 1694 vcr-

1397 1721 1558 1766 beratus,
1581 1721 1706 1760 decem
1727 1722 1914 1759 mensibus
1931 1719 2242 1768 Constantinopoli
2265 1719 2308 1757 in-
2321 1728 2466 1757 carcere

1392 1783 1501 1820 vitam
1523 1784 1622 1831 egit:
1647 1794 1729 1822 cum
1763 1789 1884 1821 autem
1917 1783 2140 1832 propositum
2175 1783 2243 1830 ipsi
2269 1781 2396 1820 fuisset
2429 1787 2466 1818 ut

1392 1844 1511 1882 Attico
1528 1844 1698 1890 haereret,
1711 1851 1748 1884 et
1766 1855 1838 1883 non
1859 1845 2116 1892 acquievisset,
2137 1845 2316 1882 lateribus.
2331 1849 2369 1881 et
2400 1854 2466 1891 pe-

1391 1914 1492 1946 ctore
1509 1907 1724 1956 ungularum
1738 1909 1772 1945 vi
1789 1907 1968 1946 laceratus
1987 1913 2044 1945 est
2063 1907 2188 1954 :cujus
2209 1906 2261 1944 rei
2279 1906 2382 1944 testis
2401 1905 2468 1942 fuit

1392 1968 1469 2016 ipse
1489 1968 1682 2006 Palladius.
1709 1968 1918 2018 Stephanus
1941 1978 2026 2006 vero
2051 1967 2185 2006 ChriSti
2211 1967 2438 2016 providentia
2456 1995 2466 2011 ,

1397 2031 1434 2068 in
1451 2029 1608 2068 secunda
1627 2030 1782 2068 fortasse
1799 2029 1998 2068 certamina
2017 2034 2238 2074 reservatus,
2264 2034 2346 2077 post
2371 2027 2468 2066 deci-

1396 2101 1494 2128 mum
1509 2092 1705 2130 curationis
1718 2102 1793 2130 sine
1809 2101 1985 2137 mensem,
2008 2091 2192 2130 Pelusium
2207 2091 2389 2139 relegatus
2399 2098 2467 2129 est.

1393 2154 1632 2192 Provincialis
1668 2154 1812 2203 quidam
1846 2155 1952 2194 miles
1981 2165 2026 2192 cx
2047 2153 2180 2192 scholis
2211 2154 2396 2201 Palatinis,
2433 2161 2470 2192 ut

1393 2214 1542 2254 Joannis
1573 2215 1692 2254 fautor
1709 2223 1915 2262 accusatus,
1936 2223 2017 2265 post
2037 2217 2125 2254 varii
2139 2217 2283 2266 generis
2296 2217 2419 2266 plagas
2435 2223 2470 2254 et

1397 2275 1645 2314 atrocissimas
1659 2277 1880 2323 abrasiones,
1899 2279 2024 2317 Petras
2039 2279 2141 2316 exsul
2155 2279 2288 2316 missus
2303 2285 2372 2318 est.

1443 2337 1659 2386 Episcopum
1669 2338 1778 2376 alium
1790 2347 1966 2378 memorat
1975 2341 2149 2388 Synesius
2161 2341 2342 2389 (Synesius
2352 2341 2468 2389 Epist.

1395 2400 1443 2440 96
1462 2407 1491 2438 et
1507 2398 1556 2438 97
1571 2401 1583 2448 )
1599 2429 1608 2444 ,
1645 2401 1886 2438 Alexandrum
1921 2401 2280 2450 Basiliuopolitanum
2298 2431 2308 2448 ,
2330 2405 2470 2453 Cyrene

1397 2463 1431 2500 in
1443 2462 1554 2511 Libya
1567 2464 1703 2509 nat'um,
1717 2463 1776 2510 qui
1786 2463 1928 2510 juvenis
1937 2464 2172 2501 monasticam
2184 2465 2292 2502 vitam
2304 2475 2480 2504 excreue.

1397 2531 1466 2570 rat,
1479 2532 1672 2574 posteaque
1691 2526 1879 2574 presbyter
1888 2532 2029 2564 creatus
2039 2536 2120 2564 cum
2132 2526 2469 2575 C0nstantinopolin

1396 2587 1566 2630 venisset,
1579 2597 1599 2624 a
1610 2585 1882 2636 Chrysostomo,
1895 2588 1955 2635 qui
1972 2587 2050 2635 ejus
2069 2588 2237 2636 pietatem
2250 2594 2472 2637 czelerasque

1395 2649 1505 2685 animi
1541 2647 1643 2686 dotes
1679 2649 1790 2696 probe
1826 2656 1998 2694 noverat,
2036 2649 2294 2697 Basinopoleos
2327 2650 2470 2697 episco-

1396 2719 1464 2759 pus
1493 2716 1636 2748 creatus
1667 2709 1748 2748 fuit.
1779 2709 1867 2748 Cum
1900 2721 1987 2748 vero
2019 2711 2299 2760 Chrysostomus
2332 2722 2351 2748 a
2383 2712 2471 2750 sede

1395 2782 1460 2810 sua
1493 2772 1617 2820 pulsus
1645 2771 1736 2818 fuit,
1771 2773 1849 2820 ejus
1879 2772 1939 2810 ille
1967 2773 2129 2820 partibus
2161 2783 2306 2820 semper
2339 2772 2470 2818 haesit,

1397 2833 1550 2884 ideoque
1578 2841 1729 2872 vexatus
1747 2834 2006 2872 Ptolemaidem
2037 2835 2072 2872 in
2093 2835 2205 2884 Libya
2237 2846 2277 2874 se
2305 2837 2469 2884 rccepit.

1395 2907 1514 2945 neque
1547 2907 1716 2946 umquam
1747 2909 1766 2934 a
1797 2896 2043 2946 Chrysostomi
2081 2898 2240 2950 partibus
2275 2897 2471 2936 abscedere

1395 2959 1520 2998 voluit.

1443 3021 1573 3060 Narrat
1609 3033 1695 3061 vero
1728 3022 1908 3066 Palladius
1929 3021 2086 3072 (Pallad.
2116 3022 2286 3072 Dialog.)
2323 3021 2477 3072 scopum

1395 3085 1569 3122 Ecclesia:
1607 3084 1780 3122 Romana:
1817 3084 1926 3128 fuisse
1966 3095 2038 3122 non
2081 3085 2349 3124 communicare
2391 3096 2472 3123 utn-

1395 3159 1502 3196 quam
1538 3159 1620 3186 cum
1653 3147 1894 3188 Orientalibus
1929 3147 2132 3196 episcopis,
2153 3148 2354 3200 praesertim
2391 3159 2471 3187 cum

1396 3209 1612 3258 Tltcopltilu,
1633 3211 1749 3248 donec
1766 3209 1925 3248 dedisset
1947 3209 2120 3247 Dominus
2139 3209 2258 3248 locum
2279 3209 2473 3250 universali

1395 3271 1544 3321 Synodo
1559 3301 1570 3318 ,
1589 3282 1670 3320 qua:
1699 3271 1908 3319 putrefactis
1937 3273 2108 3318 membris
2135 3283 2260 3312 eorum
2279 3303 2288 3320 ,
2308 3275 2368 3324 qui
2397 3273 2475 3313 haec

1395 3339 1604 3380 patrarunt,
1625 3331 1831 3370 mederetur
1851 3343 1862 3369 :
1884 3332 2054 3381 additque
2083 3337 2192 3372 etiam
2211 3342 2292 3384 post
2319 3342 2473 3374 mortem

1395 3393 1545 3432 Joannis
1560 3422 1570 3439 ,
1591 3393 1747 3442 viguisse
1767 3399 1886 3437 tamen
1907 3395 2004 3432 illam
2034 3395 2233 3435 lnnocentii
2257 3404 2292 3435 et
2320 3397 2474 3436 Romani

1395 3454 1968 3504 Conciliideclarationem,quia
2000 3457 2037 3496 in
2068 3464 2166 3496 tanto
2185 3450 2338 3496 tumultu
2371 3458 2471 3494 multi

1397 3516 1530 3564 indigni
1551 3516 1594 3552 ad
1609 3516 1788 3554 Ecclesias
1798 3519 2025 3567 occupandas
2043 3518 2472 3563 involaverant.'ldipsum

1394 3578 1485 3618 dicit
1499 3579 1749 3618 Theodoretus
1781 3580 2003 3630 (Theodorei.
2026 3583 2052 3620 l.
2073 3583 2109 3620 5.
2131 3593 2162 3618 c.
2185 3578 2473 3626 54):adjicitque

1397 3641 1506 3677 etiam
1527 3645 1608 3688 post
1635 3649 1787 3680 mortem
1807 3645 1926 3692 magni
1960 3644 2120 3681 doctoris
2139 3640 2238 3678 orbis
2269 3645 2468 3682 terrarum,

1396 3701 1646 3741 Occidentales
1656 3704 1859 3752 episcopos,
1873 3705 2124 3757 episcoporum
2136 3699 2282 3748 Egypti
2299 3705 2336 3736 et
2347 3697 2474 3736 Orien-

1397 3763 1468 3807 tis,
1492 3763 1640 3811 Bospori
1673 3772 1710 3802 et
1742 3765 1932 3807 Thracias,
1963 3762 2251 3800 communionem
2286 3771 2355 3798 non
2388 3769 2474 3800 ante

1395 3823 1610 3869 admisisse,
1631 3836 1737 3871 quam
1769 3825 1878 3861 divini
1911 3823 2005 3860 illius
2026 3821 2089 3857 viri
2125 3831 2257 3858 nomen
2291 3833 2361 3860 una
2390 3833 2472 3862 cum

1395 3893 1534 3926 caeteris
1549 3888 1728 3926 defunctis
1741 3885 2224 3935 epi.cnpisconsignassent.
