2742 4342
322 231 393 268 259
1027 226 1066 264 S.
1088 223 1280 266 JOANNIS
1299 219 1622 260 CHRYSOSTOMI
1651 223 1775 271 VITA,
2433 238 2492 276 290

360 309 622 358 Citrysostomus
635 305 834 342 Innocentio
846 303 956 350 Papa
971 302 1088 340 literas
1099 302 1214 338 mittit.
1225 321 1273 328 --
1283 299 1395 347 Chry-

311 378 495 409 sostomus
520 377 602 404 cum
620 365 800 412 episcopis
815 363 1108 402 Occidentalibus
1127 372 1273 400 causam
1291 371 1394 398 suam

313 428 598 478 suscipientibus
611 425 753 470 scribit,
773 425 820 462 de
840 424 936 462 felici
958 423 1011 462 rei
1031 423 1131 461 exitu
1151 421 1320 460 dubitare
1337 421 1391 459 vi-

313 497 434 539 detur,
455 491 552 539 quod
575 491 788 535 nequitiam,
813 490 1029 538 potentiam,
1051 487 1293 536 pervicaciam
1329 485 1394 523 ad-

312 555 558 596 versariorum
575 565 725 591 suorum
753 553 868 602 probe
886 558 1025 590 nosset.
1045 551 1120 588 Nec
1138 551 1221 588 ideo
1250 550 1396 588 minore

308 628 398 658 cura
411 625 450 656 et
461 617 582 655 studio
593 616 639 654 ad
652 626 710 654 res
721 615 996 664 componendas
1024 613 1200 652 utendum
1219 623 1301 651 esse
1319 611 1398 650 exi-

310 681 496 724 stimabat,
511 686 550 718 ut
563 680 688 718 videre
703 684 762 716 est
775 679 810 716 in
829 677 985 726 epistola
997 676 1043 714 ad
1061 676 1314 714 Innocentium
1331 675 1400 712 Pa-

309 753 396 792 pam
418 742 478 793 (T.
512 743 550 782 3.
577 754 610 779 ε.
639 742 742 790 535),
775 739 834 777 cui
870 748 1035 785 summas
1055 737 1130 790 agit
1147 737 1285 785 gratias
1301 735 1400 786 quod

307 807 429 836 tantas
455 805 688 846 tempestates
704 825 714 841 ,
737 804 854 833 tantos
874 796 1006 832 fluctus
1026 805 1092 842 pro
1109 794 1247 832 viribus
1263 795 1393 831 sedare

306 869 460 900 conatus
491 861 568 898 sit:
593 861 640 898 ita
673 867 736 903 ut,
767 860 798 896 si
830 865 982 896 conatus
1013 867 1092 905 ejus
1122 857 1246 894 felices
1275 857 1393 893 exitus

308 925 542 967 habuissent,
563 923 638 970 jam
676 926 800 970 pacata
837 921 959 958 omnia
991 926 1139 963 essent,
1160 926 1197 956 ct
1230 919 1392 956 Ecclesia

308 987 502 1035 tranquilla
539 996 626 1033 pace
665 985 861 1022 frueretur.
901 983 1089 1031 Rogatque
1124 982 1224 1019 illum
1263 991 1309 1018 ue
1344 991 1391 1018 ex

307 1051 602 1088 adversariorum
648 1048 771 1086 furore
809 1049 970 1086 animqu
1001 1047 1264 1094 despondeat,
1309 1055 1394 1085 cum

309 1120 362 1150 tot
401 1111 522 1150 videat
559 1111 712 1159 populos
748 1111 932 1158 dispersos
955 1137 964 1152 ,
1011 1109 1164 1146 clericos
1203 1113 1359 1145 vexatos
1379 1135 1391 1152 ,

307 1175 500 1224 episcopos
529 1173 678 1210 sedibus
710 1172 833 1220 pulsos
867 1183 878 1208 :
911 1177 948 1208 et
977 1176 1112 1219 quanto
1145 1169 1261 1217 major
1297 1175 1392 1206 tem-

309 1242 430 1284 pestas
461 1243 530 1280 est,
553 1242 652 1273 tanto
683 1235 800 1282 majus
829 1233 988 1272 studium
1008 1232 1392 1283 adhibeatjprecatur.

309 1302 430 1346 Seque
447 1299 710 1347 frequentiores
729 1298 796 1346 ipsi
828 1298 951 1334 literas
969 1297 1164 1333 missurum
1186 1295 1297 1332 fuisse
1315 1294 1390 1340 ait,

310 1362 378 1403 nisi
407 1361 520 1402 Isauri
550 1361 736 1411 perpetuis
769 1358 1036 1397 incursionibus
1067 1359 1144 1394 vias
1173 1355 1391 1396 interclude-

310 1430 405 1462 rent.

359 1487 458 1524 llanc
475 1485 666 1532 epistolam
688 1485 839 1522 Romam
859 1483 1013 1520 attulere
1029 1481 1188 1520 Joannes
1204 1481 1394 1529 presbyter

309 1554 345 1585 et
365 1547 498 1586 Paulus
514 1549 704 1591 diaconus,
716 1554 755 1584 ut
773 1548 806 1584 in
829 1546 889 1583 illa
904 1545 1050 1589 dicitur,
1065 1556 1144 1593 qute
1163 1554 1220 1581 res
1238 1543 1395 1582 diflicul-

311 1616 422 1648 tatem
451 1617 573 1648 movet
602 1621 674 1648 non
707 1618 778 1647 tam
800 1609 906 1647 facile
936 1607 1159 1646 solvendam.
1182 1606 1220 1643 lu
1241 1606 1393 1653 epistola

309 1673 406 1713 enim
426 1673 496 1710 148
513 1673 559 1710 ad
577 1673 769 1721 Cyriacum
787 1702 798 1718 ,
819 1664 1040 1710 Demetrium
1059 1678 1096 1709 et
1114 1677 1266 1708 caeteros
1283 1698 1292 1714 ,
1313 1679 1394 1717 quae

311 1734 446 1780 scripta
465 1740 611 1780 putatur
629 1744 725 1770 anno
745 1735 830 1779 405,
850 1735 900 1770 ait
918 1734 1200 1780 Cbrysostomus
1216 1731 1392 1769 Joannem

311 1795 562 1844 presbyterum
580 1802 616 1832 ct
627 1795 779 1832 Paulum
795 1795 987 1832 diaconum
1007 1799 1075 1832 iter
1086 1805 1225 1843 parare,
1240 1799 1278 1829 ut
1294 1793 1394 1840 ipsos

309 1845 528 1894 conveniant
565 1868 574 1892 :
611 1857 642 1894 si
680 1864 800 1894 autem
837 1868 934 1894 anno
967 1857 1040 1894 405
1076 1859 1168 1894 hanc
1203 1855 1392 1902 epistolam

309 1917 500 1965 scripserit
519 1917 800 1966 Chrysostomus
817 1946 826 1962 ,
847 1928 918 1966 quo
952 1925 1059 1966 pacto
1077 1919 1201 1955 dicere
1220 1915 1335 1963 possit
1352 1925 1394 1952 se

311 1979 458 2017 tertium
489 1989 622 2016 annum
653 1980 688 2016 in
707 1980 834 2016 exsilio
853 1990 962 2027 agere
978 2007 988 2024 ,
1008 1980 1069 2027 qui
1091 1987 1174 2016 tunc
1194 1977 1392 2015 secundum

312 2037 452 2078 tantum
471 2042 563 2080 iuire
581 2043 930 2090 poterat?0pinatur
947 2043 1199 2080 Tillemoutius
1215 2040 1392 2078 Joannem

311 2111 347 2150 et
365 2103 530 2148 Paulum,
543 2105 604 2152 qui
624 2111 708 2141 tunc
727 2105 794 2140 iter
815 2105 1002 2150 parabant,
1017 2103 1277 2150 profectionem
1289 2113 1392 2140 suam

312 2163 348 2208 in
364 2174 498 2200 annum
513 2171 724 2210 sequentem
740 2165 939 2200 distulisse.

361 2227 447 2263 Alite
465 2228 541 2270 eius
561 2226 726 2274 epistolae.
749 2247 795 2252 —
815 2226 944 2263 Joanni
975 2234 1094 2264 autem
1117 2228 1326 2275 presbytero
1357 2235 1394 2264 ct

312 2286 422 2322 Paulo
441 2285 594 2323 diacono
619 2276 809 2334 epistolam
829 2286 928 2338 dedit
949 2287 1032 2331 168,
1055 2287 1195 2332 Probae,
1218 2297 1393 2326 matrona:

313 2347 499 2392 Romanae,
521 2347 768 2392 adferendam,
781 2351 837 2386 cui
857 2349 938 2386 illos
958 2351 1202 2389 commendat.
1223 2351 1393 2398 illamque

313 2414 352 2446 ut
370 2408 592 2456 frequentius
611 2409 678 2446 sibi
697 2410 819 2448 literas
836 2411 954 2448 mittat
971 2419 1154 2458 precatur.
1175 2412 1390 2460 iisdemque,

314 2478 351 2513 ut
370 2477 514 2518 putatur
529 2499 540 2515 ,
560 2471 730 2519 epistolas
759 2464 953 2520 sequentes
973 2475 1041 2512 169
1061 2482 1098 2514 et
1119 2475 1188 2512 1ῖο
1219 2477 1363 2513 tradidit
1381 2504 1390 2520 ,

313 2543 462 2580 quarum
476 2533 576 2583 prior
586 2533 737 2571 Juliana:
749 2541 784 2571 ct
797 2535 840 2572 iis
853 2536 911 2582 qui
923 2545 1006 2572 cum
1028 2537 1086 2572 illa
1099 2545 1199 2574 erant
1210 2537 1391 2585 dirigitur,

316 2594 444 2642 quibus
461 2595 594 2642 gratias
611 2595 710 2643 agit,
733 2595 828 2643 quod
859 2596 941 2635 illos
957 2607 1083 2636 omnes
1099 2626 1108 2642 ,
1129 2609 1220 2646 quos
1239 2599 1392 2636 Ruinam

313 2657 460 2694 miserat
503 2658 762 2706 benignissime
799 2661 1065 2707 excepissent,
1113 2661 1280 2708 quodque
1319 2669 1392 2698 tatu

312 2728 428 2754 saevos
454 2719 626 2756 tumultus
643 2748 653 2764 ,
672 2721 732 2768 qui
752 2728 826 2757 tum
857 2720 1056 2760 Ecclesium
1074 2723 1296 2760 Orientalcm
1314 2723 1391 2771 agi-

313 2780 449 2827 tabant,
468 2791 700 2832 compescere
717 2785 905 2825 studerent
927 2797 935 2821 :
959 2787 1138 2832 posterior
1152 2797 1240 2824 vero
1260 2787 1391 2824 Italica:

314 2844 519 2882 inscribitur
534 2874 544 2890 ,
565 2857 674 2894 quam
692 2857 713 2884 a
734 2847 942 2887 fortitudine
959 2849 1145 2896 celebrat,
1163 2851 1258 2898 quod
1276 2862 1392 2899 neque

312 2906 480 2946 sedanda:
508 2907 680 2951 Orientali
712 2913 915 2959 tempestati
945 2914 1156 2954 incumbere
1181 2914 1391 2963 desineret;

312 2970 479 3014 acuitque
509 2971 606 3009 illam
625 2979 664 3008 ut
693 2973 730 3013 in
752 2972 820 3010 hoc
850 2980 922 3015 tam
955 2975 1136 3013 laudando
1156 2976 1274 3013 studio
1306 2988 1391 3024 per-

313 3037 468 3068 severet.

361 3090 518 3128 Diversis
535 3105 680 3141 quoque
710 3105 775 3142 per
795 3095 1026 3134 Occidentem
1059 3097 1237 3146 episcopis
1269 3098 1392 3136 literas

316 3151 383 3186 hoc
407 3153 552 3190 circiter
570 3161 731 3202 tempore
752 3156 850 3194 misit
865 3185 874 3201 ,
896 3158 952 3195 vel
973 3166 1009 3194 ut
1026 3159 1160 3206 gratias
1185 3167 1309 3206 ageret
1327 3170 1392 3207 pro

315 3219 403 3256 pace
431 3213 466 3248 in
489 3214 649 3252 Ecclesia
669 3217 842 3255 Orientali
862 3221 1082 3258 restituenda
1117 3221 1363 3259 laborantibus
1378 3250 1388 3267 ,

317 3271 372 3311 Vel
393 3279 429 3309 ut
447 3283 590 3312 acueret
603 3284 638 3314 et
653 3279 698 3314 ad
719 3286 928 3318 constanter
938 3283 1115 3330 agendum
1135 3284 1390 3323 inflammaret.

315 3331 416 3386 Talis
435 3341 490 3372 est
509 3337 659 3382 cpistola
685 3339 745 3376 l5l
769 3340 815 3376 ad
846 3343 1006 3380 Asellum
1037 3345 1245 3392 episcopum
1268 3357 1277 3382 :
1301 3347 1392 3385 tales

316 3394 480 3441 epistolae
508 3396 604 3441 152,
635 3399 731 3444 155,
762 3401 858 3447 154,
889 3403 932 3439 ad
963 3406 1153 3454 episcopos
1181 3407 1392 3454 simpliciter

317 3455 526 3502 inscriptae,
547 3457 581 3494 id
610 3466 692 3505 est,
711 3467 750 3498 ut
775 3473 819 3498 ex
849 3465 944 3502 serie
971 3465 1108 3514 liquet,
1130 3467 1175 3504 ad
1203 3469 1392 3515 episcopos

315 3517 580 3557 Occidentales.
614 3520 745 3560 Iisdem
779 3525 887 3563 missa
919 3527 986 3565 fuit
1015 3529 1167 3576 epistola
1200 3529 1265 3566 l8l
1286 3557 1296 3573 ,
1331 3529 1392 3567 ubi

316 3579 404 3618 dicit
436 3581 518 3619 illos
551 3582 596 3620 ab
626 3585 794 3622 omnibus
826 3588 1014 3634 pra-dicari
1046 3598 1154 3638 atque
1187 3591 1390 3636 celebrari,

317 3641 412 3686 quod
431 3643 498 3679 etsi
519 3649 590 3680 tam
615 3644 720 3692 longe
737 3647 852 3686 dissiti
871 3657 974 3688 erant
987 3679 996 3696 ,
1019 3651 1160 3690 fortiter
1176 3661 1393 3698 strenueque

318 3702 490 3746 adversus
519 3707 599 3743 illos
617 3708 678 3754 qui
701 3708 897 3748 Ecclesiam
919 3713 1176 3759 perlurbabant
1194 3714 1359 3752 steterint
1381 3726 1390 3751 :

323 3774 336 3795 ι
362 3763 463 3808 Quod
481 3767 536 3811 si,
565 3781 577 3802 ι
602 3769 743 3816 inquit,
769 3783 781 3806 ι
809 3772 962 3810 necdum
981 3774 1196 3819 importuna:
1214 3785 1290 3812 sua:
1305 3785 1395 3812 cou-

323 3826 469 3884 tentioui
498 3836 534 3866 et
561 3831 694 3876 injuste
713 3833 809 3872 bello
827 3835 936 3872 tinem
958 3837 1144 3882 imponere
1161 3836 1287 3874 volunt
1302 3865 1312 3880 ,
1331 3838 1393 3884 qui

308 3883 452 3930 borum
468 3897 488 3923 a
508 3890 682 3945 principio
710 3895 886 3940 malorum
928 3903 1100 3943 auctores
1117 3895 1232 3946 fuere,
1264 3907 1310 3943 ne
1331 3883 1394 3936 ros

1469 300 1664 339 conturbet
1681 302 1780 348 illud,
1795 314 1884 342 neve
1900 305 2040 343 animos
2051 314 2187 345 vestros
2205 309 2376 348 debilitet:
2387 323 2500 360 quanto

1463 365 1564 402 enim
1583 366 1700 412 major
1717 367 1818 406 vobis
1847 369 2007 408 exoritur
2035 370 2135 410 labor
2150 399 2160 417 ,
2179 378 2276 410 tanto
2289 376 2390 414 etiam
2405 378 2502 427 major

1467 436 1602 464 corona
1616 434 1796 467 ηθοῐοιιπ.
1817 442 1830 466 1

1518 487 1674 528 Venerio
1691 501 1836 538 quoque
1852 492 2108 534 Mediolauensi
2128 497 2222 534 misit
2238 499 2414 546 epistolam
2431 503 2501 548 t82,

1467 555 1504 587 et
1523 550 1702 600 llesycbio
1725 552 1912 592 Saloneusi
1944 557 1978 592 iu
1999 557 2168 595 Dalmatia
2197 561 2297 607 epist.
2318 562 2381 600 185
2399 576 2408 601 :
2425 575 2502 612 quos

1467 613 1618 660 perinde
1639 614 1760 652 laudat
1778 627 1798 652 a
1821 617 1950 656 virtute
1969 626 2004 656 ct
2021 622 2216 658 constantia
2231 650 2241 666 ,
2263 631 2296 660 et
2313 623 2458 663 hortatur
2472 634 2504 664 ut

1465 681 1584 721 empta
1619 678 1795 722 perlicere
1823 686 1999 727 satagant.
2033 682 2262 731 Summopere
2293 687 2445 732 praedicat
2469 689 2501 726 S.

1465 737 1604 775 Aurelii
1621 737 1914 787 Carthaginiensis
1930 744 2087 791 episcopi
2106 747 2282 792 virtutem,
2293 750 2502 788 constantiam

1466 804 1502 835 et
1512 799 1682 846 loquendi
1695 801 1896 840 libertatein
1913 803 1949 840 iu
1967 805 2118 851 epistola
2133 806 2200 844 149
2211 818 2221 844 ς
2234 819 2334 855 quem
2350 811 2410 848 etsi
2421 817 2504 850 tanto

1467 865 1645 898 terrarum
1663 863 1851 901 intervallo
1868 865 1914 901 ab
1931 876 1970 902 se
1982 865 2160 912 dissitum,
2173 869 2239 906 sibi
2259 877 2368 908 tamen
2377 873 2504 912 caritate

1465 921 1800 969 conjunctissimum
1839 937 1920 964 esse
1956 928 2158 976 significat,
2197 930 2243 968 ita
2281 939 2318 968 ut
2349 933 2503 972 ferventer

1464 983 1661 1022 admodum
1671 997 1818 1024 causam
1830 999 1930 1026 suam
1947 989 2127 1035 defendat,
2141 991 2362 1041 hortaturque
2377 995 2464 1033 illum
2473 1001 2504 1033 ut

1465 1045 1502 1082 in
1517 1045 1586 1084 hoe
1601 1049 1774 1094 przeclaro
1787 1052 1986 1089 certamine
2001 1059 2215 1099 perseveret.

1512 1107 1636 1146 Libros
1663 1110 1750 1149 duos
1769 1113 1922 1159 egregios
1949 1114 2066 1150 scribit
2095 1115 2258 1162 mittitque
2285 1117 2328 1153 ad
2347 1116 2504 1168 Olympia-

1465 1168 1702 1207 dem—[loc
1727 1173 1867 1216 ultimo,
1897 1180 1934 1210 ut
1964 1181 2121 1222 putatur,
2133 1177 2247 1214 exsilii
2275 1178 2326 1214 sui
2351 1189 2448 1222 anno,
2465 1179 2498 1216 li-

1465 1229 1570 1269 brum
1591 1235 1808 1281 composuit,
1829 1236 1932 1283 cujus
1965 1238 2018 1274 vel
2057 1238 2177 1274 titulus
2211 1239 2306 1276 solus
2321 1239 2504 1278 Christiana:

1462 1293 1704 1342 philosophia:
1714 1305 1895 1332 summam
1907 1297 2160 1344 complectitur
2173 1310 2181 1334 :
2198 1297 2296 1343 Quod
2309 1300 2364 1346 qui
2377 1301 2506 1347 seipsutn

1461 1368 1530 1394 non
1545 1357 1655 1402 (adit,
1672 1370 1770 1397 nemo
1786 1360 1912 1399 tradere
1928 1363 2035 1408 possit
2053 1361 2112 1408 (T.
2132 1364 2167 1400 5.
2185 1375 2215 1399 c.
2231 1363 2328 1412 £59).
2343 1363 2402 1402 llic
2416 1365 2506 1412 quid-

1465 1417 1549 1464 quid
1585 1417 1629 1454 ad
1665 1418 1762 1464 pium
1805 1420 1885 1455 vita:
1922 1419 2120 1456 institutum
2165 1421 2335 1468 pertinet,
2367 1422 2506 1468 apposite

1466 1478 1660 1524 profertur.
1681 1479 1770 1524 Quia
1793 1491 1880 1518 vero
1897 1481 1956 1518 vix
1973 1482 2178 1530 centiugere
2208 1489 2342 1530 potest,
2359 1489 2394 1520 ut
2407 1483 2458 1530 qui
2475 1483 2505 1523 in

1465 1541 1520 1578 via
1539 1542 1666 1580 salutis
1696 1543 1858 1588 incedit,
1879 1545 2052 1583 aerumnis
2081 1555 2150 1582 non
2172 1551 2347 1592 prematur
2360 1573 2370 1589 .
2385 1551 2506 1592 quanta:

1466 1603 1628 1640 utilitatis
1641 1605 1712 1640 sint
1723 1615 1893 1642 aerumna:
1905 1612 1942 1643 et
1951 1607 2185 1652 calamitates,
2195 1613 2267 1644 tum
2277 1607 2506 1655 exScripturis,

1466 1670 1541 1702 tum
1567 1675 1612 1702 ex
1639 1672 1846 1704 sanctorum
1866 1667 2034 1715 exemplo
2063 1669 2178 1715 palam
2209 1667 2300 1705 facit.
2322 1668 2400 1706 Post
2427 1668 2506 1706 hunc

1459 1727 1694 1765 continenter
1719 1729 1832 1765 alium
1863 1730 1994 1766 librum
2028 1729 2154 1772 edidit,
2182 1730 2283 1776 cujus
2299 1727 2503 1765 tituluszdti

1459 1799 1519 1824 eos
1538 1789 1598 1836 qui
1617 1790 1846 1826 scandalizati
1865 1799 1945 1828 sunt
1965 1791 2006 1828 ob
2033 1791 2251 1828 adversitates
2274 1801 2348 1838 qua:
2372 1790 2502 1836 contige-

1458 1853 1554 1894 runt,
1572 1852 1759 1899 populique
1773 1859 1804 1888 et
1822 1854 2009 1890 multorum
2018 1854 2231 1890 sacerdotum
2241 1852 2504 1901 persequentium

1459 1924 1501 1950 ac
1519 1915 1784 1961 penei-sionem,
1815 1922 1886 1954 etc.
1910 1916 1972 1963 (T.
2006 1917 2042 1960 3.
2070 1928 2102 1954 ε.
2123 1916 2210 1964 479)
2234 1927 2242 1952 :
2261 1915 2318 1952 ubi
2337 1914 2424 1958 idem
2442 1911 2508 1950 fere

1465 1983 1716 2023 argumentum
1749 1978 1978 2025 persequitur
2006 1978 2100 2026 quod
2133 1978 2170 2015 in
2199 1975 2404 2025 praecedenti
2431 1973 2508 2010 libro

1467 2043 1696 2077 tractaverat.
1717 2040 1845 2088 Agitur
1873 2040 1934 2079 bic
1953 2041 1999 2078 de
2018 2040 2187 2079 .ferendis
2214 2039 2318 2077 rebus
2343 2036 2508 2079 adversis.

1465 2101 1724 2150 cujuscumque
1745 2104 1890 2142 tandem
1917 2104 2061 2152 generis
2081 2104 2152 2140 sint
2167 2131 2178 2148 ,
2199 2100 2420 2148 exemploque
2435 2107 2508 2135 san‘

1464 2171 1605 2201 ctorum
1627 2164 1765 2202 Veteris
1783 2165 1947 2214 Novique
1965 2166 2183 2204 Testamenti
2212 2164 2255 2202 ad
2275 2174 2350 2201 eam
2367 2171 2436 2200 rem
2460 2159 2507 2197 iu-

1464 2227 1662 2264 stituuntur
1695 2228 2110 2277 Constantinopolitmd,
2143 2229 2203 2275 qui
2234 2223 2509 2279 tuucasceleﬂii

1466 2291 1716 2338 perrersisque
1751 2292 1957 2328 nominibus
1992 2291 2226 2329 vexabantur.
2262 2289 2313 2326 Ad
2346 2297 2404 2325 eos
2435 2295 2508 2322 vero

1465 2352 1621 2388 maxime
1637 2359 1778 2399 spectat
1793 2354 1924 2398 oratio,
1942 2354 2003 2401 qui
2023 2353 2154 2402 probos
2171 2352 2328 2389 videntes
2345 2359 2364 2386 a
2383 2346 2507 2385 seditio-

1464 2415 1514 2452 sis
1535 2415 1754 2464 nefariisque
1773 2417 1979 2454 liomiuibus
1997 2417 2132 2460 vexari,
2153 2415 2306 2452 divinam
2327 2413 2508 2449 incusarent

1465 2477 1743 2523 providentiam.
1774 2477 1932 2515 Atticum
1965 2487 2112 2522 autem,
2141 2477 2201 2524 qui
2231 2486 2251 2512 a
2279 2469 2509 2512 consceleratis

1465 2539 1500 2576 in
1529 2549 1777 2576 successorem
1807 2540 1944 2576 Arsacii
1975 2545 2162 2586 cooptatus
2192 2537 2326 2579 fuerat,
2356 2531 2510 2570 acerrime

1464 2600 1700 2648 perstringit,
1719 2611 1800 2638 cum
1829 2602 1878 2637 ait
1897 2611 1978 2648 cap.
2000 2601 2048 2638 20
2070 2613 2078 2636 :
2103 2599 2204 2637 Nihil
2223 2609 2300 2647 ergo
2315 2598 2443 2634 istorum
2459 2591 2509 2627 tibi

1464 2662 1672 2707 o/I'endiculo
1691 2663 1748 2707 sit,
1771 2675 1838 2700 non
1858 2663 2015 2700 sacerdos
2035 2664 2094 2700 ille
2110 2673 2200 2699 nunc
2219 2662 2422 2709 deprauatus,
2440 2655 2508 2702 lupo

1463 2726 1580 2772 quouis
1608 2725 1730 2762 saevius
1758 2726 1794 2761 in
1819 2737 1954 2774 gregem
1983 2727 2154 2763 insiliens.
2180 2724 2281 2763 Unde
2307 2716 2508 2768 comprobari

1464 2786 1613 2823 otltniuo
1632 2787 1789 2832 videtur,
1799 2787 1896 2824 hunc
1916 2788 2046 2825 librum
2067 2787 2202 2824 editum
2220 2785 2326 2823 fuisse
2344 2788 2508 2831 postqum"

1463 2849 1572 2897 legati
1609 2848 1808 2886 lnnocentii
1844 2850 1977 2898 Papae,
2017 2850 2174 2896 episcopi
2209 2846 2424 2888 Orientales,
2458 2839 2508 2889 qui

1463 2922 1545 2948 cum
1577 2911 1703 2959 legatis
1733 2919 1932 2956 venerant,
1963 2913 2096 2958 aliique
2127 2911 2226 2948 multi
2255 2907 2430 2958 episcopi.
2458 2913 2508 2940 ⁵³·

1464 2975 1632 3012 cerdotes
1645 3001 1656 3020 ,
1675 2974 1798 3013 clerici
1815 3003 1824 3020 ,
1843 2981 1880 3012 et
1896 2975 2054 3021 cujusvis
2078 2973 2220 3023 generis
2236 2979 2272 3016 et
2289 2966 2507 3011 conditionis,

1465 3037 1582 3074 Attico
1601 3043 1762 3081 auctore,
1784 3037 1876 3084 pulsi
1896 3037 2048 3085 diroque
2063 3036 2179 3074 vexati
2199 3034 2350 3079 fuerant,
2367 3037 2402 3070 ut
2416 3037 2508 3076 supra

1463 3099 1631 3136 vidimus.

1511 3159 1683 3208 Epistolre
1713 3160 1870 3208 qua'dam
1903 3161 1949 3196 ad
1983 3159 2234 3208 Olympiadem.
2253 3179 2302 3186 —
2318 3157 2383 3194 Per
2411 3158 2508 3190 totum

1463 3228 1583 3258 autem
1619 3233 1752 3258 annum
1789 3221 1860 3259 406
1893 3222 2080 3258 ceimnoda
2117 3220 2317 3258 valetudine
2346 3217 2508 3255 fruebatur

1463 3281 1742 3332 Cbrysostomus
1758 3309 1768 3324 ,
1791 3288 1828 3318 ut
1861 3282 1895 3318 in
1918 3282 2078 3328 Epistula
2107 3283 2153 3320 ad
2175 3281 2346 3328 Elpitliuut
2377 3277 2440 3315 HS
2462 3279 2509 3310 sal

1463 3346 1650 3395 perspicue
1663 3345 1832 3389 insinuat,
1845 3345 1905 3382 ubi
1915 3346 1963 3382 ait
1974 3358 2013 3382 se
2022 3347 2094 3392 jam
2109 3345 2308 3383 Isaurorum
2321 3338 2509 3379 tumultibus

1463 3407 1681 3452 liberatum,
1713 3406 1788 3442 otio
1819 3417 1862 3443 ac
1892 3407 2012 3454 quiete
2044 3407 2112 3444 frui
2140 3415 2246 3454 atque
2276 3405 2310 3442 in
2336 3400 2510 3441 securitate

1461 3469 1610 3514 degere.
1636 3468 1676 3504 ln
1703 3467 1822 3505 hieme
1849 3475 1968 3505 autem
2002 3476 2086 3506 tunc
2113 3468 2343 3511 versabatur,
2383 3471 2455 3510 quae
2478 3457 2508 3494 i“

1462 3531 1632 3568 Armenia
1650 3531 1812 3577 asperior
1821 3541 1903 3568 esse
1921 3530 2072 3568 solebat.
2085 3531 2242 3568 Joannes
2253 3537 2335 3565 vero
2349 3519 2509 3563 imbecillo

1462 3601 1616 3637 corpore
1629 3591 1810 3638 praeditus,
1821 3591 1906 3629 dum
1921 3592 2030 3638 frigus
2043 3588 2295 3634 s:evit'et,domi
2306 3597 2344 3624 se
2355 3585 2510 3632 perpetuo

1464 3654 1682 3698 includebat,
1695 3665 1847 3702 raroque
1864 3665 1886 3692 e
1903 3655 2026 3691 limine
2038 3653 2162 3700 pedem
2174 3651 2358 3691 efferabat;
2373 3644 2510 3689 ίηάθίιυθ

1464 3715 1596 3752 factum
1630 3722 1669 3752 ut
1697 3717 1732 3753 in
1761 3716 1879 3754 hieme
1908 3715 1966 3752 illa
1995 3715 2088 3753 bona
2107 3713 2308 3752 valetudine
2335 3710 2507 3746 frueretur-

1465 3775 1504 3813 ln
1521 3777 1673 3824 epistola
1693 3789 1837 3826 quoque
1852 3783 1978 3826 quarta
1995 3777 2040 3813 ad
2055 3774 2299 3826 Olympiadem
2313 3771 2361 3810 ait
2375 3779 2413 3806 se
2426 3766 2509 3804 bona

1465 3838 1670 3876 valetudine
1704 3838 1800 3885 frui,
1833 3847 1941 3887 atque
1973 3839 2009 3876 in
2041 3847 2167 3886 magna
2198 3834 2383 3874 securitate
2413 3835 2509 3868 esse;

1469 3897 1564 3936 adeo
1592 3909 1631 3938 ut
1659 3902 1819 3938 Armenii
1852 3901 1896 3938 ad
1929 3909 2112 3950 stuporem
2145 3907 2254 3946 usque
2283 3895 2507 3934 mirarentur»
