2742 4342
167 215 224 252 26f
913 208 1034 248 NUNC
1060 207 1223 246 Pille

1298 207 1451 247 DOILNA
1457 209 1486 244 τ’
1494 214 1518 246 οὶ
1526 236 1536 246 .

167 294 253 343 quod
292 293 345 330 vir
383 292 472 330 adeo
514 290 682 328 imbecilli
719 289 881 336 corporis
903 315 913 332 ,
943 284 1222 324 intolerandam

166 356 300 404 frigoris
317 355 388 392 vim
417 353 572 401 perferre
590 358 732 398 posset,
754 361 835 388 cum
867 350 890 385 ii
921 348 1046 390 etiam,
1067 347 1128 394 qui
1161 346 1222 383 tali

165 417 269 456 hiemi
299 417 428 454 assueti
458 421 584 458 crant,
607 413 692 451 hinc
719 423 790 450 non
809 413 991 460 vulgarent
1010 412 1045 446 itt
1075 409 1221 446 modum

165 479 398 517 afﬁcerentur.
419 475 617 524 Olympiadi
641 481 759 511 autem
779 484 820 510 se
837 473 980 510 misisse
996 471 1046 508 ait
1064 471 1193 507 librum
1210 496 1221 510 .

160 549 231 584 quo
260 538 383 585 probat
415 537 591 573 neminem
637 535 768 571 lmdere
801 543 906 581 posse
933 542 1041 575 cum,
1071 530 1131 578 qui
1161 539 1220 566 se-

165 602 274 648 ipsum
293 610 362 636 non
383 598 490 644 laedit,
509 607 649 635 necnon
668 597 776 633 alium
795 596 924 632 librum
948 593 1102 640 idipsum
1118 601 1222 628 com-

164 663 364 709 probantem
381 689 392 706 ,
413 671 518 708 quem
551 665 768 706 postremum
797 667 881 694 eum
910 666 992 693 esse
1009 655 1067 692 cui
1097 653 1222 691 titulus

163 729 238 767 est,
261 723 314 759 Ad
342 733 400 759 eos
431 722 487 769 qui
518 719 740 758 scandalizati
769 725 874 764 sunt,
895 724 967 756 etc.
985 745 996 762 ,
1025 717 1100 764 jam
1132 716 1222 752 nihil

163 783 375 822 dubitamus.

205 844 323 892 Neque
340 844 481 882 silentio
499 843 784 892 praetereundum
814 842 848 879 id
867 841 963 889 quod
993 839 1100 887 paulo
1116 845 1222 875 antea

162 905 356 954 Olympiadi
385 906 501 950 dixit,
533 917 572 942 se
605 915 733 951 nempe
763 909 865 941 certo
897 901 1088 946 itrscdent
1120 909 1222 936 suam

164 967 414 1004 restituendum
427 967 515 1004 fore.
531 967 583 1003 En
601 967 680 1012 ejus
690 965 819 1002 verba:
836 964 937 1009 Quod
952 963 982 999 si
1001 962 1059 998 tibi
1071 961 1224 998 mereris

161 1039 294 1064 causam
312 1027 348 1063 id
367 1026 480 1072 affert,
492 1026 582 1073 quod
601 1038 622 1062 a
641 1026 736 1062 nobis
753 1027 908 1073 sejuttcta
927 1025 988 1068 sis,
1000 1023 1102 1071 hujus
1122 1022 1224 1059 etiam

163 1090 207 1127 rei
225 1088 338 1126 latium
369 1089 472 1135 [iacnt
503 1095 670 1135 exspecta.
692 1088 800 1135 Atque
831 1087 894 1124 Itoc
925 1097 993 1123 non
1023 1084 1235 1124 consolandi

163 1150 260 1188 attnni
279 1151 328 1187 tui
343 1162 447 1186 causa
465 1161 554 1187 nunc
571 1150 662 1194 dico,
674 1150 733 1186 sed
748 1150 828 1196 quia
844 1149 1057 1196 exploratum
1073 1147 1157 1184 mihi
1174 1153 1224 1184 est

164 1215 206 1250 ita
221 1215 306 1261 fore.
320 1213 414 1250 Nam
429 1214 493 1250 nisi
514 1214 561 1250 ita
579 1213 734 1259 futurum
744 1219 841 1254 esset,
848 1213 1074 1260 jampridem,
1091 1212 1156 1248 nisi
1172 1222 1226 1248 me

164 1276 271 1320 opinio
287 1277 388 1324 fallit,
402 1287 462 1324 per
473 1276 554 1312 nti/ti
565 1275 678 1312 illatas
687 1275 897 1312 calamitates
915 1285 935 1310 e
953 1275 1020 1311 vita
1036 1275 1222 1311 cessissent.

167 1335 208 1373 Ut
223 1337 308 1372 enim
319 1336 419 1372 etiam
429 1337 544 1372 omnia
561 1345 638 1384 qua!
647 1335 940 1382 Constantinopoli
957 1346 1138 1382 perpessus
1147 1346 1224 1371 sum

165 1403 353 1442 prteteream
369 1424 379 1441 ,
400 1404 525 1444 quanta
541 1425 552 1442 ,
574 1404 750 1444 postquam
769 1407 810 1434 ea:
828 1397 910 1432 urbe
927 1397 1080 1437 excessi,
1101 1397 1136 1432 in
1154 1402 1225 1432 tam

164 1457 259 1505 longo
275 1469 315 1494 ac
332 1459 471 1496 molesto
487 1459 606 1494 itinere
624 1458 760 1505 pertuli,
774 1469 919 1505 quarunt
933 1458 1039 1493 multa
1057 1457 1225 1504 ejusmodi

163 1525 266 1564 erant,
286 1527 322 1555 ut
339 1526 480 1555 mortent
497 1519 621 1563 afferre
640 1526 798 1565 possent;
817 1526 944 1566 quanta
963 1526 1142 1566 postquam
1159 1519 1226 1555 huc

163 1579 245 1623 veni,
265 1586 392 1626 quanta
412 1587 590 1627 postquam
609 1578 741 1616 Cucuso
761 1581 915 1627 migratu,
936 1582 1064 1626 quanta
1083 1579 1228 1626 denique

161 1647 337 1687 postquam
368 1640 520 1677 Arabissi
549 1646 776 1677 commoratus
809 1651 911 1683 sum,
945 1641 1136 1688 intelligere
1166 1641 1228 1677 tibi

161 1702 247 1737 licet.
283 1701 334 1738 lta
371 1701 516 1748 putabat
547 1702 606 1739 ille
639 1702 972 1748 Constantinopolin
1008 1703 1076 1740 sibi
1112 1702 1225 1739 remi-

162 1762 330 1806 mundum
361 1772 454 1798 esse.
478 1762 607 1799 Verum
638 1763 734 1806 alio,
765 1773 871 1810 quam
903 1763 1094 1810 sperabat,
1117 1764 1226 1801 modo

163 1832 217 1861 res
229 1823 368 1861 cecidit.

208 1883 243 1921 lu
263 1884 332 1921 line
358 1890 476 1922 autem
498 1885 657 1932 epistola:
676 1885 699 1922 4
718 1885 762 1922 ad
781 1885 1027 1934 Olympiadem
1047 1886 1124 1924 haec
1140 1886 1190 1924 ait
1213 1898 1222 1925 :

168 1945 214 1981 De
229 1945 367 1994 Pelagio
384 1948 549 1983 monacho
566 1959 689 1995 magno
706 1947 824 1984 dolore
839 1947 982 1993 aﬂ'ectus
999 1959 1088 1984 sum.
1104 1947 1224 1995 Cogita

164 2008 260 2055 igitur
275 2017 355 2055 quot
371 2010 571 2056 quantisque
587 2010 720 2046 coronis
735 2011 831 2058 digni
848 2011 916 2047 sint
933 2011 990 2057 qui
1009 2012 1089 2058 [orti
1108 2011 1223 2048 animo

165 2080 199 2105 tn
225 2072 295 2106 acie
321 2078 507 2115 steterunt,
528 2084 604 2108 cum
634 2073 722 2109 viros
739 2100 749 2116 ,
769 2073 826 2120 qui
857 2080 926 2109 tant
957 2073 1012 2120 pie
1039 2083 1080 2108 ac
1107 2080 1226 2110 sancte

167 2137 314 2178 tantaque
322 2143 396 2169 cum
415 2134 592 2170 tolerantia
603 2135 772 2177 vixerant,
783 2134 893 2181 abripi
904 2141 1004 2182 atque
1022 2135 1057 2171 in
1069 2137 1224 2182 fraudem

166 2190 286 2234 impelli
302 2193 482 2231 rideamus.
499 2195 564 2232 llic
579 2201 726 2242 putatur
745 2195 800 2242 agi
818 2195 863 2231 de
876 2195 1017 2241 Pelagio
1037 2194 1226 2231 haeresiar-

167 2249 227 2286 clta
243 2279 252 2295 ,
272 2253 328 2298 qui
348 2253 416 2291 hoc
436 2261 598 2303 tempore
615 2265 759 2293 errores
775 2265 860 2292 suos
877 2256 971 2292 circa
989 2256 1142 2303 gratiam
1162 2255 1224 2292 Dei

171 2312 337 2357 publicare
350 2317 470 2362 carpit.

212 2373 302 2414 bttcr
318 2378 490 2424 epistolas
505 2374 766 2427 CltrySOstomi,
786 2389 876 2426 quas
895 2379 987 2416 bene
1004 2380 1134 2416 multas
1149 2378 1223 2425 jam

168 2439 433 2478 memoravimus
447 2468 458 2484 ,
479 2441 558 2476 alia:
579 2440 741 2488 quredam
773 2446 882 2485 sunt,
903 2451 983 2487 quae
1013 2441 1146 2476 nullam
1169 2439 1225 2476 vel

168 2501 330 2546 temporis
347 2502 400 2538 vel
419 2503 617 2540 occasionis
637 2513 706 2550 qua
734 2503 827 2540 datae
847 2504 947 2540 fuere
963 2530 972 2546 ,
997 2509 1119 2539 notam
1152 2513 1226 2549 prze

165 2570 202 2598 se
230 2561 358 2599 ferunt.
393 2563 602 2610 llnjustnodi
633 2571 718 2602 sunt
747 2565 854 2611 epist.
884 2564 932 2602 36
962 2564 1006 2600 ad
1040 2564 1223 2601 Maronem

165 2623 352 2669 quemdam
385 2626 632 2673 presbyterum
665 2633 702 2663 et
721 2627 935 2663 monacbutn
953 2654 963 2670 ,
984 2626 1042 2664 cui
1074 2626 1224 2662 sincera:

166 2684 418 2722 benevolentia:
435 2687 532 2734 signa
552 2687 699 2734 profert,
717 2689 874 2734 dicitque
893 2699 932 2727 se
949 2689 996 2726 ob
1017 2689 1224 2726 tabellario-

168 2756 242 2782 rum
262 2748 445 2793 penuriam
474 2750 588 2786 rarins
617 2750 682 2796 ipsi
711 2751 833 2788 literas
851 2752 939 2788 dare
954 2779 965 2794 ,
984 2758 1022 2789 et
1039 2762 1104 2798 pro
1124 2762 1225 2788 more

168 2815 264 2854 rugat
279 2808 324 2844 de
341 2809 542 2846 valetudine
558 2821 621 2847 sua
637 2812 825 2849 certiorem
844 2823 884 2849 se
900 2813 1016 2850 faciat.
1036 2813 1224 2860 Ejusmodi

171 2875 247 2906 sunt
262 2871 368 2908 etiam
398 2872 548 2919 epistola
568 2873 615 2910 46
635 2873 679 2909 ad
709 2873 873 2910 Rufinum
891 2902 900 2919 ,
933 2875 1082 2922 cpistola
1103 2875 1150 2913 58
1179 2875 1223 2912 ad

170 2926 400 2967 Theodosium
419 2942 463 2969 cs
485 2933 638 2969 Ducibus
655 2944 664 2976 ;
683 2934 788 2978 epist.
815 2935 862 2972 63
879 2935 923 2972 ad
941 2935 1224 2984 Tranquillinum

171 2991 376 3044 quemdam;
407 2993 513 3039 epist.
546 2994 587 3031 7i
621 2994 666 3031 ad
694 2994 895 3038 Malchum,
926 3007 1032 3044 quem
1066 2997 1113 3035 ob
1142 2998 1224 3034 lilia:

173 3059 312 3089 mortem
333 3060 497 3092 mmstnm
516 3056 651 3092 solatur
667 3067 676 3100 ;
696 3067 754 3105 ep.
773 3057 819 3094 9‘2
835 3058 878 3094 ad
897 3059 1055 3107 Moysem
1077 3059 1225 3108 presby-

173 3115 363 3161 tcrum,qui
376 3118 570 3154 monachus
591 3116 700 3155 fuisse
711 3117 868 3156 ferturin
880 3120 1032 3168 quadam
1052 3121 1223 3168 regione;

172 3171 270 3218 epist.
291 3175 355 3212 171
387 3176 432 3214 ad
460 3177 658 3224 Montium,
680 3179 785 3225 epist.
809 3180 876 3218 187
907 3180 954 3218 ad
983 3181 1195 3229 Procopium
1212 3209 1223 3228 ,

174 3232 236 3270 i95
267 3236 310 3272 ad
339 3237 596 3284 Claudianum,
628 3241 695 3278 201
729 3241 773 3278 ad
805 3242 1038 3289 Herculium,
1074 3244 1146 3283 209
1179 3245 1224 3282 ad

173 3295 393 3345 Salvioncm,
427 3302 520 3349 quod
555 3314 685 3341 nomen
720 3305 819 3342 varie
853 3306 1024 3354 scriptum
1062 3307 1222 3355 legitur:

173 3357 224 3394 alii
253 3361 346 3397 enim
365 3361 518 3400 Salbioni
539 3365 671 3403 habent
687 3395 696 3410 .
727 3367 787 3404 alii
815 3379 968 3406 numero
995 3370 1120 3418 plures
1138 3369 1224 3408 Cal-

173 3418 254 3457 tn'oni
268 3448 278 3466 ,
297 3422 478 3472 fateorque
493 3437 550 3464 me
569 3427 612 3464 ad
633 3427 726 3467 hanc
753 3429 1012 3477 praeferendam
1031 3433 1222 3471 lectionem

175 3482 396 3526 propendere.

213 3539 404 3600 ‘Epistolam
417 3557 500 3585 vero
514 3549 558 3586 ad
575 3549 769 3589 CteSarium
785 3553 999 3590 m0nachum
1015 3555 1049 3591 in
1067 3557 1225 3596 secundo

173 3610 234 3670 suo
249 3606 394 3670 exsilio,
415 3616 451 3646 ut
480 3611 591 3650 fertur
616 3614 650 3650 in
671 3615 798 3660 titulo,
830 3626 849 3652 a
884 3616 929 3653 Β.
967 3617 1008 3654 Ρ.
1041 3618 1222 3667 Lequien,

175 3667 245 3699 viro
260 3667 344 3705 milii
363 3671 591 3718 amicissimo,
608 3675 682 3721 jam
701 3675 944 3723 reprobatam,
958 3680 1222 3725 supposititiam

175 3731 248 3762 esse
261 3727 414 3774 pluribus
431 3733 658 3780 probavimus
676 3736 712 3774 in
733 3737 866 3774 hlonito
885 3737 998 3776 Tomu
1013 3738 1222 3781 5.col.7t7.

217 3785 436 3836 Chrysostomi
461 3793 589 3832 inimici
619 3797 723 3833 livore
748 3800 893 3844 correpti
913 3799 1009 3836 illum
1026 3801 1222 3840 Arabissum

176 3852 203 3884 et
220 3855 330 3892 postea
351 3851 738 3902 Pityuntcmamandari
763 3868 898 3897 curant.
925 3881 974 3890 —-
999 3863 1066 3900 Per
1095 3865 1222 3904 Urion-

2299 212 2372 252 26-2

1299 290 1370 321 tem
1387 295 1500 321 unum
1521 285 1694 323 volitabat
1713 285 1862 324 Joannis
1879 287 1992 325 nostri
2007 285 2101 326 fama
2114 316 2124 334 ,
2145 290 2206 336 qui
2239 288 2370 328 Cucusi

1295 354 1332 382 et
1346 352 1470 386 postea
1490 346 1652 383 Arabissi
1683 349 1804 393 exsul,
1823 361 1950 388 omnes
1980 351 2118 388 circum
2157 352 2308 399 populos
2332 360 2370 390 et

1297 417 1390 453 pane
1407 413 1443 443 et
1469 408 1586 444 verbo
1605 409 1668 444 Dei
1687 416 1850 455 paverat.
1869 409 2105 449 Confluebant
2131 415 2219 450 itum
2253 415 2372 452 Antio

1295 466 1495 508 chenieius
1511 468 1688 520 invisendi
1706 480 1836 513 causa,
1858 477 1896 507 et
1911 472 2112 510 Antiochia:
2141 475 2220 521 ejus
2236 477 2371 512 sancti-

1295 536 1350 568 tas
1375 531 1653 578 praedicabatur.
1670 532 1756 569 llaac
1775 533 1853 579 ejus
1875 533 2102 571 adversarios
2135 537 2372 584 mordebant,

1293 599 1406 641 atque
1418 595 1562 633 invidiae
1577 595 1722 633 ﬂamma
1737 597 1880 634 accensi
1899 597 2118 636 Severianus
2148 607 2185 637 et
2206 601 2372 650 Porphy-

1295 659 1390 702 rius,
1412 669 1456 696 ac
1485 660 1633 708 quidam
1653 660 1714 697 alii
1733 661 1893 708 episcopi
1924 660 2062 708 Syrizn,
2085 668 2124 698 ut
2151 663 2223 700 alio
2252 670 2370 702 trans-

1293 719 1450 757 ferretur
1485 721 1604 758 moliri
1635 721 2006 768 cmperuut'(Pallad.
2042 721 2216 770 Dialog.).
2241 724 2374 763 Clerici

1293 791 1438 829 quoque
1467 782 1528 828 qui
1563 783 1645 820 illos
1681 783 1910 820 sectabantur
1943 782 2146 820 mirabundi
2178 784 2374 823 dicebant:

1305 841 1420 880 Videte
1447 849 1619 880 mortuum
1647 843 1854 888 terribilem,
1874 844 1965 880 uiuos
2001 844 2208 891 victoresque
2241 851 2373 882 terren-

1293 909 1372 948 tem,
1393 911 1430 940 ut
1448 915 1571 950 pueros
1588 909 1714 940 terrent
1733 904 1850 940 larua.
1871 903 2002 950 Papa!
2026 904 2051 939 ii
2066 905 2125 951 qui
2149 905 2371 942 secutoribus

1295 965 1514 1012 potestatibus
1537 973 1638 1013 atque
1669 966 1906 1003 ecclesiasticis
1935 966 2057 1012 opibus
2092 967 2255 1002 succincti
2288 973 2368 1003 sunt

1297 1036 1375 1062 cum
1390 1033 1556 1074 potestate
1567 1034 1600 1063 et
1619 1038 1696 1062 cum
1716 1037 1828 1063 rerum
1843 1027 1986 1074 imperio
1999 1055 2010 1071 ,
2026 1026 2236 1064 sacerdotem
2247 1027 2375 1073 solum,

1296 1094 1467 1124 extorrem
1481 1115 1490 1131 ,
1504 1098 1646 1135 corpore
1665 1088 1841 1133 infirmum
1854 1115 1864 1132 ,
1883 1088 2034 1124 exsulem
2050 1088 2173 1127 timeat
2195 1095 2227 1125 et
2247 1089 2377 1135 pallent

1296 1148 1494 1186 titubantes.
1515 1148 1553 1185 Id
1573 1159 1656 1185 cum
1678 1149 1731 1185 illi
1750 1148 1847 1185 ferre
1861 1158 1932 1184 nou
1954 1149 2047 1185 ultra
2064 1156 2236 1197 possent,
2257 1150 2378 1196 impe-

1300 1218 1441 1250 trarunt
1459 1218 1498 1248 ut
1515 1211 1725 1248 Arabissum
1741 1210 2012 1253 transferretur,
2033 1210 2066 1246 id
2087 1218 2257 1248 curantes
2275 1211 2376 1248 video

1296 1274 1402 1317 licet,
1426 1279 1464 1310 ut
1482 1273 1515 1309 vi
1531 1272 1766 1309 vesationum
1782 1271 1897 1308 virum
1919 1277 1990 1307 tam
2010 1271 2152 1307 inllrmo
2171 1281 2326 1318 corpore
2341 1273 2378 1310 in

1299 1336 1484 1373 interitum
1502 1334 1738 1372 deducerent.
1754 1333 1842 1371 Cutn
1857 1339 1977 1370 autem
2009 1343 2080 1370 non
2103 1332 2222 1370 minus
2255 1334 2380 1380 splen-

1296 1397 1399 1434 deret
1417 1397 1574 1440 virtute,
1596 1401 1633 1432 et
1667 1395 1764 1442 paria
1804 1401 1994 1442 praestaret
2031 1394 2190 1430 Arahissi
2224 1395 2269 1431 iis
2299 1406 2380 1442 quae

1296 1457 1426 1496 Cucusi
1443 1457 1517 1504 jam
1530 1456 1714 1500 ediderat,
1741 1465 1869 1492 rursus
1894 1455 1941 1492 ab
1959 1455 2040 1491 aula
2060 1455 2292 1502 Imperatoris
2323 1466 2381 1493 re—

1297 1519 1470 1564 scriptum
1504 1518 1625 1555 acrius
1652 1518 1910 1566 impetrarunt,
1929 1523 1968 1553 ut
2003 1516 2096 1553 intra
2126 1516 2379 1554 brevissimum

1299 1584 1442 1626 tempus
1488 1579 1707 1627 assignatum
1749 1579 1953 1627 Pityuntem
2001 1578 2207 1623 duceretur,
2257 1578 2382 1617 locum

1298 1640 1458 1689 regionis
1476 1640 1678 1678 Tzanorum
1720 1641 2026 1686 desertissimum,
2045 1640 2092 1678 ad
2126 1641 2211 1678 litus
2237 1641 2376 1680 Pontici

1297 1703 1408 1740 maris
1439 1703 1561 1740 situm.

1346 1763 1475 1800 Milites
1494 1769 1613 1799 autem
1636 1762 1797 1800 Praefecti
1828 1763 2024 1807 Praetorio,
2046 1764 2108 1811 qui
2136 1763 2234 1801 illum
2259 1763 2373 1803 duoe-

1295 1825 1406 1869 bant,
1423 1825 1458 1863 in
1474 1825 1530 1863 via
1550 1825 1666 1874 ipsqu
1686 1825 1844 1864 maxime
1859 1831 2025 1873 urgentes
2039 1853 2048 1868 ,
2068 1825 2236 1863 dicebant
2265 1827 2300 1864 id
2333 1837 2376 1865 se

1297 1885 1434 1924 habere
1448 1887 1483 1924 in
1507 1886 1708 1930 mandatis;
1729 1887 1776 1923 ita
1797 1891 1836 1924 ut
1851 1887 2128 1934 intelligeretur,
2155 1887 2185 1924 si
2207 1893 2278 1924 tam
2297 1888 2380 1927 dire

1293 1956 1445 1988 vexatus
1457 1950 1490 1986 in
1507 1952 1561 1985 via
1574 1955 1775 1986 moreretur
1786 1948 1958 1992 Joannes,
1971 1949 2052 1986 illos
2065 1949 2109 1986 ad
2123 1950 2280 1996 majores
2291 1960 2377 1998 gra-

1295 2011 1363 2048 dus
1376 2010 1582 2048 evehendos
1602 2021 1695 2048 esse.
1719 2010 1820 2048 Unus
1838 2016 1957 2048 tamen
1974 2020 2019 2048 ex
2039 2010 2122 2052 illis.
2142 2011 2189 2048 de
2203 2013 2371 2058 praesenti

1296 2073 1420 2110 militia
1447 2074 1567 2111 minus
1595 2073 1795 2119 sollicitus,
1819 2074 1978 2121 aliquam
1997 2073 2049 2110 illi
2070 2074 2194 2112 furtim
2221 2074 2374 2114 exhibe-

1295 2134 1357 2172 bat
1387 2134 1660 2176 humanitatem.
1681 2136 1780 2172 Alter
1798 2141 1917 2172 autem
1944 2145 2056 2183 usque
2081 2135 2174 2174 adeo
2199 2135 2302 2175 ferox
2335 2145 2374 2176 et

1295 2206 1403 2242 asper
1415 2202 1506 2241 erat,
1523 2203 1561 2234 ut
1575 2197 1780 2242 blanditias,
1801 2198 1904 2245 queis
1921 2207 1961 2235 se
1977 2205 2209 2236 occurrentes
2227 2199 2374 2248 quidam

1298 2256 1538 2303 precabantur
1558 2264 1597 2294 ut
1613 2265 1739 2295 Sancto
1759 2265 1925 2305 parceret
1939 2287 1949 2302 .
1968 2270 2034 2308 pro
2054 2261 2196 2307 injuriis
2222 2261 2374 2300 haberet

1297 2317 1384 2355 illud
1403 2329 1512 2355 unum
1527 2324 1693 2365 satagens
1706 2327 1742 2356 ut
1761 2321 1853 2356 mala
1870 2329 1986 2358 morte
2003 2322 2178 2361 Joannem
2209 2332 2372 2364 necaret.

1299 2381 1388 2418 Cum
1411 2382 1526 2427 pluvia
1547 2381 1743 2418 vehemens
1755 2383 1940 2419 decideret
1955 2410 1964 2426 ,
1987 2385 2021 2420 id
2037 2385 2124 2420 nihil
2147 2395 2278 2423 curans
2290 2396 2376 2434 pro-

1298 2441 1619 2484 ﬁcisceltatnrille;
1640 2441 1687 2477 ita
1707 2448 1744 2477 ut
1763 2442 1796 2477 in
1812 2442 1920 2478 dorso
1934 2442 2019 2480 etin
2039 2450 2185 2490 pectore
2202 2455 2375 2493 aquarum

1297 2503 1362 2540 rivi
1381 2503 1629 2540 decurrerent.
1657 2503 1840 2551 lugentem
1877 2515 2000 2541 rursus
2032 2506 2118 2542 solis
2147 2513 2273 2544 aestum
2310 2519 2376 2556 pro

1296 2562 1436 2600 deliciis
1451 2563 1625 2608 habebat,
1644 2574 1726 2601 cum
1742 2570 1864 2601 nosset
1876 2563 1916 2600 Β.
1937 2564 2087 2603 Joannis
2103 2572 2210 2612 caput
2222 2594 2235 2612 ,
2251 2567 2373 2606 Elisati

1297 2625 1410 2662 instar
1425 2626 1698 2671 calvutu,testu
1717 2627 1852 2663 vexari.
1887 2625 1925 2662 ln
1963 2627 2050 2665 urbe
2084 2633 2146 2664 aut
2179 2629 2280 2673 vico,
2311 2631 2372 2668 ubi

1297 2687 1508 2724 balneorum
1527 2687 1695 2724 solatium
1711 2693 1828 2731 esset,
1848 2699 1894 2726 ne
1909 2695 2094 2727 momento
2113 2689 2259 2737 quidem
2289 2701 2374 2739 pcr-

1299 2749 1465 2786 mittebat
1482 2749 1602 2786 infelix
1619 2749 1677 2786 ille
1692 2748 1870 2786 Joannem
1888 2749 2036 2786 morari.

1347 2811 1384 2848 in
1405 2811 1462 2848 his
1479 2811 1669 2856 omnibus,
1692 2812 1807 2858 inquit
1832 2811 2016 2864 Palladius
2034 2811 2046 2859 (
2061 2811 2095 2848 id
2108 2819 2186 2855 est,
2202 2813 2237 2849 ni
2258 2812 2374 2858 fallor,

1296 2875 1332 2912 in
1353 2875 1479 2911 itinere
1495 2874 1704 2911 Arabissum
1720 2902 1729 2915 .
1748 2873 1806 2910 ubi
1824 2883 1889 2920 per
1904 2873 2048 2921 aliquod
2068 2880 2210 2921 tempus
2227 2875 2374 2920 mansit,

1297 2945 1332 2976 et
1351 2937 1387 2974 in
1404 2937 1532 2974 itinere
1549 2937 1720 2974 Arabisso
1735 2935 1968 2984 Pityuntem)
1989 2946 2052 2983 per
2071 2942 2144 2975 tres
2162 2947 2306 2975 menses
2319 2937 2376 2975 vir

1297 3005 1463 3040 sanctus.
1485 2998 1735 3036 difﬁcillimum
1770 2998 1858 3035 illud
1889 2999 1958 3035 iter
1985 2999 2245 3046 agens,velnti
2275 3000 2376 3039 sidus

1296 3069 1492 3097 coruscans
1527 3059 1732 3107 perstabat.
1756 3059 1870 3107 inquit
1891 3059 2094 3099 Palladius.
2128 3061 2265 3098 habens
2294 3073 2376 3100 cor-

1299 3123 1486 3170 pusculum
1506 3128 1542 3158 ut
1557 3132 1701 3168 pomum
1722 3121 1756 3157 in
1771 3121 1949 3167 supremis
1964 3121 2073 3158 ramis
2093 3131 2112 3158 a
2131 3121 2208 3160 sole
2225 3123 2373 3162 rubens.

1299 3184 1386 3222 Cutu
1400 3189 1522 3221 autem
1541 3182 1710 3221 Comanis
1729 3183 2080 3229 appropinquassent
2093 3211 2102 3225 ,
2126 3184 2257 3232 raptim
2278 3195 2374 3233 pra:-

1299 3246 1489 3292 tergressi,
1508 3251 1610 3283 extra
1630 3253 1753 3281 muros
1771 3243 1805 3280 itt
1827 3244 2000 3292 martyrio
2031 3245 2190 3293 quinque
2219 3253 2282 3283 aut
2311 3257 2374 3285 sex

1298 3309 1454 3346 millibus
1468 3309 1622 3346 distante
1641 3313 1865 3344 manserunt.
1879 3307 2013 3344 Eadem
2034 3308 2108 3356 ipsa
2129 3315 2236 3348 nocte
2261 3320 2377 3359 appa-

1298 3373 1370 3408 ruit
1387 3370 1514 3408 Juanni
1545 3369 1614 3407 loci
1635 3369 1732 3406 illius
1751 3376 1888 3418 martyr
1909 3370 2053 3408 nomine
2075 3369 2290 3416 Basiliscus,
2313 3373 2373 3419 qui

1297 3432 1490 3478 episcopus
1503 3431 1743 3468 Cumanorqu
1763 3441 1844 3468 cum
1863 3438 1956 3468 esset
1971 3459 1981 3476 ,
2003 3433 2213 3480 martyrium
2247 3443 2376 3481 passus

1297 3500 1354 3532 est
1371 3492 1591 3531 Nicomediae
1610 3493 1646 3529 in
1664 3492 1831 3541 Bithynia
1857 3493 1925 3530 sub
1950 3493 2167 3537 Maximino,
2189 3505 2259 3531 una
2289 3503 2372 3529 cum

1297 3555 1477 3597 aniano.
1502 3554 1711 3604 presbytero
1727 3554 1973 3600 Antioclteno;
1995 3555 2157 3602 dixitque
2189 3553 2260 3596 illi,
2282 3551 2366 3586 Con-

1296 3619 1386 3667 ﬁdc,
1407 3620 1515 3666 frater
1531 3617 1685 3656 Joannes
1697 3629 1711 3663 ;
1728 3619 1880 3655 crastina
1897 3618 1988 3655 enim
2019 3618 2076 3653 die
2109 3614 2367 3652 simulet-intus.

1295 3680 1654 3726 Narraltantautcm,
1674 3681 1814 3719 cuidam
1841 3682 1948 3718 etiam
1986 3678 2196 3726 presbytero
2234 3674 2366 3710 ibidem

1295 3743 1454 3780 manenti
1473 3743 1812 3790 prmdixissezf’ara
1831 3743 1946 3780 locum
1977 3738 2075 3776 fratri
2102 3735 2248 3774 Joanni:
2270 3735 2368 3772 venit
2418 3731 2434 3745 ί

1295 3805 1406 3843 enim.

1341 3865 1401 3904 Jo.
1420 3867 1677 3915 Chrysostomus
1697 3867 1856 3904 Cumanis
1877 3865 1910 3898 in
1929 3862 2038 3897 I’outo
2053 3859 2204 3894 tttoritur.
2221 3851 2363 3889 -——Ora~
