2742 4342
127 228 186 266 ἴῖδ

126 306 261 358 Synodo
293 301 560 346 Constantinop.
594 295 729 358 Callet.
747 293 798 358 _V.
839 289 986 358 eum
1013 299 1030 358 ιε
1065 297 1173 358 unam

124 349 249 419 pariter
267 365 472 403 Theodorus
489 361 664 398 Catsarcte
685 356 772 394 ibid.
797 365 832 404 p.
850 353 936 419 ιθρ,
963 351 1026 419 sed
1045 349 1178 388 multo-

122 414 196 468 ium
215 435 391 468 versuum,
411 427 596 469 πολὺστιχσν
608 447 619 465 ,
641 419 676 457 id
695 424 772 464 est,
791 415 984 454 admodum
1003 414 1143 460 longam
1165 423 1174 447 :

119 492 213 540 quod
229 499 315 527 sane
330 486 490 524 videatur
518 483 563 520 ad
593 483 744 529 primam
767 479 886 540 potius
907 473 1085 540 quamuad
1114 483 1176 510 se-

121 537 268 591 cundam
292 548 415 586 referri
437 559 447 584 :
474 555 557 583 nam
584 543 744 582 secunda
774 539 984 588 longissima
1003 537 1073 574 dici
1105 545 1177 573 non

122 623 222 663 posse
239 611 395 654 videtur;
413 608 570 646 maxime
587 615 673 643 vero
695 605 726 641 si
743 607 972 650 comparetur
989 609 1070 636 cum
1097 598 1178 634 aliis

121 661 356 725 Cbrysostomi
392 670 573 718 operibus.
602 667 773 706 Leontius
807 671 924 701 tamen
959 661 1178 710 Byzantinus

123 723 206 775 duas
232 735 276 772 ad
307 732 534 770 Theodorum
570 729 858 776 Mopsuestenum
895 723 1069 772 epistolas
1101 723 1178 760 sive

124 807 316 849 parazneses
339 799 616 836 commemorat;
638 791 842 840 pariterque
869 787 1028 831 Isidorus
1046 786 1176 833 Hispa-

125 846 225 899 lensis
249 859 286 897 in
313 856 504 896 Chronico.
532 855 596 892 His
615 851 814 902 perspectis
829 877 840 894 ,
860 847 1112 887 Tillemontius
1140 846 1178 884 in

123 933 196 960 eam
223 921 372 959 omnino
397 916 596 966 propendet
615 913 829 952 sententiam
851 939 861 955 ,
883 910 921 948 ut'
939 915 1042 958 putet
1069 917 1178 946 unam
1203 907 1209 912 “

124 989 251 1022 tantum
279 981 325 1019 ad
347 979 577 1018 Theodorum
594 976 886 1023 Mopsuestenum
915 971 1037 1008 haberi
1061 975 1178 1016 parae-

124 1047 231 1090 nesin,
252 1052 379 1091 nempe
396 1040 589 1080 secundam
610 1049 620 1075 :
639 1038 790 1085 primam
809 1044 894 1072 vero
921 1032 967 1069 ad
991 1032 1100 1068 alium
1118 1040 1180 1067 co-

123 1108 316 1156 gnominem
345 1114 366 1140 a
386 1103 644 1151 Clirysostomo
672 1097 820 1135 missam
851 1095 1058 1132 arbitretur.
1080 1091 1180 1128 Prte-

125 1153 172 1209 ter
187 1167 432 1207 auctoritatem
449 1173 536 1202 vero
555 1171 662 1210 quam
681 1159 817 1208 profert
835 1155 1024 1194 Sozomeni
1040 1179 1053 1199 ,
1073 1153 1181 1200 llesy-

123 1232 185 1269 chii
201 1239 236 1270 et
251 1226 430 1267 Theodori
449 1221 697 1263 Ctesariensis,
715 1219 774 1268 qui
795 1228 900 1256 unam
918 1244 928 1261 ,
945 1221 983 1253 ut
999 1215 1150 1252 vidimus
1166 1239 1176 1257 ,

123 1295 162 1333 ad
191 1291 418 1331 Theodorum
452 1287 745 1334 Mopsucstenum
779 1283 1064 1318 commemorant
1099 1275 1179 1324 epi-

123 1357 268 1401 stolam,
301 1355 357 1392 his
383 1349 582 1390 rationibus
611 1353 648 1386 et
679 1343 900 1394 argumentis
922 1341 1048 1378 nititur
1073 1339 1182 1376 Tille-

124 1419 292 1456 montius:
311 1428 324 1452 ι
339 1415 406 1462 Qui
421 1413 499 1452 fieri
515 1411 628 1460 possit
641 1415 680 1446 ut
697 1409 732 1445 in
750 1412 878 1456 neutra
895 1403 1068 1452 parzcnesi
1083 1401 1181 1438 nulla

123 1481 260 1519 alterius
277 1486 504 1528 pamencseos
521 1473 656 1512 mentio
673 1475 852 1514 occurrat,
863 1467 970 1504 etiam
986 1465 1044 1503 ubi
1063 1465 1180 1513 Chry-

120 1525 292 1580 sostomus
321 1539 448 1576 iisdem
472 1535 675 1574 rationibus
705 1533 816 1570 utitur
839 1536 877 1567 et
895 1525 1094 1574 exemplis?
1111 1525 1183 1563 Cur

123 1606 153 1642 in
171 1604 294 1650 prima:
314 1601 468 1638 decursu
490 1605 666 1643 nusquam
685 1592 923 1640 compellatur
939 1588 1154 1627 Theodorus
1169 1614 1180 1632 ,

120 1647 216 1714 cujus
241 1671 370 1700 nomen
397 1661 434 1698 in
457 1659 560 1696 titulo
586 1657 702 1694 solum
729 1657 942 1700 comparet;
962 1650 1000 1687 in
1025 1647 1183 1686 secunda

121 1710 202 1766 vero
232 1736 304 1764 non
335 1723 577 1770 infrequenter
601 1717 781 1756 Theodori
809 1725 942 1753 nomen
973 1710 1184 1760 profertur?

122 1788 218 1836 Quod
246 1795 364 1824 autem
391 1784 534 1832 gravius
561 1777 838 1818 existimandum
865 1781 950 1818 est,
971 1773 1183 1812 Theodorus

123 1851 154 1888 in
183 1848 336 1888 secunda
365 1850 609 1888 memoratus,
629 1840 788 1878 nondum
822 1837 1033 1886 vigesimum
1051 1863 1062 1879 ,
1089 1839 1182 1871 teste

123 1913 370 1960 Chrysostomo
391 1935 400 1951 ,
419 1907 584 1954 attigerat
601 1911 734 1940 annum
751 1913 760 1946 ;
779 1906 906 1938 contra
922 1908 1009 1936 vero
1022 1925 1032 1942 ,
1051 1896 1180 1934 eodem

123 1959 262 2011 auctore
285 1971 568 2019 Chrysostomo,
587 1966 620 2004 is
645 1964 692 2002 ad
719 1973 827 2010 quem
855 1961 954 2010 prior
985 1959 1181 2008 parmnesis

123 2038 287 2081 mittitur,
309 2044 422 2072 annos
447 2033 528 2070 vitae
551 2030 709 2078 reliquos
736 2037 809 2064 non
827 2027 908 2073 plus
925 2023 1181 2072 quinquaginta

124 2107 262 2145 sperare
285 2101 448 2144 poterat,
467 2093 574 2131 etiam
595 2091 626 2128 si
643 2090 688 2128 ad
707 2094 907 2127 extremam
925 2085 1182 2133 proveheretur

125 2165 332 2197 senectutem
346 2185 356 2203 ,
376 2155 472 2205 quod
491 2155 538 2192 de
555 2153 635 2190 viro
653 2157 789 2188 tantum
809 2149 884 2186 fere
899 2145 1183 2196 quadragenario

125 2220 188 2258 dici
206 2220 326 2267 possit.
347 2218 402 2256 Ad
417 2217 497 2254 haec
513 2224 602 2253 vero
618 2214 649 2250 is
664 2240 674 2257 ,
693 2221 799 2259 quem
820 2210 856 2246 in
868 2209 989 2257 priore
1005 2206 1180 2255 partcnesi

127 2283 307 2330 alloquitur
329 2281 610 2330 Clirysostomus
625 2303 636 2322 ,
655 2276 834 2322 inaperta
860 2272 945 2308 vitia
969 2275 1005 2308 et
1031 2269 1182 2306 crimina

128 2350 350 2392 proruperat,
370 2350 408 2381 ut
427 2353 472 2380 ex
500 2341 608 2379 variis
631 2337 806 2377 orationis
823 2335 910 2372 locis
925 2332 1118 2379 colligitur.
1137 2331 1184 2368 At

127 2417 195 2444 non
210 2417 364 2454 eousque
382 2404 552 2454 perniciei
570 2403 764 2440 devenerat
785 2397 997 2436 Theodorus
1019 2395 1185 2442 Mopsue-

126 2474 254 2513 stenus,
265 2469 362 2516 quisi
375 2467 446 2514 iam
461 2465 659 2513 baptizatus
671 2463 706 2500 in
718 2471 760 2499 ea
773 2459 924 2498 crimina
937 2459 1060 2506 lapsus
1072 2461 1182 2500 esset.
1200 2505 1201 2508 η

126 2540 339 2578 nequaquam
353 2529 527 2576 potuisset
537 2525 734 2570 secundum
751 2531 910 2560 canones
924 2521 960 2558 in
973 2519 1184 2568 episcopum
1187 2551 1195 2570 l

126 2599 244 2639 postea
259 2591 430 2637 cooptari.
449 2603 462 2626 ι

168 2653 254 2690 [iam
284 2652 531 2689 Tillemontius
546 2678 556 2695 ,
574 2651 633 2698 qui
653 2660 741 2688 sane
767 2659 838 2686 non
869 2646 1124 2686 animadvertit
1145 2655 1186 2682 se

125 2726 202 2752 cum
231 2713 490 2763 Chrysostomo
515 2713 593 2760 ipso
626 2721 796 2760 pugnare.
827 2711 1012 2758 Siquidem
1047 2709 1082 2746 in
1115 2708 1186 2744 line

127 2777 288 2815 secunda:
305 2775 466 2823 epistola:
481 2803 492 2820 ,
511 2784 619 2822 quam
637 2774 682 2810 ad
707 2772 934 2810 Theodorum
948 2772 1185 2820 'Mopsueste-

129 2849 208 2876 num
226 2839 373 2876 missum
393 2837 644 2875 Tillemontius
663 2836 740 2883 ipse
759 2835 904 2881 fatetur,
916 2845 956 2873 se
969 2845 1040 2872 non
1059 2844 1183 2880 unam,

129 2900 188 2938 sed
207 2901 336 2938 multas
349 2900 458 2938 etiam
476 2898 648 2947 epistolas
663 2899 708 2935 ad
725 2897 892 2934 eumdem
911 2897 1052 2934 misisse
1064 2897 1102 2934 S.
1121 2897 1186 2933 do-

129 2967 202 2999 ctor
224 2962 433 3000 testificatur
462 2961 518 2998 his
543 2960 693 2998 verbis:
716 2949 798 2997 Scio
825 2969 879 2996 me
897 2959 1010 3007 justas
1035 2958 1187 3006 epistola:

131 3024 245 3063 limites
276 3025 454 3063 excessisse
473 3035 486 3060 :
504 3034 619 3062 verum
652 3023 815 3072 ignosce;
843 3032 912 3058 non
943 3021 1034 3060 enim
1069 3021 1186 3058 lubens

131 3085 190 3123 hoc
205 3087 269 3136 egi,
286 3087 344 3125 sed
362 3086 488 3124 amoris
503 3085 696 3132 dolorisque
707 3084 740 3120 vi
757 3083 951 3132 compulsus
965 3093 978 3120 :
990 3093 1058 3132 quo
1076 3089 1186 3119 motus

131 3145 248 3192 electu
271 3149 352 3184 mihi
371 3149 437 3185 vim
456 3141 558 3185 intuli
573 3153 611 3183 ut
629 3147 733 3184 etiam
751 3145 840 3182 lianc
857 3145 1038 3182 scriberem
1057 3145 1185 3193 episto-

133 3207 217 3255 lam,
236 3211 418 3249 velantibus
445 3209 522 3247 licet
549 3209 664 3246 multis
685 3219 727 3245 ac
751 3207 936 3246 dicentibus
955 3217 969 3244 :
985 3207 1107 3244 Finem
1131 3207 1188 3255 [ac

133 3278 211 3308 vanu
230 3271 404 3308 laborandi
429 3283 469 3308 ac
486 3272 523 3308 in
543 3271 646 3318 petris
665 3270 812 3307 serendi.
836 3269 910 3318 Ego
928 3275 1042 3306 autem
1061 3268 1188 3306 nemini

135 3340 240 3368 curm
268 3333 394 3380 prabui
410 3343 423 3369 :
441 3345 514 3380 spes
537 3333 626 3370 enim
645 3337 719 3378 est,
739 3331 893 3368 dicebam
911 3331 1007 3379 apud
1025 3341 1078 3367 me
1090 3358 1100 3376 ,
1124 3329 1188 3366 Dei

135 3391 253 3428 auxilio
280 3392 394 3430 literas
420 3395 547 3442 aliquid
579 3394 776 3441 profuturas
801 3404 884 3431 esse.
905 3393 959 3430 Ex
989 3393 1120 3441 quibus
1146 3393 1190 3430 li-

135 3459 212 3498 quet
239 3456 366 3493 multas
383 3467 404 3492 a
429 3454 683 3506 Clirysostomo
710 3456 756 3493 ad
783 3455 1015 3494 Theodorum
1047 3456 1189 3502 lapsum

137 3515 256 3554 missas
277 3519 443 3566 epistolas
461 3519 571 3558 fuisse
591 3532 600 3556 :
623 3520 718 3568 quod
746 3520 924 3557 indicatur
951 3520 1008 3556 his
1035 3519 1156 3556 verbis
1177 3531 1187 3555 :

137 3576 197 3614 vim
225 3579 304 3616 mihi
332 3581 432 3618 intuli
459 3588 495 3618 ut
520 3583 621 3618 client
649 3583 740 3618 nunc
775 3580 954 3618 scriberent
984 3581 1187 3628 epistolam:

136 3639 224 3685 quod
255 3641 434 3680 declarant
461 3645 569 3682 etiam
602 3644 678 3680 hmc
709 3643 910 3680 amicorum
940 3642 1189 3691 Chrysostomi

138 3701 221 3740 dicta
244 3716 253 3740 :
275 3703 391 3742 Finem
407 3709 462 3755 [ac
479 3718 562 3743 vane
581 3705 760 3742 laborandi
782 3710 884 3751 atque
898 3705 935 3740 in
952 3704 1056 3751 petris
1075 3716 1190 3742 seren-

139 3763 183 3801 di.
201 3765 332 3812 Quibus
347 3775 444 3807 certe
468 3768 630 3806 innuitur
656 3777 727 3804 non
751 3776 860 3803 unam
877 3765 1078 3804 alteramve
1097 3794 1107 3811 ,
1127 3767 1191 3804 sed

139 3825 258 3864 multas
271 3828 434 3875 epistolas
444 3831 468 3867 'a
481 3829 740 3878 Chrysostomo
753 3827 797 3864 ad
812 3827 1041 3866 Theodorum
1054 3827 1192 3875 lapsum

141 3888 256 3927 missas
275 3889 380 3930 fuisse
397 3893 410 3931 :'
427 3903 576 3942 quarum
597 3892 728 3941 prima,
743 3902 824 3940 qum
839 3897 896 3930 est
914 3892 1110 3940 paraenesis
1128 3891 1190 3930 illa

1114 208 1340 250 MONITUM.
2255 217 2324 254 πη

1254 288 1418 338 longior,
1439 297 1476 328 et
1495 297 1676 338 postrema
1695 299 1902 340 supersunt.
1924 293 2010 332 Ruit
2029 295 2150 342 itaque
2173 293 2260 332 illud
2280 306 2324 331 ex

1251 351 1458 397 δοῑοῐηθηίι
1473 351 1644 401 Hesychii
1661 361 1698 392 et
1710 354 1893 393 Theodori
1910 356 2145 394 (kcsariensis
2163 357 2324 393 testium-

1250 412 1312 449 nio
1341 411 1573 459 desumptum
1591 423 1858 462 argumentum,
1879 418 1938 464 qui
1971 428 2078 455 unam
2111 424 2247 455 tantum
2279 412 2325 454 ad

1250 473 1482 512 Theodorum
1499 475 1791 522 Mopsuestenum
1811 478 1950 525 lapsum
1973 485 2175 517 memorant
2193 481 2328 527 episto-

1251 534 1338 579 lam,
1355 545 1509 583 quorum
1527 537 1636 574 etiam
1661 545 1866 584 postremus
1883 539 2002 584 potius
2020 541 2171 586 primam
2188 569 2198 586 ,
2218 553 2326 589 quam

1250 597 1446 635 secundam
1467 599 1668 645 paraenesin
1696 599 1856 637 indicare
1879 599 2044 643 videtur,
2062 602 2112 638 uti
2132 601 2206 648 jam
2235 603 2328 640 dixi-

1250 670 1346 698 mus.
1373 663 1459 700 Ruit
1477 663 1586 700 etiam
1615 664 1701 701 illud
1721 665 1816 712 quod
1843 664 1969 712 adjicit
1987 665 2239 703 Tillemontius
2257 693 2268 710 .
2289 667 2326 704 in

1250 730 1378 762 neutra
1405 725 1557 762 alteram
1580 727 1655 775 jam
1674 727 1794 764 datam
1816 727 1964 764 indicari
1985 727 2096 776 (unde
2117 733 2236 764 tamen
2256 738 2326 764 non

1250 787 1356 824 video
1379 787 1466 834 quid
1495 787 1620 826 inferri
1638 788 1767 837 possit)
1787 801 1796 833 ;
1820 789 1856 826 in
1881 789 2040 828 secunda
2072 799 2228 840 namque
2246 790 2328 827 alim

1249 855 1354 886 antea
1373 849 1467 888 datae
1484 857 1748 897 memorantur,
1763 857 1800 889 et
1815 852 1852 889 in
1868 852 1912 890 iis
1925 851 2020 890 haud
2033 852 2141 890 dubie
2157 849 2230 896 illa,
2247 863 2328 900 quae

1249 907 1366 957 prima
1387 911 1532 958 prodiit.

1298 973 1400 1011 Circa
1431 975 1532 1012 illum
1557 981 1677 1013 autem
1706 976 1875 1024 superius
1901 975 2049 1014 allatum
2074 976 2328 1027 Chrysostomi

1250 1033 1368 1071 locum
1400 1036 1566 1083 quietiam
1596 1037 1824 1074 observanda
1851 1044 1950 1075 sunt.
1968 1037 2148 1076 Nimirum
2179 1047 2262 1076 cum
2291 1039 2328 1076 in

1251 1098 1372 1144 priore
1390 1097 1451 1134 illa
1479 1099 1655 1144 paramesi
1680 1098 1844 1146 longiore
1873 1099 2159 1148 Chrysostomus
2189 1100 2327 1145 omnia,

1251 1168 1331 1204 qua:
1350 1157 1396 1195 ad
1413 1158 1644 1196 Theodorum
1675 1160 1720 1196 ad
1746 1161 1939 1197 stationem
1955 1189 1964 1206 ,
1982 1168 2022 1198 ut
2038 1162 2090 1198 ait
2117 1163 2200 1208 ille,
2220 1163 2330 1200 redu-

1251 1219 1406 1256 cendnm
1431 1227 1631 1267 opportuna
1655 1227 1782 1266 erant,
1803 1221 2030 1260 exhausisset
2051 1233 2061 1258 :
2083 1223 2118 1259 in
2142 1225 2330 1271 sequenti-

1252 1282 1517 1329 bus-epistolis
1554 1283 1600 1319 ad
1640 1283 1734 1321 idem
1769 1285 1994 1332 propositum
2032 1286 2328 1331 pertinentibus.

1252 1344 1430 1381 dictorum
1458 1345 1671 1382 memoriam
1703 1345 1860 1382 breviter
1890 1345 2084 1384 refricabat
2105 1375 2114 1391 ,
2135 1347 2332 1394 paucisque

1251 1405 1373 1445 verbis
1413 1405 1586 1454 epistolas
1631 1407 1777 1444 texebat
1813 1417 1823 1442 :
1864 1407 2018 1454 indeque
2057 1413 2114 1444 est
2153 1407 2250 1454 quod
2295 1407 2331 1444 in

1253 1477 1436 1517 postrema
1453 1469 1684 1507 Theodorum
1701 1475 1804 1517 rogat
1820 1496 1831 1514 ,
1854 1469 2017 1516 ignoscat
2040 1469 2107 1506 sibi
2135 1470 2166 1506 si
2194 1470 2332 1516 episto-

1254 1533 1298 1570 la:
1317 1532 1452 1570 limites
1477 1531 1697 1576 excesserit;
1724 1543 1795 1568 non
1827 1532 1924 1569 enim
1952 1531 2032 1568 haec
2060 1531 2105 1569 de
2133 1531 2334 1578 posteriore

1255 1593 1430 1642 parre-nesi
1448 1620 1460 1638 ,
1481 1593 1512 1630 si
1542 1593 1653 1640 priori
1679 1599 1932 1640 comparetur,
1952 1592 2022 1630 dici
2050 1599 2226 1640 possunt;
2249 1601 2332 1628 nam

1254 1657 1333 1694 haec
1351 1656 1530 1702 posterior
1543 1682 1554 1699 ,
1575 1653 1659 1692 licet
1673 1654 1838 1700 epistolis
1854 1653 2162 1700 praecedentibus,
2183 1657 2221 1690 ut
2241 1654 2334 1690 veri-

1253 1717 1370 1754 simile
1387 1722 1453 1760 est,
1472 1715 1627 1762 longior,
1646 1715 1788 1752 nonnisi
1807 1713 2062 1761 compendium
2083 1713 2214 1761 prioris
2231 1713 2332 1751 vide~

1255 1785 1311 1816 Ιυι·
1324 1787 1419 1816 csse.

1303 1841 1421 1888 Pergit
1446 1840 1721 1884 Tillemontius,
1737 1849 1804 1877 cur
1821 1839 1856 1876 in
1877 1839 2010 1886 prioris
2038 1838 2194 1876 decursu
2211 1839 2333 1877 Theo-

1251 1903 1381 1940 dorum
1395 1912 1590 1950 numquam
1602 1903 1796 1950 compellat
1806 1901 2088 1950 Chrysostomus
2104 1913 2112 1938 :
2130 1901 2165 1938 in
2179 1911 2333 1948 sequen-

1253 1965 1300 2002 tis
1315 1974 1402 2002 vero
1425 1963 1581 2002 decursu
1605 1964 1898 2010 cumtlemsche
1919 1972 1984 1999 suo
2004 1962 2152 1998 nomine
2175 1962 2334 2010 compel-

1253 2027 1330 2064 lat?
1346 2027 1410 2064 Cui
1435 2036 1503 2074 ego
1520 2026 1620 2063 nullo
1644 2024 1789 2072 negotio
1805 2033 1977 2072 reponam
1999 2034 2007 2059 :
2027 2023 2100 2060 Cur
2112 2025 2147 2060 in
2165 2023 2334 2070 cpistola-

1252 2101 1332 2128 rum
1349 2089 1395 2126 ad
1414 2088 1662 2137 Olympiadem
1678 2097 1746 2124 una
1762 2086 1819 2124 rel
1833 2087 1946 2122 altera
1962 2085 2076 2132 ipsam
2096 2094 2164 2122 suo
2186 2084 2334 2122 nomine

1252 2151 1459 2198 compellat,
1474 2149 1767 2200 Cbrysostomus,
1785 2149 1820 2184 in
1837 2147 1916 2184 aliis
1933 2157 2018 2184 vero
2033 2151 2068 2184 et
2081 2146 2282 2194 prtesertitn
2299 2145 2336 2182 in

1253 2213 1369 2260 aliqua
1383 2222 1520 2255 earum,
1538 2223 1618 2258 qua:
1633 2211 1776 2248 cmteris
1795 2210 1936 2258 longior
1953 2215 2023 2253 est,
2043 2208 2208 2246 eamdem
2227 2219 2333 2245 nunt-

1253 2285 1360 2322 quam
1381 2274 1571 2320 compellat
1586 2273 1602 2309 ?
1619 2273 1690 2310 Sed
1711 2281 1884 2319 quorsum
1911 2269 2056 2308 aliunde
2081 2271 2246 2317 exempla
2271 2279 2332 2306 re-

1254 2334 1442 2383 petamus?
1456 2334 1792 2371 LicetTillemontio
1803 2333 2089 2370 conoederemus
2101 2331 2335 2368 Theodorum

1255 2399 1373 2442 illum,
1395 2396 1440 2432 ad
1461 2405 1567 2442 quem
1586 2395 1685 2441 prior
1702 2394 1858 2430 mittitur
1871 2393 2071 2439 parrenesis-
2085 2419 2096 2436 ,
2117 2393 2229 2428 alium
2251 2402 2335 2428 esse

1255 2471 1274 2496 a
1295 2459 1564 2506 Mopsuesteno,
1583 2456 1640 2494 cui
1661 2455 1821 2492 secunda
1839 2453 2006 2500 dirigitur
2028 2465 2038 2488 :
2058 2462 2180 2489 annon
2205 2453 2333 2490 eadem

1255 2531 1400 2568 semper
1415 2519 1568 2568 quiestio
1587 2516 1725 2554 moveri
1748 2521 1894 2563 posset,
1916 2524 1981 2551 cur
1998 2513 2138 2550 scilicet
2160 2514 2194 2550 in
2216 2521 2338 2560 poste-

1255 2585 1352 2623 riore
1365 2593 1462 2630 sa'pe
1473 2581 1704 2619 Theodorum
1718 2577 1926 2625 compellet,
1939 2577 1974 2614 in
1990 2576 2108 2623 priore
2127 2576 2336 2622 numquam!

1256 2649 1324 2686 Hic
1339 2643 1580 2693 compellandi
1599 2641 1728 2679 modus
1746 2651 1792 2678 ex
1809 2650 1882 2677 uno
1895 2638 2031 2688 pendet
2050 2637 2202 2674 arbitrio
2219 2649 2227 2673 :
2245 2648 2337 2674 unus

1257 2710 1537 2758 Chrysostomus
1549 2705 1671 2742 dicere
1688 2708 1810 2750 posset
1829 2731 1837 2743 ,
1854 2711 1920 2738 cur
1934 2699 2041 2737 modo
2054 2699 2336 2746 compellaverit,

1257 2771 1366 2810 modo
1395 2779 1416 2806 a
1445 2765 1698 2816 compellando
1713 2762 1932 2802 abstinuerit
1953 2773 1961 2798 :
1982 2761 2013 2798 si
2033 2767 2152 2797 tamen
2183 2759 2338 2797 consilio

1257 2834 1345 2873 illud
1359 2833 1487 2881 egerit,
1504 2841 1576 2868 non
1593 2839 1680 2866 vero
1699 2837 1801 2872 casu,
1825 2830 1934 2874 prout
1953 2825 1983 2861 is
1999 2823 2055 2860 vel
2075 2823 2169 2860 alius
2192 2821 2336 2860 dicendi

1257 2895 1388 2933 modus
1405 2903 1486 2931 sese
1503 2891 1614 2929 menti
1634 2889 1823 2928 offerebat.
2165 2915 2167 2918 .

1305 2957 1386 2995 Jam
1415 2955 1460 2992 ad
1482 2953 1758 2996 validissimum,
1791 2955 1829 2987 ut
1847 2953 1950 2997 putat
1977 2945 2244 2988 Tillemontius,
2271 2945 2336 2983 de-

1259 3020 1464 3070 pellendum
1481 3017 1594 3055 telum
1615 3023 1866 3063 properemus.
1888 3010 2105 3050 Theodorus
2123 3009 2160 3046 in
2179 3009 2337 3046 secunda

1257 3081 1409 3132 epistola
1428 3084 1649 3118 memoratus
1667 3075 1828 3113 nondum
1845 3073 2061 3121 vigesimum
2081 3071 2251 3119 attigerat
2269 3079 2328 3107 an-

1258 3155 1370 3189 num»;
1389 3149 1514 3181 contra
1532 3149 1635 3185 vero,
1656 3139 1735 3185 ipso
1760 3141 1908 3174 auctore
1929 3135 2209 3183 Chrysostomo,
2241 3133 2272 3170 is
2293 3133 2339 3171 ad

1258 3218 1366 3257 quem
1389 3207 1488 3254 prior
1503 3202 1701 3252 parmnesis
1728 3199 1894 3244 mittitur,
1925 3207 2041 3234 annos
2069 3197 2154 3234 vitae
2177 3195 2340 3244 reliquos

1258 3279 1332 3308 non
1359 3268 1441 3317 plus
1460 3263 1719 3315 quinquaginta
1749 3269 1896 3308 sperare
1927 3264 2085 3307 poterat,
2107 3257 2216 3296 etiam
2241 3259 2273 3296 si
2293 3259 2338 3294 ad

1259 3337 1462 3370 extremam
1493 3326 1754 3376 proveheretur
1786 3327 2028 3366 senectutem,
2059 3319 2157 3369 quod
2187 3319 2236 3358 de
2262 3320 2342 3357 viro

1261 3401 1400 3432 tantum
1419 3392 1494 3430 fere
1514 3387 1804 3438 quadragenario
1832 3385 1904 3424 dici
1933 3385 2062 3432 possit.
2083 3383 2180 3422 Vere
2195 3381 2340 3431 quidem

1256 3457 1312 3494 ait
1343 3455 1625 3504 Clirysostomus
1659 3452 1694 3488 in
1732 3448 1889 3488 secunda
1919 3447 2071 3496 epistola
2107 3445 2340 3488 Theodorrn

1262 3518 1422 3556 nondum
1447 3515 1659 3563 vigesimum
1688 3512 1852 3560 attigisse
1871 3519 2006 3546 annum
2025 3521 2034 3546 :
2055 3509 2092 3546 in
2113 3507 2229 3556 prima
2254 3513 2340 3540 vero

1261 3581 1363 3618 locus
1387 3578 1495 3627 paulo
1515 3586 1621 3614 secus
1639 3575 1746 3614 habet
1759 3583 1866 3624 quam
1885 3571 2138 3610 Tillemontins
2155 3563 2339 3627 extulerit.

1263 3641 1324 3680 Sic
1338 3623 1484 3689 legitur.
1499 3650 1534 3676 η.
1553 3637 1612 3684 10,
1635 3637 1729 3674 circa
1747 3636 1860 3674 finem
1875 3647 1884 3672 :
1897 3635 2032 3678 Quanto
2049 3637 2199 3676 tempore
2214 3625 2263 3661 eis
2283 3623 2340 3658 tibi

1263 3687 1440 3752 prmsentis
1457 3703 1534 3739 vita
1549 3711 1704 3744 usuram,
1723 3699 1814 3741 sive.
1832 3703 1872 3734 ut
1891 3697 1936 3732 ita
1959 3695 2100 3740 loquar,
2118 3687 2338 3752 ﬁnitionem.

1264 3747 1428 3804 extendi?
1443 3764 1614 3812 Equidem
1633 3774 1702 3799 non
1723 3767 1804 3810 puto
1825 3759 1885 3796 tibi
1914 3757 1994 3804 plus
2010 3747 2260 3800 quinquaginta
2270 3755 2340 3812 Ian-

1264 3829 1318 3866 nis
1335 3829 1411 3866 uitat
1429 3837 1620 3876 superesse,
1641 3831 1678 3862 ut
1701 3823 1747 3859 ad
1772 3827 1957 3858 extremam
1976 3815 2184 3876 senectutem
2203 3806 2337 3845 uenias.

1252 3892 1304 3931 ’ω
1333 3899 1401 3936 est,
1431 3871 1606 3930 si'annos
1639 3887 1756 3925 adhuc
1773 3877 2032 3932 quinquaginta
2053 3871 2207 3918 vixeris,
2227 3876 2338 3911 tantae
