2742 4342
419 249 493 287 275

418 322 615 364 senectutis
631 319 718 362 eris,
740 320 780 352 ut
798 313 882 349 vita:
897 301 1056 347 fructum
1067 299 1110 344 ct
1127 303 1352 352 voluptatem
1373 309 1505 346 capere

420 363 490 431 non
511 380 640 431 possis.
660 377 754 424 Quis
770 380 877 422 neget
895 373 974 410 lucc
991 367 1178 407 vicenario
1193 365 1317 414 juveni
1337 363 1508 411 apposite

419 430 487 484 uici
511 426 638 492 posse?
656 441 754 478 Sane
771 439 830 476 vix
853 441 986 484 capere
1017 433 1153 482 possim
1172 428 1356 479 quomodo
1377 437 1422 466 ex
1447 426 1508 462 tali

417 489 519 544 dicto
535 503 697 553 potuerit
721 499 980 540 Tillemoutius
1011 503 1173 534 statuere
1193 493 1326 536 virum,
1351 491 1410 528 cui
1431 489 1510 526 lucc

418 572 598 613 dicantur,
630 577 723 616 pene
749 561 1076 614 quadragenarium
1109 557 1268 597 essezsi
1305 561 1348 593 ex
1381 554 1510 602 hujus-

418 633 518 672 modi
545 632 666 670 verbis
698 628 971 675 clnonologiam
1009 631 1226 666 statuamus,
1268 628 1436 667 magnam
1473 617 1508 652 in

417 703 624 744 temporum
655 692 797 730 ratione
831 688 1144 738 perturbationem
1177 683 1385 721 all'ercmus.
1415 678 1510 726 Quid

417 743 577 805 exempli
596 766 707 794 causa
730 753 777 792 de
791 759 898 790 :ctate
917 751 1092 788 Antliusae
1109 744 1364 796 Chrysostomi
1381 743 1511 780 matris

419 819 599 867 quispiam
621 817 767 858 dixerit,
790 815 820 852 si
840 815 938 851 illam
965 813 1000 849 in
1028 811 1132 848 libris
1152 809 1198 846 de
1224 805 1438 846 Sacerdotio
1457 805 1512 841 sic

420 883 630 931 loquentem
660 879 812 916 audiat:
835 876 912 914 Nos
937 887 1016 912 vero
1043 885 1140 912 senes
1165 872 1253 909 nihil
1283 870 1380 908 aliud
1406 879 1510 916 quam

421 953 566 984 mortem
580 951 830 990 exspectamus.
843 943 974 979 Annon
989 939 1085 976 illam
1103 937 1177 974 l'cre
1195 933 1510 983 septuagenariam

419 1005 734 1058 pronuntiaverit?
755 1003 864 1051 Atqui
897 1001 972 1044 illa,
996 1007 1037 1037 ut
1057 1006 1197 1036 certum
1217 1003 1292 1040 est,
1313 1005 1350 1033 et
1379 995 1511 1032 fatetur

419 1056 500 1119 ipse
515 1068 788 1110 Tillemoutins,
809 1063 970 1102 nondum
983 1061 1302 1110 quadragesimum
1312 1056 1510 1104 septimum

420 1117 682 1170 tetatisannum
692 1137 840 1166 emensa
852 1131 1024 1164 eratcum
1037 1123 1114 1159 lia-c
1125 1121 1264 1158 diceret
1277 1132 1285 1156 :
1298 1129 1412 1166 usque
1419 1117 1512 1155 adeo

422 1204 550 1232 verum
573 1201 627 1230 εει
648 1202 720 1229 non
742 1199 849 1237 posse
869 1199 913 1225 cx
934 1185 1114 1234 ejusmodi
1133 1185 1239 1221 dictis
1259 1187 1511 1222 certamJem-

422 1257 522 1305 poris
539 1262 662 1294 notam
675 1253 820 1292 deduci.
833 1251 958 1298 Neque
977 1260 1044 1286 nos
1056 1254 1198 1285 moveat
1217 1256 1302 1289 voti.
1317 1251 1392 1293 πρὸς
1413 1247 1511 1290 texa-

421 1335 477 1356 τον
487 1330 601 1366 γῆρας,
616 1318 664 1355 ad
679 1323 865 1354 extremam
883 1319 1090 1352 senectutem
1108 1322 1120 1347 :
1136 1311 1233 1346 illam
1251 1308 1386 1355 quippe
1406 1315 1512 1342 usur-

423 1393 511 1430 pare
542 1382 638 1420 solet
669 1379 967 1428 Cbrysostomus,
996 1386 1068 1411 non
1101 1383 1166 1420 pro
1193 1369 1376 1417 decrepita
1407 1378 1512 1406 senc-

421 1452 536 1491 ctute,
555 1455 638 1483 cum
662 1444 744 1492 quis
761 1441 863 1480 verbi
883 1439 996 1488 gratia
1017 1439 1066 1475 ita
1084 1445 1263 1473 annorum
1281 1433 1378 1470 mole
1397 1431 1512 1468 obru-

423 1515 483 1545 tus
501 1513 570 1549 est.
593 1512 634 1544 nt
649 1507 724 1553 jam
744 1513 916 1542 sensuum
938 1511 1006 1538 usu
1025 1509 1118 1548 pene
1134 1497 1346 1540 destitutus,
1368 1505 1451 1532 mox
1474 1493 1511 1531 in

422 1569 628 1617 sepulcrum
659 1567 708 1605 sit
737 1565 963 1608 inlerendns,
991 1569 1031 1600 ut
1060 1567 1146 1599 sunt
1175 1558 1410 1607 octogenario
1435 1567 1514 1594 ma-

423 1632 522 1678 iores
541 1637 578 1668 et
595 1629 853 1678 nonagenarii;
876 1627 939 1664 sed
957 1635 1024 1673 pro
1040 1625 1129 1662 viris
1147 1623 1207 1671 qui
1227 1621 1346 1658 adhuc
1366 1619 1512 1670 negotia

425 1691 696 1733 administrare,
731 1695 768 1726 et
801 1699 930 1736 magna
963 1692 1116 1734 possunt
1143 1685 1264 1721 ofﬁcia
1300 1691 1510 1736 capessere.

424 1753 488 1790 Sic
507 1752 554 1789 de
579 1751 795 1789 Sacerdotio
814 1733 878 1787 lib:
909 1751 946 1792 5,
1031 1747 1118 1791 593,
1147 1747 1208 1783 ubi
1239 1745 1330 1781 dicit
1353 1754 1432 1787 eoi,
1451 1733 1513 1790 qui

425 1824 508 1852 cum
531 1812 638 1850 laude
664 1813 698 1848 in
728 1810 940 1848 ministeriis
967 1808 1170 1845 minoribus
1199 1807 1310 1842 vitam
1343 1811 1510 1852 egerunt,

426 1875 489 1914 ubi
514 1874 559 1912 ad
585 1878 812 1911 senectutem
831 1871 1028 1913 devenere,
1051 1878 1124 1906 non
1154 1877 1238 1905 che
1271 1877 1418 1914 semper
1438 1877 1514 1914 pra:

427 1935 722 1984 aliisjunioribus
737 1935 771 1970 in
783 1933 1033 1980 episc0patum
1048 1929 1272 1973 evehendus,
1287 1929 1355 1965 nisi
1367 1927 1515 1966 aliunde

427 1997 550 2036 idonei
571 1997 726 2040 fuerint;
746 1994 794 2032 ibi
816 1995 929 2034 utitur
945 1993 1072 2030 eadem
1097 2001 1188 2028 voce
1205 1991 1242 2026 in
1259 1996 1446 2027 eumnam
1462 2000 1516 2026 se-

428 2066 596 2098 nectutem
627 2057 801 2106 peroenit;
831 2061 870 2093 et
898 2054 992 2092 infra
1015 2054 1060 2091 de
1090 2053 1221 2090 iisdem
1252 2053 1289 2089 in
1321 2059 1516 2100 provectam

428 2127 647 2158 senectutem.
667 2119 804 2164 Quibus
833 2127 924 2154 sane
951 2121 990 2152 et
1015 2114 1331 2162 septuagenarios,
1353 2119 1392 2151 et
1423 2113 1516 2151 forte

429 2179 720 2228 septuagenariis
741 2178 902 2215 minores
933 2176 1117 2224 irtelligit,
1149 2181 1188 2212 ut
1215 2185 1325 2213 nemo
1345 2175 1516 2212 cordatus

431 2252 506 2279 non
525 2241 644 2278 videat
660 2252 670 2286 ;
687 2251 770 2277 nam
795 2239 856 2288 qui
876 2239 1027 2276 omnino
1047 2239 1223 2286 decrepiti
1249 2244 1349 2282 sunt,
1373 2248 1417 2275 eo
1438 2239 1518 2284 ipso

433 2314 506 2342 non
535 2309 618 2340 sunt
637 2302 772 2340 idonei.
793 2301 973 2340 Similiter
991 2301 1098 2339 Hom.
1121 2302 1145 2339 δ
1165 2301 1211 2339 (le
1239 2289 1377 2338 Statuis
1398 2301 1516 2347 initio,

431 2375 515 2404 cum
543 2365 738 2402 Flavianus
763 2364 957 2412 episcopus
983 2363 1231 2401 Theodosium
1259 2363 1518 2410 Imperatorem

432 2429 616 2477 placatum
634 2427 737 2472 adiit,
757 2427 804 2464 de
829 2427 892 2464 illo
905 2427 956 2464 ait
973 2426 1271 2476 Clirysostomus,
1301 2433 1385 2464 tetas
1402 2427 1449 2463 ad
1465 2427 1520 2464 ul-

433 2492 552 2528 timam
572 2497 730 2538 provecta
761 2495 979 2526 senectutem.
1000 2489 1107 2536 Atqui
1126 2489 1326 2526 secundum
1354 2489 1520 2537 Chryso-

437 2561 596 2592 stomum
619 2554 736 2600 ipsum
758 2553 884 2600 elapso
903 2553 1013 2590 etiam
1033 2553 1190 2600 quodam
1207 2553 1256 2590 ab
1277 2554 1337 2590 illa
1358 2553 1520 2590 Flaviani

433 2615 614 2662 legatione
640 2614 686 2651 ad
716 2613 961 2652 Theodosium
991 2621 1168 2661 tempore,
1202 2615 1398 2652 Flavianus
1427 2626 1520 2652 non-

432 2676 522 2714 dum
541 2682 757 2724 pervenerat
777 2675 824 2713 ad
845 2676 1051 2713 tetatem'S.
1076 2676 1176 2713 Petri
1199 2676 1378 2724 Apostoli.
1397 2677 1522 2724 Siqui—

432 2739 520 2776 dem
547 2740 582 2776 in
610 2738 744 2776 llomil.
763 2738 786 2776 '5
809 2739 844 2775 in
863 2738 1086 2786 Principium
1116 2738 1290 2775 Actorum
1317 2739 1522 2790 orationem

434 2801 610 2839 claudens
622 2799 906 2850 Chrysostomus
927 2800 1101 2851 Flaviano
1120 2811 1235 2838 annos
1253 2802 1371 2839 astatis
1393 2801 1433 2839 S.
1456 2801 1524 2839 Pe-

436 2865 483 2901 tri
505 2863 670 2912 Apostoli
689 2869 919 2910 apprecatur,
948 2869 1139 2910 postquam
1168 2863 1272 2900 illum
1300 2869 1386 2901 ante
1410 2873 1522 2901 unum

437 2926 566 2964 saltem
587 2935 721 2963 annum
738 2925 812 2972 jam
829 2925 874 2960 ad
902 2931 1103 2962 extremam
1131 2930 1374 2967 senectutem,
1393 2935 1524 2971 perve-

439 2998 537 3025 nisse
565 2987 708 3024 dixerat
737 2987 828 3034 :qui
857 2986 1052 3024 Flavianus
1087 2989 1196 3023 etiam
1229 2991 1312 3032 post
1347 2986 1445 3023 illam
1477 2985 1523 3024 ad

439 3049 684 3088 Theodosium
715 3049 934 3096 legatiOncm
967 3049 1072 3085 annis
1099 3047 1362 3096 septemdecim
1393 3049 1524 3086 Antio-

439 3109 568 3147 chen-1t
584 3109 728 3158 praeluit
751 3109 926 3148 Ecclesiae
944 3119 953 3145 :
971 3115 1026 3146 tot
1053 3110 1152 3147 enim
1183 3115 1422 3148 numerantur
1439 3109 1526 3148 anni

442 3174 490 3208 ab
511 3183 611 3210 aiino
649 3174 735 3218 387,
769 3183 842 3221 quo
873 3173 936 3210 ille
970 3171 1216 3210 Theodosium
1245 3172 1349 3218 adiit,
1383 3173 1429 3211 ad
1461 3183 1526 3210 an-

443 3245 530 3271 num
549 3235 636 3279 404,
654 3246 726 3282 quo
750 3242 915 3272 mortuus
930 3241 1122 3272 vacantem
1141 3233 1268 3272 sedem
1289 3235 1448 3283 reliquit.
1475 3235 1527 3272 De

445 3301 552 3332 atate
569 3306 677 3342 porro
696 3296 776 3342 ejus
803 3306 886 3333 cum
905 3296 1001 3334 diem
1031 3297 1162 3334 clausit
1187 3303 1390 3334 extremum
1413 3297 1524 3344 pluri-

445 3355 516 3393 bus
534 3362 660 3403 agetur
677 3357 712 3394 in
735 3357 813 3394 Vita
832 3357 1096 3408 Chrysostomi.
1114 3359 1164 3397 Et
1180 3359 1315 3396 Homil.
1337 3358 1363 3396 2
1376 3359 1422 3396 de
1443 3359 1528 3398 Ρω-

445 3417 597 3454 nitentia
625 3428 664 3454 n.
691 3417 731 3464 2,
763 3417 810 3456 de
829 3419 964 3457 Davide
992 3420 1144 3468 loquens
1170 3420 1453 3468 Cbrysostomus
1479 3420 1528 3456 ait

447 3477 567 3521 illum,
587 3478 732 3524 quando
751 3479 786 3516 in
813 3479 1032 3519 adulterium
1052 3482 1176 3529 lapsus
1205 3489 1276 3526 est,
1299 3483 1336 3519 in
1365 3489 1528 3520 extrema

447 3539 580 3578 canitie
596 3537 732 3581 fuisse;
748 3539 836 3577 illud
854 3551 941 3579 vero
951 3543 997 3580 de
1023 3543 1159 3582 Davide
1177 3543 1290 3581 nolim
1305 3553 1372 3590 pro
1387 3549 1530 3580 asserto

447 3601 586 3650 accipi;
608 3601 672 3638 sed
691 3608 730 3638 ut
749 3612 856 3640 nemo
875 3613 983 3651 spero
1003 3607 1162 3654 negabit,
1179 3607 1214 3645 id
1242 3607 1432 3654 probatum
1450 3616 1532 3644 cer-

449 3669 598 3713 tumque
622 3673 706 3702 esse
733 3665 903 3710 arbitror,
930 3665 1232 3716 Clirysostomum
1264 3670 1312 3706 ad
1345 3677 1532 3706 extremam

449 3731 655 3764 senectutem
693 3727 827 3774 passim
863 3727 1066 3776 intelligere
1093 3730 1142 3768 de
1177 3731 1464 3778 septuagenariis
1495 3737 1532 3768 et

451 3786 544 3824 forte
563 3797 832 3836 nonnumquam
851 3790 897 3827 de
913 3792 1190 3840 septuagenario
1208 3792 1420 3830 minoribus.

499 3847 612 3886 Instat
637 3849 968 3890 Tillemontius:ls
997 3863 1105 3901 quem
1135 3853 1171 3890 in
1205 3854 1325 3900 priore
1356 3855 1534 3900 ραι-ωηθεί

452 3905 649 3955 ιὶιοςυὶιιιι·
665 3911 962 3961 Chrysostomus,
997 3914 1034 3952 in
1065 3919 1188 3962 aperta
1214 3913 1299 3953 vitia
1319 3921 1356 3954 ct
1373 3915 1532 3965 crimina

1417 215 1645 256 MONITUM.
2537 229 2594 267 εκ

1583 303 1814 348 proruperat,
1848 303 1888 336 ut
1905 308 1949 336 ex
1971 297 2078 336 variis
2097 299 2262 336 orationis
2281 299 2362 338 locis
2378 302 2546 352 colligitur:
2565 319 2594 350 at

1582 374 1654 401 non
1682 371 1846 410 eousque
1871 359 2042 410 perniciei
2062 362 2246 400 devenisse
2274 363 2407 402 videtur
2426 365 2595 411 Theodorus

1583 425 1875 474 Mopsuestenus,
1909 423 1953 461 ad
1981 433 2086 471 quem
2112 423 2263 461 secunda
2291 426 2432 464 mittitur
2451 430 2592 476 epistola:

1583 488 1644 536 qui
1663 489 1694 525 si
1709 488 1784 535 jam
1803 487 2008 534 baptizatus
2036 487 2071 528 in
2093 496 2133 523 ea
2153 486 2297 524 crimina
2313 487 2424 536 lapsus
2439 499 2528 538 esset,
2545 505 2593 533 ne.

1581 561 1762 598 quaquam
1791 549 1968 597 potuisset
1993 548 2186 586 secundum
2209 560 2358 587 canones
2381 551 2412 587 in
2431 553 2596 602 episcopum

1583 620 1708 661 postea
1750 612 1928 660 cooptari.
1977 612 2062 649 llu'c
2099 613 2196 650 nullo
2236 614 2371 660 negotio
2401 615 2594 662 depelluntur.

1584 675 1816 720 Theodorus,
1837 675 1897 722 qui
1929 683 2071 711 sacrum
2103 681 2233 712 coetum
2259 674 2462 721 deseruerat,
2484 681 2595 726 negotia

1566 737 1773 775 saecularia
1799 736 1989 780 tractabat,
2019 737 2259 784 voluptatibus
2273 737 2406 776 deditus
2429 748 2507 784 erat,
2529 742 2596 779 lter-

1583 801 1726 837 miones
1743 799 1874 846 puclla:
1900 798 2089 845 cujusdam
2109 809 2230 836 amore
2255 799 2424 846 ﬂagrabat.
2443 801 2508 838 Non
2523 803 2596 840 aliud

1583 862 1630 899 de
1649 861 1845 899 Theodoro
1864 861 2003 898 crimen
2029 861 2138 898 refert
2165 861 2425 910 ChryStistomtts
2442 865 2492 900 :id
2509 872 2595 903 tanien

1584 925 1648 963 ille
1679 925 1800 972 magni
1828 919 1994 962 criminis
2025 924 2104 960 loco
2137 922 2266 962 habere
2299 924 2426 962 videtur
2452 927 2482 962 in
2508 927 2596 973 priore

1583 987 1775 1036 parmnesi,
1795 987 1854 1024 ubi
1878 987 1955 1024 lucc
1983 993 2230 1024 recensentur.
2255 986 2442 1024 Secundum
2470 988 2530 1025 haec
2549 999 2598 1026 ait-
2657 991 2660 1014 ε

1579 1057 1672 1095 tem,
1696 1061 1778 1088 cum
1798 1050 1858 1088 vel
1876 1049 1956 1086 aliis
1973 1049 2225 1094 referentibus,
2241 1049 2296 1086 Vt'l
2314 1059 2372 1096 per
2395 1049 2490 1096 ipsius
2509 1049 2597 1088 Theo-

1583 1113 1662 1151 dori
1693 1113 1818 1150 literas
1843 1112 2058 1159 accepisset,
2084 1110 2308 1148 Theodorum
2338 1110 2410 1147 ideo
2433 1111 2464 1148 in
2489 1112 2598 1158 negotia

1583 1175 1770 1223 szccularia
1800 1182 1840 1212 se
1857 1174 2064 1217 immisisse,
2084 1179 2124 1210 ut
2143 1179 2363 1221 paternarum
2382 1183 2486 1210 rerum
2499 1172 2598 1209 sollicl-

1585 1238 1749 1276 tudinem
1773 1243 1931 1286 gereret,
1953 1237 2182 1274 Hermionem
2202 1245 2332 1280 amare,
2349 1241 2384 1271 ut
2398 1245 2466 1272 eam
2485 1234 2598 1272 duceret

1583 1310 1759 1344 uxorem;
1778 1309 1850 1336 non
1881 1299 1992 1336 tantis
2008 1298 2167 1346 quidem,
2185 1297 2326 1346 quantis
2349 1303 2455 1338 antea.
2474 1296 2596 1343 implica-

1583 1368 1662 1400 tum
1683 1363 1788 1400 malis
1805 1360 2040 1399 Theodorum
2061 1371 2142 1398 esse
2159 1359 2314 1408 putavit;
2339 1359 2396 1396 sed
2415 1367 2475 1395 non
2491 1368 2507 1394 a
2519 1357 2598 1404 culpa

1585 1424 1740 1461 liberum
1760 1423 1878 1469 duxit,
1896 1429 1937 1460 ut
1955 1433 2021 1471 per
2040 1429 2151 1459 totam
2177 1420 2362 1458 secundam
2384 1419 2539 1466 epistolam
2555 1419 2597 1455 in-

1585 1486 1698 1531 dicat,
1718 1486 1822 1534 cujus
1847 1486 2046 1523 exordium
2065 1491 2121 1522 est
2147 1483 2344 1532 huiusmodi
2362 1495 2370 1518 :
2390 1482 2426 1520 Si
2442 1483 2524 1529 fletu
2537 1491 2598 1528 prt-

1585 1556 1660 1586 sent
1678 1555 1711 1586 et
1731 1549 1876 1598 gemitus
1890 1559 1950 1596 per
1967 1548 2085 1584 literas
2105 1546 2266 1590 celtiberi,
2283 1546 2333 1581 Itis
2345 1544 2487 1592 repletam
2502 1542 2599 1589 episto-

1586 1615 1656 1651 lam
1683 1614 1730 1650 ad
1747 1621 1780 1651 te
1806 1614 1987 1650 misissem.
2007 1611 2176 1660 Equidem
2195 1611 2273 1658 ﬂeo,
2299 1620 2362 1646 non
2379 1607 2459 1653 quod
2472 1614 2596 1653 paterna-

1583 1689 1661 1715 rum
1678 1688 1792 1714 rerum
1809 1675 2077 1714 sollicitudinem
2093 1685 2203 1723 geras,
2221 1673 2279 1710 sed
2291 1671 2376 1720 quod
2394 1681 2432 1708 ea:
2445 1669 2561 1716 fratrum
2577 1672 2602 1702 te

1584 1741 1744 1788 catalogo
1763 1740 1940 1782 deleveris,
1957 1738 2050 1786 quod
2069 1744 2168 1785 pacta
2193 1746 2265 1772 cum
2284 1733 2408 1771 Christo
2425 1733 2496 1768 inita
2515 1730 2600 1766 calca-

1585 1803 1686 1838 veris.
1707 1802 1758 1838 De
1780 1801 1964 1838 connubio
1977 1798 2198 1836 autem‘liazc
2216 1797 2320 1834 liabet
2338 1805 2370 1843 p.
2391 1795 2432 1833 38
2449 1805 2458 1831 :
2475 1791 2602 1839 legitima

1585 1874 1640 1900 res
1657 1869 1707 1899 est
1736 1863 1950 1910 confugium,
1970 1862 2008 1898 id
2029 1872 2092 1910 ego
2108 1863 2260 1909 fateor...
2280 1860 2341 1895 sed
2353 1857 2408 1893 tibi
2417 1856 2482 1903 jam
2500 1863 2554 1889 non
2565 1855 2602 1886 est

1585 1926 1757 1974 integrum
1779 1926 1868 1974 jura
1889 1925 2052 1962 connubii
2073 1933 2219 1961 seruare.
2241 1921 2325 1958 Eunt
2349 1919 2442 1958 enim.
2457 1916 2506 1962 qui
2527 1913 2601 1950 κηιεί

1587 1987 1716 2024 calein
1729 1997 1857 2034 sponso
1865 1988 2015 2036 junctus
2027 1992 2091 2028 est,
2103 1986 2132 2022 si
2151 1985 2192 2021 ab
2206 1983 2264 2020 illo
2277 1979 2444 2019 divellatur
2458 1983 2484 2014 et
2500 1983 2601 2012 uxorm

1587 2049 1706 2092 ducat,
1725 2049 1937 2086 adulterium
1965 2047 2146 2084 admittere
2171 2052 2297 2082 certum
2325 2048 2384 2080 est.
2413 2039 2493 2080 Puto
2514 2043 2600 2073 autem

1588 2110 1821 2148 Theodorum
1839 2111 2000 2158 acceptis
2019 2109 2199 2157 prioribus
2217 2101 2446 2153 Clirysostomi
2467 2095 2599 2158 epistolis,

1587 2173 1720 2221 quibus
1739 2172 1786 2210 de
1802 2157 2039 2210 saicularibus
2064 2169 2241 2216 susceptis
2261 2165 2415 2214 negotiis,
2438 2159 2522 2199 etde
2541 2157 2604 2196 llcr-

1589 2236 1733 2273 mioncs
1761 2245 1888 2273 amore
1915 2233 2210 2282 redarguebatur,
2241 2230 2286 2267 ad
2313 2228 2362 2266 sui
2389 2221 2605 2264 excusationem

1591 2308 1656 2346 per
1671 2298 1844 2346 epistolas
1862 2304 1900 2336 et
1923 2305 2153 2345 paternarum
2172 2303 2290 2333 rerum
2317 2299 2441 2336 curam,
2463 2292 2494 2324 et
2514 2282 2606 2346 coniti.

1596 2361 1696 2409 ginm
1713 2371 1795 2400 cum
1815 2360 2013 2398 Hermione
2031 2358 2226 2404 ineundum
2253 2357 2288 2393 in
2305 2353 2448 2392 mediiun
2471 2345 2606 2385 attulisse.

1590 2408 1698 2460 Certe
1726 2423 1762 2460 in
1787 2423 1953 2470 epistola:
1973 2427 2168 2468 postrema:
2194 2419 2292 2456 calce
2317 2421 2412 2464 rogat
2427 2408 2606 2470 Theodorum

1591 2466 1891 2533 Glirysostomus,
1911 2489 1952 2520 ut
1977 2466 2048 2520 sibi
2070 2481 2270 2520 rescribere
2285 2479 2457 2525 dignetur;
2481 2471 2504 2507 si
2523 2475 2562 2505 tot
2576 2466 2608 2504 li-

1592 2547 1682 2586 teris
1710 2553 1816 2584 antea
1844 2546 1979 2590 missis,
2013 2545 2102 2582 nihil
2133 2541 2383 2593 respondisset,
2407 2534 2608 2593 obiurgauit“

1593 2619 1676 2646 eum
1696 2608 1790 2644 haud
1807 2607 1915 2644 dubie
1934 2612 2012 2644 erat
2033 2588 2311 2654 Cbrysostomus
2327 2600 2371 2638 de
2388 2603 2475 2640 tanlo
2489 2588 2606 2656 ξίίξξηίξίλ

1599 2704 1602 2707 .
1643 2670 1707 2708 His
1724 2679 1794 2716 ego
1809 2668 1856 2707 de
1878 2668 2000 2706 causis
2018 2652 2142 2704 Savilii
2162 2671 2200 2703 et
2229 2661 2412 2701 Frontonis
2427 2652 2558 2700 vestigiis
2571 2652 2608 2684 ἰη-

1593 2733 1728 2772 sistens
1745 2742 1856 2769 unum
1875 2730 1988 2768 fuisse
2009 2729 2239 2768 Theodorum
2259 2733 2354 2774 puto,
2381 2721 2422 2760 ad
2437 2727 2525 2767 quem
2539 2719 2608 2755 ulti-

1593 2807 1666 2846 que
1693 2795 1891 2844 paraanesis
1911 2795 2021 2832 missa
2039 2794 2120 2831 l‘uit.
2145 2791 2302 2838 Utraque
2319 2792 2412 2825 certe
2429 2781 2468 2820 ad
2483 2774 2606 2846 enimille

1596 2841 1830 2897 'l‘heodorum
1869 2856 2082 2895 inscribitur
2114 2855 2150 2892 in
2187 2851 2351 2890 omnibus
2387 2841 2608 2897 manuscril’llfj

1597 2931 1754 2969 quorum
1789 2919 1939 2966 quidam
1976 2915 2230 2956 remotissima:
2264 2907 2440 2969 vetustatis
2469 2891 2608 2969 sonti-:4:l

1598 2961 1756 3021 eumdem
1793 2961 2014 3018 Theodorum
2029 3006 2040 3023 ,
2080 2977 2214 3015 habent
2240 2981 2364 3011 omnes
2387 2982 2395 3006 :
2418 2961 2609 3023 duosAautem

1599 3045 1814 3084 Theodorus
1829 3041 2070 3086 comminisci,
2080 3047 2232 3088 quorum
2251 3041 2394 3081 uterque
2407 3021 2610 3088 cuoi‘fmrisll"

1607 3074 1813 3084 ...μμ--..ν-
1833 3074 2127 3088 --..--..----_--,,_
2156 3074 2162 3076 .
2339 3074 2353 3081 ,

1600 3115 1720 3148 stomo
1745 3107 1919 3144 societate
1940 3105 2086 3154 junctus
2111 3111 2216 3140 sacro
2243 3097 2380 3136 cuidam
2403 3085 2550 3154 uetiti-SC

1596 3171 1746 3214 dixerit,
1767 3175 1920 3215 uterque
1940 3145 2126 3214 resilierit,
2148 3169 2298 3208 uterque
2323 3157 2498 3215 revocatus
2505 3145 2614 3215 luci-'1’

1599 3206 1878 3282 ali—rvsostomol,
1893 3211 2001 3276 idque
2021 3206 2122 3266 nullo
2139 3206 2287 3278 auctore
2303 3227 2412 3266 exque
2429 3206 2616 3282 levi?“§fﬁ'{

1597 3270 1776 3343 jecturis,
1809 3291 1848 3330 id
1867 3270 2014 3329 'mirum
2053 3293 2228 3338 quantum
2261 3270 2448 3322 abhorreat
2473 3271 2512 3309 ab
2539 3270 2615 3303 insu-

1601 3362 1680 3394 tuto
1697 3364 1792 3392 meo.
2500 3395 2503 3396 ν

1651 3388 1932 3459 [liccat-mnum,
1949 3425 2022 3462 quo
2046 3414 2104 3452 hac
2127 3413 2208 3451 dure
2238 3409 2376 3456 scriptae
2401 3405 2475 3440 sunt
2497 3388 2618 3462 liomili:

1601 3455 1847 3520 nonlmodica
1873 3455 1930 3516 est
1955 3455 2163 3514 dillicultas.
2193 3473 2252 3512 Ait
2287 3466 2452 3510 Baronius
2473 3455 2620 3520 ultam“?

1863 3513 2144 3590 dbryisostomo,
2157 3537 2243 3575 dum
2269 3535 2304 3573 in
2326 3513 2622 3594 maritimi:

1603 3579 1806 3650 ,
1827 3579 1883 3641 add
1904 3579 2139 3640 Tbeodorum
2167 3597 2312 3636 missam
2333 3593 2445 3628 luisse.
2464 3579 2622 3650 Tibur-lg:

1856 3639 2102 3713 Wpricjudicata
2125 3659 2294 3724 opinione
2311 3639 2625 3724 loquenti-“di

1605 3731 1651 3771 ad
1670 3732 1795 3774 alium,
1818 3735 1858 3767 ut
1871 3703 1978 3776 putat
1995 3725 2069 3768 ille.
2090 3703 2198 3772 quam
2212 3716 2485 3776 Mopsueslelmm
2599 3703 2624 3776 ξ

1605 3793 1756 3832 comedi
1784 3761 1897 3840 posse
1921 3794 2048 3836 putat;
2081 3761 2126 3824 de
2156 3781 2310 3822 secunda
2341 3773 2490 3840 mini-me.

1607 3823 1925 3896 animadvertisset
1944 3849 2042 3888 illud
2076 3849 2172 3897 quod
2205 3846 2239 3882 in
2271 3842 2339 3878 fine
2367 3823 2627 3910 .priintetj‘lcrsi

1985 3888 2099 3962 atque
2118 3913 2164 3949 de
2182 3903 2337 3947 secunda
2365 3907 2432 3938 non
2448 3895 2541 3943 pos-'00
2561 3888 2598 3917 °°
