2742 4342
345 280 416 317 279

346 358 392 393 lia
415 352 548 390 dixisse
577 343 726 382 videbor
757 340 814 382 iis,
843 337 905 384 qui
939 343 1035 373 nunc
1067 333 1192 370 vident
1220 330 1422 366 vastitatem

345 412 693 455 subversionemque
712 411 809 441 tuam
833 413 842 438 :
866 405 1090 449 quapropter
1121 405 1217 432 nunc
1239 392 1346 430 doleo
1374 391 1409 427 lu

343 453 496 525 geoqne,
524 453 642 518 neque
672 467 780 504 ﬁnem
809 462 957 512 lugendi
992 460 1123 498 faciam
1155 457 1274 495 donec
1297 455 1332 492 in
1354 453 1426 500 pri-

343 517 438 574 Eum}
461 541 496 572 te
523 517 718 580 splendore
749 527 890 565 videro.
917 525 1020 562 Licet
1046 521 1143 560 enim
1178 519 1213 556 id
1241 517 1426 554 hominum

331 600 552 648 ‘iacultatem
589 603 763 642 superare
793 590 989 633 videnlur,
1025 587 1100 624 Deo
1142 590 1262 621 tamen
1307 580 1430 616 omnia

343 662 459 700 facilia
478 664 576 698 sunt.
590 657 671 706 Ipse
687 655 782 692 enim
799 659 855 691 est
871 651 941 698 Qui
955 649 1096 687 suscitat
1113 647 1156 684 de
1170 652 1260 682 terra
1277 644 1428 690 inapem,

341 733 372 763 et
388 726 429 762 dc
444 731 593 761 stercore
611 719 710 768 erigit
726 726 933 765 pauperem,
946 718 983 750 ut
1001 722 1079 748 eum
1095 709 1212 747 sedere
1231 706 1338 754 faciat
1353 713 1431 740 cum

343 785 570 834 principibus,
604 764 683 818 cum
709 764 922 829 principibus
951 772 1071 822 populi
1097 773 1164 812 sui.
1193 771 1274 817 Ipse
1299 774 1356 806 est
1373 764 1432 813 qui

343 828 498 887 habitare
515 828 600 896 facit
617 842 770 882 sterilem
790 841 824 877 in
841 839 957 882 domo,
977 840 1122 872 matrem
1141 832 1184 868 de
1201 830 1284 876 ﬁliis
1311 828 1434 865 [tetan-

343 920 409 950 tem
425 889 542 960 (Psai.
565 907 649 945 “2.
669 904 764 953 7-9).
785 903 910 950 Itaque
931 910 976 937 nc
990 899 1165 945 desperes
1184 900 1217 930 te
1235 891 1280 928 ad
1296 889 1432 938 optima

344 950 606 1012 immutandum
625 977 720 1006 esse.
737 950 784 1003 ⁷εἰ
811 963 908 1002 enim
927 960 1094 1000 diabolus
1127 962 1264 993 tantum
1299 950 1431 1000 potuit,

344 1044 382 1074 ut
401 1042 472 1073 tea
490 1033 626 1071 vertice
656 1030 718 1082 illo
735 1034 772 1066 et
804 1024 948 1074 fastigio
981 1021 1127 1059 virtutis
1163 1019 1198 1054 in
1229 1022 1433 1054 extremum

345 1099 492 1136 malitia:
519 1077 744 1136 detruderet,
776 1089 892 1127 multo
924 1084 1038 1133 magis
1059 1090 1093 1120 te
1115 1083 1210 1118 Deus
1239 1076 1372 1126 poterit
1399 1075 1434 1111 in

345 1163 533 1211 pristinam
549 1157 725 1196 reducere
743 1153 949 1192 libertatem
967 1159 977 1184 ε
999 1156 1066 1184 nec
1085 1145 1193 1182 talem
1221 1139 1348 1183 modo,
1369 1136 1433 1174 sed

347 1225 458 1263 multo
480 1221 678 1260 feliciorem
701 1225 737 1254 te
756 1213 910 1253 reddere
927 1219 1034 1258 quam
1057 1207 1158 1255 pritts
1178 1203 1311 1240 fueras.

398 1285 580 1329 Pcccatori
594 1293 672 1331 spes
701 1287 890 1325 numquam
917 1270 1120 1310 amittenda.
1141 1288 1188 1296 —-
1205 1266 1361 1304 Tantum
1390 1271 1436 1299 ne

346 1349 532 1392 concidas,
548 1357 614 1383 nec
639 1354 741 1392 spem
757 1342 890 1378 bonam
905 1331 1140 1386 prtescindas,
1155 1341 1227 1368 neu
1243 1327 1436 1374 impiorum

346 1420 478 1451 statum
499 1411 644 1447 subeas.
666 1406 790 1452 Neque
811 1401 907 1440 enim
931 1402 1164 1447 peccatorum
1184 1389 1378 1428 multitudo
1400 1387 1436 1424 in

347 1474 638 1524 deSperationem
655 1469 836 1516 conjicere
852 1464 959 1506 solet,
978 1459 1043 1498 sed
1061 1459 1182 1496 anima
1197 1467 1241 1492 ex
1257 1464 1297 1490 se
1313 1451 1435 1498 impia.

348 1513 576 1585 Qitapropter
595 1513 768 1571 Salomon
786 1537 858 1566 non
882 1525 974 1564 dixit
992 1521 1206 1570 simpliciter
1225 1529 1234 1554 :
1258 1513 1432 1563 Quisquis

349 1601 437 1638 venit
463 1600 498 1635 in
517 1595 730 1646 profundum
761 1591 950 1633 malorum,
981 1583 1191 1627 contemnit;
1209 1581 1274 1619 sed
1302 1577 1439 1626 Impius

351 1671 491 1701 tantum
513 1636 636 1708 {Proin
657 1657 716 1695 18.
733 1655 788 1704 5).
820 1653 1018 1700 lmpiorum
1038 1651 1136 1686 enim
1166 1645 1356 1682 dumtaxat
1382 1636 1440 1677 est

351 1728 411 1764 ille
430 1724 592 1766 morbus,
607 1719 752 1769 quando
769 1719 804 1754 in
823 1713 1042 1764 profundum
1058 1710 1238 1748 malorum
1255 1704 1436 1743 venerint.

353 1791 397 1825 Iit
416 1788 485 1824 hoc
503 1765 591 1832 ipsis
611 1765 657 1820 ne
675 1776 896 1827 respiciendi
911 1773 1058 1822 quidem
1083 1769 1290 1808 facultatem
1322 1765 1439 1803 relin-

352 1851 443 1900 quit,
477 1857 594 1896 neque
629 1854 674 1882 eo
706 1838 932 1884 revertendi,
960 1835 1059 1874 unde
1091 1831 1316 1871 exciderant.
1346 1827 1437 1866 Nam

353 1891 546 1962 flagitiosa-
566 1909 627 1946 illa
669 1903 841 1954 cogitatio
872 1907 1055 1948 tamquam
1091 1896 1218 1944 jugum
1257 1891 1440 1942 quoddam

354 1977 513 2026 ligneum
530 1969 660 2011 animm
677 1967 810 2008 cervici
829 1963 1040 2012 impositum
1061 1965 1098 1998 et
1111 1956 1334 2006 compellens
1349 1965 1441 1992 ocu-

354 2017 410 2078 los
427 2039 462 2076 in
482 2044 614 2075 terram
647 2031 852 2074 demittere,
884 2024 1056 2074 prohibet
1087 2031 1134 2059 ne
1167 2019 1212 2057 ad
1247 2017 1442 2056 Dominum

354 2112 460 2140 suum
475 2098 658 2146 respiciat.
678 2096 724 2132 At
745 2093 812 2129 viri
827 2096 882 2128 est
894 2086 1062 2138 generosi
1080 2089 1118 2124 et
1130 2080 1348 2125 admirandi,
1371 2079 1442 2118 hu-

356 2162 510 2212 iusmodi
528 2144 661 2208 lignum
678 2163 884 2196 conterere.
897 2157 934 2189 et
945 2151 1110 2187 lictorem
1125 2146 1187 2196 qui
1205 2144 1242 2182 id
1255 2144 1442 2192 imposue-

357 2233 412 2263 rat
451 2230 648 2264 excutere,
682 2229 724 2255 ac
755 2217 941 2264 prephetaa
969 2211 1081 2250 verba
1119 2207 1308 2258 proferre:
1351 2205 1443 2244 Nam

361 2292 458 2328 Sicut
489 2285 581 2324 oculi
609 2282 746 2320 ancilla
775 2281 810 2317 in
835 2277 993 2315 manibus
1015 2274 1164 2312 domina:
1179 2283 1265 2317 sua,
1285 2271 1335 2308 ita
1353 2269 1445 2308 oculi

359 2353 464 2391 nostri
497 2349 542 2387 ad
582 2346 771 2386 Dominum
818 2343 927 2380 Deum
969 2346 1151 2384 nostrum,
1189 2338 1296 2373 donec
1342 2333 1444 2370 mise-

359 2424 474 2456 reatur
487 2414 607 2453 nostri.
637 2411 800 2449 Miserere
818 2407 938 2452 nostri,
958 2405 1118 2449 Domine,
1138 2402 1296 2440 miserere
1320 2399 1443 2445 nostri,

361 2479 438 2528 quia
448 2478 594 2514 multum
606 2472 726 2522 repleti
743 2481 862 2508 sumus
880 2467 1096 2517 despectione
1111 2465 1228 2514 (Psal.
1245 2463 1326 2501 122.
1339 2463 1378 2500 ἓ.
1389 2463 1443 2510 5).

366 2525 428 2578 lla:
445 2549 530 2578 vere
551 2537 680 2575 divina:
696 2541 779 2572 sunt
798 2531 1016 2578 disciplinac,
1033 2534 1070 2567 et
1087 2537 1267 2576 supremae
1283 2525 1446 2574 philoso-

365 2604 458 2651 phia:
475 2603 658 2651 dogmata.
678 2597 820 2646 chleti
837 2605 977 2638 sumus,
991 2593 1121 2640 inquit,
1140 2590 1390 2638 despectionc,
1410 2594 1448 2626 et

363 2666 511 2705 infinitis
535 2661 707 2702 atrumuis
721 2659 841 2697 afﬂicti
857 2663 1037 2696 :attamcn
1052 2656 1062 2676 ¹
1074 2654 1120 2691 ad
1131 2655 1244 2690 Deum
1259 2652 1444 2699 respicere

365 2741 435 2767 non
451 2727 692 2770 cessabimus,
711 2733 779 2760 nec
799 2723 905 2758 ﬁnem
928 2717 1099 2768 precandi
1118 2715 1306 2760 faciemus,
1329 2713 1449 2750 donec

364 2792 540 2839 postulata
557 2787 651 2826 nacti
683 2785 870 2823 fuerimus.
891 2783 966 2831 lloc
981 2786 1037 2818 est
1067 2779 1164 2816 enim
1198 2776 1308 2813 animi
1338 2785 1450 2824 gene-

367 2853 439 2890 rosi
471 2862 542 2888 non
572 2845 820 2890 consternari,
856 2853 922 2880 nec
946 2852 966 2878 a
984 2851 1050 2888 spe
1079 2837 1266 2876 deturbari
1299 2841 1450 2885 propter

365 2917 436 2954 vim
455 2913 725 2953 calamitatum,
745 2915 864 2954 neque
877 2903 1080 2947 discedere,
1109 2897 1253 2938 etiamsi
1284 2895 1450 2944 repetitis

372 2953 523 3008 subinde
539 2964 707 3015 precibus
725 2953 815 2998 nihil
836 2956 1053 3002 impetrarit,
1071 2954 1134 2990 sed
1150 2954 1318 2990 insistere
1331 2953 1448 2990 donec

373 3013 587 3072 misereatur
605 3026 730 3070 nostri,
752 3019 1055 3072 quemadmodum
1073 3017 1126 3054 ait
1141 3017 1268 3054 beatus
1290 3013 1415 3051 David.

419 3110 456 3144 2.
479 3109 669 3153 Propterea
691 3101 787 3140 enim
819 3095 982 3134 diabolus
1007 3103 1074 3130 nos
1094 3093 1128 3130 in
1161 3091 1370 3138 desperatus
1389 3100 1450 3127 co-

373 3170 565 3217 gitatiOnes
580 3165 706 3214 injicit,
720 3168 759 3200 ut
789 3169 890 3205 spem
911 3166 994 3203 erga
1027 3155 1137 3191 Deum
1173 3151 1452 3200 prmcidat;an-

374 3231 520 3267 choram
543 3236 675 3273 nempe
693 3229 804 3262 tutam
830 3219 983 3265 vitaeque
1001 3222 1134 3253 nostra:
1151 3213 1448 3253 sustentaculum,

375 3293 501 3328 ducem
523 3291 559 3327 in
577 3288 634 3324 via
649 3287 694 3324 ad
720 3284 846 3322 caelum
870 3287 1004 3324 nostra,
1037 3279 1190 3316 salutem
1228 3275 1450 3324 perditarum

375 3354 588 3390 animarum.
610 3349 682 3397 Spe
695 3347 798 3390 eniti,
827 3345 954 3392 inquit,
985 3343 1070 3380 salvi
1089 3343 1168 3390 [acti
1188 3350 1307 3378 simus
1328 3338 1434 3386 illam

375 3417 410 3454 8.
430 3415 510 3461 ξι).
545 3413 651 3456 llaec,
673 3411 834 3456 inquam,
867 3407 944 3443 haec
969 3405 1068 3442 velut
1094 3411 1220 3441 catena
1241 3403 1256 3423 ¹
1285 3400 1388 3438 fortis
1406 3399 1452 3436 de

375 3479 465 3515 celo
484 3476 657 3524 pendens,
695 3472 832 3508 animus
869 3470 1022 3507 sustinet
1055 3473 1214 3509 nostras,
1246 3471 1282 3502 et
1311 3463 1355 3500 ad
1389 3473 1450 3499 ca-

375 3551 502 3579 enmen
522 3537 606 3575 illud
628 3535 796 3584 paulatim
831 3533 942 3570 trahit
977 3541 1054 3576 eos,
1076 3530 1138 3578 qui
1177 3529 1270 3566 hanc
1300 3525 1452 3563 ﬁrmiter

377 3609 514 3647 tenent,
535 3607 572 3639 et
605 3610 625 3637 a
646 3597 810 3646 procellis
831 3596 1006 3632 malorum
1037 3592 1226 3642 praesentis
1255 3591 1340 3626 vitae
1355 3587 1453 3624 abri-

377 3669 441 3713 pit.
456 3666 493 3702 Si
513 3663 592 3711 quis
612 3661 720 3708 igitur
737 3670 810 3708 ρνω
841 3657 992 3694 mollitie
1026 3655 1120 3692 hanc
1138 3662 1280 3690 sacram
1313 3649 1450 3686 ancho-

377 3738 452 3764 rnm
464 3727 634 3769 dimittat,
649 3722 770 3760 statim
790 3720 924 3758 decidit
943 3726 980 3756 et
997 3717 1209 3756 suffocatur.
1231 3715 1265 3750 in
1281 3713 1451 3760 abyssum

346 3805 348 3808 ν
380 3788 522 3825 malitias
547 3787 748 3824 demersus.
768 3783 870 3828 Quod
889 3783 903 3803 ³
924 3791 1006 3818 cum
1037 3779 1133 3816 'sciai
1169 3776 1348 3822 ntalignus
1377 3772 1451 3818 ille,

415 3887 434 3914 λι
460 3893 591 3925 savil.et
606 3900 691 3925 unus
701 3895 795 3932 Reg,
812 3891 953 3932 attamen
968 3883 1067 3932 etaim
1078 3880 1129 3932 sic
1145 3877 1253 3932 positi.

423 3935 436 3976 Ἴ
459 3923 603 3968 δᾶὲίὶζὶῖῑ
611 3923 823 3976 ἷὶξξιεὸίῖιέε.
840 3930 976 3976 habent,
1002 3923 1087 3958 velut
1108 3926 1221 3976 catena
1237 3926 1352 3952 aurea.

427 3975 437 3995 ³
463 3980 537 4016 Meg.
557 3959 980 4014 ιῖιῖιιῖῶέιξᾟὶιᾶέξῖἁὲώ
997 3975 1086 4006 mox,
1103 3968 1269 4007 povtqnmn
1281 3969 1336 3994 nos
1353 3959 1450 3994 ipsos.

851 259 888 294 S.
917 252 1105 292 JOANNIS
1120 248 1442 290 CllliYSOSTOMl
1473 244 1686 285 AllClllEP.
1714 239 2072 281 CONSTANTINOP.

2477 242 2528 280 130

1501 331 1689 372 pOslquatll
1711 331 1778 358 nos
1817 319 1992 356 malorum
2026 325 2174 364 operum
2197 315 2402 352 conscientia
2433 326 2529 356 attera-

1501 395 1556 425 tos
1573 388 1701 429 sensit,
1722 385 1864 421 irruens
1894 388 1930 418 et
1950 381 2026 428 ipse
2043 378 2298 426 desperationis
2314 379 2530 427 cogitationem

1502 447 1648 496 plumbo
1682 445 1890 494 graviorem
1910 441 2092 484 immittit;
2110 449 2214 487 quam
2234 439 2262 475 si
2289 441 2532 486 susceperimus.

1502 521 1652 548 necesse
1671 505 1906 556 estpondere
1937 503 2058 541 statim
2088 501 2228 539 avulsos
2245 507 2280 538 et
2310 511 2330 538 a
2357 510 2469 539 catena
2487 503 2535 540 illa

1501 574 1703 610 abstractos
1733 571 1768 606 in
1793 566 2012 617 profundum
2039 565 2212 602 malorum
2241 563 2397 611 deprimi,
2422 565 2452 601 in
2480 576 2538 614 quo

1503 642 1540 672 tu
1553 644 1651 672 nunc
1666 631 1822 670 versaris
1838 642 1848 668 :
1864 627 2150 678 quandoquidem
2165 627 2296 674 reiecto
2309 626 2395 663 mitis
2405 627 2540 665 ethumi-

1503 700 1548 738 lis
1582 697 1727 736 Domini
1769 695 1962 737 mandato,
1989 691 2143 730 crudelis
2178 691 2270 728 illius
2303 697 2400 738 atque
2421 692 2539 740 tyranni

1512 759 1822 810 implacabilisque
1843 757 1968 794 salutis
1993 762 2125 793 nostra:
2149 753 2279 791 inimici
2314 759 2472 802 przecepta
2488 764 2538 791 cx-

1505 824 1670 873 seqneris
1689 823 1824 866 omnia,
1853 820 1952 858 suavi
1966 819 2052 867 jugo
2065 817 2221 865 dirupto.
2241 816 2305 854 levi
2329 815 2454 864 abiecto
2467 826 2538 854 one-

1505 899 1558 932 re,
1581 885 1848 934 circumpositis
1881 883 1916 920 in
1937 883 2051 919 vicem
2073 881 2214 918 illorum
2233 879 2386 917 vectibus
2403 878 2536 922 ferreis;

1507 952 1728 998 insupcrque
1749 947 1882 985 molam
1907 943 2102 982 asinariam
2117 953 2137 980 a
2151 941 2242 980 collo
2260 946 2317 978 tuo
2343 941 2538 989 suspendisti.

1507 1014 1574 1052 Ubi
1587 1023 1684 1051 nunc
1695 1011 1852 1055 steteris,
1886 1015 2075 1058 postquam
2102 1006 2275 1044 infelicem
2303 1005 2443 1042 animam
2464 1012 2538 1042 luant

1506 1075 1727 1118 demersisti,
1737 1084 1781 1112 ac
1796 1073 1858 1110 tibi
1871 1081 1951 1109 eam
1965 1069 2216 1110 necessitatem
2229 1067 2400 1110 induxisti,
2414 1073 2446 1103 ut
2456 1067 2538 1103 deur-

1507 1150 1587 1176 sum
1607 1147 1752 1185 semper
1769 1133 1896 1174 tendas
1907 1134 1922 1170 ?
1934 1132 2060 1171 Mulier
2073 1133 2193 1180 itaque
2207 1130 2264 1166 illa
2277 1139 2352 1177 qua:
2365 1128 2540 1165 drachmam

1507 1212 1617 1240 uuam
1636 1201 1836 1244 invenerat,
1852 1198 1990 1234 vicinas
2007 1193 2206 1232 advocabat
2236 1191 2361 1230 laetitia:
2373 1200 2438 1228 sme
2451 1190 2540 1238 partio

1509 1265 1610 1312 cipes
1631 1291 1642 1309 ,
1675 1262 1802 1300 dicens
1823 1273 1832 1298 :
1855 1256 2152 1307 Congratulamini
2181 1253 2288 1300 mihi(
2307 1251 2385 1288 Luc.
2417 1251 2467 1288 i5.
2488 1250 2540 1296 Ω).

1509 1328 1586 1375 Ego
1606 1335 1693 1363 vero
1706 1324 1844 1362 amicos
1855 1331 1984 1360 omnes
2014 1325 2050 1357 et
2062 1328 2161 1356 meos
2175 1322 2210 1354 et
2225 1322 2300 1352 tuos
2317 1313 2358 1351 ad
2377 1323 2445 1350 rem
2461 1311 2542 1359 plane

1509 1388 1730 1426 contrariam
1750 1396 1846 1423 nunc
1871 1382 2079 1422 convocabo
2102 1393 2110 1418 :
2130 1390 2196 1418 nec
2214 1379 2324 1416 dicam
2347 1389 2354 1413 :
2373 1375 2542 1422 Congratu-

1511 1453 1635 1492 lamini
1668 1451 1778 1496 mihi;
1797 1449 1888 1498 sed:
1917 1448 2054 1496 Lugete
2089 1455 2242 1485 mecum.
2274 1438 2543 1487 enmdemquelu-

1510 1523 1608 1554 ctum
1650 1513 1824 1552 assumile
1838 1539 1848 1556 ,
1869 1516 1906 1548 et
1942 1507 2163 1547 lamentabili
2198 1507 2372 1544 nobiscum
2393 1512 2468 1539 voce
2488 1501 2544 1538 cla.

1512 1583 1623 1616 matc.
1640 1577 1848 1614 Extremam
1863 1573 1996 1622 quippe
2011 1571 2186 1620 jacturam
2209 1568 2374 1610 fecimus;
2394 1575 2456 1602 non
2469 1561 2542 1610 quod

1513 1648 1566 1680 tot
1589 1647 1627 1679 et
1641 1645 1694 1678 tot
1711 1639 1790 1676 auri
1805 1637 1938 1674 talenta
1961 1645 1982 1672 e
1999 1633 2164 1671 manibus
2177 1630 2380 1671 exciderint,
2399 1636 2457 1664 nec
2471 1622 2545 1671 (μιοά

1512 1715 1642 1754 magna
1670 1704 1725 1741 vis
1756 1701 1916 1750 lapidum
1936 1698 2203 1747 pretiosorum;
2231 1693 2291 1732 sed
2323 1691 2409 1740 quod
2431 1690 2476 1725 vir
2505 1687 2548 1724 his

1513 1768 1684 1807 omnibus
1702 1764 1912 1814 pretiosior,
1931 1762 1994 1812 qui
2023 1763 2059 1799 in
2088 1761 2154 1798 hoc
2186 1767 2311 1806 magno
2327 1761 2361 1793 et
2379 1751 2548 1790 vastissimo

1514 1831 1607 1869 mari
1627 1829 1816 1868 nobiscum
1833 1825 2040 1873 navigabat,
2059 1823 2181 1861 nescio
2193 1830 2260 1869 quo
2274 1823 2370 1867 pacto
2387 1822 2544 1855 excussus,

1515 1895 1551 1932 in
1570 1893 1688 1942 ipsum
1707 1889 1882 1940 perniciei
1901 1887 2119 1938 profundum
2131 1881 2316 1922 deciderit.

1562 1939 1599 1996 3.
1617 1939 1722 2003 Quod
1736 1955 1767 1992 si
1785 1953 1846 2002 qui
1865 1963 1926 1990 me
1942 1962 1962 1989 a
1980 1951 2078 1988 luctu
2095 1947 2270 1986 abducere
2281 1939 2487 1982 tentavcrint,
2500 1946 2549 1973 eos

1515 2020 1616 2058 hisce
1629 2017 1818 2068 propheta:
1831 2015 1954 2065 verbis
1983 2013 2146 2060 alloquar
2165 2021 2174 2046 :
2193 2006 2356 2045 Dimittite
2382 2013 2441 2046 me,
2458 2007 2550 2036 amare

1515 2084 1604 2132 ﬂebo
1667 2060 1712 2118 ne
1727 2081 1796 2118 vim
1833 2062 1969 2128 faciatis
1985 2075 2032 2113 ad
2056 2070 2300 2112 consolandum
2320 2066 2394 2114 me(
2413 2060 2550 2130 Iunii.

1515 2122 1578 2197 ξι).
1615 2147 1740 2194 Neque
1768 2122 1866 2182 enim
1887 2141 1952 2179 tali
1983 2140 2081 2178 luctu
2112 2145 2205 2174 nunc
2224 2132 2368 2174 afﬁcior,
2387 2127 2439 2176 qui
2469 2122 2552 2168 mihi,

1515 2187 1613 2262 quod
1631 2187 1892 2249 immoderatus
1907 2205 1968 2250 sit,
1988 2201 2078 2240 vitio
2105 2198 2194 2236 verti
2219 2194 2345 2244 possit;
2363 2189 2419 2228 sed
2436 2187 2553 2236 qualem

1520 2249 1538 2262 τ
1576 2249 1580 2250 ,

1517 2286 1586 2314 nec
1596 2273 1764 2318 Paulum,
1785 2279 1854 2308 nec
1871 2269 2032 2311 Petrum,
2051 2261 2150 2300 omni
2175 2255 2412 2298 consolatione
2429 2249 2552 2296 reject-1,

1517 2345 1705 2376 assumere
1720 2332 1922 2382 puduisset.

1802 2394 1860 2444 qui
1895 2393 1932 2429 in
1963 2387 2110 2440 peccatis
2133 2389 2318 2422 versantur.
2340 2397 2384 2405 ——
2400 2371 2554 2439 Siquidem

1566 2432 1593 2437 ”
1604 2432 1689 2448 'I'"'
1703 2432 1742 2434 ""
1811 2432 1819 2444 1
1963 2432 1971 2440 υ

1519 2475 1597 2509 eos,
1611 2463 1671 2512 qui
1686 2461 1780 2499 hanc
1796 2463 2026 2496 communem
2041 2455 2194 2488 mortem
2209 2439 2480 2493 deplorant,jure
2489 2432 2554 2501 qui!

1519 2495 1597 2509 νυν,
1612 2495 1671 2512 .,-.
1804 2495 1811 2496 ,

1519 2529 1640 2579 pusilli
1655 2525 1765 2563 animi
1787 2520 1946 2570 arguerit
1967 2531 1976 2555 :
1996 2513 2140 2564 quando
2171 2517 2289 2548 autem
2323 2495 2554 2579 vicefcorpoqs

1547 2555 1640 2567 ualu-
1655 2555 1765 2563 ..ΙΙΙ-111.
1787 2555 1908 2570 --ῠ-κκ
1922 2555 1943 2556 κγ
2009 2555 2020 2564 ι

1519 2555 1639 2630 anima
1653 2593 1833 2638 prostrata
1843 2585 1940 2632 jacet
1957 2584 2112 2622 mortua,
2128 2570 2324 2612 innumeris
2331 2565 2479 2605 confossa
2492 2555 2554 2594 vul-

2214 2635 2222 2638 -
2261 2633 2268 2638 -
2359 2629 2366 2636 -
2402 2624 2472 2638 μη-
2483 2618 2554 2638 -ML

1679 2618 1867 2632 ,πη-..ην
2104 2618 2110 2622 ,

1520 2618 1682 2696 tioribus,
1697 2657 1734 2687 et
1751 2649 1786 2685 in
1817 2647 1892 2694 ipsa
1912 2643 2020 2681 etiam
2043 2643 2158 2676 morte
2169 2633 2326 2684 pristina:
2359 2618 2556 2696 indolisolpli-

1521 2682 1682 2696 ..........-,
1700 2682 1734 2687 η
1831 2682 1844 2694 ,
2172 2682 2181 2684 _

1520 2716 1632 2759 mcc‘,
1655 2709 1870 2750 valetudinis
1898 2703 2104 2754 przeteritze,
2138 2697 2388 2740 exstinctaque
2421 2682 2556 2734 pulchri-

1522 2779 1657 2818 tudinis
1676 2776 1778 2823 signa
1798 2770 1956 2820 praefert,
1975 2767 2056 2815 quis
2067 2771 2138 2802 tam
2159 2758 2322 2799 immanis
2338 2757 2492 2792 etsensus
2503 2753 2554 2782 ex-

1522 2851 1620 2890 pers,
1633 2839 1694 2886 qui
1709 2811 1998 2884 upro-gemitibus
2013 2823 2224 2874 etlacrymis
2243 2811 2479 2890 consolatioqis
2492 2813 2556 2843 ver-

2186 2886 2194 2890 -
2379 2888 2386 2890 λ
2457 2875 2544 2890 πη,

1522 2874 1567 2941 ba
1581 2898 1768 2951 proferat?
1793 2890 2108 2951 Quemadmodum
2137 2886 2233 2951 enim
2258 2881 2338 2951 illic.
2351 2874 2556 2951 ιῖιοὶὶηιιζῆῗῖξο

1798 2930 2092 2998 philosophicum
2112 2947 2181 2979 est.
2200 2937 2268 2984 Qui
2297 2933 2339 2972 ad
2361 2930 2472 3000 catilla!
2489 2933 2545 2970 ρετ·

1521 2989 1758 3062 venerat,qui
1778 2989 1860 3048 vitae
1893 2989 2084 3046 vanitatem
2120 2999 2317 3042 deridebat,
2347 2993 2404 3042 qui
2427 2989 2553 3054 fortnam

1527 3045 1758 3062 ,πων-μμ-
1902 3045 1905 3046 ,

1522 3087 1715 3128 corporum
1737 3073 1884 3123 perinde
1911 3075 2018 3118 atque
2045 3065 2182 3114 lapidea
2204 3059 2388 3100 simulacra
2409 3045 2553 3112 respiciet

2170 3127 2177 3128 ί
2207 3126 2227 3128 λ’
2255 3125 2261 3128 -
2400 3127 2403 3128 ν
2419 3123 2445 3128 λ-
2473 3115 2553 3128 ...ΙῼΩΙ

1523 3115 1599 3185 bat:
1619 3140 1681 3189 qui
1711 3147 1837 3175 aurum
1866 3134 1967 3182 quasi
1993 3132 2131 3174 lutum,
2158 3125 2304 3164 delicias
2332 3115 2555 3181 otnnesdlllilSi

1524 3174 1598 3185 ην,
1622 3174 1681 3189 τ-
1717 3174 1744 3175 _
1879 3174 1886 3182 ,

1524 3213 1668 3243 omnum
1704 3197 1960 3238 contemnebat
1989 3195 2034 3229 ἐ
2065 3192 2122 3228 hic
2160 3188 2351 3233 derepente
2385 3174 2462 3215 febri
2489 3178 2554 3243 cpt-

1525 3230 1668 3243 uua-nun
1705 3230 1943 3238 vv-I-v-_-..v._,,
2251 3230 2259 3233 ν

1525 3272 1650 3314 reptus
1679 3262 1825 3300 insulsae
1853 3253 2169 3302 concupiscentiis,
2192 3243 2448 3285 valetudinem,
2467 3230 2557 3270 robur

2197 3312 2205 3314 “
2406 3309 2432 3314 VA
2453 3299 2557 3314 nhlll'll‘

1523 3299 1747 3376 etrspeciem
1775 3331 1919 3360 omnem
1949 3316 2127 3366 perdidit,
2151 3309 2435 3376 voluptatumquf
2452 3299 2558 3376 ﬁeri“:

1527 3364 1675 3434 illectus
1705 3396 1775 3428 est.
1805 3388 1936 3426 Annon
1949 3364 2062 3419 _hunc
2089 3375 2376 3426 deplorabimus,
2401 3364 2421 3402 tl

1505 3461 1646 3494 'annon
1679 3451 1900 3500 lugebimus,
1933 3446 2048 3483 donec
2067 3452 2150 3480 eum
2169 3438 2416 3484 recuperemus

1527 3477 1646 3494 illlllUu
1679 3477 1900 3500 ιυδωιιιιινυ,
1935 3477 2046 3483 νυ.--
2071 3477 2149 3480 ,ηη
2260 3477 2269 3484 _

1527 3517 1672 3556 humani
1701 3519 1798 3552 esset
1823 3508 1962 3548 animi?
1995 3504 2140 3543 Etenim
2169 3499 2295 3538 mortis
2314 3493 2480 3556 οοτροςϐεε
2512 3477 2548 3556 ‘le

1526 3581 1676 3619 structio
1696 3578 1754 3615 hic
1771 3573 1924 3613 inveniri
1943 3568 2080 3618 nequit,
2104 3574 2222 3612 neque
2241 3567 2355 3600 tamen
2373 3552 2405 3590 id
2421 3545 2565 3594 lim-Pl“

2425 3364 2452 3400 ie
2475 3353 2558 3395 mihi,

2429 3425 2442 3461 *ξ
2470 3422 2515 3458 An
2534 3413 2561 3451 id

1570 3787 1580 3806 ι
1605 3781 1694 3815 Coll).
1710 3787 1794 3812 unus
1815 3777 1897 3815 loco,
1912 3771 2030 3808 indolis
2045 3767 2184 3815 ορῑὶηζω,
2200 3764 2354 3815 ιιῖξῖξθίξηῖ

1570 3795 1580 3806 ⁸
1605 3795 1694 3815 μου).
1710 3795 1794 3812 unua
1815 3795 1897 3815 ιυυυ,
1913 3795 2030 3808 uio-mw
2045 3795 2184 3814 ..ν-...τνη
2202 3795 2210 3796 κ
2310 3798 2316 3805 _

1527 3825 1581 3859 vil.
1615 3826 1648 3857 in
1682 3823 1828 3864 margine
1856 3821 1959 3855 notat,
1987 3795 2359 3864 venustattsjnp‘l‘oémﬁzd

1530 3846 1581 3859 ιιι.
1682 3846 1742 3856 ......
1776 3846 1828 3854 ...ν
1856 3846 1958 3855 -.νηη
1992 3846 2014 3848 η

1527 3873 1670 3909 Uterque
1688 3846 1774 3909 eniti)
1791 3869 1910 3896 sensus
1925 3864 2034 3909 graece
2050 3862 2136 3909 pene
2152 3846 2390 3909 ἰίξειξξηξξῖξξθίὼη
2407 3886 2414 3894 l

2084 3890 2191 3928 alorci.
2215 3887 2322 3920 habet,
2339 3885 2390 3920 qm
2407 3886 2414 3907 ί

1528 3960 1634 3984 nanus
1650 3955 1748 3982 recte.
