  <div class='ocr_page' id='page_1' title='image "/cluster/home/n/w/nwhite01/storage/ocr_20150623/47/hvd.32044073501884/242.png"; bbox 0 0 3896 6168; ppageno 0'>
   <div class='ocr_carea' id='block_1_1' title="bbox 287 279 389 336">
    <p class='ocr_par' dir='ltr' id='par_1_1' title="bbox 287 279 389 336">
     <span class='ocr_line' id='line_1_1' title="bbox 287 279 389 336; baseline 0.02 -2"><span class='ocrx_word' id='word_1_1' title='bbox 287 279 389 336; x_wconf 66' lang='grc'><strong>281</strong></span> 
     </span>
    </p>
   </div>
   <div class='ocr_carea' id='block_1_2' title="bbox 291 475 1864 554">
    <p class='ocr_par' dir='ltr' id='par_1_2' title="bbox 291 475 1864 554">
     <span class='ocr_line' id='line_1_2' title="bbox 291 475 1864 554; baseline -0.004 -17"><span class='ocrx_word' id='word_1_2' title='bbox 291 491 466 554; x_wconf 87' lang='lat' dir='ltr'><strong>potest</strong></span> <span class='ocrx_word' id='word_1_3' title='bbox 497 499 512 536; x_wconf 88' lang='lat'><strong>:</strong></span> <span class='ocrx_word' id='word_1_4' title='bbox 541 477 610 535; x_wconf 81' lang='lat' dir='ltr'><strong>In</strong></span> <span class='ocrx_word' id='word_1_5' title='bbox 635 479 832 551; x_wconf 73' lang='lat' dir='ltr'><strong>inferno</strong></span> <span class='ocrx_word' id='word_1_6' title='bbox 856 478 999 537; x_wconf 85' lang='lat' dir='ltr'><strong>enim</strong></span> <span class='ocrx_word' id='word_1_7' title='bbox 1026 479 1140 549; x_wconf 73' lang='lat' dir='ltr'><strong>quis</strong></span> <span class='ocrx_word' id='word_1_8' title='bbox 1159 519 1174 544; x_wconf 95' lang='lat'><strong>,</strong></span> <span class='ocrx_word' id='word_1_9' title='bbox 1205 479 1405 548; x_wconf 76' lang='lat' dir='ltr'><strong>inquit,</strong></span> <span class='ocrx_word' id='word_1_10' title='bbox 1435 475 1748 546; x_wconf 83' lang='lat' dir='ltr'><strong>conﬁtebitur</strong></span> <span class='ocrx_word' id='word_1_11' title='bbox 1776 476 1864 531; x_wconf 73' lang='lat' dir='ltr'><strong>tibt</strong></span> 
     </span>
    </p>
   </div>
   <div class='ocr_carea' id='block_1_3' title="bbox 293 567 1862 644">
    <p class='ocr_par' dir='ltr' id='par_1_3' title="bbox 293 567 1862 644">
     <span class='ocr_line' id='line_1_3' title="bbox 293 567 1862 644; baseline -0.003 -18"><span class='ocrx_word' id='word_1_12' title='bbox 293 570 460 644; x_wconf 79' lang='lat' dir='ltr'><strong>(Psal.</strong></span> <span class='ocrx_word' id='word_1_13' title='bbox 488 569 545 627; x_wconf 87' lang='lat'><strong>6.</strong></span> <span class='ocrx_word' id='word_1_14' title='bbox 568 570 663 640; x_wconf 60' lang='grc' dir='ltr'><strong>δν</strong></span> <span class='ocrx_word' id='word_1_15' title='bbox 688 569 802 638; x_wconf 86' lang='lat' dir='ltr'><strong>Quo</strong></span> <span class='ocrx_word' id='word_1_16' title='bbox 831 580 990 638; x_wconf 74' lang='lat' dir='ltr'><strong>pacto,</strong></span> <span class='ocrx_word' id='word_1_17' title='bbox 1009 569 1168 640; x_wconf 77' lang='lat' dir='ltr'><strong>igitur</strong></span> <span class='ocrx_word' id='word_1_18' title='bbox 1190 585 1296 623; x_wconf 90' lang='lat' dir='ltr'><strong>non</strong></span> <span class='ocrx_word' id='word_1_19' title='bbox 1323 583 1541 622; x_wconf 60' lang='lat' dir='ltr'><strong>summa:</strong></span> <span class='ocrx_word' id='word_1_20' title='bbox 1563 567 1862 621; x_wconf 77' lang='lat' dir='ltr'><strong>stoliditatis</strong></span> 
     </span>
    </p>
   </div>
   <div class='ocr_carea' id='block_1_4' title="bbox 298 658 1865 731">
    <p class='ocr_par' dir='ltr' id='par_1_4' title="bbox 298 658 1865 731">
     <span class='ocr_line' id='line_1_4' title="bbox 298 658 1865 731; baseline -0.004 -12"><span class='ocrx_word' id='word_1_21' title='bbox 298 665 481 729; x_wconf 86' lang='lat' dir='ltr'><strong>fuerit,</strong></span> <span class='ocrx_word' id='word_1_22' title='bbox 511 678 630 718; x_wconf 92' lang='lat' dir='ltr'><strong>cum</strong></span> <span class='ocrx_word' id='word_1_23' title='bbox 660 663 694 716; x_wconf 87' lang='lat' dir='ltr'><strong>ii</strong></span> <span class='ocrx_word' id='word_1_24' title='bbox 725 663 814 731; x_wconf 86' lang='lat' dir='ltr'><strong>qui</strong></span> <span class='ocrx_word' id='word_1_25' title='bbox 841 663 1081 731; x_wconf 86' lang='lat' dir='ltr'><strong>corporis</strong></span> <span class='ocrx_word' id='word_1_26' title='bbox 1101 671 1324 716; x_wconf 90' lang='lat' dir='ltr'><strong>mortem</strong></span> <span class='ocrx_word' id='word_1_27' title='bbox 1355 661 1549 730; x_wconf 78' lang='lat' dir='ltr'><strong>lugent,</strong></span> <span class='ocrx_word' id='word_1_28' title='bbox 1579 669 1682 713; x_wconf 90' lang='lat' dir='ltr'><strong>tam</strong></span> <span class='ocrx_word' id='word_1_29' title='bbox 1705 658 1865 712; x_wconf 90' lang='lat' dir='ltr'><strong>vehe-</strong></span> 
     </span>
    </p>
   </div>
   <div class='ocr_carea' id='block_1_5' title="bbox 292 747 1862 816">
    <p class='ocr_par' dir='ltr' id='par_1_5' title="bbox 292 747 1862 816">
     <span class='ocr_line' id='line_1_5' title="bbox 292 747 1862 816; baseline -0.004 -7"><span class='ocrx_word' id='word_1_30' title='bbox 292 766 502 810; x_wconf 91' lang='lat' dir='ltr'><strong>menter</strong></span> <span class='ocrx_word' id='word_1_31' title='bbox 542 755 558 786; x_wconf 80' lang='grc'>⁸</span> <span class='ocrx_word' id='word_1_32' title='bbox 587 752 640 806; x_wconf 89' lang='lat' dir='ltr'><strong>id</strong></span> <span class='ocrx_word' id='word_1_33' title='bbox 681 752 902 816; x_wconf 87' lang='lat' dir='ltr'><strong>faciant,</strong></span> <span class='ocrx_word' id='word_1_34' title='bbox 949 752 1070 806; x_wconf 88' lang='lat' dir='ltr'><strong>licet</strong></span> <span class='ocrx_word' id='word_1_35' title='bbox 1121 752 1291 806; x_wconf 91' lang='lat' dir='ltr'><strong>sciant</strong></span> <span class='ocrx_word' id='word_1_36' title='bbox 1329 766 1387 806; x_wconf 88' lang='lat' dir='ltr'><strong>se</strong></span> <span class='ocrx_word' id='word_1_37' title='bbox 1440 749 1742 804; x_wconf 90' lang='lat' dir='ltr'><strong>defunctum</strong></span> <span class='ocrx_word' id='word_1_38' title='bbox 1797 747 1862 802; x_wconf 87' lang='lat' dir='ltr'><strong>ad</strong></span> 
     </span>
    </p>
   </div>
   <div class='ocr_carea' id='block_1_6' title="bbox 292 825 1860 916">
    <p class='ocr_par' dir='ltr' id='par_1_6' title="bbox 292 825 1860 916">
     <span class='ocr_line' id='line_1_6' title="bbox 292 825 1860 916; baseline -0.006 -16"><span class='ocrx_word' id='word_1_39' title='bbox 292 848 456 900; x_wconf 85' lang='lat' dir='ltr'><strong>vitam</strong></span> <span class='ocrx_word' id='word_1_40' title='bbox 489 844 738 916; x_wconf 85' lang='lat' dir='ltr'><strong>lacrymis</strong></span> <span class='ocrx_word' id='word_1_41' title='bbox 779 859 883 897; x_wconf 92' lang='lat' dir='ltr'><strong>non</strong></span> <span class='ocrx_word' id='word_1_42' title='bbox 913 851 1252 898; x_wconf 78' lang='lat' dir='ltr'><strong>revocaturos</strong></span> <span class='ocrx_word' id='word_1_43' title='bbox 1279 857 1430 906; x_wconf 87' lang='lat' dir='ltr'><strong>esse;</strong></span> <span class='ocrx_word' id='word_1_44' title='bbox 1464 857 1560 895; x_wconf 91' lang='lat' dir='ltr'><strong>nos</strong></span> <span class='ocrx_word' id='word_1_45' title='bbox 1599 841 1727 894; x_wconf 81' lang='lat' dir='ltr'><strong>nihil</strong></span> <span class='ocrx_word' id='word_1_46' title='bbox 1751 825 1860 892; x_wconf 44' lang='lat' dir='ltr'><strong>&#39;hu-</strong></span> 
     </span>
    </p>
   </div>
   <div class='ocr_carea' id='block_1_7' title="bbox 249 929 1864 1009">
    <p class='ocr_par' dir='ltr' id='par_1_7' title="bbox 249 929 1864 1009">
     <span class='ocr_line' id='line_1_7' title="bbox 249 929 1864 1009; baseline -0.007 -17"><span class='ocrx_word' id='word_1_47' title='bbox 249 955 263 1009; x_wconf 68' lang='lat'><strong>;</strong></span> <span class='ocrx_word' id='word_1_48' title='bbox 290 937 525 1009; x_wconf 89' lang='lat' dir='ltr'><strong>jusmodi</strong></span> <span class='ocrx_word' id='word_1_49' title='bbox 569 935 822 990; x_wconf 84' lang='lat' dir='ltr'><strong>exhibere</strong></span> <span class='ocrx_word' id='word_1_50' title='bbox 845 975 860 1000; x_wconf 90' lang='lat'><strong>,</strong></span> <span class='ocrx_word' id='word_1_51' title='bbox 898 934 986 1002; x_wconf 87' lang='lat' dir='ltr'><strong>qui</strong></span> <span class='ocrx_word' id='word_1_52' title='bbox 1016 933 1214 988; x_wconf 85' lang='lat' dir='ltr'><strong>scimus</strong></span> <span class='ocrx_word' id='word_1_53' title='bbox 1255 947 1402 1000; x_wconf 88' lang='lat' dir='ltr'><strong>spem</strong></span> <span class='ocrx_word' id='word_1_54' title='bbox 1441 945 1559 986; x_wconf 89' lang='lat' dir='ltr'><strong>esse</strong></span> <span class='ocrx_word' id='word_1_55' title='bbox 1585 931 1651 986; x_wconf 89' lang='lat' dir='ltr'><strong>de</strong></span> <span class='ocrx_word' id='word_1_56' title='bbox 1691 929 1864 984; x_wconf 91' lang='lat' dir='ltr'><strong>anima</strong></span> 
     </span>
    </p>
   </div>
   <div class='ocr_carea' id='block_1_8' title="bbox 256 1021 1865 1096">
    <p class='ocr_par' dir='ltr' id='par_1_8' title="bbox 256 1021 1865 1096">
     <span class='ocr_line' id='line_1_8' title="bbox 256 1021 1865 1096; baseline -0.007 -9"><span class='ocrx_word' id='word_1_57' title='bbox 256 1021 504 1088; x_wconf 25' lang='lat' dir='ltr'><strong>imortua</strong></span> <span class='ocrx_word' id='word_1_58' title='bbox 553 1027 605 1082; x_wconf 91' lang='lat' dir='ltr'><strong>in</strong></span> <span class='ocrx_word' id='word_1_59' title='bbox 662 1026 941 1096; x_wconf 85' lang='lat' dir='ltr'><strong>pristinam</strong></span> <span class='ocrx_word' id='word_1_60' title='bbox 989 1026 1149 1080; x_wconf 85' lang='lat' dir='ltr'><strong>vitam</strong></span> <span class='ocrx_word' id='word_1_61' title='bbox 1195 1023 1540 1078; x_wconf 88' lang='lat' dir='ltr'><strong>reducenda?</strong></span> <span class='ocrx_word' id='word_1_62' title='bbox 1595 1021 1865 1089; x_wconf 75' lang='lat' dir='ltr'><strong>Siquidem</strong></span> 
     </span>
    </p>
   </div>
   <div class='ocr_carea' id='block_1_9' title="bbox 293 1115 1863 1186">
    <p class='ocr_par' dir='ltr' id='par_1_9' title="bbox 293 1115 1863 1186">
     <span class='ocr_line' id='line_1_9' title="bbox 293 1115 1863 1186; baseline -0.006 -8"><span class='ocrx_word' id='word_1_63' title='bbox 293 1121 448 1178; x_wconf 85' lang='lat' dir='ltr'><strong>multi</strong></span> <span class='ocrx_word' id='word_1_64' title='bbox 477 1127 531 1173; x_wconf 92' lang='lat' dir='ltr'><strong>et</strong></span> <span class='ocrx_word' id='word_1_65' title='bbox 555 1117 658 1173; x_wconf 87' lang='lat' dir='ltr'><strong>hoc</strong></span> <span class='ocrx_word' id='word_1_66' title='bbox 682 1127 922 1186; x_wconf 86' lang='lat' dir='ltr'><strong>tempore</strong></span> <span class='ocrx_word' id='word_1_67' title='bbox 947 1124 1003 1170; x_wconf 90' lang='lat' dir='ltr'><strong>et</strong></span> <span class='ocrx_word' id='word_1_68' title='bbox 1039 1115 1297 1186; x_wconf 84' lang='lat' dir='ltr'><strong>majorum</strong></span> <span class='ocrx_word' id='word_1_69' title='bbox 1331 1125 1628 1169; x_wconf 75' lang='lat' dir='ltr'><strong>uestrorum</strong></span> <span class='ocrx_word' id='word_1_70' title='bbox 1657 1128 1801 1174; x_wconf 64' lang='lat' dir='ltr'><strong>aevo,</strong></span> <span class='ocrx_word' id='word_1_71' title='bbox 1835 1129 1863 1168; x_wconf 87' lang='lat' dir='ltr'><strong>a</strong></span> 
     </span>
    </p>
   </div>
   <div class='ocr_carea' id='block_1_10' title="bbox 295 1203 1864 1274">
    <p class='ocr_par' dir='ltr' id='par_1_10' title="bbox 295 1203 1864 1274">
     <span class='ocr_line' id='line_1_10' title="bbox 295 1203 1864 1274; baseline -0.005 -8"><span class='ocrx_word' id='word_1_72' title='bbox 295 1221 444 1267; x_wconf 86' lang='lat' dir='ltr'><strong>recta</strong></span> <span class='ocrx_word' id='word_1_73' title='bbox 485 1208 712 1263; x_wconf 83' lang='lat' dir='ltr'><strong>statione</strong></span> <span class='ocrx_word' id='word_1_74' title='bbox 751 1206 992 1261; x_wconf 84' lang='lat' dir='ltr'><strong>subversi</strong></span> <span class='ocrx_word' id='word_1_75' title='bbox 1031 1207 1176 1260; x_wconf 88' lang='lat' dir='ltr'><strong>etab</strong></span> <span class='ocrx_word' id='word_1_76' title='bbox 1202 1214 1419 1274; x_wconf 84' lang='lat' dir='ltr'><strong>angusta</strong></span> <span class='ocrx_word' id='word_1_77' title='bbox 1451 1205 1537 1258; x_wconf 91' lang='lat' dir='ltr'><strong>via</strong></span> <span class='ocrx_word' id='word_1_78' title='bbox 1569 1203 1864 1273; x_wconf 62' lang='lat' dir='ltr'><strong>praecipites</strong></span> 
     </span>
    </p>
   </div>
   <div class='ocr_carea' id='block_1_11' title="bbox 297 1295 1864 1368">
    <p class='ocr_par' dir='ltr' id='par_1_11' title="bbox 297 1295 1864 1368">
     <span class='ocr_line' id='line_1_11' title="bbox 297 1295 1864 1368; baseline -0.006 -10"><span class='ocrx_word' id='word_1_79' title='bbox 297 1302 428 1362; x_wconf 87' lang='lat' dir='ltr'><strong>dati.</strong></span> <span class='ocrx_word' id='word_1_80' title='bbox 458 1302 528 1363; x_wconf 85' lang='lat' dir='ltr'><strong>ita</strong></span> <span class='ocrx_word' id='word_1_81' title='bbox 558 1315 843 1356; x_wconf 78' lang='lat' dir='ltr'><strong>surrexere</strong></span> <span class='ocrx_word' id='word_1_82' title='bbox 869 1297 1064 1362; x_wconf 87' lang='lat' dir='ltr'><strong>denuo,</strong></span> <span class='ocrx_word' id='word_1_83' title='bbox 1095 1308 1150 1352; x_wconf 91' lang='lat' dir='ltr'><strong>ut</strong></span> <span class='ocrx_word' id='word_1_84' title='bbox 1178 1297 1472 1368; x_wconf 78' lang='lat' dir='ltr'><strong>posteriore</strong></span> <span class='ocrx_word' id='word_1_85' title='bbox 1499 1297 1603 1349; x_wconf 88' lang='lat' dir='ltr'><strong>vita</strong></span> <span class='ocrx_word' id='word_1_86' title='bbox 1637 1295 1864 1364; x_wconf 78' lang='lat' dir='ltr'><strong>priorem</strong></span> 
     </span>
    </p>
   </div>
   <div class='ocr_carea' id='block_1_12' title="bbox 300 1386 1862 1464">
    <p class='ocr_par' dir='ltr' id='par_1_12' title="bbox 300 1386 1862 1464">
     <span class='ocr_line' id='line_1_12' title="bbox 300 1386 1862 1464; baseline -0.009 -13"><span class='ocrx_word' id='word_1_87' title='bbox 300 1393 632 1464; x_wconf 76' lang='lat' dir='ltr'><strong>obtegerent,</strong></span> <span class='ocrx_word' id='word_1_88' title='bbox 659 1392 882 1459; x_wconf 85' lang='lat' dir='ltr'><strong>palmam</strong></span> <span class='ocrx_word' id='word_1_89' title='bbox 905 1389 1226 1459; x_wconf 89' lang='lat' dir='ltr'><strong>acciperent,</strong></span> <span class='ocrx_word' id='word_1_90' title='bbox 1255 1402 1449 1442; x_wconf 84' lang='lat' dir='ltr'><strong>corona</strong></span> <span class='ocrx_word' id='word_1_91' title='bbox 1471 1386 1862 1451; x_wconf 82' lang='lat' dir='ltr'><strong>redimirentur,</strong></span> 
     </span>
    </p>
   </div>
   <div class='ocr_carea' id='block_1_13' title="bbox 297 1474 1868 1548">
    <p class='ocr_par' dir='ltr' id='par_1_13' title="bbox 297 1474 1868 1548">
     <span class='ocr_line' id='line_1_13' title="bbox 297 1474 1868 1548; baseline -0.006 -10"><span class='ocrx_word' id='word_1_92' title='bbox 297 1499 421 1538; x_wconf 90' lang='lat' dir='ltr'><strong>cum</strong></span> <span class='ocrx_word' id='word_1_93' title='bbox 454 1481 739 1536; x_wconf 74' lang='lat' dir='ltr'><strong>victoribus</strong></span> <span class='ocrx_word' id='word_1_94' title='bbox 777 1479 1228 1548; x_wconf 72' lang='lat' dir='ltr'><strong>przedicarcntur,</strong></span> <span class='ocrx_word' id='word_1_95' title='bbox 1270 1487 1324 1532; x_wconf 90' lang='lat' dir='ltr'><strong>et</strong></span> <span class='ocrx_word' id='word_1_96' title='bbox 1365 1486 1664 1538; x_wconf 78' lang='lat' dir='ltr'><strong>sanctorum</strong></span> <span class='ocrx_word' id='word_1_97' title='bbox 1705 1474 1868 1528; x_wconf 82' lang='lat' dir='ltr'><strong>choro</strong></span> 
     </span>
    </p>
   </div>
   <div class='ocr_carea' id='block_1_14' title="bbox 296 1566 1869 1638">
    <p class='ocr_par' dir='ltr' id='par_1_14' title="bbox 296 1566 1869 1638">
     <span class='ocr_line' id='line_1_14' title="bbox 296 1566 1869 1638; baseline -0.006 -8"><span class='ocrx_word' id='word_1_98' title='bbox 296 1581 796 1630; x_wconf 86' lang='lat' dir='ltr'><strong>annumerareutur.</strong></span> <span class='ocrx_word' id='word_1_99' title='bbox 858 1570 1117 1638; x_wconf 81' lang='lat' dir='ltr'><strong>Quamdiu</strong></span> <span class='ocrx_word' id='word_1_100' title='bbox 1168 1579 1340 1623; x_wconf 91' lang='lat' dir='ltr'><strong>tamen</strong></span> <span class='ocrx_word' id='word_1_101' title='bbox 1389 1569 1507 1638; x_wconf 89' lang='lat' dir='ltr'><strong>quis</strong></span> <span class='ocrx_word' id='word_1_102' title='bbox 1556 1568 1606 1620; x_wconf 91' lang='lat' dir='ltr'><strong>in</strong></span> <span class='ocrx_word' id='word_1_103' title='bbox 1661 1566 1869 1621; x_wconf 86' lang='lat' dir='ltr'><strong>fornace</strong></span> 
     </span>
    </p>
   </div>
   <div class='ocr_carea' id='block_1_15' title="bbox 298 1657 1866 1732">
    <p class='ocr_par' dir='ltr' id='par_1_15' title="bbox 298 1657 1866 1732">
     <span class='ocr_line' id='line_1_15' title="bbox 298 1657 1866 1732; baseline -0.006 -14"><span class='ocrx_word' id='word_1_104' title='bbox 298 1665 627 1732; x_wconf 89' lang='lat' dir='ltr'><strong>voluptatum</strong></span> <span class='ocrx_word' id='word_1_105' title='bbox 673 1662 950 1725; x_wconf 88' lang='lat' dir='ltr'><strong>consistit,</strong></span> <span class='ocrx_word' id='word_1_106' title='bbox 1004 1661 1210 1714; x_wconf 88' lang='lat' dir='ltr'><strong>etiamsi</strong></span> <span class='ocrx_word' id='word_1_107' title='bbox 1256 1660 1528 1714; x_wconf 88' lang='lat' dir='ltr'><strong>innumera</strong></span> <span class='ocrx_word' id='word_1_108' title='bbox 1570 1657 1866 1726; x_wconf 88' lang='lat' dir='ltr'><strong>lmjusmodi</strong></span> 
     </span>
    </p>
   </div>
   <div class='ocr_carea' id='block_1_16' title="bbox 297 1749 1870 1825">
    <p class='ocr_par' dir='ltr' id='par_1_16' title="bbox 297 1749 1870 1825">
     <span class='ocr_line' id='line_1_16' title="bbox 297 1749 1870 1825; baseline -0.006 -15"><span class='ocrx_word' id='word_1_109' title='bbox 297 1755 540 1823; x_wconf 86' lang='lat' dir='ltr'><strong>exempla</strong></span> <span class='ocrx_word' id='word_1_110' title='bbox 572 1754 837 1825; x_wconf 90' lang='lat' dir='ltr'><strong>proposita</strong></span> <span class='ocrx_word' id='word_1_111' title='bbox 870 1752 1093 1817; x_wconf 84' lang='lat' dir='ltr'><strong>habeat,</strong></span> <span class='ocrx_word' id='word_1_112' title='bbox 1126 1751 1223 1820; x_wconf 88' lang='lat' dir='ltr'><strong>ipsi</strong></span> <span class='ocrx_word' id='word_1_113' title='bbox 1267 1766 1352 1804; x_wconf 85' lang='lat' dir='ltr'><strong>res</strong></span> <span class='ocrx_word' id='word_1_114' title='bbox 1382 1765 1500 1804; x_wconf 82' lang='lat' dir='ltr'><strong>esse</strong></span> <span class='ocrx_word' id='word_1_115' title='bbox 1539 1764 1700 1818; x_wconf 87' lang='lat' dir='ltr'><strong>supra</strong></span> <span class='ocrx_word' id='word_1_116' title='bbox 1731 1749 1870 1801; x_wconf 91' lang='lat' dir='ltr'><strong>vires</strong></span> 
     </span>
    </p>
   </div>
   <div class='ocr_carea' id='block_1_17' title="bbox 297 1837 1869 1915">
    <p class='ocr_par' dir='ltr' id='par_1_17' title="bbox 297 1837 1869 1915">
     <span class='ocr_line' id='line_1_17' title="bbox 297 1837 1869 1915; baseline -0.005 -16"><span class='ocrx_word' id='word_1_117' title='bbox 297 1853 522 1915; x_wconf 84' lang='lat' dir='ltr'><strong>apparet</strong></span> <span class='ocrx_word' id='word_1_118' title='bbox 551 1863 563 1896; x_wconf 93' lang='lat'><strong>:</strong></span> <span class='ocrx_word' id='word_1_119' title='bbox 593 1855 646 1897; x_wconf 90' lang='lat' dir='ltr'><strong>at</strong></span> <span class='ocrx_word' id='word_1_120' title='bbox 677 1844 718 1896; x_wconf 93' lang='lat' dir='ltr'><strong>si</strong></span> <span class='ocrx_word' id='word_1_121' title='bbox 751 1842 832 1904; x_wconf 77' lang='lat' dir='ltr'><strong>vel</strong></span> <span class='ocrx_word' id='word_1_122' title='bbox 864 1842 1126 1896; x_wconf 89' lang='lat' dir='ltr'><strong>tantillum</strong></span> <span class='ocrx_word' id='word_1_123' title='bbox 1154 1840 1376 1910; x_wconf 66' lang='lat' dir='ltr'><strong>coeperit</strong></span> <span class='ocrx_word' id='word_1_124' title='bbox 1401 1839 1543 1893; x_wconf 89' lang='lat' dir='ltr'><strong>illinc</strong></span> <span class='ocrx_word' id='word_1_125' title='bbox 1572 1838 1772 1908; x_wconf 84' lang='lat' dir='ltr'><strong>egredi,</strong></span> <span class='ocrx_word' id='word_1_126' title='bbox 1804 1837 1869 1891; x_wconf 89' lang='lat' dir='ltr'><strong>ad</strong></span> 
     </span>
    </p>
   </div>
   <div class='ocr_carea' id='block_1_18' title="bbox 295 1928 1872 2004">
    <p class='ocr_par' dir='ltr' id='par_1_18' title="bbox 295 1928 1872 2004">
     <span class='ocr_line' id='line_1_18' title="bbox 295 1928 1872 2004; baseline -0.008 -12"><span class='ocrx_word' id='word_1_127' title='bbox 295 1938 554 1992; x_wconf 84' lang='lat' dir='ltr'><strong>ulteriora</strong></span> <span class='ocrx_word' id='word_1_128' title='bbox 580 1950 791 2004; x_wconf 87' lang='lat' dir='ltr'><strong>semper</strong></span> <span class='ocrx_word' id='word_1_129' title='bbox 820 1932 1140 2002; x_wconf 81' lang='lat' dir='ltr'><strong>procedens,</strong></span> <span class='ocrx_word' id='word_1_130' title='bbox 1174 1939 1368 1985; x_wconf 76' lang='lat' dir='ltr'><strong>statum</strong></span> <span class='ocrx_word' id='word_1_131' title='bbox 1397 1930 1542 1984; x_wconf 90' lang='lat' dir='ltr'><strong>illum</strong></span> <span class='ocrx_word' id='word_1_132' title='bbox 1570 1928 1872 1998; x_wconf 87' lang='lat' dir='ltr'><strong>diligentius</strong></span> 
     </span>
    </p>
   </div>
   <div class='ocr_carea' id='block_1_19' title="bbox 295 2024 1872 2102">
    <p class='ocr_par' dir='ltr' id='par_1_19' title="bbox 295 2024 1872 2102">
     <span class='ocr_line' id='line_1_19' title="bbox 295 2024 1872 2102; baseline -0.005 -20"><span class='ocrx_word' id='word_1_133' title='bbox 295 2045 458 2102; x_wconf 88' lang='lat' dir='ltr'><strong>quam</strong></span> <span class='ocrx_word' id='word_1_134' title='bbox 496 2029 668 2098; x_wconf 81' lang='lat' dir='ltr'><strong>ignem</strong></span> <span class='ocrx_word' id='word_1_135' title='bbox 699 2042 726 2079; x_wconf 90' lang='lat' dir='ltr'><strong>a</strong></span> <span class='ocrx_word' id='word_1_136' title='bbox 755 2035 902 2095; x_wconf 87' lang='lat' dir='ltr'><strong>tergo</strong></span> <span class='ocrx_word' id='word_1_137' title='bbox 941 2024 1236 2094; x_wconf 88' lang='lat' dir='ltr'><strong>relinquet,</strong></span> <span class='ocrx_word' id='word_1_138' title='bbox 1279 2037 1341 2077; x_wconf 89' lang='lat' dir='ltr'><strong>ea</strong></span> <span class='ocrx_word' id='word_1_139' title='bbox 1369 2038 1492 2076; x_wconf 89' lang='lat' dir='ltr'><strong>vero</strong></span> <span class='ocrx_word' id='word_1_140' title='bbox 1523 2036 1638 2090; x_wconf 75' lang='lat' dir='ltr'><strong>qua:</strong></span> <span class='ocrx_word' id='word_1_141' title='bbox 1666 2028 1788 2073; x_wconf 90' lang='lat' dir='ltr'><strong>aute</strong></span> <span class='ocrx_word' id='word_1_142' title='bbox 1814 2034 1872 2074; x_wconf 88' lang='lat' dir='ltr'><strong>se</strong></span> 
     </span>
    </p>
   </div>
   <div class='ocr_carea' id='block_1_20' title="bbox 296 2111 1870 2191">
    <p class='ocr_par' dir='ltr' id='par_1_20' title="bbox 296 2111 1870 2191">
     <span class='ocr_line' id='line_1_20' title="bbox 296 2111 1870 2191; baseline -0.009 -16"><span class='ocrx_word' id='word_1_143' title='bbox 296 2121 471 2191; x_wconf 83' lang='lat' dir='ltr'><strong>pesita</strong></span> <span class='ocrx_word' id='word_1_144' title='bbox 502 2126 626 2172; x_wconf 92' lang='lat' dir='ltr'><strong>sunt</strong></span> <span class='ocrx_word' id='word_1_145' title='bbox 650 2117 786 2170; x_wconf 89' lang='lat' dir='ltr'><strong>roris</strong></span> <span class='ocrx_word' id='word_1_146' title='bbox 815 2115 1182 2183; x_wconf 84' lang='lat' dir='ltr'><strong>facilitatisque</strong></span> <span class='ocrx_word' id='word_1_147' title='bbox 1209 2112 1366 2182; x_wconf 87' lang='lat' dir='ltr'><strong>plena</strong></span> <span class='ocrx_word' id='word_1_148' title='bbox 1392 2111 1682 2181; x_wconf 82' lang='lat' dir='ltr'><strong>conspiciet</strong></span> <span class='ocrx_word' id='word_1_149' title='bbox 1712 2129 1725 2164; x_wconf 86' lang='lat'><strong>:</strong></span> <span class='ocrx_word' id='word_1_150' title='bbox 1757 2120 1870 2162; x_wconf 88' lang='lat' dir='ltr'><strong>tau-</strong></span> 
     </span>
    </p>
   </div>
   <div class='ocr_carea' id='block_1_21' title="bbox 299 2201 1870 2276">
    <p class='ocr_par' dir='ltr' id='par_1_21' title="bbox 299 2201 1870 2276">
     <span class='ocr_line' id='line_1_21' title="bbox 299 2201 1870 2276; baseline -0.009 -12"><span class='ocrx_word' id='word_1_151' title='bbox 299 2218 414 2264; x_wconf 91' lang='lat' dir='ltr'><strong>tum</strong></span> <span class='ocrx_word' id='word_1_152' title='bbox 444 2223 508 2262; x_wconf 91' lang='lat' dir='ltr'><strong>ne</strong></span> <span class='ocrx_word' id='word_1_153' title='bbox 533 2207 901 2276; x_wconf 88' lang='lat' dir='ltr'><strong>desperemus,</strong></span> <span class='ocrx_word' id='word_1_154' title='bbox 932 2219 1063 2258; x_wconf 90' lang='lat' dir='ltr'><strong>neve</strong></span> <span class='ocrx_word' id='word_1_155' title='bbox 1089 2203 1156 2257; x_wconf 90' lang='lat' dir='ltr'><strong>de</strong></span> <span class='ocrx_word' id='word_1_156' title='bbox 1181 2202 1351 2256; x_wconf 87' lang='lat' dir='ltr'><strong>reditu</strong></span> <span class='ocrx_word' id='word_1_157' title='bbox 1380 2201 1680 2255; x_wconf 87' lang='lat' dir='ltr'><strong>dubitemus</strong></span> <span class='ocrx_word' id='word_1_158' title='bbox 1711 2217 1723 2253; x_wconf 93' lang='lat'><strong>:</strong></span> <span class='ocrx_word' id='word_1_159' title='bbox 1752 2213 1870 2251; x_wconf 90' lang='lat' dir='ltr'><strong>nam</strong></span> 
     </span>
    </p>
   </div>
   <div class='ocr_carea' id='block_1_22' title="bbox 298 2289 1874 2371">
    <p class='ocr_par' dir='ltr' id='par_1_22' title="bbox 298 2289 1874 2371">
     <span class='ocr_line' id='line_1_22' title="bbox 298 2289 1874 2371; baseline -0.007 -19"><span class='ocrx_word' id='word_1_160' title='bbox 298 2301 392 2371; x_wconf 86' lang='lat' dir='ltr'><strong>qui</strong></span> <span class='ocrx_word' id='word_1_161' title='bbox 422 2298 498 2353; x_wconf 89' lang='lat' dir='ltr'><strong>sic</strong></span> <span class='ocrx_word' id='word_1_162' title='bbox 520 2297 738 2357; x_wconf 86' lang='lat' dir='ltr'><strong>affectus</strong></span> <span class='ocrx_word' id='word_1_163' title='bbox 765 2306 865 2360; x_wconf 87' lang='lat' dir='ltr'><strong>est,</strong></span> <span class='ocrx_word' id='word_1_164' title='bbox 895 2295 1093 2363; x_wconf 71' lang='lat' dir='ltr'><strong>ingenti</strong></span> <span class='ocrx_word' id='word_1_165' title='bbox 1125 2294 1250 2348; x_wconf 90' lang='lat' dir='ltr'><strong>licet</strong></span> <span class='ocrx_word' id='word_1_166' title='bbox 1275 2291 1584 2346; x_wconf 82' lang='lat' dir='ltr'><strong>fortitudine</strong></span> <span class='ocrx_word' id='word_1_167' title='bbox 1609 2302 1662 2344; x_wconf 92' lang='lat' dir='ltr'><strong>ct</strong></span> <span class='ocrx_word' id='word_1_168' title='bbox 1685 2289 1874 2343; x_wconf 86' lang='lat' dir='ltr'><strong>alaeri-</strong></span> 
     </span>
    </p>
   </div>
   <div class='ocr_carea' id='block_1_23' title="bbox 300 2379 1872 2457">
    <p class='ocr_par' dir='ltr' id='par_1_23' title="bbox 300 2379 1872 2457">
     <span class='ocr_line' id='line_1_23' title="bbox 300 2379 1872 2457; baseline -0.006 -15"><span class='ocrx_word' id='word_1_169' title='bbox 300 2398 412 2442; x_wconf 90' lang='lat' dir='ltr'><strong>tate</strong></span> <span class='ocrx_word' id='word_1_170' title='bbox 455 2387 706 2457; x_wconf 59' lang='lat' dir='ltr'><strong>pra‘ditus</strong></span> <span class='ocrx_word' id='word_1_171' title='bbox 736 2387 838 2448; x_wconf 89' lang='lat' dir='ltr'><strong>sit,</strong></span> <span class='ocrx_word' id='word_1_172' title='bbox 883 2400 1000 2438; x_wconf 89' lang='lat' dir='ltr'><strong>eam</strong></span> <span class='ocrx_word' id='word_1_173' title='bbox 1046 2383 1240 2437; x_wconf 83' lang='lat' dir='ltr'><strong>frustra</strong></span> <span class='ocrx_word' id='word_1_174' title='bbox 1269 2381 1526 2450; x_wconf 89' lang='lat' dir='ltr'><strong>possidet.</strong></span> <span class='ocrx_word' id='word_1_175' title='bbox 1570 2380 1702 2436; x_wconf 87' lang='lat' dir='ltr'><strong>Cum</strong></span> <span class='ocrx_word' id='word_1_176' title='bbox 1731 2379 1872 2434; x_wconf 88' lang='lat' dir='ltr'><strong>enim</strong></span> 
     </span>
    </p>
   </div>
   <div class='ocr_carea' id='block_1_24' title="bbox 295 2470 1872 2548">
    <p class='ocr_par' dir='ltr' id='par_1_24' title="bbox 295 2470 1872 2548">
     <span class='ocr_line' id='line_1_24' title="bbox 295 2470 1872 2548; baseline -0.004 -20"><span class='ocrx_word' id='word_1_177' title='bbox 295 2480 514 2548; x_wconf 87' lang='lat' dir='ltr'><strong>januam</strong></span> <span class='ocrx_word' id='word_1_178' title='bbox 543 2476 641 2529; x_wconf 84' lang='lat' dir='ltr'><strong>sibi</strong></span> <span class='ocrx_word' id='word_1_179' title='bbox 687 2475 1010 2544; x_wconf 66' lang='lat' dir='ltr'><strong>paenitentiae</strong></span> <span class='ocrx_word' id='word_1_180' title='bbox 1039 2473 1203 2527; x_wconf 85' lang='lat' dir='ltr'><strong>semel</strong></span> <span class='ocrx_word' id='word_1_181' title='bbox 1245 2472 1544 2537; x_wconf 90' lang='lat' dir='ltr'><strong>occluserit,</strong></span> <span class='ocrx_word' id='word_1_182' title='bbox 1578 2479 1632 2525; x_wconf 90' lang='lat' dir='ltr'><strong>et</strong></span> <span class='ocrx_word' id='word_1_183' title='bbox 1654 2470 1720 2524; x_wconf 86' lang='lat' dir='ltr'><strong>ad</strong></span> <span class='ocrx_word' id='word_1_184' title='bbox 1763 2478 1872 2523; x_wconf 91' lang='lat' dir='ltr'><strong>sta-</strong></span> 
     </span>
    </p>
   </div>
   <div class='ocr_carea' id='block_1_25' title="bbox 301 2559 1874 2632">
    <p class='ocr_par' dir='ltr' id='par_1_25' title="bbox 301 2559 1874 2632">
     <span class='ocr_line' id='line_1_25' title="bbox 301 2559 1874 2632; baseline -0.006 -11"><span class='ocrx_word' id='word_1_185' title='bbox 301 2569 453 2622; x_wconf 89' lang='lat' dir='ltr'><strong>dium</strong></span> <span class='ocrx_word' id='word_1_186' title='bbox 496 2566 851 2620; x_wconf 89' lang='lat' dir='ltr'><strong>iutcrcluserit</strong></span> <span class='ocrx_word' id='word_1_187' title='bbox 893 2563 1125 2628; x_wconf 93' lang='lat' dir='ltr'><strong>aditum,</strong></span> <span class='ocrx_word' id='word_1_188' title='bbox 1166 2563 1430 2632; x_wconf 89' lang='lat' dir='ltr'><strong>quoutodo</strong></span> <span class='ocrx_word' id='word_1_189' title='bbox 1479 2570 1627 2614; x_wconf 80' lang='lat' dir='ltr'><strong>extra</strong></span> <span class='ocrx_word' id='word_1_190' title='bbox 1673 2559 1874 2628; x_wconf 88' lang='lat' dir='ltr'><strong>positus</strong></span> 
     </span>
    </p>
   </div>
   <div class='ocr_carea' id='block_1_26' title="bbox 303 2650 1870 2730">
    <p class='ocr_par' dir='ltr' id='par_1_26' title="bbox 303 2650 1870 2730">
     <span class='ocr_line' id='line_1_26' title="bbox 303 2650 1870 2730; baseline -0.008 -17"><span class='ocrx_word' id='word_1_191' title='bbox 303 2660 500 2730; x_wconf 83' lang='lat' dir='ltr'><strong>poterit</strong></span> <span class='ocrx_word' id='word_1_192' title='bbox 544 2658 624 2712; x_wconf 90' lang='lat' dir='ltr'><strong>vel</strong></span> <span class='ocrx_word' id='word_1_193' title='bbox 675 2672 920 2726; x_wconf 79' lang='lat' dir='ltr'><strong>magnum</strong></span> <span class='ocrx_word' id='word_1_194' title='bbox 954 2654 1034 2709; x_wconf 95' lang='lat' dir='ltr'><strong>vel</strong></span> <span class='ocrx_word' id='word_1_195' title='bbox 1086 2654 1346 2707; x_wconf 87' lang='lat' dir='ltr'><strong>modicum</strong></span> <span class='ocrx_word' id='word_1_196' title='bbox 1395 2651 1660 2721; x_wconf 80' lang='lat' dir='ltr'><strong>quidpiam</strong></span> <span class='ocrx_word' id='word_1_197' title='bbox 1703 2650 1870 2704; x_wconf 77' lang='lat' dir='ltr'><strong>boni’</strong></span> 
     </span>
    </p>
   </div>
   <div class='ocr_carea' id='block_1_27' title="bbox 300 2738 1874 2818">
    <p class='ocr_par' dir='ltr' id='par_1_27' title="bbox 300 2738 1874 2818">
     <span class='ocr_line' id='line_1_27' title="bbox 300 2738 1874 2818; baseline -0.008 -15"><span class='ocrx_word' id='word_1_198' title='bbox 300 2747 559 2818; x_wconf 82' lang='lat' dir='ltr'><strong>Operari?</strong></span> <span class='ocrx_word' id='word_1_199' title='bbox 611 2747 944 2815; x_wconf 81' lang='lat' dir='ltr'><strong>Quapropter</strong></span> <span class='ocrx_word' id='word_1_200' title='bbox 974 2743 1233 2814; x_wconf 78' lang='lat' dir='ltr'><strong>malignus</strong></span> <span class='ocrx_word' id='word_1_201' title='bbox 1263 2743 1352 2796; x_wconf 90' lang='lat' dir='ltr'><strong>ille</strong></span> <span class='ocrx_word' id='word_1_202' title='bbox 1384 2741 1510 2794; x_wconf 90' lang='lat' dir='ltr'><strong>nihil</strong></span> <span class='ocrx_word' id='word_1_203' title='bbox 1538 2755 1642 2794; x_wconf 91' lang='lat' dir='ltr'><strong>non</strong></span> <span class='ocrx_word' id='word_1_204' title='bbox 1662 2738 1874 2793; x_wconf 85' lang='lat' dir='ltr'><strong>machi-</strong></span> 
     </span>
    </p>
   </div>
   <div class='ocr_carea' id='block_1_28' title="bbox 303 2831 1872 2910">
    <p class='ocr_par' dir='ltr' id='par_1_28' title="bbox 303 2831 1872 2910">
     <span class='ocr_line' id='line_1_28' title="bbox 303 2831 1872 2910; baseline -0.006 -14"><span class='ocrx_word' id='word_1_205' title='bbox 303 2850 484 2905; x_wconf 84' lang='lat' dir='ltr'><strong>natur,</strong></span> <span class='ocrx_word' id='word_1_206' title='bbox 529 2857 634 2910; x_wconf 86' lang='lat' dir='ltr'><strong>quo</strong></span> <span class='ocrx_word' id='word_1_207' title='bbox 676 2839 826 2892; x_wconf 86' lang='lat' dir='ltr'><strong>nobis</strong></span> <span class='ocrx_word' id='word_1_208' title='bbox 869 2838 1003 2891; x_wconf 89' lang='lat' dir='ltr'><strong>hanc</strong></span> <span class='ocrx_word' id='word_1_209' title='bbox 1045 2837 1418 2904; x_wconf 80' lang='lat' dir='ltr'><strong>cogitationem</strong></span> <span class='ocrx_word' id='word_1_210' title='bbox 1449 2834 1605 2886; x_wconf 88' lang='lat' dir='ltr'><strong>altius</strong></span> <span class='ocrx_word' id='word_1_211' title='bbox 1635 2831 1872 2901; x_wconf 83' lang='lat' dir='ltr'><strong>defigat:</strong></span> 
     </span>
    </p>
   </div>
   <div class='ocr_carea' id='block_1_29' title="bbox 307 2923 1880 3002">
    <p class='ocr_par' dir='ltr' id='par_1_29' title="bbox 307 2923 1880 3002">
     <span class='ocr_line' id='line_1_29' title="bbox 307 2923 1880 3002; baseline -0.006 -16"><span class='ocrx_word' id='word_1_212' title='bbox 307 2949 434 2986; x_wconf 73' lang='lat' dir='ltr'><strong>nam</strong></span> <span class='ocrx_word' id='word_1_213' title='bbox 464 2941 643 3002; x_wconf 86' lang='lat' dir='ltr'><strong>postea</strong></span> <span class='ocrx_word' id='word_1_214' title='bbox 676 2947 778 2983; x_wconf 88' lang='lat' dir='ltr'><strong>non</strong></span> <span class='ocrx_word' id='word_1_215' title='bbox 812 2927 1106 2983; x_wconf 88' lang='lat' dir='ltr'><strong>sudaudum</strong></span> <span class='ocrx_word' id='word_1_216' title='bbox 1137 2929 1184 2982; x_wconf 89' lang='lat' dir='ltr'><strong>ei</strong></span> <span class='ocrx_word' id='word_1_217' title='bbox 1207 2969 1220 2992; x_wconf 95' lang='lat'><strong>,</strong></span> <span class='ocrx_word' id='word_1_218' title='bbox 1259 2941 1358 2980; x_wconf 90' lang='lat' dir='ltr'><strong>nec</strong></span> <span class='ocrx_word' id='word_1_219' title='bbox 1393 2923 1736 2979; x_wconf 90' lang='lat' dir='ltr'><strong>laborandum</strong></span> <span class='ocrx_word' id='word_1_220' title='bbox 1778 2923 1880 2976; x_wconf 90' lang='lat' dir='ltr'><strong>erit</strong></span> 
     </span>
    </p>
   </div>
   <div class='ocr_carea' id='block_1_30' title="bbox 305 3018 1875 3092">
    <p class='ocr_par' dir='ltr' id='par_1_30' title="bbox 305 3018 1875 3092">
     <span class='ocr_line' id='line_1_30' title="bbox 305 3018 1875 3092; baseline -0.008 -13"><span class='ocrx_word' id='word_1_221' title='bbox 305 3036 366 3079; x_wconf 85' lang='lat' dir='ltr'><strong>ut</strong></span> <span class='ocrx_word' id='word_1_222' title='bbox 405 3040 501 3078; x_wconf 87' lang='lat' dir='ltr'><strong>nos</strong></span> <span class='ocrx_word' id='word_1_223' title='bbox 538 3031 839 3092; x_wconf 79' lang='lat' dir='ltr'><strong>oppugnet;</strong></span> <span class='ocrx_word' id='word_1_224' title='bbox 883 3022 1128 3074; x_wconf 87' lang='lat' dir='ltr'><strong>nimirum</strong></span> <span class='ocrx_word' id='word_1_225' title='bbox 1167 3021 1275 3088; x_wconf 89' lang='lat' dir='ltr'><strong>jam</strong></span> <span class='ocrx_word' id='word_1_226' title='bbox 1317 3020 1492 3087; x_wconf 87' lang='lat' dir='ltr'><strong>lapsos</strong></span> <span class='ocrx_word' id='word_1_227' title='bbox 1522 3028 1574 3072; x_wconf 91' lang='lat' dir='ltr'><strong>et</strong></span> <span class='ocrx_word' id='word_1_228' title='bbox 1615 3018 1875 3086; x_wconf 84' lang='lat' dir='ltr'><strong>jacentes,</strong></span> 
     </span>
    </p>
   </div>
   <div class='ocr_carea' id='block_1_31' title="bbox 305 3106 1880 3186">
    <p class='ocr_par' dir='ltr' id='par_1_31' title="bbox 305 3106 1880 3186">
     <span class='ocr_line' id='line_1_31' title="bbox 305 3106 1880 3186; baseline -0.007 -15"><span class='ocrx_word' id='word_1_229' title='bbox 305 3126 470 3186; x_wconf 85' lang='lat' dir='ltr'><strong>atque</strong></span> <span class='ocrx_word' id='word_1_230' title='bbox 498 3116 546 3170; x_wconf 90' lang='lat' dir='ltr'><strong>ei</strong></span> <span class='ocrx_word' id='word_1_231' title='bbox 575 3115 833 3169; x_wconf 79' lang='lat' dir='ltr'><strong>obsiSterc</strong></span> <span class='ocrx_word' id='word_1_232' title='bbox 859 3113 1120 3166; x_wconf 90' lang='lat' dir='ltr'><strong>nolentes.</strong></span> <span class='ocrx_word' id='word_1_233' title='bbox 1150 3111 1248 3177; x_wconf 89' lang='lat' dir='ltr'><strong>Qui</strong></span> <span class='ocrx_word' id='word_1_234' title='bbox 1279 3111 1418 3165; x_wconf 90' lang='lat' dir='ltr'><strong>enim</strong></span> <span class='ocrx_word' id='word_1_235' title='bbox 1447 3110 1513 3163; x_wconf 90' lang='lat' dir='ltr'><strong>ab</strong></span> <span class='ocrx_word' id='word_1_236' title='bbox 1544 3109 1642 3162; x_wconf 89' lang='lat' dir='ltr'><strong>hoc</strong></span> <span class='ocrx_word' id='word_1_237' title='bbox 1671 3106 1880 3160; x_wconf 88' lang='lat' dir='ltr'><strong>vinculo</strong></span> 
     </span>
    </p>
   </div>
   <div class='ocr_carea' id='block_1_32' title="bbox 307 3199 1881 3277">
    <p class='ocr_par' dir='ltr' id='par_1_32' title="bbox 307 3199 1881 3277">
     <span class='ocr_line' id='line_1_32' title="bbox 307 3199 1881 3277; baseline -0.008 -14"><span class='ocrx_word' id='word_1_238' title='bbox 307 3223 372 3263; x_wconf 79' lang='lat' dir='ltr'><strong>se</strong></span> <span class='ocrx_word' id='word_1_239' title='bbox 401 3206 652 3277; x_wconf 89' lang='lat' dir='ltr'><strong>expedire</strong></span> <span class='ocrx_word' id='word_1_240' title='bbox 685 3206 908 3273; x_wconf 87' lang='lat' dir='ltr'><strong>poterit,</strong></span> <span class='ocrx_word' id='word_1_241' title='bbox 950 3203 1224 3272; x_wconf 87' lang='lat' dir='ltr'><strong>pristinam</strong></span> <span class='ocrx_word' id='word_1_242' title='bbox 1259 3199 1615 3254; x_wconf 86' lang='lat' dir='ltr'><strong>fortitudinem</strong></span> <span class='ocrx_word' id='word_1_243' title='bbox 1659 3211 1881 3266; x_wconf 82' lang='lat' dir='ltr'><strong>recupe-</strong></span> 
     </span>
    </p>
   </div>
   <div class='ocr_carea' id='block_1_33' title="bbox 308 3290 1879 3362">
    <p class='ocr_par' dir='ltr' id='par_1_33' title="bbox 308 3290 1879 3362">
     <span class='ocr_line' id='line_1_33' title="bbox 308 3290 1879 3362; baseline -0.008 -10"><span class='ocrx_word' id='word_1_244' title='bbox 308 3299 472 3362; x_wconf 87' lang='lat' dir='ltr'><strong>rabit,</strong></span> <span class='ocrx_word' id='word_1_245' title='bbox 501 3311 601 3352; x_wconf 87' lang='lat' dir='ltr'><strong>nec</strong></span> <span class='ocrx_word' id='word_1_246' title='bbox 627 3297 856 3350; x_wconf 87' lang='lat' dir='ltr'><strong>cessabit</strong></span> <span class='ocrx_word' id='word_1_247' title='bbox 884 3294 949 3347; x_wconf 88' lang='lat' dir='ltr'><strong>ad</strong></span> <span class='ocrx_word' id='word_1_248' title='bbox 979 3302 1274 3348; x_wconf 80' lang='lat' dir='ltr'><strong>extremum</strong></span> <span class='ocrx_word' id='word_1_249' title='bbox 1300 3305 1466 3360; x_wconf 88' lang='lat' dir='ltr'><strong>usque</strong></span> <span class='ocrx_word' id='word_1_250' title='bbox 1494 3290 1712 3343; x_wconf 89' lang='lat' dir='ltr'><strong>halitum</strong></span> <span class='ocrx_word' id='word_1_251' title='bbox 1757 3303 1879 3342; x_wconf 92' lang='lat' dir='ltr'><strong>cum</strong></span> 
     </span>
    </p>
   </div>
   <div class='ocr_carea' id='block_1_34' title="bbox 309 3380 1880 3457">
    <p class='ocr_par' dir='ltr' id='par_1_34' title="bbox 309 3380 1880 3457">
     <span class='ocr_line' id='line_1_34' title="bbox 309 3380 1880 3457; baseline -0.008 -15"><span class='ocrx_word' id='word_1_252' title='bbox 309 3389 406 3442; x_wconf 87' lang='lat' dir='ltr'><strong>illo</strong></span> <span class='ocrx_word' id='word_1_253' title='bbox 437 3402 668 3457; x_wconf 81' lang='lat' dir='ltr'><strong>pugnare</strong></span> <span class='ocrx_word' id='word_1_254' title='bbox 696 3402 710 3438; x_wconf 92' lang='lat'><strong>:</strong></span> <span class='ocrx_word' id='word_1_255' title='bbox 743 3385 949 3439; x_wconf 90' lang='lat' dir='ltr'><strong>etiamsi</strong></span> <span class='ocrx_word' id='word_1_256' title='bbox 976 3399 1104 3437; x_wconf 90' lang='lat' dir='ltr'><strong>vero</strong></span> <span class='ocrx_word' id='word_1_257' title='bbox 1134 3383 1185 3436; x_wconf 93' lang='lat' dir='ltr'><strong>in</strong></span> <span class='ocrx_word' id='word_1_258' title='bbox 1225 3389 1503 3435; x_wconf 80' lang='lat' dir='ltr'><strong>sexcentos</strong></span> <span class='ocrx_word' id='word_1_259' title='bbox 1544 3380 1723 3447; x_wconf 88' lang='lat' dir='ltr'><strong>lapsus</strong></span> <span class='ocrx_word' id='word_1_260' title='bbox 1753 3391 1880 3446; x_wconf 89' lang='lat' dir='ltr'><strong>pro-</strong></span> 
     </span>
    </p>
   </div>
   <div class='ocr_carea' id='block_1_35' title="bbox 311 3473 1884 3550">
    <p class='ocr_par' dir='ltr' id='par_1_35' title="bbox 311 3473 1884 3550">
     <span class='ocr_line' id='line_1_35' title="bbox 311 3473 1884 3550; baseline -0.008 -14"><span class='ocrx_word' id='word_1_261' title='bbox 311 3492 453 3544; x_wconf 87' lang='lat' dir='ltr'><strong>ruat,</strong></span> <span class='ocrx_word' id='word_1_262' title='bbox 482 3493 660 3550; x_wconf 78' lang='lat' dir='ltr'><strong>surget</strong></span> <span class='ocrx_word' id='word_1_263' title='bbox 688 3481 904 3543; x_wconf 80' lang='lat' dir='ltr'><strong>iterum,</strong></span> <span class='ocrx_word' id='word_1_264' title='bbox 933 3487 986 3532; x_wconf 90' lang='lat' dir='ltr'><strong>et</strong></span> <span class='ocrx_word' id='word_1_265' title='bbox 1013 3477 1216 3531; x_wconf 88' lang='lat' dir='ltr'><strong>hostem</strong></span> <span class='ocrx_word' id='word_1_266' title='bbox 1247 3475 1509 3529; x_wconf 89' lang='lat' dir='ltr'><strong>conficiet.</strong></span> <span class='ocrx_word' id='word_1_267' title='bbox 1538 3473 1732 3527; x_wconf 87' lang='lat' dir='ltr'><strong>Contra</strong></span> <span class='ocrx_word' id='word_1_268' title='bbox 1756 3484 1884 3525; x_wconf 91' lang='lat' dir='ltr'><strong>vero</strong></span> 
     </span>
    </p>
   </div>
   <div class='ocr_carea' id='block_1_36' title="bbox 310 3561 1880 3646">
    <p class='ocr_par' dir='ltr' id='par_1_36' title="bbox 310 3561 1880 3646">
     <span class='ocr_line' id='line_1_36' title="bbox 310 3561 1880 3646; baseline -0.009 -20"><span class='ocrx_word' id='word_1_269' title='bbox 310 3575 399 3646; x_wconf 90' lang='lat' dir='ltr'><strong>qui</strong></span> <span class='ocrx_word' id='word_1_270' title='bbox 431 3571 818 3642; x_wconf 71' lang='lat' dir='ltr'><strong>desperationis</strong></span> <span class='ocrx_word' id='word_1_271' title='bbox 847 3568 1168 3638; x_wconf 78' lang='lat' dir='ltr'><strong>cogitatione</strong></span> <span class='ocrx_word' id='word_1_272' title='bbox 1195 3567 1414 3635; x_wconf 78' lang='lat' dir='ltr'><strong>ligatur,</strong></span> <span class='ocrx_word' id='word_1_273' title='bbox 1439 3565 1636 3618; x_wconf 89' lang='lat' dir='ltr'><strong>fractus</strong></span> <span class='ocrx_word' id='word_1_274' title='bbox 1662 3561 1880 3626; x_wconf 88' lang='lat' dir='ltr'><strong>viribus,</strong></span> 
     </span>
    </p>
   </div>
   <div class='ocr_carea' id='block_1_37' title="bbox 310 3652 1881 3735">
    <p class='ocr_par' dir='ltr' id='par_1_37' title="bbox 310 3652 1881 3735">
     <span class='ocr_line' id='line_1_37' title="bbox 310 3652 1881 3735; baseline -0.008 -19"><span class='ocrx_word' id='word_1_275' title='bbox 310 3664 581 3735; x_wconf 89' lang='lat' dir='ltr'><strong>quomodo</strong></span> <span class='ocrx_word' id='word_1_276' title='bbox 607 3677 860 3731; x_wconf 88' lang='lat' dir='ltr'><strong>superare</strong></span> <span class='ocrx_word' id='word_1_277' title='bbox 898 3660 1090 3731; x_wconf 87' lang='lat' dir='ltr'><strong>poterit</strong></span> <span class='ocrx_word' id='word_1_278' title='bbox 1115 3659 1200 3715; x_wconf 89' lang='lat' dir='ltr'><strong>vel</strong></span> <span class='ocrx_word' id='word_1_279' title='bbox 1227 3657 1486 3713; x_wconf 87' lang='lat' dir='ltr'><strong>obsistere</strong></span> <span class='ocrx_word' id='word_1_280' title='bbox 1505 3696 1520 3723; x_wconf 94' lang='lat'><strong>,</strong></span> <span class='ocrx_word' id='word_1_281' title='bbox 1546 3670 1666 3709; x_wconf 92' lang='lat' dir='ltr'><strong>cum</strong></span> <span class='ocrx_word' id='word_1_282' title='bbox 1697 3669 1759 3708; x_wconf 83' lang='lat' dir='ltr'><strong>ex</strong></span> <span class='ocrx_word' id='word_1_283' title='bbox 1789 3652 1881 3705; x_wconf 90' lang='lat' dir='ltr'><strong>ad-</strong></span> 
     </span>
    </p>
   </div>
   <div class='ocr_carea' id='block_1_38' title="bbox 313 3753 708 3824">
    <p class='ocr_par' dir='ltr' id='par_1_38' title="bbox 313 3753 708 3824">
     <span class='ocr_line' id='line_1_38' title="bbox 313 3753 708 3824; baseline 0 -16"><span class='ocrx_word' id='word_1_284' title='bbox 313 3772 473 3811; x_wconf 79' lang='lat' dir='ltr'><strong>verso</strong></span> <span class='ocrx_word' id='word_1_285' title='bbox 505 3755 665 3824; x_wconf 81' lang='lat' dir='ltr'><strong>fugiat</strong></span> <span class='ocrx_word' id='word_1_286' title='bbox 685 3753 708 3808; x_wconf 89' lang='lat'><strong>?</strong></span> 
     </span>
    </p>
   </div>
   <div class='ocr_carea' id='block_1_39' title="bbox 386 3839 1884 3912">
    <p class='ocr_par' dir='ltr' id='par_1_39' title="bbox 386 3839 1884 3912">
     <span class='ocr_line' id='line_1_39' title="bbox 386 3839 1884 3912; baseline -0.005 -11"><span class='ocrx_word' id='word_1_287' title='bbox 386 3847 441 3901; x_wconf 70' lang='grc'><strong>4.</strong></span> <span class='ocrx_word' id='word_1_288' title='bbox 477 3845 673 3910; x_wconf 75' lang='grc' dir='ltr'><strong>Ωιιωυὶδ</strong></span> <span class='ocrx_word' id='word_1_289' title='bbox 703 3843 888 3899; x_wconf 80' lang='lat' dir='ltr'><strong>scelera</strong></span> <span class='ocrx_word' id='word_1_290' title='bbox 917 3842 1205 3912; x_wconf 77' lang='lat' dir='ltr'><strong>paenitentia</strong></span> <span class='ocrx_word' id='word_1_291' title='bbox 1243 3839 1488 3894; x_wconf 81' lang='lat' dir='ltr'><strong>delentur.</strong></span> <span class='ocrx_word' id='word_1_292' title='bbox 1517 3870 1585 3880; x_wconf 91' lang='lat'><strong><em>—</em></strong></span> <span class='ocrx_word' id='word_1_293' title='bbox 1608 3839 1716 3894; x_wconf 82' lang='lat' dir='ltr'><strong>Nec</strong></span> <span class='ocrx_word' id='word_1_294' title='bbox 1739 3840 1884 3894; x_wconf 88' lang='lat' dir='ltr'><strong>dicas</strong></span> 
     </span>
    </p>
   </div>
   <div class='ocr_carea' id='block_1_40' title="bbox 315 3933 1882 4006">
    <p class='ocr_par' dir='ltr' id='par_1_40' title="bbox 315 3933 1882 4006">
     <span class='ocr_line' id='line_1_40' title="bbox 315 3933 1882 4006; baseline -0.003 -16"><span class='ocrx_word' id='word_1_295' title='bbox 315 3937 434 3991; x_wconf 75' lang='lat' dir='ltr'><strong>hzec</strong></span> <span class='ocrx_word' id='word_1_296' title='bbox 464 3937 527 3990; x_wconf 89' lang='lat' dir='ltr'><strong>ad</strong></span> <span class='ocrx_word' id='word_1_297' title='bbox 573 3951 666 3989; x_wconf 90' lang='lat' dir='ltr'><strong>eos</strong></span> <span class='ocrx_word' id='word_1_298' title='bbox 705 3936 793 4006; x_wconf 89' lang='lat' dir='ltr'><strong>qui</strong></span> <span class='ocrx_word' id='word_1_299' title='bbox 826 3934 1030 3988; x_wconf 90' lang='lat' dir='ltr'><strong>modice</strong></span> <span class='ocrx_word' id='word_1_300' title='bbox 1072 3933 1411 4002; x_wconf 87' lang='lat' dir='ltr'><strong>deliquerunt</strong></span> <span class='ocrx_word' id='word_1_301' title='bbox 1451 3933 1715 4002; x_wconf 89' lang='lat' dir='ltr'><strong>pertinere</strong></span> <span class='ocrx_word' id='word_1_302' title='bbox 1747 3951 1760 3987; x_wconf 92' lang='lat'>:</span> <span class='ocrx_word' id='word_1_303' title='bbox 1791 3934 1882 3987; x_wconf 86' lang='lat' dir='ltr'><strong>sed</strong></span> 
     </span>
    </p>
   </div>
   <div class='ocr_carea' id='block_1_41' title="bbox 314 4023 1884 4098">
    <p class='ocr_par' dir='ltr' id='par_1_41' title="bbox 314 4023 1884 4098">
     <span class='ocr_line' id='line_1_41' title="bbox 314 4023 1884 4098; baseline 0 -21"><span class='ocrx_word' id='word_1_304' title='bbox 314 4043 458 4098; x_wconf 85' lang='lat' dir='ltr'><strong>pone</strong></span> <span class='ocrx_word' id='word_1_305' title='bbox 485 4027 780 4097; x_wconf 83' lang='lat' dir='ltr'><strong>quempiam</strong></span> <span class='ocrx_word' id='word_1_306' title='bbox 824 4024 965 4081; x_wconf 86' lang='lat' dir='ltr'><strong>omni</strong></span> <span class='ocrx_word' id='word_1_307' title='bbox 997 4023 1192 4093; x_wconf 83' lang='lat' dir='ltr'><strong>flagitio</strong></span> <span class='ocrx_word' id='word_1_308' title='bbox 1220 4023 1431 4092; x_wconf 89' lang='lat' dir='ltr'><strong>plenum</strong></span> <span class='ocrx_word' id='word_1_309' title='bbox 1454 4065 1467 4085; x_wconf 92' lang='lat'><strong>,</strong></span> <span class='ocrx_word' id='word_1_310' title='bbox 1501 4023 1588 4092; x_wconf 88' lang='lat' dir='ltr'><strong>qui</strong></span> <span class='ocrx_word' id='word_1_311' title='bbox 1620 4023 1749 4076; x_wconf 89' lang='lat' dir='ltr'><strong>nihil</strong></span> <span class='ocrx_word' id='word_1_312' title='bbox 1781 4040 1884 4077; x_wconf 93' lang='lat' dir='ltr'><strong>non</strong></span> 
     </span>
    </p>
   </div>
   <div class='ocr_carea' id='block_1_42' title="bbox 315 4112 1882 4188">
    <p class='ocr_par' dir='ltr' id='par_1_42' title="bbox 315 4112 1882 4188">
     <span class='ocr_line' id='line_1_42' title="bbox 315 4112 1882 4188; baseline -0.003 -17"><span class='ocrx_word' id='word_1_313' title='bbox 315 4118 508 4188; x_wconf 82' lang='lat' dir='ltr'><strong>egerit,</strong></span> <span class='ocrx_word' id='word_1_314' title='bbox 535 4115 673 4186; x_wconf 89' lang='lat' dir='ltr'><strong>quod</strong></span> <span class='ocrx_word' id='word_1_315' title='bbox 701 4131 729 4169; x_wconf 85' lang='lat' dir='ltr'><strong>a</strong></span> <span class='ocrx_word' id='word_1_316' title='bbox 771 4130 934 4184; x_wconf 86' lang='lat' dir='ltr'><strong>regno</strong></span> <span class='ocrx_word' id='word_1_317' title='bbox 977 4114 1068 4166; x_wconf 89' lang='lat' dir='ltr'><strong>illo</strong></span> <span class='ocrx_word' id='word_1_318' title='bbox 1101 4112 1370 4175; x_wconf 77' lang='lat' dir='ltr'><strong>excludat,</strong></span> <span class='ocrx_word' id='word_1_319' title='bbox 1404 4113 1490 4181; x_wconf 90' lang='lat' dir='ltr'><strong>qui</strong></span> <span class='ocrx_word' id='word_1_320' title='bbox 1531 4128 1559 4164; x_wconf 89' lang='lat' dir='ltr'><strong>a</strong></span> <span class='ocrx_word' id='word_1_321' title='bbox 1605 4113 1882 4182; x_wconf 86' lang='lat' dir='ltr'><strong>principio,</strong></span> 
     </span>
    </p>
   </div>
   <div class='ocr_carea' id='block_1_43' title="bbox 317 4201 1885 4270">
    <p class='ocr_par' dir='ltr' id='par_1_43' title="bbox 317 4201 1885 4270">
     <span class='ocr_line' id='line_1_43' title="bbox 317 4201 1885 4270; baseline -0.003 -8"><span class='ocrx_word' id='word_1_322' title='bbox 317 4222 428 4262; x_wconf 88' lang='lat' dir='ltr'><strong>non</strong></span> <span class='ocrx_word' id='word_1_323' title='bbox 471 4221 535 4260; x_wconf 86' lang='lat' dir='ltr'><strong>ex</strong></span> <span class='ocrx_word' id='word_1_324' title='bbox 582 4204 890 4268; x_wconf 87' lang='lat' dir='ltr'><strong>infidelium,</strong></span> <span class='ocrx_word' id='word_1_325' title='bbox 937 4203 1028 4256; x_wconf 80' lang='lat' dir='ltr'><strong>sed</strong></span> <span class='ocrx_word' id='word_1_326' title='bbox 1075 4218 1136 4257; x_wconf 81' lang='lat' dir='ltr'><strong>ex</strong></span> <span class='ocrx_word' id='word_1_327' title='bbox 1184 4201 1448 4267; x_wconf 87' lang='lat' dir='ltr'><strong>fidelium,</strong></span> <span class='ocrx_word' id='word_1_328' title='bbox 1479 4217 1768 4270; x_wconf 90' lang='lat' dir='ltr'><strong>eorumque</strong></span> <span class='ocrx_word' id='word_1_329' title='bbox 1799 4203 1885 4270; x_wconf 89' lang='lat' dir='ltr'><strong>qui</strong></span> 
     </span>
    </p>
   </div>
   <div class='ocr_carea' id='block_1_44' title="bbox 323 4290 1884 4363">
    <p class='ocr_par' dir='ltr' id='par_1_44' title="bbox 323 4290 1884 4363">
     <span class='ocr_line' id='line_1_44' title="bbox 323 4290 1884 4363; baseline -0.005 -11"><span class='ocrx_word' id='word_1_330' title='bbox 323 4296 438 4352; x_wconf 83' lang='lat' dir='ltr'><strong>Deo</strong></span> <span class='ocrx_word' id='word_1_331' title='bbox 455 4295 769 4363; x_wconf 74' lang='lat' dir='ltr'><strong>placuerunt</strong></span> <span class='ocrx_word' id='word_1_332' title='bbox 789 4307 1008 4347; x_wconf 90' lang='lat' dir='ltr'><strong>numero</strong></span> <span class='ocrx_word' id='word_1_333' title='bbox 1030 4291 1208 4357; x_wconf 89' lang='lat' dir='ltr'><strong>fuerit,</strong></span> <span class='ocrx_word' id='word_1_334' title='bbox 1227 4290 1417 4344; x_wconf 91' lang='lat' dir='ltr'><strong>deinde</strong></span> <span class='ocrx_word' id='word_1_335' title='bbox 1433 4306 1579 4354; x_wconf 88' lang='lat' dir='ltr'><strong>vero,</strong></span> <span class='ocrx_word' id='word_1_336' title='bbox 1605 4300 1884 4354; x_wconf 90' lang='lat' dir='ltr'><strong>scortator,</strong></span> 
     </span>
    </p>
   </div>
   <div class='ocr_carea' id='block_1_45' title="bbox 320 4379 1891 4448">
    <p class='ocr_par' dir='ltr' id='par_1_45' title="bbox 320 4379 1891 4448">
     <span class='ocr_line' id='line_1_45' title="bbox 320 4379 1891 4448; baseline -0.005 -7"><span class='ocrx_word' id='word_1_337' title='bbox 320 4387 563 4441; x_wconf 66' lang='lat' dir='ltr'><strong>moechus</strong></span> <span class='ocrx_word' id='word_1_338' title='bbox 583 4427 597 4448; x_wconf 93' lang='lat'><strong>,</strong></span> <span class='ocrx_word' id='word_1_339' title='bbox 627 4385 800 4439; x_wconf 88' lang='lat' dir='ltr'><strong>mollis</strong></span> <span class='ocrx_word' id='word_1_340' title='bbox 822 4425 836 4447; x_wconf 92' lang='lat'><strong>,</strong></span> <span class='ocrx_word' id='word_1_341' title='bbox 865 4385 977 4446; x_wconf 89' lang='lat' dir='ltr'><strong>fur,</strong></span> <span class='ocrx_word' id='word_1_342' title='bbox 1007 4381 1246 4436; x_wconf 91' lang='lat' dir='ltr'><strong>ebriosus</strong></span> <span class='ocrx_word' id='word_1_343' title='bbox 1267 4422 1279 4442; x_wconf 94' lang='lat'><strong>,</strong></span> <span class='ocrx_word' id='word_1_344' title='bbox 1311 4379 1654 4448; x_wconf 73' lang='lat' dir='ltr'><strong>pmderastes,</strong></span> <span class='ocrx_word' id='word_1_345' title='bbox 1689 4381 1891 4434; x_wconf 87' lang='lat' dir='ltr'><strong>calum-</strong></span> 
     </span>
    </p>
   </div>
   <div class='ocr_carea' id='block_1_46' title="bbox 320 4471 1889 4541">
    <p class='ocr_par' dir='ltr' id='par_1_46' title="bbox 320 4471 1889 4541">
     <span class='ocr_line' id='line_1_46' title="bbox 320 4471 1889 4541; baseline -0.004 -8"><span class='ocrx_word' id='word_1_346' title='bbox 320 4481 493 4533; x_wconf 89' lang='lat' dir='ltr'><strong>niator</strong></span> <span class='ocrx_word' id='word_1_347' title='bbox 537 4478 798 4541; x_wconf 82' lang='lat' dir='ltr'><strong>evaserit,</strong></span> <span class='ocrx_word' id='word_1_348' title='bbox 837 4483 889 4530; x_wconf 91' lang='lat' dir='ltr'><strong>et</strong></span> <span class='ocrx_word' id='word_1_349' title='bbox 936 4475 1036 4527; x_wconf 90' lang='lat' dir='ltr'><strong>alia</strong></span> <span class='ocrx_word' id='word_1_350' title='bbox 1079 4473 1099 4503; x_wconf 88' lang='grc'>³</span> <span class='ocrx_word' id='word_1_351' title='bbox 1143 4472 1193 4525; x_wconf 91' lang='lat' dir='ltr'><strong>id</strong></span> <span class='ocrx_word' id='word_1_352' title='bbox 1232 4487 1396 4540; x_wconf 89' lang='lat' dir='ltr'><strong>genus</strong></span> <span class='ocrx_word' id='word_1_353' title='bbox 1447 4471 1669 4525; x_wconf 86' lang='lat' dir='ltr'><strong>crimina</strong></span> <span class='ocrx_word' id='word_1_354' title='bbox 1723 4472 1889 4526; x_wconf 90' lang='lat' dir='ltr'><strong>admi-</strong></span> 
     </span>
    </p>
   </div>
   <div class='ocr_carea' id='block_1_47' title="bbox 319 4563 1884 4634">
    <p class='ocr_par' dir='ltr' id='par_1_47' title="bbox 319 4563 1884 4634">
     <span class='ocr_line' id='line_1_47' title="bbox 319 4563 1884 4634; baseline -0.004 -12"><span class='ocrx_word' id='word_1_355' title='bbox 319 4569 450 4623; x_wconf 84' lang='lat' dir='ltr'><strong>serit</strong></span> <span class='ocrx_word' id='word_1_356' title='bbox 474 4586 488 4622; x_wconf 91' lang='lat'><strong>:</strong></span> <span class='ocrx_word' id='word_1_357' title='bbox 512 4583 580 4622; x_wconf 88' lang='lat' dir='ltr'><strong>ne</strong></span> <span class='ocrx_word' id='word_1_358' title='bbox 608 4567 745 4619; x_wconf 90' lang='lat' dir='ltr'><strong>hunc</strong></span> <span class='ocrx_word' id='word_1_359' title='bbox 766 4565 976 4634; x_wconf 89' lang='lat' dir='ltr'><strong>quidem</strong></span> <span class='ocrx_word' id='word_1_360' title='bbox 999 4563 1041 4616; x_wconf 88' lang='lat' dir='ltr'><strong>si</strong></span> <span class='ocrx_word' id='word_1_361' title='bbox 1068 4563 1314 4630; x_wconf 87' lang='lat' dir='ltr'><strong>desperet</strong></span> <span class='ocrx_word' id='word_1_362' title='bbox 1338 4563 1720 4630; x_wconf 84' lang='lat' dir='ltr'><strong>approbaturus</strong></span> <span class='ocrx_word' id='word_1_363' title='bbox 1744 4579 1884 4629; x_wconf 92' lang='lat' dir='ltr'><strong>sum,</strong></span> 
     </span>
    </p>
   </div>
   <div class='ocr_carea' id='block_1_48' title="bbox 317 4653 1890 4723">
    <p class='ocr_par' dir='ltr' id='par_1_48' title="bbox 317 4653 1890 4723">
     <span class='ocr_line' id='line_1_48' title="bbox 317 4653 1890 4723; baseline -0.002 -11"><span class='ocrx_word' id='word_1_364' title='bbox 317 4658 530 4712; x_wconf 86' lang='lat' dir='ltr'><strong>etiamsi</strong></span> <span class='ocrx_word' id='word_1_365' title='bbox 556 4656 620 4710; x_wconf 89' lang='lat' dir='ltr'><strong>ad</strong></span> <span class='ocrx_word' id='word_1_366' title='bbox 651 4665 946 4710; x_wconf 82' lang='lat' dir='ltr'><strong>extremam</strong></span> <span class='ocrx_word' id='word_1_367' title='bbox 977 4669 1141 4723; x_wconf 88' lang='lat' dir='ltr'><strong>usque</strong></span> <span class='ocrx_word' id='word_1_368' title='bbox 1169 4664 1438 4708; x_wconf 89' lang='lat' dir='ltr'><strong>senectam</strong></span> <span class='ocrx_word' id='word_1_369' title='bbox 1468 4653 1518 4706; x_wconf 92' lang='lat' dir='ltr'><strong>in</strong></span> <span class='ocrx_word' id='word_1_370' title='bbox 1546 4653 1764 4708; x_wconf 88' lang='lat' dir='ltr'><strong>nefariis</strong></span> <span class='ocrx_word' id='word_1_371' title='bbox 1788 4655 1890 4710; x_wconf 83' lang='lat' dir='ltr'><strong>illis</strong></span> 
     </span>
    </p>
   </div>
   <div class='ocr_carea' id='block_1_49' title="bbox 320 4744 1889 4816">
    <p class='ocr_par' dir='ltr' id='par_1_49' title="bbox 320 4744 1889 4816">
     <span class='ocr_line' id='line_1_49' title="bbox 320 4744 1889 4816; baseline -0.001 -14"><span class='ocrx_word' id='word_1_372' title='bbox 320 4749 692 4816; x_wconf 87' lang='lat' dir='ltr'><strong>atrocibusqne</strong></span> <span class='ocrx_word' id='word_1_373' title='bbox 739 4746 948 4816; x_wconf 84' lang='lat' dir='ltr'><strong>ﬂagitiis</strong></span> <span class='ocrx_word' id='word_1_374' title='bbox 991 4745 1428 4814; x_wconf 85' lang='lat' dir='ltr'><strong>perseveraverit.</strong></span> <span class='ocrx_word' id='word_1_375' title='bbox 1459 4744 1587 4798; x_wconf 82' lang='lat' dir='ltr'><strong>Nam</strong></span> <span class='ocrx_word' id='word_1_376' title='bbox 1618 4745 1661 4799; x_wconf 91' lang='lat' dir='ltr'><strong>si</strong></span> <span class='ocrx_word' id='word_1_377' title='bbox 1691 4747 1768 4799; x_wconf 89' lang='lat' dir='ltr'><strong>ira</strong></span> <span class='ocrx_word' id='word_1_378' title='bbox 1797 4747 1889 4801; x_wconf 92' lang='lat' dir='ltr'><strong>Dei</strong></span> 
     </span>
    </p>
   </div>
   <div class='ocr_carea' id='block_1_50' title="bbox 317 4840 1891 4910">
    <p class='ocr_par' dir='ltr' id='par_1_50' title="bbox 317 4840 1891 4910">
     <span class='ocr_line' id='line_1_50' title="bbox 317 4840 1891 4910; baseline -0.001 -14"><span class='ocrx_word' id='word_1_379' title='bbox 317 4842 483 4896; x_wconf 83' lang='lat' dir='ltr'><strong>animi</strong></span> <span class='ocrx_word' id='word_1_380' title='bbox 517 4840 773 4909; x_wconf 80' lang='lat' dir='ltr'><strong>:rgritudo</strong></span> <span class='ocrx_word' id='word_1_381' title='bbox 803 4849 976 4902; x_wconf 84' lang='lat' dir='ltr'><strong>esset,</strong></span> <span class='ocrx_word' id='word_1_382' title='bbox 1018 4841 1136 4909; x_wconf 88' lang='lat' dir='ltr'><strong>jure</strong></span> <span class='ocrx_word' id='word_1_383' title='bbox 1178 4841 1296 4910; x_wconf 87' lang='lat' dir='ltr'><strong>quis</strong></span> <span class='ocrx_word' id='word_1_384' title='bbox 1335 4840 1644 4909; x_wconf 86' lang='lat' dir='ltr'><strong>desperaret</strong></span> <span class='ocrx_word' id='word_1_385' title='bbox 1667 4881 1679 4900; x_wconf 92' lang='lat'><strong>.</strong></span> <span class='ocrx_word' id='word_1_386' title='bbox 1711 4851 1891 4910; x_wconf 91' lang='lat' dir='ltr'><strong>utpote</strong></span> 
     </span>
    </p>
   </div>
   <div class='ocr_carea' id='block_1_51' title="bbox 318 4931 1890 5004">
    <p class='ocr_par' dir='ltr' id='par_1_51' title="bbox 318 4931 1890 5004">
     <span class='ocr_line' id='line_1_51' title="bbox 318 4931 1890 5004; baseline -0.001 -16"><span class='ocrx_word' id='word_1_387' title='bbox 318 4934 408 5004; x_wconf 87' lang='lat' dir='ltr'><strong>qui</strong></span> <span class='ocrx_word' id='word_1_388' title='bbox 454 4949 558 4986; x_wconf 88' lang='lat' dir='ltr'><strong>non</strong></span> <span class='ocrx_word' id='word_1_389' title='bbox 594 4943 769 4998; x_wconf 77' lang='lat' dir='ltr'><strong>posset</strong></span> <span class='ocrx_word' id='word_1_390' title='bbox 805 4932 825 4962; x_wconf 73' lang='grc'><strong>⁸</strong></span> <span class='ocrx_word' id='word_1_391' title='bbox 874 4931 1136 4985; x_wconf 82' lang='lat' dir='ltr'><strong>flammam</strong></span> <span class='ocrx_word' id='word_1_392' title='bbox 1180 4941 1255 4984; x_wconf 91' lang='lat' dir='ltr'><strong>tot</strong></span> <span class='ocrx_word' id='word_1_393' title='bbox 1292 4932 1580 4986; x_wconf 83' lang='lat' dir='ltr'><strong>sceleribus</strong></span> <span class='ocrx_word' id='word_1_394' title='bbox 1613 4933 1890 4986; x_wconf 89' lang='lat' dir='ltr'><strong>excitatam</strong></span> 
     </span>
    </p>
   </div>
   <div class='ocr_carea' id='block_1_52' title="bbox 318 5023 1892 5093">
    <p class='ocr_par' dir='ltr' id='par_1_52' title="bbox 318 5023 1892 5093">
     <span class='ocr_line' id='line_1_52' title="bbox 318 5023 1892 5093; baseline 0.001 -17"><span class='ocrx_word' id='word_1_395' title='bbox 318 5024 700 5093; x_wconf 80' lang='lat' dir='ltr'><strong>exstinguere;</strong></span> <span class='ocrx_word' id='word_1_396' title='bbox 752 5023 873 5090; x_wconf 87' lang='lat' dir='ltr'><strong>quia</strong></span> <span class='ocrx_word' id='word_1_397' title='bbox 915 5037 1039 5074; x_wconf 88' lang='lat' dir='ltr'><strong>vero</strong></span> <span class='ocrx_word' id='word_1_398' title='bbox 1076 5023 1307 5075; x_wconf 89' lang='lat' dir='ltr'><strong>divinum</strong></span> <span class='ocrx_word' id='word_1_399' title='bbox 1357 5038 1549 5075; x_wconf 89' lang='lat' dir='ltr'><strong>numen</strong></span> <span class='ocrx_word' id='word_1_400' title='bbox 1581 5023 1892 5090; x_wconf 72' lang='lat' dir='ltr'><strong>mgritudine</strong></span> 
     </span>
    </p>
   </div>
   <div class='ocr_carea' id='block_1_53' title="bbox 318 5114 1892 5183">
    <p class='ocr_par' dir='ltr' id='par_1_53' title="bbox 318 5114 1892 5183">
     <span class='ocr_line' id='line_1_53' title="bbox 318 5114 1892 5183; baseline 0 -15"><span class='ocrx_word' id='word_1_401' title='bbox 318 5116 483 5169; x_wconf 83' lang='lat' dir='ltr'><strong>animi</strong></span> <span class='ocrx_word' id='word_1_402' title='bbox 513 5130 733 5169; x_wconf 90' lang='lat' dir='ltr'><strong>vacuum</strong></span> <span class='ocrx_word' id='word_1_403' title='bbox 777 5123 878 5178; x_wconf 77' lang='lat' dir='ltr'><strong>est,</strong></span> <span class='ocrx_word' id='word_1_404' title='bbox 924 5130 988 5170; x_wconf 85' lang='lat' dir='ltr'><strong>ac</strong></span> <span class='ocrx_word' id='word_1_405' title='bbox 1034 5114 1156 5168; x_wconf 89' lang='lat' dir='ltr'><strong>licet</strong></span> <span class='ocrx_word' id='word_1_406' title='bbox 1201 5115 1400 5183; x_wconf 87' lang='lat' dir='ltr'><strong>puniat,</strong></span> <span class='ocrx_word' id='word_1_407' title='bbox 1447 5114 1570 5167; x_wconf 84' lang='lat' dir='ltr'><strong>licet</strong></span> <span class='ocrx_word' id='word_1_408' title='bbox 1608 5115 1892 5168; x_wconf 87' lang='lat' dir='ltr'><strong>vindictam</strong></span> 
     </span>
    </p>
   </div>
   <div class='ocr_carea' id='block_1_54' title="bbox 320 5210 1894 5280">
    <p class='ocr_par' dir='ltr' id='par_1_54' title="bbox 320 5210 1894 5280">
     <span class='ocr_line' id='line_1_54' title="bbox 320 5210 1894 5280; baseline -0.001 -16"><span class='ocrx_word' id='word_1_409' title='bbox 320 5219 518 5274; x_wconf 70' lang='lat' dir='ltr'><strong>stunat,</strong></span> <span class='ocrx_word' id='word_1_410' title='bbox 551 5227 654 5266; x_wconf 91' lang='lat' dir='ltr'><strong>non</strong></span> <span class='ocrx_word' id='word_1_411' title='bbox 686 5211 760 5265; x_wconf 88' lang='lat' dir='ltr'><strong>ira</strong></span> <span class='ocrx_word' id='word_1_412' title='bbox 789 5221 1088 5266; x_wconf 89' lang='lat' dir='ltr'><strong>commotus</strong></span> <span class='ocrx_word' id='word_1_413' title='bbox 1118 5211 1167 5265; x_wconf 89' lang='lat' dir='ltr'><strong>id</strong></span> <span class='ocrx_word' id='word_1_414' title='bbox 1197 5213 1322 5280; x_wconf 88' lang='lat' dir='ltr'><strong>agit,</strong></span> <span class='ocrx_word' id='word_1_415' title='bbox 1348 5210 1438 5265; x_wconf 88' lang='lat' dir='ltr'><strong>sed</strong></span> <span class='ocrx_word' id='word_1_416' title='bbox 1467 5225 1645 5264; x_wconf 87' lang='lat' dir='ltr'><strong>curam</strong></span> <span class='ocrx_word' id='word_1_417' title='bbox 1669 5220 1720 5264; x_wconf 93' lang='lat' dir='ltr'><strong>et</strong></span> <span class='ocrx_word' id='word_1_418' title='bbox 1748 5223 1894 5262; x_wconf 92' lang='lat' dir='ltr'><strong>amo-</strong></span> 
     </span>
    </p>
   </div>
   <div class='ocr_carea' id='block_1_55' title="bbox 322 5301 1894 5371">
    <p class='ocr_par' dir='ltr' id='par_1_55' title="bbox 322 5301 1894 5371">
     <span class='ocr_line' id='line_1_55' title="bbox 322 5301 1894 5371; baseline -0.003 -15"><span class='ocrx_word' id='word_1_419' title='bbox 322 5315 434 5356; x_wconf 83' lang='lat' dir='ltr'><strong>rem</strong></span> <span class='ocrx_word' id='word_1_420' title='bbox 486 5301 651 5355; x_wconf 91' lang='lat' dir='ltr'><strong>nostri</strong></span> <span class='ocrx_word' id='word_1_421' title='bbox 694 5316 906 5370; x_wconf 86' lang='lat' dir='ltr'><strong>semper</strong></span> <span class='ocrx_word' id='word_1_422' title='bbox 948 5305 1128 5371; x_wconf 87' lang='lat' dir='ltr'><strong>gerit:</strong></span> <span class='ocrx_word' id='word_1_423' title='bbox 1175 5301 1293 5355; x_wconf 89' lang='lat' dir='ltr'><strong>ideo</strong></span> <span class='ocrx_word' id='word_1_424' title='bbox 1319 5301 1340 5332; x_wconf 79' lang='grc'>⁸</span> <span class='ocrx_word' id='word_1_425' title='bbox 1374 5301 1512 5354; x_wconf 87' lang='lat' dir='ltr'><strong>bono</strong></span> <span class='ocrx_word' id='word_1_426' title='bbox 1557 5314 1676 5356; x_wconf 88' lang='lat' dir='ltr'><strong>esse</strong></span> <span class='ocrx_word' id='word_1_427' title='bbox 1716 5301 1894 5353; x_wconf 89' lang='lat' dir='ltr'><strong>animo</strong></span> 
     </span>
    </p>
   </div>
   <div class='ocr_carea' id='block_1_56' title="bbox 386 5431 1446 5489">
    <p class='ocr_par' dir='ltr' id='par_1_56' title="bbox 386 5431 1446 5489">
     <span class='ocr_line' id='line_1_56' title="bbox 386 5431 1446 5489; baseline 0.006 -9"><span class='ocrx_word' id='word_1_428' title='bbox 386 5436 402 5464; x_wconf 79' lang='grc'>⁸</span> <span class='ocrx_word' id='word_1_429' title='bbox 439 5439 565 5481; x_wconf 79' lang='lat' dir='ltr'><strong>Unus</strong></span> <span class='ocrx_word' id='word_1_430' title='bbox 595 5431 760 5488; x_wconf 84' lang='lat' dir='ltr'><strong>habet,</strong></span> <span class='ocrx_word' id='word_1_431' title='bbox 781 5431 1111 5489; x_wconf 76' lang='lat' dir='ltr'><strong>vehementius,</strong></span> <span class='ocrx_word' id='word_1_432' title='bbox 1151 5439 1206 5482; x_wconf 88' lang='lat' dir='ltr'><strong>ut</strong></span> <span class='ocrx_word' id='word_1_433' title='bbox 1238 5438 1290 5482; x_wconf 84' lang='lat' dir='ltr'><strong>et</strong></span> <span class='ocrx_word' id='word_1_434' title='bbox 1309 5432 1446 5486; x_wconf 78' lang='lat' dir='ltr'><strong>Savil.</strong></span> 
     </span>
    </p>
   </div>
   <div class='ocr_carea' id='block_1_57' title="bbox 385 5493 1286 5569">
    <p class='ocr_par' dir='ltr' id='par_1_57' title="bbox 385 5493 1286 5569">
     <span class='ocr_line' id='line_1_57' title="bbox 385 5493 1286 5569; baseline 0.003 -29"><span class='ocrx_word' id='word_1_435' title='bbox 385 5494 409 5569; x_wconf 62' lang='grc' dir='ltr'><strong>ς</strong></span> <span class='ocrx_word' id='word_1_436' title='bbox 439 5499 603 5569; x_wconf 62' lang='grc' dir='ltr'><strong>ριεειει3</strong></span> <span class='ocrx_word' id='word_1_437' title='bbox 643 5493 766 5569; x_wconf 54' lang='lat' dir='ltr'><strong>boni,</strong></span> <span class='ocrx_word' id='word_1_438' title='bbox 797 5495 844 5569; x_wconf 77' lang='lat' dir='ltr'><strong>in</strong></span> <span class='ocrx_word' id='word_1_439' title='bbox 875 5495 1165 5569; x_wconf 61' lang='lat' dir='ltr'><strong>quibusdam</strong></span> <span class='ocrx_word' id='word_1_440' title='bbox 1185 5503 1286 5543; x_wconf 73' lang='lat' dir='ltr'><strong>Mss.</strong></span> 
     </span>
    </p>
   </div>
   <div class='ocr_carea' id='block_1_58' title="bbox 442 5554 1141 5606">
    <p class='ocr_par' dir='ltr' id='par_1_58' title="bbox 442 5554 1141 5606">
     <span class='ocr_line' id='line_1_58' title="bbox 442 5554 1141 5606; baseline 0.007 -6"><span class='ocrx_word' id='word_1_441' title='bbox 442 5559 571 5601; x_wconf 82' lang='lat' dir='ltr'><strong>Unus</strong></span> <span class='ocrx_word' id='word_1_442' title='bbox 584 5555 747 5606; x_wconf 78' lang='lat' dir='ltr'><strong>habet.</strong></span> <span class='ocrx_word' id='word_1_443' title='bbox 772 5561 815 5603; x_wconf 83' lang='lat' dir='ltr'><strong>et</strong></span> <span class='ocrx_word' id='word_1_444' title='bbox 837 5554 935 5604; x_wconf 71' lang='lat' dir='ltr'><strong>alia</strong></span> <span class='ocrx_word' id='word_1_445' title='bbox 965 5555 1141 5605; x_wconf 82' lang='lat' dir='ltr'><strong>omnia.</strong></span> 
     </span>
    </p>
   </div>
   <div class='ocr_carea' id='block_1_59' title="bbox 323 5611 1255 5680">
    <p class='ocr_par' dir='ltr' id='par_1_59' title="bbox 323 5611 1255 5680">
     <span class='ocr_line' id='line_1_59' title="bbox 323 5611 1255 5680; baseline 0.006 -22"><span class='ocrx_word' id='word_1_446' title='bbox 323 5649 332 5658; x_wconf 91' lang='lat'><strong>.</strong></span> <span class='ocrx_word' id='word_1_447' title='bbox 388 5615 412 5680; x_wconf 67' lang='grc' dir='ltr'><strong>ξ</strong></span> <span class='ocrx_word' id='word_1_448' title='bbox 440 5611 568 5661; x_wconf 76' lang='lat' dir='ltr'><strong>mlh.</strong></span> <span class='ocrx_word' id='word_1_449' title='bbox 596 5623 649 5680; x_wconf 76' lang='lat' dir='ltr'><strong>et</strong></span> <span class='ocrx_word' id='word_1_450' title='bbox 669 5614 826 5680; x_wconf 49' lang='lat' dir='ltr'><strong>savii,</strong></span> <span class='ocrx_word' id='word_1_451' title='bbox 851 5628 942 5680; x_wconf 80' lang='lat' dir='ltr'><strong>non</strong></span> <span class='ocrx_word' id='word_1_452' title='bbox 955 5616 1066 5680; x_wconf 73' lang='lat' dir='ltr'><strong>jant</strong></span> <span class='ocrx_word' id='word_1_453' title='bbox 1087 5622 1255 5680; x_wconf 74' lang='lat' dir='ltr'><strong>posset.</strong></span> 
     </span>
    </p>
   </div>
   <div class='ocr_carea' id='block_1_60' title="bbox 386 5673 1280 5739">
    <p class='ocr_par' dir='ltr' id='par_1_60' title="bbox 386 5673 1280 5739">
     <span class='ocr_line' id='line_1_60' title="bbox 386 5673 1280 5739; baseline 0.001 -17"><span class='ocrx_word' id='word_1_454' title='bbox 386 5673 412 5709; x_wconf 79' lang='grc'>⁸</span> <span class='ocrx_word' id='word_1_455' title='bbox 445 5680 608 5733; x_wconf 72' lang='lat' dir='ltr'><strong>Deest,</strong></span> <span class='ocrx_word' id='word_1_456' title='bbox 634 5673 755 5730; x_wconf 82' lang='lat' dir='ltr'><strong>ideo,</strong></span> <span class='ocrx_word' id='word_1_457' title='bbox 798 5677 844 5731; x_wconf 86' lang='lat' dir='ltr'><strong>in</strong></span> <span class='ocrx_word' id='word_1_458' title='bbox 865 5673 1146 5739; x_wconf 67' lang='lat' dir='ltr'><strong>quibusdam</strong></span> <span class='ocrx_word' id='word_1_459' title='bbox 1182 5683 1280 5734; x_wconf 71' lang='lat' dir='ltr'><strong>Mss,</strong></span> 
     </span>
    </p>
   </div>
   <div class='ocr_carea' id='block_1_61' title="bbox 1425 274 2372 333">
    <p class='ocr_par' dir='ltr' id='par_1_61' title="bbox 1425 274 2372 333">
     <span class='ocr_line' id='line_1_61' title="bbox 1425 274 2372 333; baseline 0.002 -2"><span class='ocrx_word' id='word_1_460' title='bbox 1425 277 1514 331; x_wconf 80' lang='lat' dir='ltr'><strong>AD</strong></span> <span class='ocrx_word' id='word_1_461' title='bbox 1553 274 1966 333; x_wconf 76' lang='lat' dir='ltr'><strong>THEODORUM</strong></span> <span class='ocrx_word' id='word_1_462' title='bbox 2005 276 2295 332; x_wconf 76' lang='lat' dir='ltr'><strong>LAPSUM.</strong></span> <span class='ocrx_word' id='word_1_463' title='bbox 2333 276 2372 332; x_wconf 84' lang='lat' dir='ltr'><strong>L</strong></span> 
     </span>
    </p>
   </div>
   <div class='ocr_carea' id='block_1_62' title="bbox 193 386 1858 455">
    <p class='ocr_par' dir='ltr' id='par_1_62' title="bbox 193 386 1858 455">
     <span class='ocr_line' id='line_1_62' title="bbox 193 386 1858 455; baseline -0.002 -9"><span class='ocrx_word' id='word_1_464' title='bbox 193 412 199 418; x_wconf 86' lang='grc'>·</span> <span class='ocrx_word' id='word_1_465' title='bbox 289 408 324 446; x_wconf 81' lang='lat' dir='ltr'><strong>a</strong></span> <span class='ocrx_word' id='word_1_466' title='bbox 350 391 476 446; x_wconf 76' lang='lat' dir='ltr'><strong>ﬂetu</strong></span> <span class='ocrx_word' id='word_1_467' title='bbox 503 388 758 455; x_wconf 79' lang='lat' dir='ltr'><strong>cohibet;</strong></span> <span class='ocrx_word' id='word_1_468' title='bbox 783 389 973 444; x_wconf 69' lang='lat' dir='ltr'><strong>anima</strong></span> <span class='ocrx_word' id='word_1_469' title='bbox 993 402 1118 444; x_wconf 87' lang='lat' dir='ltr'><strong>vero</strong></span> <span class='ocrx_word' id='word_1_470' title='bbox 1145 402 1290 445; x_wconf 79' lang='lat' dir='ltr'><strong>mors</strong></span> <span class='ocrx_word' id='word_1_471' title='bbox 1318 387 1403 442; x_wconf 86' lang='lat' dir='ltr'><strong>hic</strong></span> <span class='ocrx_word' id='word_1_472' title='bbox 1425 396 1628 442; x_wconf 88' lang='lat' dir='ltr'><strong>tantum</strong></span> <span class='ocrx_word' id='word_1_473' title='bbox 1657 386 1858 442; x_wconf 86' lang='lat' dir='ltr'><strong>destrui</strong></span> 
     </span>
    </p>
   </div>
   <div class='ocr_carea' id='block_1_63' title="bbox 3429 277 3534 334">
    <p class='ocr_par' dir='ltr' id='par_1_63' title="bbox 3429 277 3534 334">
     <span class='ocr_line' id='line_1_63' title="bbox 3429 277 3534 334; baseline 0 -4"><span class='ocrx_word' id='word_1_474' title='bbox 3429 277 3534 334; x_wconf 64' lang='lat'><strong>28‘]</strong></span> 
     </span>
    </p>
   </div>
   <div class='ocr_carea' id='block_1_64' title="bbox 1965 389 3531 461">
    <p class='ocr_par' dir='ltr' id='par_1_64' title="bbox 1965 389 3531 461">
     <span class='ocr_line' id='line_1_64' title="bbox 1965 389 3531 461; baseline 0.003 -21"><span class='ocrx_word' id='word_1_475' title='bbox 1965 401 2062 456; x_wconf 88' lang='lat' dir='ltr'><strong>par</strong></span> <span class='ocrx_word' id='word_1_476' title='bbox 2081 394 2184 454; x_wconf 83' lang='lat' dir='ltr'><strong>est,</strong></span> <span class='ocrx_word' id='word_1_477' title='bbox 2208 401 2260 442; x_wconf 86' lang='lat' dir='ltr'><strong>et</strong></span> <span class='ocrx_word' id='word_1_478' title='bbox 2286 389 2334 442; x_wconf 87' lang='lat' dir='ltr'><strong>vi</strong></span> <span class='ocrx_word' id='word_1_479' title='bbox 2361 389 2682 458; x_wconf 69' lang='lat' dir='ltr'><strong>poenitentiae</strong></span> <span class='ocrx_word' id='word_1_480' title='bbox 2701 389 2988 446; x_wconf 82' lang='lat' dir='ltr'><strong>confidere.</strong></span> <span class='ocrx_word' id='word_1_481' title='bbox 3015 391 3286 461; x_wconf 80' lang='lat' dir='ltr'><strong>Siquidem</strong></span> <span class='ocrx_word' id='word_1_482' title='bbox 3307 405 3421 456; x_wconf 84' lang='lat' dir='ltr'><strong>eos,</strong></span> <span class='ocrx_word' id='word_1_483' title='bbox 3443 392 3531 460; x_wconf 83' lang='lat' dir='ltr'><strong>qui</strong></span> 
     </span>
    </p>
   </div>
   <div class='ocr_carea' id='block_1_65' title="bbox 1967 475 3529 546">
    <p class='ocr_par' dir='ltr' id='par_1_65' title="bbox 1967 475 3529 546">
     <span class='ocr_line' id='line_1_65' title="bbox 1967 475 3529 546; baseline 0.003 -15"><span class='ocrx_word' id='word_1_484' title='bbox 1967 475 2020 531; x_wconf 88' lang='lat' dir='ltr'><strong>in</strong></span> <span class='ocrx_word' id='word_1_485' title='bbox 2046 491 2106 531; x_wconf 89' lang='lat' dir='ltr'><strong>se</strong></span> <span class='ocrx_word' id='word_1_486' title='bbox 2136 486 2518 546; x_wconf 88' lang='lat' dir='ltr'><strong>peccaverunt,</strong></span> <span class='ocrx_word' id='word_1_487' title='bbox 2550 495 2655 534; x_wconf 89' lang='lat' dir='ltr'><strong>non</strong></span> <span class='ocrx_word' id='word_1_488' title='bbox 2684 481 2766 536; x_wconf 90' lang='lat' dir='ltr'><strong>sui</strong></span> <span class='ocrx_word' id='word_1_489' title='bbox 2791 495 2948 538; x_wconf 81' lang='lat' dir='ltr'><strong>causa</strong></span> <span class='ocrx_word' id='word_1_490' title='bbox 2977 479 3111 536; x_wconf 89' lang='lat' dir='ltr'><strong>solet</strong></span> <span class='ocrx_word' id='word_1_491' title='bbox 3139 480 3320 536; x_wconf 88' lang='lat' dir='ltr'><strong>ulcisci</strong></span> <span class='ocrx_word' id='word_1_492' title='bbox 3351 499 3367 536; x_wconf 88' lang='lat'><strong>:</strong></span> <span class='ocrx_word' id='word_1_493' title='bbox 3399 481 3529 536; x_wconf 87' lang='lat' dir='ltr'><strong>nihil</strong></span> 
     </span>
    </p>
   </div>
   <div class='ocr_carea' id='block_1_66' title="bbox 1967 566 3532 638">
    <p class='ocr_par' dir='ltr' id='par_1_66' title="bbox 1967 566 3532 638">
     <span class='ocr_line' id='line_1_66' title="bbox 1967 566 3532 638; baseline 0.005 -18"><span class='ocrx_word' id='word_1_494' title='bbox 1967 566 2107 620; x_wconf 89' lang='lat' dir='ltr'><strong>enim</strong></span> <span class='ocrx_word' id='word_1_495' title='bbox 2147 576 2320 635; x_wconf 84' lang='lat' dir='ltr'><strong>potest</strong></span> <span class='ocrx_word' id='word_1_496' title='bbox 2350 567 2402 622; x_wconf 88' lang='lat' dir='ltr'><strong>in</strong></span> <span class='ocrx_word' id='word_1_497' title='bbox 2431 568 2735 638; x_wconf 88' lang='lat' dir='ltr'><strong>bujusmodi</strong></span> <span class='ocrx_word' id='word_1_498' title='bbox 2761 581 3000 626; x_wconf 91' lang='lat' dir='ltr'><strong>naturam</strong></span> <span class='ocrx_word' id='word_1_499' title='bbox 3031 571 3208 626; x_wconf 89' lang='lat' dir='ltr'><strong>damni</strong></span> <span class='ocrx_word' id='word_1_500' title='bbox 3235 571 3450 638; x_wconf 83' lang='lat' dir='ltr'><strong>induci;</strong></span> <span class='ocrx_word' id='word_1_501' title='bbox 3481 573 3532 629; x_wconf 86' lang='lat' dir='ltr'><strong>id</strong></span> 
     </span>
    </p>
   </div>
   <div class='ocr_carea' id='block_1_67' title="bbox 1972 656 3534 727">
    <p class='ocr_par' dir='ltr' id='par_1_67' title="bbox 1972 656 3534 727">
     <span class='ocr_line' id='line_1_67' title="bbox 1972 656 3534 727; baseline 0.006 -20"><span class='ocrx_word' id='word_1_502' title='bbox 1972 671 2095 708; x_wconf 91' lang='lat' dir='ltr'><strong>vero</strong></span> <span class='ocrx_word' id='word_1_503' title='bbox 2123 656 2229 725; x_wconf 86' lang='lat' dir='ltr'><strong>agit</strong></span> <span class='ocrx_word' id='word_1_504' title='bbox 2257 657 2323 710; x_wconf 90' lang='lat' dir='ltr'><strong>ad</strong></span> <span class='ocrx_word' id='word_1_505' title='bbox 2350 667 2585 713; x_wconf 86' lang='lat' dir='ltr'><strong>nostram</strong></span> <span class='ocrx_word' id='word_1_506' title='bbox 2617 669 2862 727; x_wconf 88' lang='lat' dir='ltr'><strong>spectans</strong></span> <span class='ocrx_word' id='word_1_507' title='bbox 2891 661 3187 727; x_wconf 88' lang='lat' dir='ltr'><strong>utilitatem,</strong></span> <span class='ocrx_word' id='word_1_508' title='bbox 3217 679 3282 716; x_wconf 86' lang='lat' dir='ltr'><strong>ne</strong></span> <span class='ocrx_word' id='word_1_509' title='bbox 3308 662 3358 716; x_wconf 93' lang='lat' dir='ltr'><strong>in</strong></span> <span class='ocrx_word' id='word_1_510' title='bbox 3387 663 3534 718; x_wconf 60' lang='lat' dir='ltr'><strong>dctc~</strong></span> 
     </span>
    </p>
   </div>
   <div class='ocr_carea' id='block_1_68' title="bbox 1971 746 3535 821">
    <p class='ocr_par' dir='ltr' id='par_1_68' title="bbox 1971 746 3535 821">
     <span class='ocr_line' id='line_1_68' title="bbox 1971 746 3535 821; baseline 0.005 -22"><span class='ocrx_word' id='word_1_511' title='bbox 1971 746 2164 800; x_wconf 87' lang='lat' dir='ltr'><strong>riorem</strong></span> <span class='ocrx_word' id='word_1_512' title='bbox 2197 756 2390 800; x_wconf 88' lang='lat' dir='ltr'><strong>statum</strong></span> <span class='ocrx_word' id='word_1_513' title='bbox 2418 750 2740 817; x_wconf 89' lang='lat' dir='ltr'><strong>perversitas</strong></span> <span class='ocrx_word' id='word_1_514' title='bbox 2762 760 2939 804; x_wconf 88' lang='lat' dir='ltr'><strong>nostra</strong></span> <span class='ocrx_word' id='word_1_515' title='bbox 2961 751 3189 818; x_wconf 75' lang='lat' dir='ltr'><strong>decidat,</strong></span> <span class='ocrx_word' id='word_1_516' title='bbox 3218 752 3344 806; x_wconf 91' lang='lat' dir='ltr'><strong>dum</strong></span> <span class='ocrx_word' id='word_1_517' title='bbox 3365 753 3535 821; x_wconf 86' lang='lat' dir='ltr'><strong>ipsum</strong></span> 
     </span>
    </p>
   </div>
   <div class='ocr_carea' id='block_1_69' title="bbox 1970 839 3537 910">
    <p class='ocr_par' dir='ltr' id='par_1_69' title="bbox 1970 839 3537 910">
     <span class='ocr_line' id='line_1_69' title="bbox 1970 839 3537 910; baseline 0.003 -20"><span class='ocrx_word' id='word_1_518' title='bbox 1970 851 2083 890; x_wconf 89' lang='lat' dir='ltr'><strong>rem</strong></span> <span class='ocrx_word' id='word_1_519' title='bbox 2110 846 2453 893; x_wconf 86' lang='lat' dir='ltr'><strong>contemnere</strong></span> <span class='ocrx_word' id='word_1_520' title='bbox 2481 853 2544 893; x_wconf 92' lang='lat' dir='ltr'><strong>ac</strong></span> <span class='ocrx_word' id='word_1_521' title='bbox 2571 839 2844 908; x_wconf 87' lang='lat' dir='ltr'><strong>despicere</strong></span> <span class='ocrx_word' id='word_1_522' title='bbox 2880 850 3144 909; x_wconf 71' lang='lat' dir='ltr'><strong>putamus.</strong></span> <span class='ocrx_word' id='word_1_523' title='bbox 3186 843 3537 910; x_wconf 82' lang='lat' dir='ltr'><strong>Quemadmo-</strong></span> 
     </span>
    </p>
   </div>
   <div class='ocr_carea' id='block_1_70' title="bbox 1970 925 3536 998">
    <p class='ocr_par' dir='ltr' id='par_1_70' title="bbox 1970 925 3536 998">
     <span class='ocr_line' id='line_1_70' title="bbox 1970 925 3536 998; baseline 0.004 -19"><span class='ocrx_word' id='word_1_524' title='bbox 1970 925 2094 979; x_wconf 90' lang='lat' dir='ltr'><strong>dum</strong></span> <span class='ocrx_word' id='word_1_525' title='bbox 2140 927 2280 982; x_wconf 89' lang='lat' dir='ltr'><strong>cnim</strong></span> <span class='ocrx_word' id='word_1_526' title='bbox 2326 928 2370 982; x_wconf 93' lang='lat' dir='ltr'><strong>is</strong></span> <span class='ocrx_word' id='word_1_527' title='bbox 2399 928 2487 998; x_wconf 92' lang='lat' dir='ltr'><strong>qui</strong></span> <span class='ocrx_word' id='word_1_528' title='bbox 2517 942 2546 982; x_wconf 68' lang='grc' dir='ltr'><strong>ει</strong></span> <span class='ocrx_word' id='word_1_529' title='bbox 2584 929 2702 984; x_wconf 88' lang='lat' dir='ltr'><strong>luce</strong></span> <span class='ocrx_word' id='word_1_530' title='bbox 2744 929 2979 991; x_wconf 88' lang='lat' dir='ltr'><strong>recedit,</strong></span> <span class='ocrx_word' id='word_1_531' title='bbox 3011 930 3138 983; x_wconf 90' lang='lat' dir='ltr'><strong>nihil</strong></span> <span class='ocrx_word' id='word_1_532' title='bbox 3185 931 3284 985; x_wconf 92' lang='lat' dir='ltr'><strong>luci</strong></span> <span class='ocrx_word' id='word_1_533' title='bbox 3315 930 3408 986; x_wconf 88' lang='lat' dir='ltr'><strong>sed</strong></span> <span class='ocrx_word' id='word_1_534' title='bbox 3437 931 3536 986; x_wconf 88' lang='lat' dir='ltr'><strong>sibi</strong></span> 
     </span>
    </p>
   </div>
   <div class='ocr_carea' id='block_1_71' title="bbox 1952 1017 3536 1092">
    <p class='ocr_par' dir='ltr' id='par_1_71' title="bbox 1952 1017 3536 1092">
     <span class='ocr_line' id='line_1_71' title="bbox 1952 1017 3536 1092; baseline 0.006 -22"><span class='ocrx_word' id='word_1_535' title='bbox 1952 1018 2196 1071; x_wconf 65' lang='lat' dir='ltr'><strong>‘multum</strong></span> <span class='ocrx_word' id='word_1_536' title='bbox 2237 1017 2412 1072; x_wconf 90' lang='lat' dir='ltr'><strong>damni</strong></span> <span class='ocrx_word' id='word_1_537' title='bbox 2454 1018 2646 1086; x_wconf 89' lang='lat' dir='ltr'><strong>infert,</strong></span> <span class='ocrx_word' id='word_1_538' title='bbox 2676 1020 2800 1074; x_wconf 91' lang='lat' dir='ltr'><strong>dum</strong></span> <span class='ocrx_word' id='word_1_539' title='bbox 2832 1021 2883 1074; x_wconf 92' lang='lat' dir='ltr'><strong>in</strong></span> <span class='ocrx_word' id='word_1_540' title='bbox 2915 1021 3159 1076; x_wconf 88' lang='lat' dir='ltr'><strong>tenebras</strong></span> <span class='ocrx_word' id='word_1_541' title='bbox 3196 1037 3255 1076; x_wconf 89' lang='lat' dir='ltr'><strong>se</strong></span> <span class='ocrx_word' id='word_1_542' title='bbox 3282 1023 3494 1092; x_wconf 88' lang='lat' dir='ltr'><strong>conjicit</strong></span> <span class='ocrx_word' id='word_1_543' title='bbox 3521 1042 3536 1080; x_wconf 84' lang='lat'><strong>:</strong></span> 
     </span>
    </p>
   </div>
   <div class='ocr_carea' id='block_1_72' title="bbox 1971 1109 3539 1178">
    <p class='ocr_par' dir='ltr' id='par_1_72' title="bbox 1971 1109 3539 1178">
     <span class='ocr_line' id='line_1_72' title="bbox 1971 1109 3539 1178; baseline 0.006 -17"><span class='ocrx_word' id='word_1_544' title='bbox 1971 1109 2046 1161; x_wconf 86' lang='lat' dir='ltr'><strong>sic</strong></span> <span class='ocrx_word' id='word_1_545' title='bbox 2096 1109 2186 1178; x_wconf 88' lang='lat' dir='ltr'><strong>qui</strong></span> <span class='ocrx_word' id='word_1_546' title='bbox 2233 1109 2652 1178; x_wconf 89' lang='lat' dir='ltr'><strong>omnipotentem</strong></span> <span class='ocrx_word' id='word_1_547' title='bbox 2705 1111 2845 1165; x_wconf 85' lang='lat' dir='ltr'><strong>illam</strong></span> <span class='ocrx_word' id='word_1_548' title='bbox 2894 1112 3144 1166; x_wconf 85' lang='lat' dir='ltr'><strong>virtutem</strong></span> <span class='ocrx_word' id='word_1_549' title='bbox 3196 1121 3539 1170; x_wconf 81' lang='lat' dir='ltr'><strong>contemnere</strong></span> 
     </span>
    </p>
   </div>
   <div class='ocr_carea' id='block_1_73' title="bbox 1971 1199 3543 1270">
    <p class='ocr_par' dir='ltr' id='par_1_73' title="bbox 1971 1199 3543 1270">
     <span class='ocr_line' id='line_1_73' title="bbox 1971 1199 3543 1270; baseline 0.003 -17"><span class='ocrx_word' id='word_1_550' title='bbox 1971 1199 2159 1254; x_wconf 89' lang='lat' dir='ltr'><strong>solitus</strong></span> <span class='ocrx_word' id='word_1_551' title='bbox 2185 1209 2285 1263; x_wconf 89' lang='lat' dir='ltr'><strong>est,</strong></span> <span class='ocrx_word' id='word_1_552' title='bbox 2315 1199 2481 1270; x_wconf 88' lang='lat' dir='ltr'><strong>ipsam</strong></span> <span class='ocrx_word' id='word_1_553' title='bbox 2506 1201 2716 1270; x_wconf 88' lang='lat' dir='ltr'><strong>quidem</strong></span> <span class='ocrx_word' id='word_1_554' title='bbox 2749 1200 2878 1254; x_wconf 91' lang='lat' dir='ltr'><strong>nihil</strong></span> <span class='ocrx_word' id='word_1_555' title='bbox 2906 1200 3068 1266; x_wconf 70' lang='lat' dir='ltr'><strong>laedit,</strong></span> <span class='ocrx_word' id='word_1_556' title='bbox 3094 1211 3389 1256; x_wconf 81' lang='lat' dir='ltr'><strong>extremam</strong></span> <span class='ocrx_word' id='word_1_557' title='bbox 3415 1218 3543 1258; x_wconf 88' lang='lat' dir='ltr'><strong>vero</strong></span> 
     </span>
    </p>
   </div>
   <div class='ocr_carea' id='block_1_74' title="bbox 1971 1287 3542 1357">
    <p class='ocr_par' dir='ltr' id='par_1_74' title="bbox 1971 1287 3542 1357">
     <span class='ocr_line' id='line_1_74' title="bbox 1971 1287 3542 1357; baseline 0.004 -16"><span class='ocrx_word' id='word_1_558' title='bbox 1971 1287 2070 1343; x_wconf 90' lang='lat' dir='ltr'><strong>sibi</strong></span> <span class='ocrx_word' id='word_1_559' title='bbox 2105 1289 2390 1357; x_wconf 87' lang='lat' dir='ltr'><strong>perniciem</strong></span> <span class='ocrx_word' id='word_1_560' title='bbox 2421 1290 2612 1344; x_wconf 88' lang='lat' dir='ltr'><strong>adfert.</strong></span> <span class='ocrx_word' id='word_1_561' title='bbox 2647 1290 2754 1344; x_wconf 89' lang='lat' dir='ltr'><strong>llac</strong></span> <span class='ocrx_word' id='word_1_562' title='bbox 2795 1290 2862 1345; x_wconf 86' lang='lat' dir='ltr'><strong>de</strong></span> <span class='ocrx_word' id='word_1_563' title='bbox 2905 1307 3063 1345; x_wconf 89' lang='lat' dir='ltr'><strong>causa</strong></span> <span class='ocrx_word' id='word_1_564' title='bbox 3095 1293 3231 1347; x_wconf 84' lang='lat' dir='ltr'><strong>Deus</strong></span> <span class='ocrx_word' id='word_1_565' title='bbox 3257 1293 3542 1348; x_wconf 87' lang='lat' dir='ltr'><strong>vindictam</strong></span> 
     </span>
    </p>
   </div>
   <div class='ocr_carea' id='block_1_75' title="bbox 1973 1377 3546 1449">
    <p class='ocr_par' dir='ltr' id='par_1_75' title="bbox 1973 1377 3546 1449">
     <span class='ocr_line' id='line_1_75' title="bbox 1973 1377 3546 1449; baseline 0.004 -18"><span class='ocrx_word' id='word_1_566' title='bbox 1973 1377 2128 1431; x_wconf 89' lang='lat' dir='ltr'><strong>nobis</strong></span> <span class='ocrx_word' id='word_1_567' title='bbox 2154 1379 2527 1443; x_wconf 89' lang='lat' dir='ltr'><strong>comminatur,</strong></span> <span class='ocrx_word' id='word_1_568' title='bbox 2553 1394 2800 1449; x_wconf 75' lang='lat' dir='ltr'><strong>szepeque</strong></span> <span class='ocrx_word' id='word_1_569' title='bbox 2832 1380 3084 1444; x_wconf 88' lang='lat' dir='ltr'><strong>immittit,</strong></span> <span class='ocrx_word' id='word_1_570' title='bbox 3116 1397 3218 1436; x_wconf 92' lang='lat' dir='ltr'><strong>non</strong></span> <span class='ocrx_word' id='word_1_571' title='bbox 3249 1393 3304 1438; x_wconf 91' lang='lat' dir='ltr'><strong>ut</strong></span> <span class='ocrx_word' id='word_1_572' title='bbox 3331 1398 3388 1438; x_wconf 92' lang='lat' dir='ltr'><strong>se</strong></span> <span class='ocrx_word' id='word_1_573' title='bbox 3416 1383 3546 1438; x_wconf 84' lang='lat' dir='ltr'><strong>ulei-</strong></span> 
     </span>
    </p>
   </div>
   <div class='ocr_carea' id='block_1_76' title="bbox 1972 1469 3544 1540">
    <p class='ocr_par' dir='ltr' id='par_1_76' title="bbox 1972 1469 3544 1540">
     <span class='ocr_line' id='line_1_76' title="bbox 1972 1469 3544 1540; baseline 0.006 -18"><span class='ocrx_word' id='word_1_574' title='bbox 1972 1477 2149 1522; x_wconf 85' lang='lat' dir='ltr'><strong>scatur</strong></span> <span class='ocrx_word' id='word_1_575' title='bbox 2168 1509 2184 1534; x_wconf 93' lang='lat'><strong>,</strong></span> <span class='ocrx_word' id='word_1_576' title='bbox 2217 1469 2309 1524; x_wconf 89' lang='lat' dir='ltr'><strong>sed</strong></span> <span class='ocrx_word' id='word_1_577' title='bbox 2340 1481 2394 1525; x_wconf 92' lang='lat' dir='ltr'><strong>ut</strong></span> <span class='ocrx_word' id='word_1_578' title='bbox 2421 1485 2519 1525; x_wconf 90' lang='lat' dir='ltr'><strong>nos</strong></span> <span class='ocrx_word' id='word_1_579' title='bbox 2545 1470 2611 1525; x_wconf 91' lang='lat' dir='ltr'><strong>ad</strong></span> <span class='ocrx_word' id='word_1_580' title='bbox 2641 1486 2698 1525; x_wconf 90' lang='lat' dir='ltr'><strong>se</strong></span> <span class='ocrx_word' id='word_1_581' title='bbox 2726 1471 3019 1540; x_wconf 91' lang='lat' dir='ltr'><strong>pertrahat.</strong></span> <span class='ocrx_word' id='word_1_582' title='bbox 3051 1474 3119 1526; x_wconf 79' lang='lat' dir='ltr'><strong>At</strong></span> <span class='ocrx_word' id='word_1_583' title='bbox 3143 1475 3281 1528; x_wconf 89' lang='lat' dir='ltr'><strong>enim</strong></span> <span class='ocrx_word' id='word_1_584' title='bbox 3310 1475 3544 1531; x_wconf 86' lang='lat' dir='ltr'><strong>medicus</strong></span> 
     </span>
    </p>
   </div>
   <div class='ocr_carea' id='block_1_77' title="bbox 1973 1557 3542 1634">
    <p class='ocr_par' dir='ltr' id='par_1_77' title="bbox 1973 1557 3542 1634">
     <span class='ocr_line' id='line_1_77' title="bbox 1973 1557 3542 1634; baseline 0.005 -24"><span class='ocrx_word' id='word_1_585' title='bbox 1973 1557 2038 1612; x_wconf 87' lang='lat' dir='ltr'><strong>de</strong></span> <span class='ocrx_word' id='word_1_586' title='bbox 2068 1560 2401 1613; x_wconf 86' lang='lat' dir='ltr'><strong>contumeliis</strong></span> <span class='ocrx_word' id='word_1_587' title='bbox 2438 1560 2776 1614; x_wconf 88' lang='lat' dir='ltr'><strong>delirantium</strong></span> <span class='ocrx_word' id='word_1_588' title='bbox 2819 1575 2922 1615; x_wconf 87' lang='lat' dir='ltr'><strong>non</strong></span> <span class='ocrx_word' id='word_1_589' title='bbox 2954 1561 3096 1615; x_wconf 88' lang='lat' dir='ltr'><strong>dolet</strong></span> <span class='ocrx_word' id='word_1_590' title='bbox 3119 1604 3132 1628; x_wconf 88' lang='lat'><strong>,</strong></span> <span class='ocrx_word' id='word_1_591' title='bbox 3178 1579 3346 1634; x_wconf 87' lang='lat' dir='ltr'><strong>neque</strong></span> <span class='ocrx_word' id='word_1_592' title='bbox 3375 1564 3542 1620; x_wconf 77' lang='lat' dir='ltr'><strong>offen-</strong></span> 
     </span>
    </p>
   </div>
   <div class='ocr_carea' id='block_1_78' title="bbox 1973 1645 3546 1722">
    <p class='ocr_par' dir='ltr' id='par_1_78' title="bbox 1973 1645 3546 1722">
     <span class='ocr_line' id='line_1_78' title="bbox 1973 1645 3546 1722; baseline 0.006 -23"><span class='ocrx_word' id='word_1_593' title='bbox 1973 1645 2148 1712; x_wconf 91' lang='lat' dir='ltr'><strong>ditur;</strong></span> <span class='ocrx_word' id='word_1_594' title='bbox 2191 1647 2282 1701; x_wconf 90' lang='lat' dir='ltr'><strong>sed</strong></span> <span class='ocrx_word' id='word_1_595' title='bbox 2313 1657 2488 1702; x_wconf 89' lang='lat' dir='ltr'><strong>tamen</strong></span> <span class='ocrx_word' id='word_1_596' title='bbox 2521 1649 2650 1703; x_wconf 85' lang='lat' dir='ltr'><strong>nihil</strong></span> <span class='ocrx_word' id='word_1_597' title='bbox 2693 1664 2798 1704; x_wconf 90' lang='lat' dir='ltr'><strong>non</strong></span> <span class='ocrx_word' id='word_1_598' title='bbox 2830 1650 2966 1719; x_wconf 90' lang='lat' dir='ltr'><strong>agit,</strong></span> <span class='ocrx_word' id='word_1_599' title='bbox 3001 1661 3057 1704; x_wconf 92' lang='lat' dir='ltr'><strong>ut</strong></span> <span class='ocrx_word' id='word_1_600' title='bbox 3088 1667 3179 1705; x_wconf 92' lang='lat' dir='ltr'><strong>eos</strong></span> <span class='ocrx_word' id='word_1_601' title='bbox 3211 1653 3278 1706; x_wconf 90' lang='lat' dir='ltr'><strong>ita</strong></span> <span class='ocrx_word' id='word_1_602' title='bbox 3325 1655 3546 1722; x_wconf 88' lang='lat' dir='ltr'><strong>turpiter</strong></span> 
     </span>
    </p>
   </div>
   <div class='ocr_carea' id='block_1_79' title="bbox 1974 1744 3545 1810">
    <p class='ocr_par' dir='ltr' id='par_1_79' title="bbox 1974 1744 3545 1810">
     <span class='ocr_line' id='line_1_79' title="bbox 1974 1744 3545 1810; baseline 0.006 -20"><span class='ocrx_word' id='word_1_603' title='bbox 1974 1750 2033 1791; x_wconf 87' lang='lat' dir='ltr'><strong>se</strong></span> <span class='ocrx_word' id='word_1_604' title='bbox 2058 1749 2305 1807; x_wconf 89' lang='lat' dir='ltr'><strong>gerentes</strong></span> <span class='ocrx_word' id='word_1_605' title='bbox 2332 1750 2654 1808; x_wconf 90' lang='lat' dir='ltr'><strong>compescat,</strong></span> <span class='ocrx_word' id='word_1_606' title='bbox 2684 1755 2788 1794; x_wconf 91' lang='lat' dir='ltr'><strong>non</strong></span> <span class='ocrx_word' id='word_1_607' title='bbox 2814 1756 2961 1794; x_wconf 90' lang='lat' dir='ltr'><strong>suam</strong></span> <span class='ocrx_word' id='word_1_608' title='bbox 2989 1752 3236 1810; x_wconf 88' lang='lat' dir='ltr'><strong>spectans</strong></span> <span class='ocrx_word' id='word_1_609' title='bbox 3255 1785 3268 1807; x_wconf 91' lang='lat'><strong>,</strong></span> <span class='ocrx_word' id='word_1_610' title='bbox 3300 1744 3392 1799; x_wconf 89' lang='lat' dir='ltr'><strong>sed</strong></span> <span class='ocrx_word' id='word_1_611' title='bbox 3425 1745 3545 1800; x_wconf 86' lang='lat' dir='ltr'><strong>illo-</strong></span> 
     </span>
    </p>
   </div>
   <div class='ocr_carea' id='block_1_80' title="bbox 1973 1831 3547 1900">
    <p class='ocr_par' dir='ltr' id='par_1_80' title="bbox 1973 1831 3547 1900">
     <span class='ocr_line' id='line_1_80' title="bbox 1973 1831 3547 1900; baseline 0.007 -16"><span class='ocrx_word' id='word_1_612' title='bbox 1973 1845 2090 1884; x_wconf 86' lang='lat' dir='ltr'><strong>rum</strong></span> <span class='ocrx_word' id='word_1_613' title='bbox 2134 1831 2411 1884; x_wconf 88' lang='lat' dir='ltr'><strong>utilitatem</strong></span> <span class='ocrx_word' id='word_1_614' title='bbox 2453 1831 2543 1885; x_wconf 88' lang='lat' dir='ltr'><strong>:si</strong></span> <span class='ocrx_word' id='word_1_615' title='bbox 2587 1840 2762 1886; x_wconf 89' lang='lat' dir='ltr'><strong>autem</strong></span> <span class='ocrx_word' id='word_1_616' title='bbox 2808 1833 2934 1900; x_wconf 70' lang='lat' dir='ltr'><strong>aegri</strong></span> <span class='ocrx_word' id='word_1_617' title='bbox 2977 1834 3058 1887; x_wconf 86' lang='lat' dir='ltr'><strong>vel</strong></span> <span class='ocrx_word' id='word_1_618' title='bbox 3102 1835 3360 1890; x_wconf 90' lang='lat' dir='ltr'><strong>tantillum</strong></span> <span class='ocrx_word' id='word_1_619' title='bbox 3403 1852 3547 1895; x_wconf 73' lang='lat' dir='ltr'><strong>same</strong></span> 
     </span>
    </p>
   </div>
   <div class='ocr_carea' id='block_1_81' title="bbox 1977 1921 3549 1994">
    <p class='ocr_par' dir='ltr' id='par_1_81' title="bbox 1977 1921 3549 1994">
     <span class='ocr_line' id='line_1_81' title="bbox 1977 1921 3549 1994; baseline 0.004 -20"><span class='ocrx_word' id='word_1_620' title='bbox 1977 1921 2170 1976; x_wconf 90' lang='lat' dir='ltr'><strong>mentis</strong></span> <span class='ocrx_word' id='word_1_621' title='bbox 2197 1921 2496 1988; x_wconf 89' lang='lat' dir='ltr'><strong>ostendant,</strong></span> <span class='ocrx_word' id='word_1_622' title='bbox 2523 1922 2717 1992; x_wconf 86' lang='lat' dir='ltr'><strong>gaudet</strong></span> <span class='ocrx_word' id='word_1_623' title='bbox 2746 1932 2800 1977; x_wconf 92' lang='lat' dir='ltr'><strong>ct</strong></span> <span class='ocrx_word' id='word_1_624' title='bbox 2822 1922 3044 1988; x_wconf 80' lang='lat' dir='ltr'><strong>laetatur,</strong></span> <span class='ocrx_word' id='word_1_625' title='bbox 3085 1925 3356 1994; x_wconf 81' lang='lat' dir='ltr'><strong>multoque</strong></span> <span class='ocrx_word' id='word_1_626' title='bbox 3389 1929 3549 1984; x_wconf 80' lang='lat' dir='ltr'><strong>vehe-</strong></span> 
     </span>
    </p>
   </div>
   <div class='ocr_carea' id='block_1_82' title="bbox 1975 2011 3549 2084">
    <p class='ocr_par' dir='ltr' id='par_1_82' title="bbox 1975 2011 3549 2084">
     <span class='ocr_line' id='line_1_82' title="bbox 1975 2011 3549 2084; baseline 0.003 -18"><span class='ocrx_word' id='word_1_627' title='bbox 1975 2012 2207 2066; x_wconf 90' lang='lat' dir='ltr'><strong>mentius</strong></span> <span class='ocrx_word' id='word_1_628' title='bbox 2235 2011 2466 2066; x_wconf 90' lang='lat' dir='ltr'><strong>remedia</strong></span> <span class='ocrx_word' id='word_1_629' title='bbox 2496 2013 2770 2077; x_wconf 89' lang='lat' dir='ltr'><strong>admovet,</strong></span> <span class='ocrx_word' id='word_1_630' title='bbox 2812 2029 2916 2066; x_wconf 90' lang='lat' dir='ltr'><strong>non</strong></span> <span class='ocrx_word' id='word_1_631' title='bbox 2954 2014 3093 2084; x_wconf 90' lang='lat' dir='ltr'><strong>quod</strong></span> <span class='ocrx_word' id='word_1_632' title='bbox 3140 2030 3321 2084; x_wconf 69' lang='lat' dir='ltr'><strong>poenas</strong></span> <span class='ocrx_word' id='word_1_633' title='bbox 3361 2027 3549 2071; x_wconf 84' lang='lat' dir='ltr'><strong>contu-</strong></span> 
     </span>
    </p>
   </div>
   <div class='ocr_carea' id='block_1_83' title="bbox 1975 2103 3547 2177">
    <p class='ocr_par' dir='ltr' id='par_1_83' title="bbox 1975 2103 3547 2177">
     <span class='ocr_line' id='line_1_83' title="bbox 1975 2103 3547 2177; baseline 0.005 -20"><span class='ocrx_word' id='word_1_634' title='bbox 1975 2104 2148 2158; x_wconf 80' lang='lat' dir='ltr'><strong>meliae</strong></span> <span class='ocrx_word' id='word_1_635' title='bbox 2190 2111 2438 2173; x_wconf 81' lang='lat' dir='ltr'><strong>expetat,</strong></span> <span class='ocrx_word' id='word_1_636' title='bbox 2495 2103 2586 2158; x_wconf 89' lang='lat' dir='ltr'><strong>sed</strong></span> <span class='ocrx_word' id='word_1_637' title='bbox 2645 2115 2702 2160; x_wconf 93' lang='lat' dir='ltr'><strong>ut</strong></span> <span class='ocrx_word' id='word_1_638' title='bbox 2769 2105 3046 2161; x_wconf 87' lang='lat' dir='ltr'><strong>utilitatem</strong></span> <span class='ocrx_word' id='word_1_639' title='bbox 3096 2117 3286 2177; x_wconf 84' lang='lat' dir='ltr'><strong>augeat</strong></span> <span class='ocrx_word' id='word_1_640' title='bbox 3338 2111 3396 2174; x_wconf 84' lang='grc'><strong>¹,</strong></span> <span class='ocrx_word' id='word_1_641' title='bbox 3439 2111 3547 2165; x_wconf 90' lang='lat' dir='ltr'><strong>imo</strong></span> 
     </span>
    </p>
   </div>
   <div class='ocr_carea' id='block_1_84' title="bbox 1975 2195 3544 2268">
    <p class='ocr_par' dir='ltr' id='par_1_84' title="bbox 1975 2195 3544 2268">
     <span class='ocr_line' id='line_1_84' title="bbox 1975 2195 3544 2268; baseline 0.006 -20"><span class='ocrx_word' id='word_1_642' title='bbox 1975 2204 2028 2249; x_wconf 91' lang='lat' dir='ltr'><strong>et</strong></span> <span class='ocrx_word' id='word_1_643' title='bbox 2054 2195 2342 2264; x_wconf 86' lang='lat' dir='ltr'><strong>perfectam</strong></span> <span class='ocrx_word' id='word_1_644' title='bbox 2375 2198 2656 2252; x_wconf 90' lang='lat' dir='ltr'><strong>sanitatem</strong></span> <span class='ocrx_word' id='word_1_645' title='bbox 2688 2197 2920 2253; x_wconf 88' lang='lat' dir='ltr'><strong>inducat.</strong></span> <span class='ocrx_word' id='word_1_646' title='bbox 2965 2198 3165 2254; x_wconf 86' lang='lat' dir='ltr'><strong>Eodem</strong></span> <span class='ocrx_word' id='word_1_647' title='bbox 3193 2201 3350 2256; x_wconf 92' lang='lat' dir='ltr'><strong>modo</strong></span> <span class='ocrx_word' id='word_1_648' title='bbox 3387 2203 3544 2268; x_wconf 91' lang='lat' dir='ltr'><strong>Deus,</strong></span> 
     </span>
    </p>
   </div>
   <div class='ocr_carea' id='block_1_85' title="bbox 1978 2288 3542 2359">
    <p class='ocr_par' dir='ltr' id='par_1_85' title="bbox 1978 2288 3542 2359">
     <span class='ocr_line' id='line_1_85' title="bbox 1978 2288 3542 2359; baseline 0.006 -20"><span class='ocrx_word' id='word_1_649' title='bbox 1978 2296 2254 2358; x_wconf 84' lang='lat' dir='ltr'><strong>postquam</strong></span> <span class='ocrx_word' id='word_1_650' title='bbox 2299 2302 2398 2342; x_wconf 91' lang='lat' dir='ltr'><strong>nos</strong></span> <span class='ocrx_word' id='word_1_651' title='bbox 2445 2288 2494 2342; x_wconf 92' lang='lat' dir='ltr'><strong>in</strong></span> <span class='ocrx_word' id='word_1_652' title='bbox 2542 2298 2835 2343; x_wconf 87' lang='lat' dir='ltr'><strong>extremam</strong></span> <span class='ocrx_word' id='word_1_653' title='bbox 2879 2289 3174 2346; x_wconf 89' lang='lat' dir='ltr'><strong>decidimus</strong></span> <span class='ocrx_word' id='word_1_654' title='bbox 3220 2294 3542 2359; x_wconf 87' lang='lat' dir='ltr'><strong>amentiam,</strong></span> 
     </span>
    </p>
   </div>
   <div class='ocr_carea' id='block_1_86' title="bbox 1977 2377 3552 2445">
    <p class='ocr_par' dir='ltr' id='par_1_86' title="bbox 1977 2377 3552 2445">
     <span class='ocr_line' id='line_1_86' title="bbox 1977 2377 3552 2445; baseline 0.006 -16"><span class='ocrx_word' id='word_1_655' title='bbox 1977 2392 2082 2429; x_wconf 90' lang='lat' dir='ltr'><strong>non</strong></span> <span class='ocrx_word' id='word_1_656' title='bbox 2111 2387 2166 2430; x_wconf 92' lang='lat' dir='ltr'><strong>ut</strong></span> <span class='ocrx_word' id='word_1_657' title='bbox 2198 2377 2464 2444; x_wconf 67' lang='lat' dir='ltr'><strong>prmterita</strong></span> <span class='ocrx_word' id='word_1_658' title='bbox 2492 2378 2798 2445; x_wconf 90' lang='lat' dir='ltr'><strong>ulciscatur,</strong></span> <span class='ocrx_word' id='word_1_659' title='bbox 2828 2379 2921 2434; x_wconf 90' lang='lat' dir='ltr'><strong>sed</strong></span> <span class='ocrx_word' id='word_1_660' title='bbox 2951 2389 3005 2433; x_wconf 93' lang='lat' dir='ltr'><strong>ut</strong></span> <span class='ocrx_word' id='word_1_661' title='bbox 3036 2396 3133 2435; x_wconf 90' lang='lat' dir='ltr'><strong>nos</strong></span> <span class='ocrx_word' id='word_1_662' title='bbox 3157 2397 3188 2435; x_wconf 91' lang='lat' dir='ltr'><strong>a</strong></span> <span class='ocrx_word' id='word_1_663' title='bbox 3209 2383 3396 2437; x_wconf 92' lang='lat' dir='ltr'><strong>morbo</strong></span> <span class='ocrx_word' id='word_1_664' title='bbox 3421 2384 3552 2439; x_wconf 83' lang='lat' dir='ltr'><strong>libe-</strong></span> 
     </span>
    </p>
   </div>
   <div class='ocr_carea' id='block_1_87' title="bbox 1977 2465 3552 2540">
    <p class='ocr_par' dir='ltr' id='par_1_87' title="bbox 1977 2465 3552 2540">
     <span class='ocr_line' id='line_1_87' title="bbox 1977 2465 3552 2540; baseline 0.005 -20"><span class='ocrx_word' id='word_1_665' title='bbox 1977 2475 2082 2529; x_wconf 90' lang='lat' dir='ltr'><strong>ret,</strong></span> <span class='ocrx_word' id='word_1_666' title='bbox 2118 2465 2246 2518; x_wconf 89' lang='lat' dir='ltr'><strong>nihil</strong></span> <span class='ocrx_word' id='word_1_667' title='bbox 2280 2482 2384 2520; x_wconf 88' lang='lat' dir='ltr'><strong>non</strong></span> <span class='ocrx_word' id='word_1_668' title='bbox 2427 2467 2553 2520; x_wconf 89' lang='lat' dir='ltr'><strong>dicit</strong></span> <span class='ocrx_word' id='word_1_669' title='bbox 2589 2477 2643 2521; x_wconf 89' lang='lat' dir='ltr'><strong>et</strong></span> <span class='ocrx_word' id='word_1_670' title='bbox 2682 2465 2846 2521; x_wconf 90' lang='lat' dir='ltr'><strong>facit:</strong></span> <span class='ocrx_word' id='word_1_671' title='bbox 2882 2469 3022 2537; x_wconf 88' lang='lat' dir='ltr'><strong>quod</strong></span> <span class='ocrx_word' id='word_1_672' title='bbox 3050 2485 3178 2524; x_wconf 83' lang='lat' dir='ltr'><strong>sane</strong></span> <span class='ocrx_word' id='word_1_673' title='bbox 3209 2471 3380 2540; x_wconf 89' lang='lat' dir='ltr'><strong>quivis</strong></span> <span class='ocrx_word' id='word_1_674' title='bbox 3407 2481 3552 2528; x_wconf 90' lang='lat' dir='ltr'><strong>recto</strong></span> 
     </span>
    </p>
   </div>
   <div class='ocr_carea' id='block_1_88' title="bbox 1977 2555 2930 2624">
    <p class='ocr_par' dir='ltr' id='par_1_88' title="bbox 1977 2555 2930 2624">
     <span class='ocr_line' id='line_1_88' title="bbox 1977 2555 2930 2624; baseline 0.003 -18"><span class='ocrx_word' id='word_1_675' title='bbox 1977 2568 2104 2608; x_wconf 90' lang='lat' dir='ltr'><strong>usus</strong></span> <span class='ocrx_word' id='word_1_676' title='bbox 2131 2555 2408 2608; x_wconf 86' lang='lat' dir='ltr'><strong>ratiocinio</strong></span> <span class='ocrx_word' id='word_1_677' title='bbox 2438 2557 2743 2624; x_wconf 87' lang='lat' dir='ltr'><strong>perspicere</strong></span> <span class='ocrx_word' id='word_1_678' title='bbox 2773 2556 2930 2609; x_wconf 92' lang='lat' dir='ltr'><strong>valet.</strong></span> 
     </span>
    </p>
   </div>
   <div class='ocr_carea' id='block_1_89' title="bbox 2048 2645 3550 2718">
    <p class='ocr_par' dir='ltr' id='par_1_89' title="bbox 2048 2645 3550 2718">
     <span class='ocr_line' id='line_1_89' title="bbox 2048 2645 3550 2718; baseline 0.004 -18"><span class='ocrx_word' id='word_1_679' title='bbox 2048 2645 2101 2700; x_wconf 85' lang='lat'><strong>5.</strong></span> <span class='ocrx_word' id='word_1_680' title='bbox 2143 2645 2197 2701; x_wconf 87' lang='lat' dir='ltr'><strong>Si</strong></span> <span class='ocrx_word' id='word_1_681' title='bbox 2225 2662 2351 2699; x_wconf 90' lang='lat' dir='ltr'><strong>vero</strong></span> <span class='ocrx_word' id='word_1_682' title='bbox 2387 2647 2646 2718; x_wconf 78' lang='lat' dir='ltr'><strong>quispiam</strong></span> <span class='ocrx_word' id='word_1_683' title='bbox 2677 2647 2789 2702; x_wconf 65' lang='lat' dir='ltr'><strong>hate</strong></span> <span class='ocrx_word' id='word_1_684' title='bbox 2816 2648 2869 2701; x_wconf 87' lang='lat' dir='ltr'><strong>in</strong></span> <span class='ocrx_word' id='word_1_685' title='bbox 2895 2647 3108 2702; x_wconf 88' lang='lat' dir='ltr'><strong>dubium</strong></span> <span class='ocrx_word' id='word_1_686' title='bbox 3136 2651 3402 2704; x_wconf 81' lang='lat' dir='ltr'><strong>vocaverit</strong></span> <span class='ocrx_word' id='word_1_687' title='bbox 3437 2691 3455 2718; x_wconf 91' lang='lat'><strong>,</strong></span> <span class='ocrx_word' id='word_1_688' title='bbox 3484 2667 3550 2706; x_wconf 78' lang='lat' dir='ltr'><strong>ex</strong></span> 
     </span>
    </p>
   </div>
   <div class='ocr_carea' id='block_1_90' title="bbox 1979 2736 3548 2811">
    <p class='ocr_par' dir='ltr' id='par_1_90' title="bbox 1979 2736 3548 2811">
     <span class='ocr_line' id='line_1_90' title="bbox 1979 2736 3548 2811; baseline 0.005 -21"><span class='ocrx_word' id='word_1_689' title='bbox 1979 2736 2170 2790; x_wconf 88' lang='lat' dir='ltr'><strong>divinis</strong></span> <span class='ocrx_word' id='word_1_690' title='bbox 2199 2738 2486 2808; x_wconf 90' lang='lat' dir='ltr'><strong>Scripturis</strong></span> <span class='ocrx_word' id='word_1_691' title='bbox 2510 2753 2571 2792; x_wconf 90' lang='lat' dir='ltr'><strong>ea</strong></span> <span class='ocrx_word' id='word_1_692' title='bbox 2610 2738 2720 2807; x_wconf 84' lang='lat' dir='ltr'><strong>ipsa</strong></span> <span class='ocrx_word' id='word_1_693' title='bbox 2752 2738 3064 2794; x_wconf 87' lang='lat' dir='ltr'><strong>confirmare</strong></span> <span class='ocrx_word' id='word_1_694' title='bbox 3096 2743 3148 2795; x_wconf 92' lang='lat' dir='ltr'><strong>in</strong></span> <span class='ocrx_word' id='word_1_695' title='bbox 3177 2753 3416 2811; x_wconf 90' lang='lat' dir='ltr'><strong>promptu</strong></span> <span class='ocrx_word' id='word_1_696' title='bbox 3447 2752 3548 2800; x_wconf 89' lang='lat' dir='ltr'><strong>est.</strong></span> 
     </span>
    </p>
   </div>
   <div class='ocr_carea' id='block_1_91' title="bbox 1979 2827 3553 2900">
    <p class='ocr_par' dir='ltr' id='par_1_91' title="bbox 1979 2827 3553 2900">
     <span class='ocr_line' id='line_1_91' title="bbox 1979 2827 3553 2900; baseline 0.003 -18"><span class='ocrx_word' id='word_1_697' title='bbox 1979 2827 2108 2882; x_wconf 84' lang='lat' dir='ltr'><strong>Nam</strong></span> <span class='ocrx_word' id='word_1_698' title='bbox 2129 2829 2267 2897; x_wconf 86' lang='lat' dir='ltr'><strong>quis,</strong></span> <span class='ocrx_word' id='word_1_699' title='bbox 2297 2844 2505 2898; x_wconf 73' lang='lat' dir='ltr'><strong>qumso,</strong></span> <span class='ocrx_word' id='word_1_700' title='bbox 2522 2845 2646 2899; x_wconf 83' lang='lat' dir='ltr'><strong>rege</strong></span> <span class='ocrx_word' id='word_1_701' title='bbox 2664 2830 3067 2900; x_wconf 81' lang='lat' dir='ltr'><strong>Babyloniorum</strong></span> <span class='ocrx_word' id='word_1_702' title='bbox 3099 2834 3404 2890; x_wconf 89' lang='lat' dir='ltr'><strong>sceleratior</strong></span> <span class='ocrx_word' id='word_1_703' title='bbox 3427 2835 3553 2890; x_wconf 78' lang='lat' dir='ltr'><strong>fuit?</strong></span> 
     </span>
    </p>
   </div>
   <div class='ocr_carea' id='block_1_92' title="bbox 1980 2917 3550 2995">
    <p class='ocr_par' dir='ltr' id='par_1_92' title="bbox 1980 2917 3550 2995">
     <span class='ocr_line' id='line_1_92' title="bbox 1980 2917 3550 2995; baseline 0.008 -26"><span class='ocrx_word' id='word_1_704' title='bbox 1980 2917 2069 2988; x_wconf 88' lang='lat' dir='ltr'><strong>qui</strong></span> <span class='ocrx_word' id='word_1_705' title='bbox 2099 2933 2216 2973; x_wconf 88' lang='lat' dir='ltr'><strong>cum</strong></span> <span class='ocrx_word' id='word_1_706' title='bbox 2244 2928 2439 2972; x_wconf 90' lang='lat' dir='ltr'><strong>tantam</strong></span> <span class='ocrx_word' id='word_1_707' title='bbox 2481 2921 2568 2974; x_wconf 87' lang='lat' dir='ltr'><strong>Dei</strong></span> <span class='ocrx_word' id='word_1_708' title='bbox 2589 2921 2871 2989; x_wconf 86' lang='lat' dir='ltr'><strong>potentiam</strong></span> <span class='ocrx_word' id='word_1_709' title='bbox 2889 2933 3137 2991; x_wconf 90' lang='lat' dir='ltr'><strong>expertus</strong></span> <span class='ocrx_word' id='word_1_710' title='bbox 3169 2935 3329 2992; x_wconf 90' lang='lat' dir='ltr'><strong>esset,</strong></span> <span class='ocrx_word' id='word_1_711' title='bbox 3350 2935 3406 2980; x_wconf 91' lang='lat' dir='ltr'><strong>ut</strong></span> <span class='ocrx_word' id='word_1_712' title='bbox 3426 2942 3550 2995; x_wconf 83' lang='lat' dir='ltr'><strong>pro-</strong></span> 
     </span>
    </p>
   </div>
   <div class='ocr_carea' id='block_1_93' title="bbox 1983 3009 3555 3082">
    <p class='ocr_par' dir='ltr' id='par_1_93' title="bbox 1983 3009 3555 3082">
     <span class='ocr_line' id='line_1_93' title="bbox 1983 3009 3555 3082; baseline 0.008 -22"><span class='ocrx_word' id='word_1_713' title='bbox 1983 3009 2192 3076; x_wconf 88' lang='lat' dir='ltr'><strong>phetam</strong></span> <span class='ocrx_word' id='word_1_714' title='bbox 2221 3009 2336 3079; x_wconf 87' lang='lat' dir='ltr'><strong>ejus</strong></span> <span class='ocrx_word' id='word_1_715' title='bbox 2373 3011 2618 3064; x_wconf 89' lang='lat' dir='ltr'><strong>adoraret</strong></span> <span class='ocrx_word' id='word_1_716' title='bbox 2637 3052 2650 3074; x_wconf 93' lang='lat'><strong>,</strong></span> <span class='ocrx_word' id='word_1_717' title='bbox 2668 3011 2984 3082; x_wconf 87' lang='lat' dir='ltr'><strong>juberetquc</strong></span> <span class='ocrx_word' id='word_1_718' title='bbox 3007 3013 3055 3067; x_wconf 90' lang='lat' dir='ltr'><strong>ei</strong></span> <span class='ocrx_word' id='word_1_719' title='bbox 3085 3030 3268 3067; x_wconf 88' lang='lat' dir='ltr'><strong>manaa</strong></span> <span class='ocrx_word' id='word_1_720' title='bbox 3296 3017 3316 3047; x_wconf 75' lang='grc'><em>³</em></span> <span class='ocrx_word' id='word_1_721' title='bbox 3345 3057 3360 3080; x_wconf 84' lang='grc'><em>,</em></span> <span class='ocrx_word' id='word_1_722' title='bbox 3397 3015 3446 3070; x_wconf 88' lang='lat' dir='ltr'><strong>id</strong></span> <span class='ocrx_word' id='word_1_723' title='bbox 3471 3025 3555 3072; x_wconf 88' lang='lat' dir='ltr'><strong>est</strong></span> 
     </span>
    </p>
   </div>
   <div class='ocr_carea' id='block_1_94' title="bbox 1981 3097 3554 3172">
    <p class='ocr_par' dir='ltr' id='par_1_94' title="bbox 1981 3097 3554 3172">
     <span class='ocr_line' id='line_1_94' title="bbox 1981 3097 3554 3172; baseline 0.006 -21"><span class='ocrx_word' id='word_1_724' title='bbox 1981 3097 2140 3162; x_wconf 87' lang='lat' dir='ltr'><strong>dona,</strong></span> <span class='ocrx_word' id='word_1_725' title='bbox 2174 3109 2227 3153; x_wconf 90' lang='lat' dir='ltr'><strong>et</strong></span> <span class='ocrx_word' id='word_1_726' title='bbox 2251 3099 2444 3154; x_wconf 86' lang='lat' dir='ltr'><strong>odores</strong></span> <span class='ocrx_word' id='word_1_727' title='bbox 2473 3099 2668 3164; x_wconf 82' lang='lat' dir='ltr'><strong>offerri,</strong></span> <span class='ocrx_word' id='word_1_728' title='bbox 2702 3116 2886 3155; x_wconf 90' lang='lat' dir='ltr'><strong>rursus</strong></span> <span class='ocrx_word' id='word_1_729' title='bbox 2916 3105 2967 3154; x_wconf 90' lang='lat' dir='ltr'><strong>iu</strong></span> <span class='ocrx_word' id='word_1_730' title='bbox 3001 3103 3275 3172; x_wconf 86' lang='lat' dir='ltr'><strong>pristinam</strong></span> <span class='ocrx_word' id='word_1_731' title='bbox 3307 3121 3554 3162; x_wconf 87' lang='lat' dir='ltr'><strong>reversus</strong></span> 
     </span>
    </p>
   </div>
   <div class='ocr_carea' id='block_1_95' title="bbox 1983 3187 3550 3261">
    <p class='ocr_par' dir='ltr' id='par_1_95' title="bbox 1983 3187 3550 3261">
     <span class='ocr_line' id='line_1_95' title="bbox 1983 3187 3550 3261; baseline 0.006 -21"><span class='ocrx_word' id='word_1_732' title='bbox 1983 3187 2282 3255; x_wconf 88' lang='lat' dir='ltr'><strong>superbiam</strong></span> <span class='ocrx_word' id='word_1_733' title='bbox 2321 3203 2434 3254; x_wconf 88' lang='lat' dir='ltr'><strong>eos,</strong></span> <span class='ocrx_word' id='word_1_734' title='bbox 2473 3190 2561 3259; x_wconf 86' lang='lat' dir='ltr'><strong>qui</strong></span> <span class='ocrx_word' id='word_1_735' title='bbox 2601 3189 2772 3258; x_wconf 91' lang='lat' dir='ltr'><strong>ipsum</strong></span> <span class='ocrx_word' id='word_1_736' title='bbox 2804 3191 2913 3245; x_wconf 89' lang='lat' dir='ltr'><strong>Deo</strong></span> <span class='ocrx_word' id='word_1_737' title='bbox 2955 3192 3206 3260; x_wconf 69' lang='lat' dir='ltr'><strong>prmferre</strong></span> <span class='ocrx_word' id='word_1_738' title='bbox 3248 3193 3550 3261; x_wconf 84' lang='lat' dir='ltr'><strong>noluerant,</strong></span> 
     </span>
    </p>
   </div>
   <div class='ocr_carea' id='block_1_96' title="bbox 1983 3277 3555 3350">
    <p class='ocr_par' dir='ltr' id='par_1_96' title="bbox 1983 3277 3555 3350">
     <span class='ocr_line' id='line_1_96' title="bbox 1983 3277 3555 3350; baseline 0.008 -20"><span class='ocrx_word' id='word_1_739' title='bbox 1983 3277 2170 3348; x_wconf 86' lang='lat' dir='ltr'><strong>ligatos</strong></span> <span class='ocrx_word' id='word_1_740' title='bbox 2192 3279 2242 3332; x_wconf 91' lang='lat' dir='ltr'><strong>in</strong></span> <span class='ocrx_word' id='word_1_741' title='bbox 2267 3279 2532 3333; x_wconf 89' lang='lat' dir='ltr'><strong>fornacem</strong></span> <span class='ocrx_word' id='word_1_742' title='bbox 2563 3281 2807 3350; x_wconf 89' lang='lat' dir='ltr'><strong>conjecit.</strong></span> <span class='ocrx_word' id='word_1_743' title='bbox 2829 3285 3075 3338; x_wconf 84' lang='lat' dir='ltr'><strong>Attamen</strong></span> <span class='ocrx_word' id='word_1_744' title='bbox 3102 3283 3243 3340; x_wconf 91' lang='lat' dir='ltr'><strong>hunc</strong></span> <span class='ocrx_word' id='word_1_745' title='bbox 3268 3287 3336 3341; x_wconf 90' lang='lat' dir='ltr'><strong>ita</strong></span> <span class='ocrx_word' id='word_1_746' title='bbox 3365 3287 3555 3343; x_wconf 85' lang='lat' dir='ltr'><strong>crude-</strong></span> 
     </span>
    </p>
   </div>
   <div class='ocr_carea' id='block_1_97' title="bbox 1985 3369 3553 3445">
    <p class='ocr_par' dir='ltr' id='par_1_97' title="bbox 1985 3369 3553 3445">
     <span class='ocr_line' id='line_1_97' title="bbox 1985 3369 3553 3445; baseline 0.009 -24"><span class='ocrx_word' id='word_1_747' title='bbox 1985 3369 2125 3434; x_wconf 87' lang='lat' dir='ltr'><strong>lem,</strong></span> <span class='ocrx_word' id='word_1_748' title='bbox 2157 3370 2410 3437; x_wconf 85' lang='lat' dir='ltr'><strong>impium,</strong></span> <span class='ocrx_word' id='word_1_749' title='bbox 2445 3371 2716 3441; x_wconf 87' lang='lat' dir='ltr'><strong>feramque</strong></span> <span class='ocrx_word' id='word_1_750' title='bbox 2753 3373 2925 3440; x_wconf 89' lang='lat' dir='ltr'><strong>potius</strong></span> <span class='ocrx_word' id='word_1_751' title='bbox 2953 3389 3110 3444; x_wconf 89' lang='lat' dir='ltr'><strong>quam</strong></span> <span class='ocrx_word' id='word_1_752' title='bbox 3154 3376 3457 3445; x_wconf 88' lang='lat' dir='ltr'><strong>hominem,</strong></span> <span class='ocrx_word' id='word_1_753' title='bbox 3484 3380 3553 3435; x_wconf 84' lang='lat' dir='ltr'><strong>ad</strong></span> 
     </span>
    </p>
   </div>
   <div class='ocr_carea' id='block_1_98' title="bbox 1987 3461 3555 3535">
    <p class='ocr_par' dir='ltr' id='par_1_98' title="bbox 1987 3461 3555 3535">
     <span class='ocr_line' id='line_1_98' title="bbox 1987 3461 3555 3535; baseline 0.006 -19"><span class='ocrx_word' id='word_1_754' title='bbox 1987 3461 2348 3531; x_wconf 57' lang='lat' dir='ltr'><strong>paenitentiam</strong></span> <span class='ocrx_word' id='word_1_755' title='bbox 2375 3471 2648 3530; x_wconf 86' lang='lat' dir='ltr'><strong>provocat,</strong></span> <span class='ocrx_word' id='word_1_756' title='bbox 2669 3463 2902 3532; x_wconf 84' lang='lat' dir='ltr'><strong>aliasque</strong></span> <span class='ocrx_word' id='word_1_757' title='bbox 2920 3466 3185 3534; x_wconf 83' lang='lat' dir='ltr'><strong>offertipsi</strong></span> <span class='ocrx_word' id='word_1_758' title='bbox 3211 3470 3555 3535; x_wconf 82' lang='lat' dir='ltr'><strong>resipisccndi</strong></span> 
     </span>
    </p>
   </div>
   <div class='ocr_carea' id='block_1_99' title="bbox 1986 3552 3553 3624">
    <p class='ocr_par' dir='ltr' id='par_1_99' title="bbox 1986 3552 3553 3624">
     <span class='ocr_line' id='line_1_99' title="bbox 1986 3552 3553 3624; baseline 0.008 -21"><span class='ocrx_word' id='word_1_759' title='bbox 1986 3552 2323 3616; x_wconf 85' lang='lat' dir='ltr'><strong>occasiones;</strong></span> <span class='ocrx_word' id='word_1_760' title='bbox 2351 3552 2520 3619; x_wconf 89' lang='lat' dir='ltr'><strong>primo</strong></span> <span class='ocrx_word' id='word_1_761' title='bbox 2552 3553 2722 3620; x_wconf 84' lang='lat' dir='ltr'><strong>ipsum</strong></span> <span class='ocrx_word' id='word_1_762' title='bbox 2758 3552 3068 3606; x_wconf 87' lang='lat' dir='ltr'><strong>miraculum</strong></span> <span class='ocrx_word' id='word_1_763' title='bbox 3093 3557 3230 3624; x_wconf 90' lang='lat' dir='ltr'><strong>quod</strong></span> <span class='ocrx_word' id='word_1_764' title='bbox 3257 3558 3307 3611; x_wconf 92' lang='lat' dir='ltr'><strong>in</strong></span> <span class='ocrx_word' id='word_1_765' title='bbox 3338 3558 3553 3617; x_wconf 83' lang='lat' dir='ltr'><strong>fornace</strong></span> 
     </span>
    </p>
   </div>
   <div class='ocr_carea' id='block_1_100' title="bbox 1986 3640 3550 3716">
    <p class='ocr_par' dir='ltr' id='par_1_100' title="bbox 1986 3640 3550 3716">
     <span class='ocr_line' id='line_1_100' title="bbox 1986 3640 3550 3716; baseline 0.008 -22"><span class='ocrx_word' id='word_1_766' title='bbox 1986 3641 2202 3711; x_wconf 83' lang='lat' dir='ltr'><strong>centigit</strong></span> <span class='ocrx_word' id='word_1_767' title='bbox 2227 3657 2241 3706; x_wconf 92' lang='lat'><strong>;</strong></span> <span class='ocrx_word' id='word_1_768' title='bbox 2269 3640 2459 3695; x_wconf 89' lang='lat' dir='ltr'><strong>deinde</strong></span> <span class='ocrx_word' id='word_1_769' title='bbox 2480 3641 2756 3708; x_wconf 86' lang='lat' dir='ltr'><strong>visionem,</strong></span> <span class='ocrx_word' id='word_1_770' title='bbox 2788 3643 2894 3711; x_wconf 86' lang='lat' dir='ltr'><strong>regi</strong></span> <span class='ocrx_word' id='word_1_771' title='bbox 2923 3644 3171 3711; x_wconf 81' lang='lat' dir='ltr'><strong>oblatam,</strong></span> <span class='ocrx_word' id='word_1_772' title='bbox 3199 3662 3354 3716; x_wconf 91' lang='lat' dir='ltr'><strong>quam</strong></span> <span class='ocrx_word' id='word_1_773' title='bbox 3385 3650 3550 3706; x_wconf 85' lang='lat' dir='ltr'><strong>inter-</strong></span> 
     </span>
    </p>
   </div>
   <div class='ocr_carea' id='block_1_101' title="bbox 1988 3732 3553 3805">
    <p class='ocr_par' dir='ltr' id='par_1_101' title="bbox 1988 3732 3553 3805">
     <span class='ocr_line' id='line_1_101' title="bbox 1988 3732 3553 3805; baseline 0.009 -21"><span class='ocrx_word' id='word_1_774' title='bbox 1988 3741 2220 3800; x_wconf 89' lang='lat' dir='ltr'><strong>pretatus</strong></span> <span class='ocrx_word' id='word_1_775' title='bbox 2241 3741 2323 3787; x_wconf 91' lang='lat' dir='ltr'><strong>est</strong></span> <span class='ocrx_word' id='word_1_776' title='bbox 2341 3732 2542 3799; x_wconf 88' lang='lat' dir='ltr'><strong>Daniel,</strong></span> <span class='ocrx_word' id='word_1_777' title='bbox 2564 3748 2680 3802; x_wconf 68' lang='lat' dir='ltr'><strong>qua:</strong></span> <span class='ocrx_word' id='word_1_778' title='bbox 2710 3742 2920 3801; x_wconf 89' lang='lat' dir='ltr'><strong>poterat</strong></span> <span class='ocrx_word' id='word_1_779' title='bbox 2940 3735 3023 3789; x_wconf 89' lang='lat' dir='ltr'><strong>vel</strong></span> <span class='ocrx_word' id='word_1_780' title='bbox 3042 3736 3302 3805; x_wconf 88' lang='lat' dir='ltr'><strong>lapideam</strong></span> <span class='ocrx_word' id='word_1_781' title='bbox 3323 3742 3553 3798; x_wconf 86' lang='lat' dir='ltr'><strong>animam</strong></span> 
     </span>
    </p>
   </div>
   <div class='ocr_carea' id='block_1_102' title="bbox 1988 3822 3554 3896">
    <p class='ocr_par' dir='ltr' id='par_1_102' title="bbox 1988 3822 3554 3896">
     <span class='ocr_line' id='line_1_102' title="bbox 1988 3822 3554 3896; baseline 0.007 -20"><span class='ocrx_word' id='word_1_782' title='bbox 1988 3822 2203 3876; x_wconf 82' lang='lat' dir='ltr'><strong>flectere</strong></span> <span class='ocrx_word' id='word_1_783' title='bbox 2236 3840 2248 3875; x_wconf 91' lang='lat'><strong>:</strong></span> <span class='ocrx_word' id='word_1_784' title='bbox 2279 3823 2486 3876; x_wconf 89' lang='lat' dir='ltr'><strong>tandem</strong></span> <span class='ocrx_word' id='word_1_785' title='bbox 2513 3834 2629 3892; x_wconf 87' lang='lat' dir='ltr'><strong>post</strong></span> <span class='ocrx_word' id='word_1_786' title='bbox 2653 3823 2797 3877; x_wconf 90' lang='lat' dir='ltr'><strong>illam</strong></span> <span class='ocrx_word' id='word_1_787' title='bbox 2823 3840 2886 3878; x_wconf 88' lang='lat' dir='ltr'><strong>ex</strong></span> <span class='ocrx_word' id='word_1_788' title='bbox 2909 3825 3067 3880; x_wconf 90' lang='lat' dir='ltr'><strong>rebus</strong></span> <span class='ocrx_word' id='word_1_789' title='bbox 3097 3828 3224 3896; x_wconf 88' lang='lat' dir='ltr'><strong>ipsis</strong></span> <span class='ocrx_word' id='word_1_790' title='bbox 3253 3829 3441 3886; x_wconf 90' lang='lat' dir='ltr'><strong>factam</strong></span> <span class='ocrx_word' id='word_1_791' title='bbox 3466 3834 3554 3888; x_wconf 85' lang='lat' dir='ltr'><strong>ad-</strong></span> 
     </span>
    </p>
   </div>
   <div class='ocr_carea' id='block_1_103' title="bbox 1989 3913 3558 3984">
    <p class='ocr_par' dir='ltr' id='par_1_103' title="bbox 1989 3913 3558 3984">
     <span class='ocr_line' id='line_1_103' title="bbox 1989 3913 3558 3984; baseline 0.009 -18"><span class='ocrx_word' id='word_1_792' title='bbox 1989 3913 2332 3967; x_wconf 88' lang='lat' dir='ltr'><strong>monitionem</strong></span> <span class='ocrx_word' id='word_1_793' title='bbox 2356 3957 2370 3978; x_wconf 91' lang='lat'><strong>,</strong></span> <span class='ocrx_word' id='word_1_794' title='bbox 2401 3915 2514 3983; x_wconf 88' lang='lat' dir='ltr'><strong>ipse</strong></span> <span class='ocrx_word' id='word_1_795' title='bbox 2554 3915 2809 3984; x_wconf 66' lang='lat' dir='ltr'><strong>proliheta</strong></span> <span class='ocrx_word' id='word_1_796' title='bbox 2844 3918 3122 3972; x_wconf 90' lang='lat' dir='ltr'><strong>consilium</strong></span> <span class='ocrx_word' id='word_1_797' title='bbox 3152 3919 3296 3975; x_wconf 90' lang='lat' dir='ltr'><strong>dedit</strong></span> <span class='ocrx_word' id='word_1_798' title='bbox 3335 3922 3416 3978; x_wconf 90' lang='lat' dir='ltr'><strong>bis</strong></span> <span class='ocrx_word' id='word_1_799' title='bbox 3438 3940 3558 3980; x_wconf 85' lang='lat' dir='ltr'><strong>ver-</strong></span> 
     </span>
    </p>
   </div>
   <div class='ocr_carea' id='block_1_104' title="bbox 1991 4001 3557 4079">
    <p class='ocr_par' dir='ltr' id='par_1_104' title="bbox 1991 4001 3557 4079">
     <span class='ocr_line' id='line_1_104' title="bbox 1991 4001 3557 4079; baseline 0.008 -23"><span class='ocrx_word' id='word_1_800' title='bbox 1991 4003 2070 4056; x_wconf 85' lang='lat' dir='ltr'><strong>bis</strong></span> <span class='ocrx_word' id='word_1_801' title='bbox 2101 4023 2113 4056; x_wconf 87' lang='lat'><strong>:</strong></span> <span class='ocrx_word' id='word_1_802' title='bbox 2146 4001 2440 4070; x_wconf 81' lang='lat' dir='ltr'><strong>Propterea,</strong></span> <span class='ocrx_word' id='word_1_803' title='bbox 2475 4019 2564 4056; x_wconf 82' lang='lat' dir='ltr'><strong>rea:</strong></span> <span class='ocrx_word' id='word_1_804' title='bbox 2586 4045 2600 4070; x_wconf 93' lang='lat'><strong>,</strong></span> <span class='ocrx_word' id='word_1_805' title='bbox 2630 4005 2892 4058; x_wconf 79' lang='lat' dir='ltr'><strong>consilium</strong></span> <span class='ocrx_word' id='word_1_806' title='bbox 2921 4023 3083 4059; x_wconf 85' lang='lat' dir='ltr'><strong>meum</strong></span> <span class='ocrx_word' id='word_1_807' title='bbox 3117 4009 3203 4061; x_wconf 87' lang='lat' dir='ltr'><strong>tibi</strong></span> <span class='ocrx_word' id='word_1_808' title='bbox 3245 4009 3439 4079; x_wconf 78' lang='lat' dir='ltr'><strong>placeat</strong></span> <span class='ocrx_word' id='word_1_809' title='bbox 3463 4055 3478 4077; x_wconf 94' lang='lat'><strong>,</strong></span> <span class='ocrx_word' id='word_1_810' title='bbox 3511 4024 3557 4068; x_wconf 80' lang='lat' dir='ltr'><strong>et</strong></span> 
     </span>
    </p>
   </div>
   <div class='ocr_carea' id='block_1_105' title="bbox 1989 4093 3556 4166">
    <p class='ocr_par' dir='ltr' id='par_1_105' title="bbox 1989 4093 3556 4166">
     <span class='ocr_line' id='line_1_105' title="bbox 1989 4093 3556 4166; baseline 0.008 -20"><span class='ocrx_word' id='word_1_811' title='bbox 1989 4104 2190 4163; x_wconf 82' lang='lat' dir='ltr'><strong>peccata</strong></span> <span class='ocrx_word' id='word_1_812' title='bbox 2214 4104 2296 4145; x_wconf 89' lang='lat' dir='ltr'><strong>tua</strong></span> <span class='ocrx_word' id='word_1_813' title='bbox 2323 4094 2373 4146; x_wconf 89' lang='lat' dir='ltr'><strong>in</strong></span> <span class='ocrx_word' id='word_1_814' title='bbox 2399 4093 2717 4162; x_wconf 80' lang='lat' dir='ltr'><strong>elcemosynis</strong></span> <span class='ocrx_word' id='word_1_815' title='bbox 2755 4096 2960 4162; x_wconf 82' lang='lat' dir='ltr'><strong>redime,</strong></span> <span class='ocrx_word' id='word_1_816' title='bbox 2993 4108 3039 4149; x_wconf 88' lang='lat' dir='ltr'><strong>et</strong></span> <span class='ocrx_word' id='word_1_817' title='bbox 3056 4097 3338 4166; x_wconf 80' lang='lat' dir='ltr'><strong>iniquitates</strong></span> <span class='ocrx_word' id='word_1_818' title='bbox 3369 4111 3480 4158; x_wconf 86' lang='lat' dir='ltr'><strong>tuas</strong></span> <span class='ocrx_word' id='word_1_819' title='bbox 3505 4104 3556 4158; x_wconf 87' lang='lat' dir='ltr'><strong>in</strong></span> 
     </span>
    </p>
   </div>
   <div class='ocr_carea' id='block_1_106' title="bbox 2001 4183 3560 4261">
    <p class='ocr_par' dir='ltr' id='par_1_106' title="bbox 2001 4183 3560 4261">
     <span class='ocr_line' id='line_1_106' title="bbox 2001 4183 3560 4261; baseline 0.01 -28"><span class='ocrx_word' id='word_1_820' title='bbox 2001 4183 2401 4237; x_wconf 77' lang='lat' dir='ltr'><strong>miserationibus</strong></span> <span class='ocrx_word' id='word_1_821' title='bbox 2448 4200 2724 4253; x_wconf 80' lang='lat' dir='ltr'><strong>pauperum</strong></span> <span class='ocrx_word' id='word_1_822' title='bbox 2769 4199 2787 4237; x_wconf 92' lang='lat'><em>:</em></span> <span class='ocrx_word' id='word_1_823' title='bbox 2825 4187 3036 4255; x_wconf 78' lang='lat' dir='ltr'><strong>forsitan</strong></span> <span class='ocrx_word' id='word_1_824' title='bbox 3072 4189 3164 4242; x_wconf 83' lang='lat' dir='ltr'><strong>erit</strong></span> <span class='ocrx_word' id='word_1_825' title='bbox 3210 4189 3560 4261; x_wconf 65' lang='lat' dir='ltr'><strong>longanimitas</strong></span> 
     </span>
    </p>
   </div>
   <div class='ocr_carea' id='block_1_107' title="bbox 1992 4272 3556 4351">
    <p class='ocr_par' dir='ltr' id='par_1_107' title="bbox 1992 4272 3556 4351">
     <span class='ocr_line' id='line_1_107' title="bbox 1992 4272 3556 4351; baseline 0.01 -25"><span class='ocrx_word' id='word_1_826' title='bbox 1992 4273 2182 4326; x_wconf 78' lang='lat' dir='ltr'><strong>delictis</strong></span> <span class='ocrx_word' id='word_1_827' title='bbox 2223 4275 2318 4328; x_wconf 86' lang='lat' dir='ltr'><strong>tuis</strong></span> <span class='ocrx_word' id='word_1_828' title='bbox 2362 4272 2521 4345; x_wconf 89' lang='lat' dir='ltr'><strong>(Dan.</strong></span> <span class='ocrx_word' id='word_1_829' title='bbox 2557 4275 2612 4328; x_wconf 73' lang='grc'><strong>4.</strong></span> <span class='ocrx_word' id='word_1_830' title='bbox 2641 4273 2756 4344; x_wconf 62' lang='grc'><strong>25).</strong></span> <span class='ocrx_word' id='word_1_831' title='bbox 2801 4275 2935 4344; x_wconf 89' lang='lat' dir='ltr'><strong>Quid</strong></span> <span class='ocrx_word' id='word_1_832' title='bbox 2973 4277 3140 4344; x_wconf 87' lang='lat' dir='ltr'><strong>dicis,</strong></span> <span class='ocrx_word' id='word_1_833' title='bbox 3187 4295 3220 4332; x_wconf 90' lang='lat'><strong>0</strong></span> <span class='ocrx_word' id='word_1_834' title='bbox 3253 4286 3464 4351; x_wconf 88' lang='lat' dir='ltr'><strong>sapiens</strong></span> <span class='ocrx_word' id='word_1_835' title='bbox 3506 4297 3556 4342; x_wconf 84' lang='lat' dir='ltr'><strong>et</strong></span> 
     </span>
    </p>
   </div>
   <div class='ocr_carea' id='block_1_108' title="bbox 1992 4367 3562 4449">
    <p class='ocr_par' dir='ltr' id='par_1_108' title="bbox 1992 4367 3562 4449">
     <span class='ocr_line' id='line_1_108' title="bbox 1992 4367 3562 4449; baseline 0.008 -28"><span class='ocrx_word' id='word_1_836' title='bbox 1992 4367 2190 4421; x_wconf 80' lang='lat' dir='ltr'><strong>beate?</strong></span> <span class='ocrx_word' id='word_1_837' title='bbox 2223 4377 2373 4422; x_wconf 91' lang='lat' dir='ltr'><strong>estne</strong></span> <span class='ocrx_word' id='word_1_838' title='bbox 2410 4374 2530 4436; x_wconf 91' lang='lat' dir='ltr'><strong>post</strong></span> <span class='ocrx_word' id='word_1_839' title='bbox 2577 4374 2778 4420; x_wconf 92' lang='lat' dir='ltr'><strong>tantum</strong></span> <span class='ocrx_word' id='word_1_840' title='bbox 2821 4368 3026 4437; x_wconf 89' lang='lat' dir='ltr'><strong>lapsum</strong></span> <span class='ocrx_word' id='word_1_841' title='bbox 3071 4371 3306 4438; x_wconf 85' lang='lat' dir='ltr'><strong>reditus,</strong></span> <span class='ocrx_word' id='word_1_842' title='bbox 3343 4386 3396 4430; x_wconf 89' lang='lat' dir='ltr'><strong>et</strong></span> <span class='ocrx_word' id='word_1_843' title='bbox 3439 4387 3562 4449; x_wconf 85' lang='lat' dir='ltr'><strong>post</strong></span> 
     </span>
    </p>
   </div>
   <div class='ocr_carea' id='block_1_109' title="bbox 1993 4457 3560 4531">
    <p class='ocr_par' dir='ltr' id='par_1_109' title="bbox 1993 4457 3560 4531">
     <span class='ocr_line' id='line_1_109' title="bbox 1993 4457 3560 4531; baseline 0.007 -19"><span class='ocrx_word' id='word_1_844' title='bbox 1993 4465 2194 4512; x_wconf 84' lang='lat' dir='ltr'><strong>tantum</strong></span> <span class='ocrx_word' id='word_1_845' title='bbox 2246 4457 2488 4511; x_wconf 87' lang='lat' dir='ltr'><strong>morbqu</strong></span> <span class='ocrx_word' id='word_1_846' title='bbox 2538 4459 2792 4511; x_wconf 83' lang='lat' dir='ltr'><strong>sanitas?</strong></span> <span class='ocrx_word' id='word_1_847' title='bbox 2844 4474 3123 4515; x_wconf 87' lang='lat' dir='ltr'><strong>rttrsumne</strong></span> <span class='ocrx_word' id='word_1_848' title='bbox 3173 4472 3294 4531; x_wconf 87' lang='lat' dir='ltr'><strong>post</strong></span> <span class='ocrx_word' id='word_1_849' title='bbox 3361 4474 3560 4523; x_wconf 73' lang='lat' dir='ltr'><strong>L&#39;lltltllll</strong></span> 
     </span>
    </p>
   </div>
   <div class='ocr_carea' id='block_1_110' title="bbox 1992 4547 3564 4624">
    <p class='ocr_par' dir='ltr' id='par_1_110' title="bbox 1992 4547 3564 4624">
     <span class='ocr_line' id='line_1_110' title="bbox 1992 4547 3564 4624; baseline 0.006 -21"><span class='ocrx_word' id='word_1_850' title='bbox 1992 4551 2274 4604; x_wconf 89' lang='lat' dir='ltr'><strong>amentiam</strong></span> <span class='ocrx_word' id='word_1_851' title='bbox 2301 4563 2423 4618; x_wconf 89' lang='lat' dir='ltr'><strong>spes</strong></span> <span class='ocrx_word' id='word_1_852' title='bbox 2446 4547 3096 4616; x_wconf 73' lang='lat' dir='ltr'><strong>resipiscentize?0mnem</strong></span> <span class='ocrx_word' id='word_1_853' title='bbox 3124 4553 3270 4621; x_wconf 89' lang='lat' dir='ltr'><strong>prius</strong></span> <span class='ocrx_word' id='word_1_854' title='bbox 3293 4570 3438 4624; x_wconf 91' lang='lat' dir='ltr'><strong>spem</strong></span> <span class='ocrx_word' id='word_1_855' title='bbox 3464 4559 3564 4614; x_wconf 89' lang='lat' dir='ltr'><strong>sibi</strong></span> 
     </span>
    </p>
   </div>
   <div class='ocr_carea' id='block_1_111' title="bbox 1994 4641 3563 4721">
    <p class='ocr_par' dir='ltr' id='par_1_111' title="bbox 1994 4641 3563 4721">
     <span class='ocr_line' id='line_1_111' title="bbox 1994 4641 3563 4721; baseline 0.007 -28"><span class='ocrx_word' id='word_1_856' title='bbox 1994 4641 2231 4709; x_wconf 69' lang='lat' dir='ltr'><strong>pra-cidit</strong></span> <span class='ocrx_word' id='word_1_857' title='bbox 2266 4655 2379 4703; x_wconf 89' lang='lat' dir='ltr'><strong>rex,</strong></span> <span class='ocrx_word' id='word_1_858' title='bbox 2423 4641 2595 4708; x_wconf 90' lang='lat' dir='ltr'><strong>primo</strong></span> <span class='ocrx_word' id='word_1_859' title='bbox 2629 4654 2751 4692; x_wconf 90' lang='lat' dir='ltr'><strong>cum</strong></span> <span class='ocrx_word' id='word_1_860' title='bbox 2794 4651 3087 4696; x_wconf 90' lang='lat' dir='ltr'><strong>creatorem</strong></span> <span class='ocrx_word' id='word_1_861' title='bbox 3126 4659 3300 4711; x_wconf 90' lang='lat' dir='ltr'><strong>suum,</strong></span> <span class='ocrx_word' id='word_1_862' title='bbox 3333 4662 3563 4721; x_wconf 80' lang='lat' dir='ltr'><strong>eumque</strong></span> 
     </span>
    </p>
   </div>
   <div class='ocr_carea' id='block_1_112' title="bbox 1994 4727 3563 4800">
    <p class='ocr_par' dir='ltr' id='par_1_112' title="bbox 1994 4727 3563 4800">
     <span class='ocr_line' id='line_1_112' title="bbox 1994 4727 3563 4800; baseline 0.01 -19"><span class='ocrx_word' id='word_1_863' title='bbox 1994 4729 2081 4799; x_wconf 92' lang='lat' dir='ltr'><strong>qui</strong></span> <span class='ocrx_word' id='word_1_864' title='bbox 2110 4746 2168 4782; x_wconf 88' lang='lat' dir='ltr'><strong>se</strong></span> <span class='ocrx_word' id='word_1_865' title='bbox 2187 4728 2251 4781; x_wconf 91' lang='lat' dir='ltr'><strong>ad</strong></span> <span class='ocrx_word' id='word_1_866' title='bbox 2273 4737 2469 4781; x_wconf 89' lang='lat' dir='ltr'><strong>tantum</strong></span> <span class='ocrx_word' id='word_1_867' title='bbox 2486 4727 2742 4782; x_wconf 89' lang='lat' dir='ltr'><strong>honorem</strong></span> <span class='ocrx_word' id='word_1_868' title='bbox 2769 4738 3034 4796; x_wconf 87' lang='lat' dir='ltr'><strong>evexerat,</strong></span> <span class='ocrx_word' id='word_1_869' title='bbox 3056 4732 3336 4800; x_wconf 84' lang='lat' dir='ltr'><strong>ignoravit,</strong></span> <span class='ocrx_word' id='word_1_870' title='bbox 3354 4738 3563 4796; x_wconf 90' lang='lat' dir='ltr'><strong>etiamsi</strong></span> 
     </span>
    </p>
   </div>
   <div class='ocr_carea' id='block_1_113' title="bbox 1994 4819 3566 4894">
    <p class='ocr_par' dir='ltr' id='par_1_113' title="bbox 1994 4819 3566 4894">
     <span class='ocr_line' id='line_1_113' title="bbox 1994 4819 3566 4894; baseline 0.009 -20"><span class='ocrx_word' id='word_1_871' title='bbox 1994 4821 2110 4888; x_wconf 89' lang='lat' dir='ltr'><strong>ejus</strong></span> <span class='ocrx_word' id='word_1_872' title='bbox 2163 4819 2410 4889; x_wconf 73' lang='lat' dir='ltr'><strong>potentia:</strong></span> <span class='ocrx_word' id='word_1_873' title='bbox 2455 4828 2612 4888; x_wconf 89' lang='lat' dir='ltr'><strong>atque</strong></span> <span class='ocrx_word' id='word_1_874' title='bbox 2661 4820 3003 4887; x_wconf 71' lang='lat' dir='ltr'><strong>providentiae</strong></span> <span class='ocrx_word' id='word_1_875' title='bbox 3063 4837 3372 4894; x_wconf 88' lang='lat' dir='ltr'><strong>argumenta</strong></span> <span class='ocrx_word' id='word_1_876' title='bbox 3431 4831 3566 4887; x_wconf 90' lang='lat' dir='ltr'><strong>bene</strong></span> 
     </span>
    </p>
   </div>
   <div class='ocr_carea' id='block_1_114' title="bbox 1997 4909 3560 4979">
    <p class='ocr_par' dir='ltr' id='par_1_114' title="bbox 1997 4909 3560 4979">
     <span class='ocr_line' id='line_1_114' title="bbox 1997 4909 3560 4979; baseline 0.008 -19"><span class='ocrx_word' id='word_1_877' title='bbox 1997 4909 2182 4975; x_wconf 90' lang='lat' dir='ltr'><strong>multa,</strong></span> <span class='ocrx_word' id='word_1_878' title='bbox 2209 4916 2315 4960; x_wconf 89' lang='lat' dir='ltr'><strong>tttm</strong></span> <span class='ocrx_word' id='word_1_879' title='bbox 2343 4923 2463 4973; x_wconf 81' lang='lat' dir='ltr'><strong>erga</strong></span> <span class='ocrx_word' id='word_1_880' title='bbox 2490 4922 2566 4968; x_wconf 82' lang='lat' dir='ltr'><strong>se.</strong></span> <span class='ocrx_word' id='word_1_881' title='bbox 2593 4917 2700 4961; x_wconf 91' lang='lat' dir='ltr'><strong>tum</strong></span> <span class='ocrx_word' id='word_1_882' title='bbox 2727 4922 2849 4978; x_wconf 81' lang='lat' dir='ltr'><strong>erga</strong></span> <span class='ocrx_word' id='word_1_883' title='bbox 2874 4912 3237 4979; x_wconf 86' lang='lat' dir='ltr'><strong>progenitores</strong></span> <span class='ocrx_word' id='word_1_884' title='bbox 3261 4932 3387 4970; x_wconf 85' lang='lat' dir='ltr'><strong>suos</strong></span> <span class='ocrx_word' id='word_1_885' title='bbox 3409 4920 3560 4972; x_wconf 86' lang='lat' dir='ltr'><strong>exhi-</strong></span> 
     </span>
    </p>
   </div>
   <div class='ocr_carea' id='block_1_115' title="bbox 1997 4995 3562 5074">
    <p class='ocr_par' dir='ltr' id='par_1_115' title="bbox 1997 4995 3562 5074">
     <span class='ocr_line' id='line_1_115' title="bbox 1997 4995 3562 5074; baseline 0.005 -22"><span class='ocrx_word' id='word_1_886' title='bbox 1997 4998 2125 5062; x_wconf 86' lang='lat' dir='ltr'><strong>bita,</strong></span> <span class='ocrx_word' id='word_1_887' title='bbox 2158 4996 2454 5052; x_wconf 89' lang='lat' dir='ltr'><strong>enarranda</strong></span> <span class='ocrx_word' id='word_1_888' title='bbox 2483 4995 2722 5050; x_wconf 89' lang='lat' dir='ltr'><strong>haberet.</strong></span> <span class='ocrx_word' id='word_1_889' title='bbox 2749 4997 2948 5054; x_wconf 87' lang='lat' dir='ltr'><strong>Deinde</strong></span> <span class='ocrx_word' id='word_1_890' title='bbox 2976 5015 3122 5066; x_wconf 91' lang='lat' dir='ltr'><strong>vero,</strong></span> <span class='ocrx_word' id='word_1_891' title='bbox 3153 5016 3271 5058; x_wconf 90' lang='lat' dir='ltr'><strong>cum</strong></span> <span class='ocrx_word' id='word_1_892' title='bbox 3303 5015 3418 5074; x_wconf 90' lang='lat' dir='ltr'><strong>post</strong></span> <span class='ocrx_word' id='word_1_893' title='bbox 3443 5005 3562 5060; x_wconf 89' lang='lat' dir='ltr'><strong>data</strong></span> 
     </span>
    </p>
   </div>
   <div class='ocr_carea' id='block_1_116' title="bbox 1997 5087 3564 5162">
    <p class='ocr_par' dir='ltr' id='par_1_116' title="bbox 1997 5087 3564 5162">
     <span class='ocr_line' id='line_1_116' title="bbox 1997 5087 3564 5162; baseline 0.004 -18"><span class='ocrx_word' id='word_1_894' title='bbox 1997 5088 2267 5157; x_wconf 75' lang='lat' dir='ltr'><strong>sapientize</strong></span> <span class='ocrx_word' id='word_1_895' title='bbox 2297 5095 2350 5140; x_wconf 88' lang='lat' dir='ltr'><strong>et</strong></span> <span class='ocrx_word' id='word_1_896' title='bbox 2379 5087 2718 5154; x_wconf 71' lang='lat' dir='ltr'><strong>praescientia:</strong></span> <span class='ocrx_word' id='word_1_897' title='bbox 2749 5089 2862 5156; x_wconf 90' lang='lat' dir='ltr'><strong>ejus</strong></span> <span class='ocrx_word' id='word_1_898' title='bbox 2899 5090 3045 5157; x_wconf 78' lang='lat' dir='ltr'><strong>signa</strong></span> <span class='ocrx_word' id='word_1_899' title='bbox 3084 5095 3387 5162; x_wconf 87' lang='lat' dir='ltr'><strong>conspicua,</strong></span> <span class='ocrx_word' id='word_1_900' title='bbox 3421 5107 3564 5162; x_wconf 83' lang='lat' dir='ltr'><strong>post-</strong></span> 
     </span>
    </p>
   </div>
   <div class='ocr_carea' id='block_1_117' title="bbox 1999 5179 3561 5253">
    <p class='ocr_par' dir='ltr' id='par_1_117' title="bbox 1999 5179 3561 5253">
     <span class='ocr_line' id='line_1_117' title="bbox 1999 5179 3561 5253; baseline 0.006 -22"><span class='ocrx_word' id='word_1_901' title='bbox 1999 5196 2156 5250; x_wconf 89' lang='lat' dir='ltr'><strong>quam</strong></span> <span class='ocrx_word' id='word_1_902' title='bbox 2187 5179 2441 5247; x_wconf 87' lang='lat' dir='ltr'><strong>magicen,</strong></span> <span class='ocrx_word' id='word_1_903' title='bbox 2474 5180 2883 5246; x_wconf 88' lang='lat' dir='ltr'><strong>astronomiam,</strong></span> <span class='ocrx_word' id='word_1_904' title='bbox 2916 5198 3233 5253; x_wconf 90' lang='lat' dir='ltr'><strong>omnemque</strong></span> <span class='ocrx_word' id='word_1_905' title='bbox 3269 5186 3561 5240; x_wconf 86' lang='lat' dir='ltr'><strong>diabolica-</strong></span> 
     </span>
    </p>
   </div>
   <div class='ocr_carea' id='block_1_118' title="bbox 2001 5268 3557 5346">
    <p class='ocr_par' dir='ltr' id='par_1_118' title="bbox 2001 5268 3557 5346">
     <span class='ocr_line' id='line_1_118' title="bbox 2001 5268 3557 5346; baseline 0.004 -23"><span class='ocrx_word' id='word_1_906' title='bbox 2001 5284 2116 5323; x_wconf 91' lang='lat' dir='ltr'><strong>rum</strong></span> <span class='ocrx_word' id='word_1_907' title='bbox 2149 5268 2526 5337; x_wconf 81' lang='lat' dir='ltr'><strong>pra-stigiarum</strong></span> <span class='ocrx_word' id='word_1_908' title='bbox 2553 5282 2766 5323; x_wconf 86' lang='lat' dir='ltr'><strong>scenam</strong></span> <span class='ocrx_word' id='word_1_909' title='bbox 2797 5284 3033 5325; x_wconf 84' lang='lat' dir='ltr'><strong>eversam</strong></span> <span class='ocrx_word' id='word_1_910' title='bbox 3052 5272 3286 5336; x_wconf 88' lang='lat' dir='ltr'><strong>vidisset,</strong></span> <span class='ocrx_word' id='word_1_911' title='bbox 3315 5276 3557 5346; x_wconf 87' lang='lat' dir='ltr'><strong>graviora</strong></span> 
     </span>
    </p>
   </div>
   <div class='ocr_carea' id='block_1_119' title="bbox 2049 5547 3495 5619">
    <p class='ocr_par' dir='ltr' id='par_1_119' title="bbox 2049 5547 3495 5619">
     <span class='ocr_line' id='line_1_119' title="bbox 2049 5547 3495 5619; baseline -0.016 -4"><span class='ocrx_word' id='word_1_912' title='bbox 2049 5570 2060 5597; x_wconf 89' lang='grc'>¹</span> <span class='ocrx_word' id='word_1_913' title='bbox 2087 5569 2302 5614; x_wconf 73' lang='lat' dir='ltr'><strong>Lutbert.</strong></span> <span class='ocrx_word' id='word_1_914' title='bbox 2330 5573 2470 5617; x_wconf 81' lang='lat' dir='ltr'><strong>unos,</strong></span> <span class='ocrx_word' id='word_1_915' title='bbox 2496 5558 2580 5609; x_wconf 82' lang='lat' dir='ltr'><strong>sed</strong></span> <span class='ocrx_word' id='word_1_916' title='bbox 2602 5565 2650 5607; x_wconf 89' lang='lat' dir='ltr'><strong>ut</strong></span> <span class='ocrx_word' id='word_1_917' title='bbox 2672 5555 2927 5619; x_wconf 75' lang='lat' dir='ltr'><strong>pulchrum</strong></span> <span class='ocrx_word' id='word_1_918' title='bbox 2949 5547 3287 5619; x_wconf 47' lang='lat' dir='ltr'><strong>illuuinitittm</strong></span> <span class='ocrx_word' id='word_1_919' title='bbox 3306 5555 3495 5609; x_wconf 81' lang='lat' dir='ltr'><strong>augeat.</strong></span> 
     </span>
    </p>
   </div>
   <div class='ocr_carea' id='block_1_120' title="bbox 2048 5611 3588 5678">
    <p class='ocr_par' dir='ltr' id='par_1_120' title="bbox 2048 5611 3588 5678">
     <span class='ocr_line' id='line_1_120' title="bbox 2048 5611 3588 5678; baseline -0.009 -4"><span class='ocrx_word' id='word_1_920' title='bbox 2048 5629 2068 5658; x_wconf 75' lang='grc' dir='ltr'>ι</span> <span class='ocrx_word' id='word_1_921' title='bbox 2096 5611 2272 5673; x_wconf 73' lang='lat' dir='ltr'><strong>ilionea</strong></span> <span class='ocrx_word' id='word_1_922' title='bbox 2311 5631 2387 5672; x_wconf 85' lang='lat' dir='ltr'><strong>est.</strong></span> <span class='ocrx_word' id='word_1_923' title='bbox 2411 5611 2502 5672; x_wconf 80' lang='lat' dir='ltr'><strong>vox</strong></span> <span class='ocrx_word' id='word_1_924' title='bbox 2525 5611 2773 5678; x_wconf 70' lang='lat' dir='ltr'><strong>hebra&#39;ica,</strong></span> <span class='ocrx_word' id='word_1_925' title='bbox 2810 5613 2920 5676; x_wconf 68' lang='lat' dir='ltr'><strong>qua</strong></span> <span class='ocrx_word' id='word_1_926' title='bbox 2962 5611 3209 5672; x_wconf 79' lang='lat' dir='ltr'><strong>significat</strong></span> <span class='ocrx_word' id='word_1_927' title='bbox 3252 5619 3440 5667; x_wconf 78' lang='lat' dir='ltr'><strong>manus,</strong></span> <span class='ocrx_word' id='word_1_928' title='bbox 3479 5617 3588 5666; x_wconf 60' lang='lat' dir='ltr'><strong>aut,</strong></span> 
     </span>
    </p>
   </div>
   <div class='ocr_carea' id='block_1_121' title="bbox 1986 5687 2185 5743">
    <p class='ocr_par' dir='ltr' id='par_1_121' title="bbox 1986 5687 2185 5743">
     <span class='ocr_line' id='line_1_121' title="bbox 1986 5687 2185 5743; baseline 0.005 -1"><span class='ocrx_word' id='word_1_929' title='bbox 1986 5687 2185 5743; x_wconf 75' lang='lat' dir='ltr'><strong>danunt.</strong></span> 
     </span>
    </p>
   </div>
  </div>
