2742 4342
327 239 400 278 283

328 317 506 368 prioribus
521 311 676 351 admisit.
690 307 778 345 Nam
791 315 834 344 ea
852 315 934 353 qua:
949 303 1132 352 sapientes
1153 301 1204 338 illi
1222 299 1316 348 magi
1327 299 1400 338 Gao

327 363 447 418 rareni
465 374 645 422 explicare
663 380 734 408 non
756 373 938 416 poterant,
961 365 1026 404 sed
1045 363 1311 402 conﬁtebantur
1327 371 1403 398 ma-

324 443 402 490 iora
421 447 515 480 esse,
531 444 639 483 quam
655 433 812 469 humana
828 430 978 468 facultas
992 433 1154 476 caperet,
1175 437 1217 464 ea
1234 425 1296 463 Dei
1316 430 1404 461 nutu

327 486 581 548 interpretatus
593 495 768 545 puerulus
785 493 962 542 captivus,
979 493 1100 540 ipsum
1113 487 1321 537 huiusmodi
1337 486 1404 524 mi—

329 563 454 602 raculo
475 570 636 608 eousque
653 557 802 596 deduxit
815 585 824 601 ,
845 562 886 594 ut
908 567 980 593 non
1005 554 1113 592 modo
1129 552 1318 594 crederet,
1339 549 1402 587 sed

324 628 433 664 etiam
453 623 533 662 orbi
553 629 732 661 terrarum
761 620 825 658 toti
855 619 960 656 fieret
986 617 1065 665 eius
1085 615 1265 664 dogmatis
1286 621 1405 661 praeco

323 695 359 725 et
377 685 696 734 doctorpublicus
714 697 722 720 :
743 684 791 720 ita
809 689 848 720 ut
877 683 906 720 si
933 687 1018 718 ante
1036 681 1178 728 signum
1197 675 1405 725 huiusmodi

324 750 430 788 venia
445 747 615 796 indignus
634 752 726 789 erat,
745 744 841 794 quod
861 744 974 781 Deum
994 743 1193 790 ignoraret,
1215 738 1328 776 multo
1352 737 1407 774 in-

324 812 468 860 dignior
492 817 575 859 post
603 809 690 846 illud
721 806 935 845 miraculum
965 810 1002 842 et
1028 809 1110 852 post
1141 799 1406 839 confessionem

326 885 428 912 suam
445 881 554 921 atque
583 872 786 910 doctrinam
808 866 887 906 aliis
909 868 1143 906 declaratam.
1163 864 1286 912 Neque
1309 862 1406 899 enim

327 937 394 974 nisi
413 936 519 984 plane
535 933 754 972 credidisset
769 933 884 980 ipsum
906 930 1022 968 solum
1038 938 1120 967 esse
1133 936 1261 964 verum
1277 925 1405 968 Deum,

327 1005 468 1035 tantum
487 1006 594 1034 servo
609 995 686 1043 eius
697 995 874 1031 honorem
889 991 1095 1033 detulisset,
1114 998 1182 1026 nec
1199 984 1408 1034 huiusmodi

328 1059 498 1098 mandata
525 1058 668 1096 cieteris
692 1056 865 1094 dedisset.
895 1055 1064 1092 Attamen
1089 1057 1170 1100 post
1200 1047 1408 1097 huiusmodi

328 1123 594 1162 confessionem
612 1121 648 1158 in
663 1119 906 1158 idololatriam
923 1119 1055 1154 iterum
1075 1114 1246 1162 delapsus
1267 1119 1323 1150 est
1342 1123 1351 1148 :
1373 1117 1411 1148 et

328 1187 390 1234 qui
423 1191 626 1234 prostratus
652 1183 688 1220 in
726 1181 856 1219 faciem
891 1189 1038 1218 servum
1071 1178 1136 1215 Dei
1165 1175 1408 1219 adoraverat,

332 1255 432 1285 tanto
453 1254 578 1296 postea
599 1245 722 1282 furore
741 1249 930 1290 correptus
957 1247 1026 1286 est,
1049 1248 1086 1277 ut
1107 1240 1169 1276 Dei
1184 1248 1330 1283 servos,
1349 1235 1410 1284 qui

331 1314 447 1361 ipsum
459 1311 612 1348 adorare
625 1309 830 1353 noluerant,
841 1307 876 1343 in
889 1306 1070 1343 fornacem
1081 1303 1304 1340 immitteret.
1317 1299 1409 1346 Quid

334 1373 468 1423 igitur?
487 1384 572 1410 num
593 1373 687 1409 Dens
706 1375 909 1418 apostatam
931 1367 1028 1404 ultus
1047 1371 1100 1403 est
1115 1393 1125 1410 ,
1147 1372 1184 1401 ut
1205 1363 1326 1401 ulcisci
1345 1361 1410 1398 de-

332 1437 468 1475 bebat?
485 1435 656 1480 Quinimo
673 1433 809 1480 majora
825 1431 893 1478 ipsi
915 1428 1086 1478 potentiae
1109 1437 1184 1464 sua:
1201 1425 1301 1473 signa
1321 1434 1412 1472 prte-

334 1500 426 1545 huit,
441 1499 632 1546 ipsumque
651 1503 733 1544 post
755 1501 893 1532 tantam
921 1491 1103 1530 vesaniam
1121 1489 1166 1527 ad
1188 1488 1413 1537 pristinaite-

333 1572 414 1599 rum
436 1561 594 1598 reduxit.
607 1559 784 1606 Quodque
803 1555 1004 1594 mirabilius
1021 1560 1090 1599 est,
1108 1563 1153 1591 ne
1167 1552 1214 1590 ob
1230 1551 1414 1600 prodigio-

337 1635 419 1662 rum
433 1623 717 1672 magnitudinem
735 1622 824 1659 fides
839 1621 926 1668 ipsis
942 1623 1152 1666 negaretur,
1167 1619 1204 1654 in
1224 1615 1324 1652 nullo
1342 1614 1414 1651 alio

337 1687 478 1733 signum
499 1685 598 1728 fecit,
621 1683 691 1720 nisi
709 1683 746 1720 in
766 1683 843 1730 ipsa
868 1681 1014 1718 fornace
1030 1708 1041 1726 ,
1067 1689 1175 1727 quam
1199 1677 1416 1715 accenderat

339 1749 400 1785 ille
419 1753 546 1784 contra
569 1755 702 1792 pueros
727 1754 819 1792 quos
838 1743 966 1790 ligatos
986 1753 1030 1779 eo
1047 1741 1218 1788 coniecit.
1240 1740 1336 1776 Sane
1355 1748 1414 1776 res

339 1811 430 1848 mira
457 1807 708 1856 stupendaque
727 1805 877 1848 fuisset,
895 1805 925 1841 si
945 1805 1128 1840 ﬂammam
1148 1802 1382 1840 exstinxisset
1403 1812 1412 1836 :

337 1881 372 1910 at
388 1871 694 1911 clen'tentissimus
721 1869 794 1914 ille,
815 1873 854 1905 ut
880 1867 1054 1915 maiorem
1084 1871 1220 1902 metum
1240 1864 1412 1909 adferret,

334 1936 612 1984 gravioremque
629 1938 806 1970 terrorem
824 1930 1017 1973 incuteret,
1039 1927 1193 1976 eiusque
1214 1927 1414 1964 catcitatem

339 1998 482 2044 penitus
499 1996 670 2040 solveret,
688 1993 804 2042 maius
819 1991 1002 2041 quippiam
1019 1996 1056 2028 et
1070 1989 1274 2027 mirabilius
1285 1998 1416 2036 opera-

341 2069 398 2100 tus
426 2067 497 2098 est.
514 2059 604 2098 Cum
627 2058 724 2095 enim
744 2055 969 2104 permisisset
991 2053 1091 2090 illam
1113 2051 1283 2089 succendi
1301 2061 1414 2098 quan-

341 2131 414 2158 tum
430 2123 508 2170 ipse
528 2119 685 2163 volebat,
701 2118 750 2155 ita
767 2127 870 2154 suam
885 2113 1044 2153 ostendit
1057 2112 1268 2162 potentiam,
1291 2118 1327 2148 ut
1343 2111 1416 2148 ini-

341 2185 516 2221 micorum
535 2181 824 2218 machinamenta
854 2187 926 2214 non
951 2175 1180 2218 dissolveret,
1199 2173 1262 2211 sed
1289 2172 1416 2210 eadem

342 2243 593 2292 permanentia
613 2241 712 2278 irrita
745 2240 896 2278 faceret.
926 2238 981 2276 Ne
1007 2239 1088 2286 quis
1112 2247 1201 2274 vero
1221 2237 1319 2284 ipsos
1336 2241 1419 2284 post

342 2311 531 2352 superatas
557 2303 723 2340 ﬂammas
753 2301 996 2349 conspiciens,
1015 2300 1226 2348 phantasma
1248 2308 1330 2336 esse
1352 2309 1418 2344 pu-

344 2373 450 2410 taret,
471 2376 536 2404 eos
549 2365 712 2403 comburi
729 2363 908 2411 permisit,
927 2363 989 2410 qui
1012 2363 1108 2409 ipsos
1126 2361 1340 2409 iniecerant,
1360 2371 1420 2398 os-

344 2429 495 2466 tendens
513 2439 637 2466 verum
662 2427 781 2475 ignem
799 2436 880 2464 esse
901 2425 936 2462 id
957 2424 1052 2472 quod
1075 2424 1310 2464 cernebatur;
1332 2423 1421 2460 alio-

344 2493 428 2543 quin
447 2501 516 2528 non
531 2489 741 2538 naphtham,
768 2496 924 2536 stupam,
935 2487 1116 2534 palmites,
1130 2491 1253 2533 totque
1267 2495 1420 2533 corpora

345 2555 616 2592 combussisset.
633 2551 704 2590 Sed
721 2553 801 2598 eius
816 2550 970 2598 imperio
991 2549 1078 2586 nihil
1101 2549 1286 2596 potentius
1306 2560 1314 2584 :
1338 2547 1418 2584 uni-

346 2627 520 2664 versaque
545 2625 666 2652 rerum
694 2619 821 2651 natura
850 2612 901 2649 illi
923 2611 1148 2659 obsequitur,
1177 2610 1237 2658 qui
1267 2620 1346 2647 eam
1375 2614 1420 2646 ex

347 2681 458 2718 nihilo
489 2678 670 2726 produxit,
693 2676 788 2725 quod
815 2685 903 2713 sane
921 2680 1006 2712 tunc
1029 2673 1316 2711 demonstratum
1342 2676 1419 2708 est:

346 2743 478 2780 ctenim
493 2741 636 2778 ﬂamma
663 2750 746 2777 cum
767 2737 1012 2785 corruptibilia
1033 2747 1183 2784 corpora
1207 2735 1420 2783 accepisset,

349 2805 392 2842 ab
410 2805 454 2842 iis
475 2804 576 2852 quasi
593 2801 928 2850 incorruptibilibus
945 2799 1130 2841 abstinuit,
1146 2799 1421 2846 depositumque

349 2868 486 2905 salvum
503 2866 672 2909 reddidit,
693 2865 802 2912 idque
821 2863 935 2901 multo
953 2873 1034 2900 cum
1049 2861 1264 2910 splendore.
1283 2860 1420 2906 Quem-

348 2928 540 2966 admodum
561 2929 658 2966 enim
673 2938 717 2964 ex
730 2926 839 2974 regiis
857 2925 996 2962 aedibus
1011 2933 1128 2971 reges,
1143 2924 1196 2960 sic
1213 2934 1256 2960 ex
1271 2922 1420 2960 fornace

349 2991 450 3038 pueri
465 2991 634 3027 exierunt
651 3001 660 3034 ;
680 2987 779 3025 nullo
799 2994 884 3024 tunc
900 2995 1024 3034 regem
1042 2985 1206 3032 aspicere
1223 2984 1420 3031 dignantc,

349 3053 412 3090 sed
435 3053 595 3090 omnium
624 3051 740 3090 oculis
756 3078 766 3095 ,
797 3049 949 3087 dimisso
976 3048 1063 3092 illo,
1083 3047 1128 3085 ad
1158 3054 1232 3084 tam
1258 3046 1424 3084 mirabile

351 3115 592 3160 spectaculum
619 3112 833 3151 conversis:
865 3121 908 3148 ac
935 3121 1053 3158 neque
1083 3109 1248 3147 diadema
1270 3137 1280 3155 ,
1308 3119 1425 3156 neque

354 3185 524 3222 purpura.
549 3187 664 3223 neque
683 3175 781 3212 aliud
797 3173 980 3222 quidpiam
997 3173 1107 3220 regia:
1128 3181 1284 3220 pompze,
1301 3171 1425 3208 turbas

357 3236 553 3273 infidelium
583 3236 734 3283 perinde
766 3237 943 3283 permovit
959 3261 970 3280 ,
991 3240 1100 3282 atque
1121 3234 1260 3282 species
1280 3233 1424 3270 illorum

357 3299 530 3343 lidelium,
550 3301 611 3347 qui
628 3300 737 3347 longo
764 3300 908 3347 quidem
936 3305 1102 3346 tempore
1125 3298 1161 3334 in
1182 3297 1264 3344 igne
1292 3295 1426 3332 versati

355 3366 454 3405 sunt,
481 3360 544 3396 sed
571 3360 719 3408 perinde
749 3361 928 3405 exierunt,
952 3371 995 3398 ac
1014 3361 1044 3397 si
1062 3371 1128 3408 per
1144 3358 1325 3396 somnium
1349 3357 1427 3393 hazc

357 3421 517 3468 perpessi
536 3427 670 3458 essent.
686 3422 828 3458 Atenim
849 3422 945 3469 quod
959 3422 995 3459 in
1014 3423 1119 3459 nobis
1135 3421 1273 3458 facilius
1293 3428 1426 3456 consu-

365 3484 488 3526 mitur,
510 3493 638 3530 nempe
659 3483 869 3529 capillorum
889 3488 1028 3529 natura,
1045 3490 1130 3520 tunc
1148 3483 1338 3520 adamante
1351 3478 1426 3516 for-

359 3546 428 3582 tius
449 3543 610 3581 ﬂammas
641 3544 761 3580 omnia
793 3543 1010 3582 devoranles
1037 3545 1234 3592 superavit.
1252 3542 1375 3588 Neque
1396 3539 1430 3577 id

362 3607 479 3644 Solum
504 3605 669 3644 mirabile
692 3611 788 3650 erat,
810 3605 906 3654 quod
927 3606 960 3642 in
980 3606 1072 3655 ignis
1091 3605 1248 3643 medium
1273 3602 1427 3649 coniecti

363 3670 448 3706 nihil
469 3675 692 3716 paterentur,
715 3668 780 3706 sed
811 3668 904 3716 quod
933 3668 1042 3705 etiam
1061 3668 1294 3713 loquerentur
1315 3663 1429 3701 conti~

364 3741 433 3766 uno
452 3743 461 3766 :
485 3741 592 3768 nemo
611 3737 730 3767 autem
750 3731 864 3767 nescit
886 3740 950 3766 eos
967 3729 1025 3776 qui
1047 3729 1082 3764 in
1106 3727 1262 3763 ﬂammis
1284 3734 1431 3762 versan-

367 3795 438 3835 tur,
459 3791 572 3828 donec
589 3791 719 3828 clausis
735 3791 838 3828 labiis
849 3796 946 3834 sunt,
963 3788 1106 3826 modico
1120 3779 1248 3823 sal'tem
1268 3791 1432 3830 tempore

369 3850 534 3888 incendio
559 3854 750 3898 resistere;
775 3854 806 3891 si
825 3859 945 3890 autem
978 3861 1020 3888 os
1055 3848 1284 3896 aperuerint,
1313 3846 1433 3882 statim

369 3911 521 3948 animam
543 3925 561 3950 a
589 3926 740 3962 ent-pore
770 3916 927 3952 arolare.
954 3913 1211 3950 Verumtamen
1245 3913 1297 3944 tot
1329 3906 1433 3944 editis

809 227 847 264 S.
875 222 1064 263 JOANNIS
1089 215 1414 259 CilllYSOSTOMl
1439 215 1652 256 ARCHIL‘P.
1683 186 2044 255 CONSTANTINOP.
2446 223 2500 262 εει

1480 295 1676 336 miraculis.
1702 296 1941 344 omnibusque
1966 293 2137 344 attonitis,
2157 301 2228 335 tam
2244 300 2459 346 prtesemibus
2475 311 2502 340 et

1477 360 1725 408 spectantibus
1741 370 1849 408 quam
1871 359 2091 406 absentibus,
2111 360 2171 408 qui
2193 361 2226 398 id
2247 372 2308 409 per
2322 362 2432 402 literas
2443 367 2506 402 edi-

1479 423 1656 475 dicerunt,
1679 433 1743 460 rex
1762 422 1822 460 ille
1838 421 1899 470 qui
1915 421 2005 459 alios
2027 422 2206 467 docuerat,
2225 423 2410 462 obstinatus
2424 437 2507 465 man-

1479 485 1540 530 sit,
1562 485 1653 523 etad
1670 484 1859 533 pristinam
1881 494 2048 522 reversus
2067 491 2122 522 est
2135 474 2398 532 improbitatem.
2413 488 2456 525 Ac
2469 500 2506 526 ne

1479 548 1532 586 sic
1545 547 1689 596 quidem
1708 549 1809 585 illum
1829 548 1926 586 Deus
1942 547 2092 595 punivit,
2111 547 2175 584 sed
2191 548 2361 595 patienter
2377 550 2456 596 tulit,
2471 557 2508 589 ‘ac

1479 619 1545 657 per
1575 610 1756 648 somnium
1784 619 1920 658 perque
1945 608 2156 658 prophetam
2181 619 2420 655 commoneas,
2438 622 2506 649 eum

1479 673 1539 711 tali
1559 674 1615 711 via
1639 673 1752 711 nihilo
1777 673 1906 710 melior
1932 673 2116 717 evaderet,
2137 682 2276 719 poenam
2294 672 2425 710 demum
2449 674 2508 711 im.

1477 735 1590 779 misit,
1621 745 1692 772 non
1719 735 1901 782 praeterita
1930 734 2130 779 ulciscens,
2155 734 2215 772 sed
2234 733 2344 771 futura
2362 737 2508 782 praesciu-

1477 798 1570 836 dens
1603 797 1712 840 mala,
1740 803 1777 834 et
1801 797 2068 845 improbitatem
2093 806 2138 833 ne
2156 796 2298 834 ulterius
2325 797 2508 844 procederet

1477 859 1682 899 coercens:
1713 870 1832 908 neque
1859 866 1978 898 tamen
2005 869 2120 906 usque
2147 861 2181 896 in
2207 859 2328 903 ﬁnem;
2348 867 2509 908 postquam

1479 925 1576 963 enim
1597 924 1722 972 paucis
1748 925 1848 962 illum
1873 923 1977 961 annis
2006 923 2236 970 castigasset,
2255 922 2393 970 pristino
2408 923 2510 960 reddi-

1480 987 1535 1024 dit
1557 987 1711 1031 honori,
1733 986 1830 1024 nullo
1847 985 1978 1024 damno
1996 985 2180 1022 multatum
2203 993 2245 1022 ex
2263 993 2373 1031 poena,
2392 984 2510 1022 sedbo-

1484 1060 1571 1087 num
1586 1050 1747 1087 omnium
1763 1051 1962 1086 maximum
1980 1048 2152 1085 lucratum
2166 1074 2177 1092 ,
2196 1052 2234 1083 ut
2249 1055 2370 1093 nempe
2387 1046 2510 1084 firmiter

1482 1112 1565 1150 fidei
1592 1123 1678 1160 erga
1717 1112 1830 1149 Deum
1851 1110 2030 1156 haereret,
2052 1119 2094 1147 ac
2113 1109 2158 1146 de
2183 1108 2330 1156 peccatis
2357 1108 2510 1155 prioribus

1484 1174 1736 1223 paenitentiam
1754 1179 1890 1221 ageret.

1531 1250 1568 1288 6.
1601 1249 1804 1298 Numquam
1817 1255 1991 1286 aversatur
2009 1247 2102 1285 Deus
2121 1247 2282 1284 sinceram
2300 1245 2510 1293 paenitentiam.

1449 1360 1454 1362 _
1481 1333 1530 1340 —-
1553 1311 1765 1361 Huiusmodi
1790 1311 1922 1359 quippe
1947 1316 2002 1348 est
2024 1309 2090 1348 Dei
2111 1319 2194 1358 erga
2209 1308 2362 1346 homines
2379 1307 2513 1346 clemen-

1483 1376 1530 1413 tia
1547 1387 1556 1414 :
1579 1384 1774 1422 numquam
1794 1380 1982 1410 aversatur
2001 1372 2176 1410 sinceram
2195 1370 2442 1419 paenitentiam;
2462 1369 2515 1406 sed

1483 1437 1624 1476 etiamsi
1643 1436 1724 1484 quis
1741 1435 1776 1472 in
1797 1441 1998 1472 extremum
2025 1433 2258 1481 improbitatis
2278 1431 2466 1480 pertigerit.
2486 1438 2516 1470 et

1483 1499 1568 1536 hinc
1584 1497 1630 1536 ad
1649 1497 1792 1534 virtutis
1810 1497 1905 1534 viam
1925 1496 2045 1534 redire
2062 1495 2238 1541 voluerit,
2266 1495 2374 1542 ipsum
2393 1493 2517 1540 suscipit

1483 1569 1520 1600 et
1537 1562 1779 1610 amplexatur,
1797 1560 1962 1608 nihilque
1981 1569 2050 1596 non
2069 1559 2143 1607 agit
2157 1565 2193 1596 ut
2209 1568 2287 1596 eum
2305 1558 2338 1594 in
2355 1557 2515 1604 pristinum

1484 1629 1617 1662 statum
1637 1623 1814 1660 restituat.
1831 1621 2005 1668 Quodque
2022 1620 2168 1668 majoris
2184 1625 2238 1656 est
2255 1618 2450 1660 clementia},
2463 1615 2517 1654 etsi

1484 1685 1566 1734 quis
1582 1695 1654 1722 non
1672 1684 1849 1732 integram
1867 1681 2112 1730 paenitentiam
2128 1681 2312 1724 exhibeat,
2331 1679 2461 1717 brevem
2473 1684 2517 1715 ta-

1486 1757 1570 1784 men
1587 1746 1686 1784 illam
1705 1752 1741 1783 et
1753 1745 1799 1782 ad
1819 1744 2000 1782 modicum
2019 1743 2213 1781 exbibitam
2231 1753 2300 1780 non
2319 1741 2450 1784 abnuit,
2466 1738 2518 1777 sed

1485 1819 1652 1857 magnam
1672 1807 1755 1845 huic
1771 1805 1975 1844 mercedem
1995 1805 2117 1843 tribuit
2139 1817 2148 1842 :
2169 1804 2260 1852 quod
2287 1813 2368 1840 sane
2392 1799 2519 1839 manife-

1486 1877 1582 1908 stum
1601 1877 1657 1908 est
1676 1881 1721 1908 ex
1738 1869 1796 1915 iis,
1809 1879 1890 1916 quae
1909 1869 1954 1906 de
1973 1867 2103 1916 populo
2118 1866 2315 1904 Iudaeorum
2335 1864 2414 1902 dicit
2429 1863 2521 1900 Isaias

1487 1933 1660 1980 propheta
1679 1931 1735 1969 liis
1752 1931 1872 1969 verbis
1893 1943 1902 1967 :
1923 1930 2071 1978 Propter
2095 1935 2264 1977 peccatum
2281 1927 2438 1976 paulisper
2451 1935 2520 1960 con-

1487 1999 1620 2036 tristavt'
1635 2010 1726 2044 eum,
1748 2005 1780 2035 et
1800 1999 1952 2046 percussi
1965 2007 2059 2041 eum,
2077 2002 2110 2033 et
2127 1993 2232 2032 averti
2245 1993 2360 2042 facient
2377 1999 2471 2026 meam
2487 1983 2521 2022 ab

1487 2071 1526 2096 eo
1542 2071 1554 2096 .'
1575 2066 1606 2096 et
1622 2061 1843 2097 contristatus
1863 2065 1912 2096 est
1925 2089 1936 2105 ,
1961 2067 1992 2096 et
2009 2057 2191 2095 ambulavit
2210 2060 2362 2094 mwstus;
2380 2057 2408 2087 et
2424 2050 2522 2086 sanari

1488 2133 1578 2167 eum,
1594 2128 1625 2158 et
1639 2122 1831 2160 consolatus
1848 2133 1925 2158 sum
1943 2132 2020 2158 eunt
2049 2120 2061 2169 (
2076 2119 2162 2156 Isai.
2178 2118 2236 2156 57.
2255 2116 2309 2153 17.
2325 2113 2366 2150 18
2379 2111 2402 2160 ).
2425 2107 2524 2147 Testis

1488 2189 1608 2221 autem
1625 2183 1730 2222 nobis
1747 2184 1817 2222 erit
1841 2183 2076 2232 impiissimus
2107 2191 2171 2219 rex
2199 2179 2257 2216 ille
2271 2207 2281 2221 ,
2301 2176 2357 2224 qui
2373 2173 2414 2211 ab
2431 2179 2524 2209 uxore

1489 2246 1634 2295 quidem
1655 2247 1811 2295 peccatis
1829 2246 1982 2284 traditus
1999 2253 2054 2284 est
2073 2256 2082 2280 :
2101 2249 2138 2282 at
2155 2243 2214 2280 ubi
2233 2241 2378 2290 primum
2394 2234 2483 2276 luxit,
2495 2237 2525 2295 et

1489 2319 1596 2346 sacco
1616 2308 1760 2346 indutus
1780 2307 1940 2346 facinora
1959 2317 2022 2344 sua
2042 2305 2236 2348 damnavit,
2255 2303 2300 2340 ita
2317 2299 2378 2337 sibi
2399 2296 2452 2334 Dei
2467 2293 2524 2330 mi-

1491 2370 1726 2408 sericordiam
1756 2365 1985 2413 conciliavit,
2017 2375 2056 2406 ut
2088 2367 2207 2406 omnia
2235 2364 2300 2402 sibi
2331 2355 2524 2398 imminentia

1491 2433 1584 2470 mala
1598 2433 1762 2470 evitaret.
1778 2433 1867 2472 Nam
1883 2433 1978 2470 Deus
1992 2431 2102 2469 Heliae
2119 2430 2230 2468 dixit:
2255 2425 2370 2465 Vidisti
2381 2419 2525 2469 quomodo

1491 2501 1714 2542 compunctus
1722 2501 1770 2532 est
1782 2494 1899 2531 Achab
1913 2506 1933 2530 a
1947 2494 2036 2541 facie
2048 2504 2122 2530 mea
2131 2493 2148 2528 ?
2159 2491 2240 2528 Non
2255 2488 2402 2526 inducant
2419 2480 2527 2519 malum

1491 2557 1526 2593 in
1544 2541 1662 2594 diebus
1677 2559 1765 2605 ejus,
1787 2568 1824 2594 eo
1841 2556 1932 2604 quod
1957 2556 2086 2604 ﬂeverit
2102 2566 2124 2591 a
2142 2554 2229 2602 [acie
2241 2563 2312 2588 utea
2323 2549 2370 2599 (5.
2385 2547 2460 2592 Reg.
2472 2541 2525 2605 21:

1491 2621 1570 2668 29).
1583 2621 1668 2658 Post
1687 2601 1782 2657 hunc
1797 2601 1904 2657 etiam
1922 2601 2105 2655 Manasses
2121 2601 2172 2665 (2.
2188 2613 2307 2653 Parai.
2322 2611 2378 2650 55.
2399 2601 2528 2668 15),?qu

1493 2667 1618 2720 omnes
1637 2682 1776 2720 insania
1795 2681 1978 2729 superavit
1994 2686 2102 2728 atque
2122 2675 2306 2728 tyrannide
2321 2702 2330 2720 ,
2350 2677 2384 2710 et
2401 2667 2529 2716 legalem

1493 2746 1622 2783 evertit
1637 2744 1786 2787 cultum,
1808 2743 1980 2790 templum
1995 2742 2138 2786 clausit,
2159 2745 2195 2778 et
2211 2737 2379 2776 idolorum
2393 2733 2530 2790 errorem

1494 2808 1624 2844 ﬂorere
1638 2806 1734 2848 fecit,
1750 2789 1982 2852 omniumque
1995 2804 2154 2852 quiante
2171 2801 2309 2839 fuerant
2327 2789 2530 2842 impiisSimIls

1494 2869 1573 2913 fuit,
1594 2878 1674 2906 cum
1694 2874 1819 2915 postea
1840 2866 2072 2914 resipuisset,
2092 2864 2224 2902 relatus
2241 2866 2296 2898 est
2313 2859 2347 2896 in
2367 2856 2529 2892 numerum

1495 2932 1692 2968 amicorum
1715 2929 1790 2966 Dei.
1815 2929 1853 2966 Si
1874 2934 1995 2970 autem
2017 2930 2212 2973 conspecta
2235 2919 2448 2969 iniquitatum
2463 2918 2532 2948 sua-

1495 3005 1575 3032 rum
1593 2992 1839 3040 magnitudine
1854 3020 1863 3036 ,
1884 2991 1930 3028 de
1949 2991 2066 3028 reditu
2085 2999 2127 3027 ac
2145 2989 2192 3026 de
2210 2984 2400 3024 mutatione
2421 2977 2530 3022 deSPe'

1496 3062 1624 3099 rasset,
1643 3055 1810 3092 omnibus
1829 3059 1927 3091 certe
1946 3063 2027 3101 quae
2042 3057 2165 3100 postea
2181 3050 2411 3094 consequutus
2423 3043 2470 3078 est
2482 3044 2534 3072 ex-

1497 3119 1664 3156 cidisset:
1681 3127 1776 3154 nunc
1789 3122 1922 3161 autem,
1938 3126 2009 3152 non
2023 3115 2068 3152 ad
2086 3114 2218 3152 molem
2235 3113 2448 3159 peccatorum
2465 3105 2536 3164 su?-

1498 3193 1592 3226 rum,
1612 3181 1676 3219 sed
1694 3180 1739 3217 ad
1759 3180 1970 3216 immensam
1995 3177 2056 3214 Dei
2075 3171 2414 3214 commiserationem
2436 3167 2536 3227 resp}.
2571 3179 2574 3202 ;

1498 3225 1598 3283 ciens
1609 3272 1620 3289 ,
1639 3243 1792 3290 diruptis
1806 3241 1939 3279 diaboli
1957 3240 2123 3284 vinculis,
2139 3235 2292 3276 surrexit
2305 3238 2340 3270 et
2352 3225 2534 3290 decertant,

1499 3307 1706 3352 bonumque
1724 3313 1869 3342 cursum
1895 3300 2170 3340 consummavit.
2197 3297 2276 3335 Non
2303 3292 2412 3330 solum
2435 3287 2536 3352 θυῐξξῐξ

1501 3378 1544 3404 ex
1563 3343 1696 3410 verbis,
1717 3375 1797 3412 quat
1814 3363 1860 3400 ad
1877 3374 1940 3401 eos
1958 3363 2126 3409 loquutus
2140 3366 2210 3403 est,
2228 3355 2292 3396 sed
2305 3354 2406 3392 etiam
2421 3343 2538 3413 exaliis

1503 3439 1566 3475 per
1578 3409 1789 3475 prophetam
1808 3423 2044 3472 pronuntiatis
2059 3423 2159 3459 Deus
2171 3427 2296 3458 omnes
2309 3409 2538 3475 desperationis

1502 3490 1736 3538 cogitationes
1754 3471 1960 3536 praescindit
1981 3497 1990 3522 :
2012 3483 2147 3527 Hodie,
2170 3480 2297 3529 inquit,
2315 3477 2342 3514 si
2361 3480 2464 3510 vocem
2477 3471 2540 3512 eius

1504 3547 1680 3589 audieritis
1693 3579 1702 3595 ,
1723 3551 1828 3588 nolite
1845 3549 2014 3586 obdurare
2029 3546 2134 3584 corda
2150 3551 2259 3582 vestra
2275 3542 2359 3579 sicut
2373 3537 2406 3572 in
2423 3536 2540 3570 exacer-

1506 3616 1639 3652 batione
1657 3614 1772 3664 (Psal.
1791 3613 1850 3651 94.
1869 3611 1923 3659 9).

1557 3691 1639 3728 Nan
1658 3702 1700 3728 ea:
1722 3697 1871 3737 tempore
1885 3717 1894 3733 ,
1917 3687 1976 3725 sed
1995 3696 2036 3723 ea:
2055 3683 2180 3730 aﬂ'ectu
2207 3673 2394 3737 paenitentia
2406 3665 2541 3737 testi-nm.-

1509 3727 1576 3790 tur.
1765 3727 1893 3789 autem
1903 3748 2004 3786 hodie
2019 3727 2212 3794 peritotam
2226 3740 2332 3778 vitam
2349 3731 2414 3772 dici
2430 3727 2542 3794 P0710?"

1510 3815 1640 3860 imo,si
1658 3815 1757 3858 libet,
1772 3813 1818 3851 ad
1831 3816 2052 3851 senectutem
2067 3815 2180 3854 usque
2194 3815 2204 3840 :
2221 3811 2290 3840 non
2303 3796 2395 3835 enim

1511 3879 1608 3925 poris
1630 3877 1876 3925 longitudine,
1903 3873 1966 3913 sed
1995 3884 2037 3911 ex
2066 3868 2171 3908 animi
2206 3863 2328 3900 affectu
2363 3850 2548 3904 Pmm‘cnm
