2742 4342
339 249 406 286 287

337 323 489 373 proJorit
506 336 519 358 .·
545 327 581 357 et
600 321 745 362 iterum,
762 318 972 364 Quicumque
995 319 1030 353 in
1044 317 1115 365 lege
1129 317 1372 364 justi/icamini
1391 327 1412 351 α

335 387 446 436 gratia
466 381 636 420 midistis
661 379 756 428 (Gal.
774 379 809 416 5.
826 379 850 414 2
875 385 906 414 et
922 379 972 425 4).
997 379 1165 414 Attamen
1188 384 1268 426 post
1288 377 1414 424 hujus—

336 445 431 483 modi
453 445 606 490 lapsum,
628 442 725 488 ipsos
747 440 898 487 recipit,
915 439 1039 476 dicens
1063 450 1072 475 :
1095 439 1216 476 Filioli
1235 439 1313 480 mei,
1333 448 1414 485 quos
1447 455 1450 457 -

335 509 457 542 iterum
472 503 646 551 partui-io,
668 502 774 538 donec
793 501 960 548 formetur
979 500 1135 537 Christus
1152 501 1187 536 in
1207 501 1300 536 vobis
1315 499 1412 547 (Gal.

333 570 368 604 4.
393 567 471 614 19),
484 565 694 608 ostendens,
711 565 818 602 etiam
834 571 912 611 post
926 571 1125 600 extremam
1143 563 1414 610 corruptiouem

335 639 441 676 posse
464 638 589 664 rursus
609 627 793 664 Christum
821 626 994 662 divinitus
1020 625 1201 662 efformari
1231 626 1266 661 in
1287 625 1412 668 nobis;

341 701 411 727 non
431 691 527 726 enim
548 690 624 726 vult
644 696 797 726 mortem
818 688 1032 735 peccatoris,
1049 687 1114 724 sed
1132 693 1170 725 ut
1185 693 1416 724 convertatur

334 762 366 790 et
385 755 480 790 vivat
499 753 643 801 (Ezec/t.
664 753 723 789 55.
748 753 821 799 tt).

383 818 418 853 9.
443 817 604 853 Cebenna
625 817 713 862 ignis
731 814 956 859 dtemonibus,
979 825 1121 860 regnum
1141 813 1302 849 calorum
1321 812 1416 848 nobis

336 879 530 924 deputatur.
551 898 599 904 —
617 878 881 914 Convertuntur
905 878 1038 923 itaque,
1062 888 1083 911 o
1102 876 1271 912 dilectum
1292 880 1413 922 caput,

335 949 368 975 et
388 941 608 974 voluntatem
631 939 692 975 Dei
713 938 954 986 perficiamus.
978 937 1061 974 Ideo
1079 937 1210 984 quippe
1229 947 1294 972 nos
1313 946 1415 972 crea-

335 1003 384 1038 vit
403 1010 438 1038 et
461 1001 649 1049 produxit,
670 1008 708 1038 ut
728 1001 927 1038 caelestium
950 1000 1125 1037 bonorum
1151 1005 1340 1036 consortes
1359 998 1414 1035 fa-

338 1071 435 1101 ceret
453 1093 462 1108 ,
498 1071 535 1100 ut
564 1075 713 1111 regnum
746 1065 917 1100 ca‘lorum
949 1063 1124 1099 tribueret
1164 1063 1190 1103 ί,
1214 1073 1285 1098 non
1313 1068 1352 1097 ut
1380 1061 1415 1098 in

335 1126 534 1170 gehennam
551 1126 760 1172 eonjiceret,
779 1126 923 1173 ignique
939 1125 1096 1161 traderet
1113 1135 1120 1159 :
1139 1123 1197 1160 hic
1211 1123 1305 1160 enim
1325 1123 1416 1170 ignis

336 1200 405 1226 non
422 1196 567 1236 propter
583 1200 661 1232 nos,
678 1188 740 1224 sed
757 1195 902 1235 propter
915 1187 1096 1225 diabolum
1111 1187 1326 1224 constitutus
1339 1192 1414 1229 est;

335 1262 484 1298 regnum
506 1261 592 1287 vero
621 1251 724 1287 nobis
752 1256 915 1297 paratum
943 1243 1108 1297 primitiis
1134 1255 1170 1286 et
1196 1249 1415 1296 assignatum

334 1320 402 1349 est.
424 1311 623 1359 Utrumque
652 1323 737 1349 vero
764 1312 967 1349 subindicat
993 1322 1074 1348 cum
1095 1312 1182 1348 dicit
1209 1312 1252 1348 iis
1272 1311 1415 1358 quidem

334 1374 394 1420 qui
415 1384 432 1409 a
452 1373 588 1410 dextris
607 1380 689 1410 sunt
712 1386 720 1410 :
746 1372 877 1418 Venite,
901 1373 1065 1410 benedicti
1088 1371 1205 1409 Patris
1225 1373 1304 1415 mei,
1333 1383 1415 1418 pos-

333 1436 439 1472 sidete
473 1443 630 1484 paratum
665 1436 756 1473 vobis
791 1448 933 1483 regnum
965 1448 987 1472 a
1022 1437 1261 1473 constitutione
1297 1436 1418 1473 mundi

336 1498 480 1545 (Matth.
500 1498 561 1535 9.5.
583 1499 669 1545 5i);
693 1498 737 1534 iis
757 1508 843 1535 vero
863 1498 924 1545 qui
950 1507 970 1534 a
997 1498 1154 1534 sinistris
1175 1511 1183 1534 :
1206 1497 1378 1534 Discedite
1394 1509 1416 1534 a

336 1572 414 1603 me,
445 1561 640 1604 maledicti,
671 1561 706 1596 in
739 1561 852 1608 ignem
893 1568 1056 1597 internum
1081 1562 1108 1603 ’,
1129 1568 1309 1608 paratum;
1343 1571 1414 1597 non

336 1623 459 1668 utique
485 1623 606 1666 vobis,
628 1622 691 1659 sed
713 1623 848 1659 diabolo
869 1630 900 1658 ct
927 1622 1057 1671 angelis
1083 1623 1156 1671 ejus
1175 1622 1292 1659 ’.Non
1309 1622 1418 1670 igitur

337 1684 440 1720 nobis
460 1690 579 1729 parata
599 1690 654 1720 est
672 1684 849 1730 gebenna,
867 1685 930 1721 sed
948 1684 1091 1721 diabolo
1109 1691 1144 1721 et
1160 1685 1299 1731 angelis
1313 1685 1413 1731 ejus;

337 1755 489 1792 regnum
511 1751 630 1781 autem
653 1755 672 1781 a
689 1747 948 1785 constitutione
971 1747 1104 1784 anuudi
1132 1747 1235 1783 nobis
1259 1747 1414 1784 adorna-

337 1813 412 1843 tum
427 1814 496 1844 est.
517 1807 570 1844 Nc
587 1808 707 1854 itaque
725 1818 792 1844 nos
809 1808 954 1844 thalami
975 1808 1138 1854 ingressu
1157 1809 1321 1855 indignos
1334 1809 1417 1846 red-

337 1869 490 1905 damus:
520 1869 688 1916 quamdiu
718 1869 814 1906 cnim
835 1867 849 1890 δ
871 1869 927 1905 hic
955 1879 1093 1913 sumus,
1124 1870 1264 1907 etiamsi
1285 1869 1416 1908 millies

338 1942 528 1986 peccemus
543 1963 553 1980 ,
576 1930 694 1973 omnia
725 1931 808 1973 licet
835 1931 958 1972 eluere
987 1938 1215 1978 peccatorum
1237 1932 1417 1979 paeniten-

338 2003 422 2036 tiam
450 2001 704 2037 exhibentibus
726 2013 734 2036 :
756 2010 836 2037 cum
867 2005 987 2035 autem
1020 1994 1104 2030 illuc
1131 1994 1274 2031 abducti
1303 1994 1415 2033 fueri-

338 2075 429 2106 nms,
447 2063 588 2100 etiamsi
603 2063 782 2110 ingentem
801 2063 1047 2109 pmnitentiain
1062 2057 1310 2101 exbibeamus,
1325 2058 1413 2095 nihil

338 2125 442 2161 nobis
463 2125 643 2172 proderit;
665 2125 729 2162 sed
747 2125 976 2172 quantumvis
997 2119 1162 2161 dentibtts
1188 2119 1410 2165 freudamus,

337 2189 565 2234 quantumvis
595 2188 801 2233 lugeamus,
829 2187 1058 2234 quantumvis
1085 2187 1339 2230 obsecramus,
1367 2195 1413 2224 ne

337 2256 500 2285 extremo
518 2249 662 2295 quidem
681 2250 793 2296 digito
817 2249 992 2296 quispiam
1021 2250 1125 2287 nobis
1151 2249 1285 2297 aliquid
1307 2250 1412 2286 refri-

337 2311 423 2354 gerii
439 2310 645 2354 distillabit;
665 2311 727 2348 sed
741 2322 781 2347 ea
801 2311 876 2358 ipsa
897 2311 1097 2356 audiemus,
1115 2323 1194 2359 qua:
1211 2312 1312 2348 dives
1327 2312 1410 2348 olitn

337 2371 397 2408 ille
411 2399 421 2415 ,
443 2382 572 2418 nempe
585 2401 595 2416 ,
621 2371 787 2420 Magnum
807 2373 910 2408 chaos
929 2373 1015 2409 inter
1032 2385 1094 2409 nos
1111 2379 1141 2409 et
1159 2384 1216 2410 vos
1239 2373 1412 2420 [innatant

336 2439 383 2467 est
402 2431 502 2481 (Luc.
526 2432 582 2469 16.
602 2432 678 2480 Ξὶϐ).
704 2433 967 2480 Resipiscamus
987 2435 1120 2482 itaque,
1140 2435 1304 2477 obsecro,
1325 2435 1411 2472 dum

336 2493 395 2532 hic
413 2495 588 2542 degimus,
611 2500 647 2531 et
668 2495 856 2532 Dominum
877 2506 1133 2543 agnoscamus,
1156 2503 1194 2533 ut
1215 2507 1412 2544 agnoscere

335 2563 489 2602 oportet.
510 2556 611 2594 Tunc
638 2557 733 2593 enim
765 2558 880 2594 solum
908 2557 952 2594 de
979 2559 1188 2605 paenitentia
1211 2559 1410 2606 desperan-

335 2619 419 2655 dum
441 2618 524 2664 crit,
544 2629 624 2655 cutn
645 2619 678 2655 in
701 2619 842 2656 inferno
859 2620 1041 2657 cctistituti
1059 2621 1193 2657 erimus
1211 2632 1218 2656 :
1237 2621 1285 2657 ibi
1305 2631 1410 2657 nam-

335 2693 405 2728 que
430 2682 544 2718 solum
574 2681 642 2719 hoc
674 2683 873 2719 remedium
900 2683 1080 2720 infirmum
1108 2684 1303 2731 inutiieque
1319 2689 1377 2720 est
1399 2696 1407 2720 :

335 2744 417 2780 dum
433 2750 552 2781 autem
568 2744 624 2780 hic
640 2755 837 2787 versamur,
850 2745 988 2782 etiamsi
1005 2745 1039 2781 in
1057 2745 1131 2791 ipsa
1146 2751 1329 2782 senectute
1342 2744 1409 2781 ad-

336 2806 516 2849 hibeatur,
545 2807 616 2842 vim
646 2807 752 2843 habet
773 2808 979 2844 maximam.
999 2807 1225 2855 Quapropter
1243 2807 1409 2844 diabolus

333 2867 422 2902 nihil
442 2878 512 2904 non
531 2868 768 2912 machinatur,
789 2875 828 2905 ut
845 2869 1108 2916 deSperationis
1127 2869 1285 2906 radicem
1306 2869 1408 2906 nobis

335 2937 444 2976 ponat
463 2942 470 2966 :
492 2931 590 2967 novit
612 2931 730 2975 enim,
752 2932 781 2968 si
801 2932 859 2968 vel
881 2932 1054 2968 tantillum
1076 2932 1352 2978 rcsipuerimus,
1373 2931 1408 2968 id

334 3000 405 3026 non
425 2991 503 3028 sine
521 2992 690 3030 mercede
710 2992 866 3029 futurum
887 3004 980 3030 esse.
1001 2993 1071 3030 Sed
1098 2994 1191 3029 sicut
1215 2994 1246 3030 is
1264 2994 1324 3040 qui
1349 3003 1408 3030 ca-

336 3051 439 3088 licem
457 3063 557 3100 aqutc
575 3053 714 3100 frigida:
731 3056 944 3101 porrexerit,
963 3055 1160 3102 depositam
1180 3054 1288 3090 habet
1304 3055 1409 3091 retri-

334 3113 537 3158 butionetn,
559 3115 611 3152 sic
636 3115 690 3161 is,
711 3126 816 3163 quem
836 3115 880 3153 de
907 3116 1073 3153 admissis
1095 3127 1112 3151 a
1134 3128 1172 3154 se
1191 3116 1408 3153 facinoribus

335 3175 508 3220 pumitet,
539 3177 623 3214 licet
653 3177 797 3224 dignam
835 3178 1082 3224 pcenitentiam
1113 3189 1184 3214 non
1217 3179 1405 3223 exhibeat,

335 3235 496 3280 ejusdem
517 3245 634 3275 tamen
654 3240 925 3278 retributionem
941 3242 1105 3289 accipiet.
1122 3241 1215 3278 Nihil
1231 3242 1328 3279 enim
1343 3241 1409 3277 bo-

336 3307 488 3339 norum,
516 3301 744 3342 quantumvis
767 3302 932 3348 exiguum
961 3304 1026 3347 sit,
1073 3315 1092 3340 a
1119 3304 1218 3351 justo
1245 3304 1260 3324 ⁸
1287 3304 1407 3350 judice

349 3358 566 3405 lespicietur.
591 3361 678 3398 Nam
705 3363 733 3398 si
768 3371 912 3410 peccata
939 3377 1020 3403 cum
1049 3372 1145 3402 tanta
1177 3366 1408 3403 accuratione

343 3419 603 3467 lisquiruntur,
634 3429 674 3459 ut
703 3424 809 3460 etiam
839 3425 885 3462 de
914 3427 1034 3464 verbis
1061 3433 1098 3464 ct
1128 3427 1403 3474 cogitationibus

337 3493 459 3528 pinnas
477 3483 616 3529 demus,
639 3494 772 3532 quanto
792 3489 904 3535 magis
924 3489 1015 3525 bona
1036 3499 1159 3536 opera,
1177 3499 1240 3525 seu
1260 3499 1402 3534 magna,

333 3554 396 3579 seu
416 3555 522 3590 parva
543 3545 687 3591 fuerint,
709 3548 811 3585 nobis
829 3550 890 3586 illo
909 3557 1071 3598 tempore
1086 3550 1401 3597 computabontur.

333 3606 451 3650 Quare
471 3607 553 3644 licet
570 3608 614 3645 ad
635 3610 818 3655 pristinam
840 3612 935 3648 illam
952 3613 1174 3659 diligentiam
1193 3612 1310 3649 redire
1329 3622 1402 3648 non

375 3701 389 3748 ξ
411 3699 505 3748 savtl.
527 3706 562 3748 et
577 3710 662 3748 unus
675 3701 776 3741 (2011),,
794 3703 884 3738 nobis
899 3703 1066 3748 tribueret.

336 3741 390 3812 ex:
411 3743 460 3788 sic
473 3742 567 3775 savil.
585 3746 621 3776 et
634 3750 772 3786 quatuor
788 3750 860 3778 uss.
889 3744 999 3778 Morel.
1023 3751 1058 3778 et
1069 3745 1135 3777 duo
1147 3744 1212 3786 alii,
1242 3747 1278 3779 in
1293 3745 1401 3788 ignem

393 3791 542 3816 ενιοιτηι.

337 3808 600 3894 ᾆίἓέὦῖῖίυυε
614 3825 727 3866 habet.
739 3831 891 3866 Paratum
912 3825 1040 3861 diabolo
1054 3831 1084 3860 ct
1101 3826 1224 3869 angelis
1239 3825 1321 3869 ejus,
1339 3835 1401 3860 non

378 3903 390 3949 ξ
413 3904 505 3949 savii.
523 3911 557 3938 et
572 3916 656 3949 unus
669 3912 738 3944 λίς..
753 3908 850 3946 enim,
868 3915 973 3942 recte.
992 3913 1024 3941 tu
1040 3909 1111 3942 aliis
1125 3909 1234 3949 deest,
1251 3909 1347 3943 enim.

376 3943 390 3964 ⁸
413 3948 447 3975 tu
461 3955 524 3979 uno
535 3947 623 3982 Colb.
645 3943 753 3992 deest,
767 3943 864 3991 iusto.

823 241 859 281 S.
887 239 1077 278 JUANNIS
1103 237 1424 276 CllBYSfiSTOMI
1455 235 1666 273 ARCIIIEP.
1697 237 2054 277 CONSTANTINOP.
2471 251 2528 291 333

1490 315 1622 358 valeas,
1641 315 1704 353 sed
1722 317 1850 363 quovis
1870 317 2012 355 tandem
2033 318 2139 356 modo
2157 329 2176 355 a
2195 324 2353 368 praesenti
2371 327 2482 364 morbo
2497 338 2526 367 ‹·ι

1453 409 1464 422 ι
1489 375 1625 414 luxuria
1649 383 1683 414 te
1702 371 1875 423 abducas,
1899 389 1944 416 ne
1963 378 2030 416 hoc
2050 379 2190 427 quidem
2215 382 2275 420 tibi
2294 384 2525 428 infructuosum

1487 440 1556 476 erit
1574 452 1584 477 :
1603 439 1657 477 fac
1675 441 1775 478 ineas
1792 451 1896 488 opus,
1915 447 1952 478 et
1970 441 2102 479 aditum
2119 443 2162 480 ad
2180 447 2364 483 certamina
2381 451 2503 494 aperias
2519 463 2527 488 :

1488 502 1658 548 quamdiu
1687 503 1785 540 enim
1815 510 1916 540 extra
1943 505 2103 541 manebis
2117 533 2125 548 ,
2145 506 2223 552 jure
2243 507 2302 544 tibi
2324 508 2455 548 diflicile
2475 523 2524 548 ar-

1488 565 1697 611 duumque’
1725 565 1916 602 videbitur.
1943 565 2031 603 Nam
2055 573 2240 615 antequam
2262 571 2444 617 periculum
2459 574 2522 619 flat,

1487 627 1718 672 quantumvis
1743 627 1865 666 faciles
1885 635 1921 665 et
1940 630 2116 675 expedita:
2138 641 2194 668 res
2213 631 2362 677 fuerint,
2381 645 2526 683 magnam

1489 694 1607 724 tamen
1635 689 1855 726 difficultatis
1896 691 2052 738 speciem
2101 701 2173 738 pra:
2213 703 2252 730 se
2276 693 2364 732 ferre
2395 697 2524 741 solent;

1487 759 1570 785 Cum
1591 755 1709 786 autem
1735 761 1798 787 eas
1821 757 1970 788 strenuo
1989 751 2183 800 audacique
2209 754 2324 790 animo
2349 756 2525 801 adiviinus,

1487 821 1618 858 magna
1639 822 1722 860 pars
1743 813 1878 849 laboris
1895 814 2036 857 evolat;
2057 824 2099 850 ac
2120 815 2268 861 fiducia,
2290 817 2362 854 loco
2382 823 2527 858 tremoris

1488 875 1823 922 desperationisque
1842 877 2084 924 subingressa,
2104 884 2235 914 metum
2252 880 2383 924 minuit,
2403 881 2527 919 facilita-

1490 945 1561 974 tem
1590 943 1717 984 augct,
1747 937 1949 985 bonamque
1973 949 2073 985 Spem
2101 940 2256 977 roborat.
2275 941 2354 979 ideo
2377 944 2527 990 malignus

1490 1001 1549 1037 ille
1565 999 1695 1037 Iudam
1713 1010 1757 1037 ex
1779 1000 1846 1038 hac
1867 1001 1936 1037 vita
1956 1001 2124 1046 abduxit,
2143 1012 2187 1039 ne
2205 1002 2304 1040 initio
2323 1004 2524 1050 resipiscendi

1489 1061 1598 1106 facto,
1621 1073 1684 1108 per
1699 1061 1947 1109 paenitentiam
1966 1062 2010 1098 ad
2029 1062 2146 1100 locum
2165 1063 2258 1101 unde
2278 1065 2444 1102 exciderat
2460 1066 2525 1102 red-

1490 1124 1571 1160 iret.
1595 1121 1669 1171 Ego
1687 1125 1782 1160 enim
1797 1153 1806 1169 ,
1826 1124 1893 1161 etsi
1922 1135 2028 1172 supra
2044 1124 2150 1162 ﬁdem
2172 1125 2265 1173 loqui
2285 1126 2410 1172 videar,
2428 1137 2524 1175 neque

1490 1186 1576 1222 illud
1603 1186 1755 1234 (Judsc)
1785 1194 1970 1234 peccatum
2000 1187 2114 1235 majus
2143 1198 2221 1226 esse
2249 1188 2412 1234 dixerim,
2437 1201 2524 1236 quam

1489 1249 1665 1286 auxilium
1682 1277 1693 1294 ,
1712 1250 1808 1298 quod
1835 1251 1940 1287 nobis
1959 1261 1978 1286 a
2004 1250 2213 1298 paenitentia
2236 1251 2388 1289 offertur.
2411 1253 2524 1296 Quam-

1489 1313 1613 1349 obrem
1635 1322 1722 1360 rogo
1739 1320 1776 1349 et
1796 1313 1968 1358 obsecro,
1987 1313 2084 1349 omni
2111 1313 2257 1360 depulsa
2281 1313 2426 1350 satanica
2442 1314 2523 1362 cogi-

1490 1376 1626 1412 tatione
1655 1375 1700 1412 ab
1729 1375 1847 1411 anima
1877 1381 1956 1419 tua,
1983 1375 2028 1412 ad
2058 1375 2150 1412 banc
2177 1375 2322 1412 salutem
2350 1375 2473 1413 redeas.
2494 1375 2524 1412 Si

1489 1447 1643 1484 namque
1668 1436 1858 1474 confestim
1879 1437 1924 1473 ad
1945 1437 2031 1474 illud
2059 1443 2094 1474 te
2120 1437 2294 1484 fastigium
2313 1436 2526 1474 conscendere

1485 1500 1665 1547 juberem,
1686 1500 1720 1536 id
1738 1499 1822 1547 jure
1843 1499 1994 1537 moleste
2015 1499 2141 1543 ferres,
2159 1505 2278 1546 utpote
2296 1510 2365 1536 rem
2385 1499 2526 1536 difficilli-

1489 1571 1612 1605 mam;
1647 1571 1729 1598 cum
1760 1570 1880 1597 autem
1902 1559 1936 1596 id
1961 1566 2098 1597 tantum
2127 1571 2220 1597 nunc
2254 1562 2269 1582 '
2297 1560 2476 1607 postulem,
2493 1566 2525 1595 ut

1490 1623 1728 1670 praesentibus
1749 1622 1852 1659 malis
1876 1621 1966 1658 nihil
1986 1621 2134 1669 adjicias
2147 1650 2156 1667 ,
2178 1621 2239 1658 sed
2257 1631 2398 1668 surgens
2415 1620 2454 1656 ad
2471 1621 2525 1656 iter

1488 1685 1708 1722 contrarium
1731 1689 1764 1720 te
1785 1690 1990 1729 convertas,
2009 1684 2091 1732 quid
2111 1683 2310 1721 cunctaris?
2324 1694 2384 1720 cur
2400 1683 2522 1730 refugis.

1488 1752 1526 1784 et
1542 1746 1586 1783 ad
1607 1747 1809 1794 posteriora
1831 1753 1866 1783 te
1883 1746 2068 1783 retrahis?
2087 1747 2214 1783 Annon
2239 1745 2351 1782 vidisti
2375 1745 2522 1791 quosdam

1487 1809 1547 1856 qui
1567 1806 1783 1853 in'deliciis,
1803 1815 1840 1845 et
1871 1809 1906 1845 in
1927 1807 2159 1845 ebrietatibus
2184 1813 2220 1845 et
2245 1807 2278 1844 in
2294 1807 2380 1854 jocis
2397 1807 2410 1828 ⁸
2423 1834 2432 1849 ,
2449 1813 2479 1842 et
2493 1806 2521 1840 io

1487 1870 1627 1916 reliquo
1656 1869 1765 1917 hujus
1793 1870 1875 1906 vita:
1900 1870 2054 1907 ludibrio
2083 1870 2212 1907 mortui
2241 1869 2346 1906 sunt?
2367 1868 2426 1905 Ubi
2447 1877 2523 1902 nunc

1486 1937 1570 1968 sunt.
1593 1930 1654 1979 qui
1682 1931 1809 1968 tumidi
1838 1931 2006 1980 superbia
2024 1942 2104 1968 cum
2125 1931 2247 1968 multis
2263 1929 2456 1977 sequacibus
2472 1937 2523 1973 per

1487 1992 1606 2030 forum
1629 1993 1874 2031 incedebant?
1893 1994 1952 2042 qui
1974 1994 2098 2030 sericis
2117 1992 2229 2029 induti
2257 1991 2404 2028 vestibus
2420 1997 2451 2026 et
2467 1999 2523 2024 un-

1485 2063 1656 2105 guentum
1675 2057 1827 2102 olentes,
1847 2056 2093 2104 parasitosque
2109 2055 2259 2099 alentes,
2278 2063 2388 2091 scenze
2402 2059 2524 2096 semper

1485 2119 1582 2156 afﬁxi
1602 2120 1730 2157 erant?
1749 2119 1808 2156 ubi
1828 2129 1922 2156 nunc
1941 2117 2134 2155 ostentatio
2155 2117 2214 2153 illa
2229 2122 2264 2153 et
2283 2112 2424 2162 pompa?
2441 2109 2522 2147 Abiit

1485 2193 1670 2219 comarum
1689 2188 1872 2229 sumptus,
1896 2181 2115 2218 musicorum
2145 2179 2268 2222 turba,
2292 2173 2520 2213 assentantium

1485 2245 1670 2288 clientela,
1695 2245 1788 2283 risus
1814 2243 2045 2288 immodicus,
2073 2242 2178 2280 animi
2210 2239 2385 2282 remissio,
2410 2234 2520 2274 utentis

1485 2309 1634 2352 effusio,
1657 2309 1726 2344 vita
1756 2307 1896 2350 mollis,
1920 2307 2035 2342 otiosa
2049 2333 2059 2348 ,
2080 2306 2163 2342 luxu
2190 2303 2335 2351 perdita.
2354 2301 2424 2346 Quo
2441 2304 2520 2334 nunc

1484 2371 1673 2408 evolarunt
1693 2370 1844 2406 omnia?
1861 2368 1947 2416 quid
1968 2368 2100 2405 factum
2121 2373 2176 2404 est
2201 2366 2246 2403 de
2267 2373 2423 2411 corpore,
2440 2357 2519 2406 quod

1485 2433 1622 2479 pridem
1650 2437 1750 2468 tanto
1779 2431 1953 2468 famulitio
1970 2458 1979 2474 ,
2001 2435 2095 2465 tanta
2123 2427 2292 2464 munditia
2319 2418 2520 2460 abundabat?

1483 2497 1597 2543 Perge
1623 2506 1717 2532 nunc
1747 2494 1790 2531 ad
1821 2493 2024 2541 sepulcrum
2048 2504 2057 2530 2
2077 2490 2316 2537 contemplare
2335 2487 2517 2535 pulverem.

1483 2559 1644 2602 cineres,
1682 2568 1847 2600 vermes,
1882 2557 1950 2593 loci
1975 2555 1990 2576 "
2021 2554 2282 2591 deformitatem
2311 2552 2452 2589 intuere,
2490 2551 2520 2581 et

1482 2632 1604 2658 amare
1623 2621 1776 2668 suspira.
1799 2620 1916 2667 Atque
1935 2618 2070 2654 utinam
2088 2616 2132 2653 ad
2153 2617 2290 2653 cineres
2313 2613 2464 2650 damnum
2479 2607 2520 2642 si-

1482 2689 1614 2727 steret;
1631 2683 1705 2730 jatn
1720 2687 1840 2718 autem
1856 2691 1876 2716 a
1895 2679 2062 2726 sepulcro
2077 2685 2112 2716 et
2126 2689 2144 2714 a
2160 2676 2335 2715 vermibus
2350 2672 2517 2730 cogitatum

1484 2729 1640 2783 transfer
1656 2745 1698 2781 ad
1719 2743 1960 2781 immortalem
1981 2742 2080 2778 illum
2101 2749 2271 2783 vermem,
2291 2736 2332 2772 ad
2353 2736 2456 2781 ignem
2472 2729 2517 2765 in-

1481 2805 1794 2854 csstinguibilem,
1822 2803 1866 2840 ad
1898 2803 2078 2840 fremitum
2110 2801 2291 2843 dentium,
2311 2795 2352 2833 ad
2379 2791 2520 2854 tenebrat

1481 2853 1700 2914 exteriores,
1722 2869 1766 2906 ad
1785 2869 2016 2906 afflictioncm
2035 2873 2073 2904 et
2091 2864 2288 2913 angustiam
2301 2889 2310 2905 ,
2329 2853 2517 2904 ad'pmbo'

1481 2936 1550 2972 lam
1569 2933 1692 2971 Lazari
1708 2940 1745 2970 et
1760 2932 1892 2974 divitis,
1915 2931 1973 2978 qui
1995 2937 2043 2966 tot
2064 2928 2224 2977 pecuniis
2241 2926 2433 2962 instructus,
2450 2923 2519 2982 pur-

1482 3006 1641 3045 puraque
1664 2995 1807 3031 indutus
1823 3022 1833 3038 ,
1855 3005 1899 3030 ne
1928 2993 2060 3029 stillam
2087 2989 2229 3037 quidem
2249 2995 2347 3033 aqua:
2363 2985 2472 3049 ροξιεξι
2489 2984 2519 3049 [τι

1483 3044 1657 3106 potestate
1686 3056 1810 3093 habuit
1862 3082 1872 3099 ,
1895 3055 1930 3091 in
1966 3059 2062 3090 tanta
2090 3051 2292 3088 calamitate
2317 3044 2515 3106 constitutus.

1481 3102 1594 3167 llujus
1612 3119 1708 3156 enim
1732 3118 1814 3154 vitae
1834 3115 1994 3153 conditio
2020 3112 2170 3150 somniis
2198 3110 2308 3146 nihilo
2333 3102 2515 3167 meliorest

1480 3161 1789 3228 Quemadmodum
1809 3176 1904 3213 enim
1922 3176 1982 3222 qui
2001 3173 2143 3211 metalla
2161 3170 2343 3211 effodiunt,
2358 3161 2516 3228 aut-aliaat

1479 3218 1670 3290 quamdam
1689 3250 1832 3288 poenam
1848 3239 1950 3276 luunt
1969 3238 2034 3274 hac
2047 3236 2263 3285 graviorem,
2278 3231 2306 3268 si
2323 3223 2450 3290 quando
2463 3218 2518 3290 Sth

1479 3287 1578 3341 duris
1606 3303 1678 3340 illis
1690 3287 1880 3338 ilaboribus
1905 3305 1942 3337 et
1968 3297 2200 3336 acerbissima
2217 3295 2286 3331 vita
2311 3287 2518 3328 dormitantes

1480 3377 1543 3414 per
1559 3363 1738 3401 somnium
1756 3373 1795 3399 se
1811 3361 1967 3398 viderint
1985 3360 2020 3396 in
2039 3359 2192 3401 deliciis,
2207 3362 2241 3393 et
2259 3361 2372 3391 rerum
2389 3345 2517 3414 ἔπηξ’·

1477 3403 1549 3472 iia,
1570 3425 1771 3472 experrecti
1803 3429 1926 3470 postea
1941 3450 1950 3466 ,
1983 3421 2116 3458 nullam
2145 3417 2292 3456 somniis
2311 3403 2516 3472 gratiam

1479 3469 1586 3526 bent:
1606 3469 1658 3524 sic
1675 3493 1711 3524 et
1728 3469 1828 3522 dives
1848 3484 1922 3528 ille,
1943 3492 2024 3520 cum
2045 3493 2080 3518 in
2103 3478 2268 3528 praesenti
2285 3475 2365 3516 vita,
2383 3469 2471 3533 4""?
2489 3469 2515 3494 '"

1477 3551 1634 3594 somnio,
1649 3548 1780 3586 divitiis
1798 3545 2030 3588 abundasset,
2048 3549 2279 3591 posteaquam
2297 3536 2374 3572 hinc
2387 3533 2515 3572 cnnam-

1519 3701 1528 3721 ι
1553 3700 1602 3732 sic
1617 3697 1712 3731 sam,
1727 3701 1761 3730 ei
1775 3696 1840 3729 duo
1853 3699 1925 3727 uss.
1941 3697 2021 3724 Tres
2036 3690 2102 3729 alii,
2118 3685 2389 3732 ittfertliclttntgllf:

1521 3716 1528 3721 '
1554 3716 1602 3732 an;
1618 3716 1670 3731 Νη
1679 3716 1712 3730 ιι.
1727 3716 1761 3730 ει
1775 3716 1840 3729 υυυ
1855 3716 1925 3727 τω.
1949 3716 1974 3724 ι.
1985 3716 2021 3724 ι-
2036 3716 2102 3729 ...μ’
2119 3716 2172 3722 ...μ
2184 3716 2189 3719 .
2203 3716 2262 3735 πη
2330 3716 2336 3722 ,

1517 3743 1531 3763 ³
1554 3741 1648 3774 Savil.
1663 3746 1697 3773 et
1707 3739 1774 3772 duo
1786 3743 1872 3777 Mss,
1884 3743 1981 3774 matc,
2001 3737 2106 3766 recte.
2130 3735 2162 3762 tu
2178 3728 2246 3760 alus
2262 3731 2297 3758 et.
2310 3716 2409 3754 Morel-

1474 3783 1665 3862 delcslieest,
1680 3826 1711 3855 et
1726 3821 1759 3855 in
1764 3819 1867 3862 jocis,
1881 3819 1912 3862 in
1928 3825 1994 3862 uno
2008 3814 2096 3862 Qolb.
2110 3817 2144 3845 et
2160 3807 2345 3862 inre-ditionis
2361 3791 2514 3833 Montem?!

1473 3853 1574 3909 Hujus
1582 3853 1778 3909 'vbféis‘iiid)’
1789 3853 1998 3909 Savil.‘bal_)_t‘.l,
2015 3857 2047 3909 if?
2058 3853 2241 3909 _{‘07‘}ff£{"'f;

1517 3897 1531 3929 ἶ
1551 3907 1644 3940 Savil.
1662 3907 1774 3944 habet,
1789 3902 1914 3937 tumuli.
1930 3897 2278 3946 “treslté§S-.._i"l095’m'

1517 3949 1531 3971 ³
1553 3949 1646 3982 savil.
1667 3955 1700 3981 et
1716 3939 1838 3980 aliouot
1855 3950 1941 3982 Mss,
1957 3941 2001 3976 ibi
2016 3939 2135 3973 Italmit.

2414 3717 2521 3756 μυίης,
