2742 4342
197 207 266 248 289

196 289 322 328 verat,
349 283 438 320 duro
471 282 642 330 supplicio
675 280 908 328 plectebatur.
941 279 1025 317 ﬂare
1052 280 1197 327 cogita,
1228 287 1264 317 et

197 347 314 394 ignem
336 345 432 382 illum
452 344 636 381 conferens
653 353 732 378 cum
761 353 804 379 eo
817 370 827 388 ,
855 353 926 390 quo
949 351 1045 379 nunc
1064 341 1236 378 detinens
1253 369 1262 385 ,

197 407 426 454 cupiditatum
445 405 622 446 incendio,
639 403 784 440 tandem
799 415 818 440 a
835 405 978 441 l'oruace
993 405 1052 442 illa
1071 411 1104 441 te
1118 406 1260 452 expedi.

198 467 286 505 Nam
304 467 360 514 qui
382 466 470 502 lianc
493 465 550 502 hic
577 465 688 513 probe
718 466 907 510 restinxit,
937 476 1003 502 nec
1030 465 1128 502 illam
1154 466 1262 504 aliam

199 529 400 574 experietur
417 539 424 563 :
445 527 473 564 si
493 527 571 574 quis
590 537 674 563 vero
692 527 784 564 hanc
800 537 868 563 non
889 528 1110 574 superaverit
1125 555 1134 571 ,
1154 527 1264 566 vehe-

197 589 350 626 mentius
366 588 453 626 hinc
465 589 642 635 prolectus
660 589 694 624 in
715 589 772 625 illa
792 595 875 626 tunc
892 589 1124 627 cruciabitur.
1141 589 1263 634 Quan-

195 657 232 686 to
251 657 409 696 tempore
428 651 479 686 vis
504 650 564 686 tibi
595 650 782 696 praesentis
810 650 892 686 vitae
921 660 1065 686 usuram
1091 650 1263 687 extendi?

197 710 369 758 Equidem
395 722 466 748 non
495 719 579 758 puto
599 711 661 748 tibi
687 712 764 758 plus
783 712 1039 760 quinquaginta
1057 713 1162 750 armis
1181 713 1262 750 vitae

194 783 403 819 superesse,
423 779 460 810 ut
480 773 524 810 ad
549 779 744 811 extremam
771 780 994 811 senectutem
1022 775 1168 818 venias;
1191 775 1263 811 imo

195 845 239 872 ne
258 834 323 872 hoc
343 835 486 882 quidem
505 842 642 872 certum
670 835 774 872 nobis
793 842 849 873 est
869 847 878 872 :
899 846 980 872 nam
999 836 1059 883 qui
1087 847 1130 872 ne
1149 846 1262 882 usque

194 897 237 934 ad
254 907 438 945 vesperam
457 897 502 935 de
521 899 590 935 vita
616 899 733 936 securi
753 909 893 942 sumus,
914 899 1094 946 quomodo
1115 905 1167 936 tot
1186 898 1262 936 fore

195 959 274 996 vitae
291 969 404 996 annos
423 959 601 996 afﬁrmare
619 961 837 1007 possumus?
853 960 979 1008 Neque
1000 961 1034 998 id
1054 967 1190 997 tantum
1213 961 1262 997 la-

195 1027 256 1065 tet,
276 1021 338 1058 sed
358 1021 464 1058 etiam
484 1021 602 1058 futura
623 1033 744 1060 rerum
766 1024 916 1060 mutatio
937 1035 946 1059 :
970 1033 1131 1071 persaepe
1151 1023 1262 1067 enim,

193 1083 274 1135 licet
293 1084 362 1120 vita
381 1085 418 1121 in
435 1085 581 1132 longum
597 1092 738 1134 tempus
753 1087 984 1134 producatur,
1002 1098 1072 1124 non
1091 1087 1165 1134 pari
1183 1097 1264 1135 gra-

195 1132 240 1182 du
261 1145 458 1192 procedunt
476 1132 680 1194 voluptates
697 1159 705 1184 :
725 1132 788 1185 sed
814 1149 934 1185 statim
958 1155 1065 1196 atque
1083 1132 1266 1186 aﬂ‘uerunt

192 1206 410 1244 dilabuntur.
426 1208 558 1246 Verum
575 1219 639 1256 per
655 1221 713 1247 me
731 1211 828 1254 licet,
847 1220 938 1256 pone
957 1211 987 1247 si
1007 1211 1060 1246 vis
1079 1216 1113 1247 te
1132 1216 1182 1246 tot
1199 1221 1264 1247 an-

193 1279 258 1306 nos
277 1269 450 1306 victurum
478 1279 578 1314 esse,
605 1281 672 1308 nec
692 1271 800 1308 ullam
819 1271 896 1309 fore
916 1273 950 1308 in
971 1273 1078 1308 rebus
1096 1272 1164 1309 tuis
1182 1283 1263 1308 mu-

194 1331 362 1369 tationem
387 1345 396 1370 :
416 1333 500 1380 quid
530 1333 598 1370 hoc
615 1340 670 1370 est
687 1334 731 1370 ad
753 1334 890 1370 inﬁnita
920 1335 1072 1379 saecula,
1091 1335 1175 1382 quid
1195 1334 1265 1372 hoc

193 1394 236 1432 ad
267 1396 417 1432 acerbos
447 1396 530 1434 illos
569 1402 606 1433 et
645 1397 890 1434 intolerabiles
913 1398 924 1418 ί
957 1398 1163 1434 cruciatus?
1199 1397 1264 1434 Hic

192 1457 286 1493 enim
307 1465 376 1494 tam
399 1449 512 1502 bona,
527 1469 634 1506 quam
655 1459 746 1495 mala
766 1459 871 1496 finem
892 1459 1041 1505 habent,
1064 1460 1262 1508 etquidem

191 1517 418 1555 celerrimum
436 1531 446 1562 ;
468 1519 541 1556 illic
563 1531 649 1556 vero
669 1527 818 1568 utraque
841 1521 1104 1558 immortalibus
1122 1521 1264 1558 saeculis

191 1586 379 1628 aquantur
398 1591 407 1616 :
428 1591 496 1618 nec
515 1581 586 1618 dici
609 1588 728 1629 potest
744 1590 917 1630 quantum
943 1583 1112 1620 differant
1129 1593 1150 1620 a
1170 1594 1263 1631 pra:-

190 1641 365 1678 sentibus.

239 1703 298 1740 il).
330 1701 427 1751 Ignis
459 1704 584 1751 inferni
609 1715 676 1741 non
697 1706 775 1742 lmic
792 1706 864 1754 igni
891 1707 1026 1744 similis.
1052 1727 1102 1734 --
1120 1707 1262 1744 Etenim

191 1772 270 1800 cum
287 1763 403 1811 ignem
423 1765 539 1810 audis,
559 1776 646 1803 mve
666 1773 770 1810 putes
787 1778 867 1805 esse
885 1768 969 1805 huic
988 1769 1058 1816 igni
1077 1769 1232 1806 similem
1250 1780 1259 1804 :

193 1826 250 1863 hic
263 1827 357 1863 enim
387 1827 559 1874 quidquid
581 1829 743 1876 corripit,
765 1830 915 1867 devorat
945 1837 981 1868 et
1001 1831 1178 1875 absumit;
1202 1832 1261 1868 ille

191 1897 275 1926 vero
293 1899 382 1936 quos
397 1890 510 1926 semel
524 1891 776 1938 apprehendit,
795 1900 968 1940 perpetuo
985 1894 1177 1938 comburit,
1195 1903 1262 1931 nec

192 1961 344 1999 unquam
364 1951 528 1997 desistit;
552 1954 704 2002 ideoque
723 1955 1018 2004 iuexstinguibilis
1035 1958 1179 1994 dicitur.
1200 1959 1258 1995 Si-

192 2013 331 2059 quidem
357 2013 464 2050 etiam
493 2023 702 2062 peccatores
720 2024 861 2064 oportet
879 2019 1027 2056 induere
1045 2020 1259 2056 immortali-

194 2079 312 2117 tatem,
332 2085 402 2112 non
423 2075 467 2112 ad
497 2077 686 2122 honorem,
706 2079 771 2115 sed
792 2085 830 2116 ut
849 2086 1061 2126 perpetuum
1084 2081 1131 2117 sit
1164 2082 1260 2120 illius

193 2136 351 2182 supplicii
383 2137 550 2175 viaticum
571 2151 580 2175 :
603 2139 639 2176 id
675 2149 762 2177 vero
793 2151 900 2188 quam
933 2141 981 2178 sit
1011 2141 1229 2179 horrendum
1247 2171 1258 2188 ,

195 2197 288 2233 nullo
299 2209 464 2246 umquam
479 2207 594 2246 potest
605 2211 772 2238 sermone
785 2202 959 2240 declarari
971 2215 980 2245 ;
991 2204 1054 2240 sed
1067 2214 1085 2239 a
1096 2205 1261 2241 minima-

195 2267 270 2294 rum
289 2269 404 2296 rerum
422 2263 671 2308 experimento
686 2269 828 2300 tenuem
845 2273 1053 2311 magnarum
1072 2275 1262 2311 possumus

196 2319 430 2366 conjecturam
461 2332 605 2370 capere.
626 2325 663 2360 Si
683 2325 828 2371 quando
849 2325 962 2362 fueris
983 2327 1016 2363 in
1043 2327 1174 2365 balneo
1205 2329 1261 2364 ni-

197 2379 300 2418 mium
331 2382 602 2428 ell’ervescente,
625 2393 709 2423 tunc
738 2386 784 2424 de
817 2387 981 2434 gehenna
1003 2388 1094 2434 ignis
1113 2390 1228 2436 cogita
1251 2401 1258 2427 :

196 2445 231 2478 et
247 2442 274 2478 si
293 2445 434 2490 quando
452 2447 583 2483 acriori
613 2447 713 2484 febre
730 2449 878 2493 arseris,
897 2450 943 2486 ad
963 2449 1144 2486 ﬂammam
1163 2452 1259 2488 illaut

195 2511 348 2541 mentem
369 2505 543 2545 traducito
559 2521 569 2553 ;
591 2516 627 2546 et
643 2518 728 2546 tunc
746 2512 880 2558 poteris
897 2512 1007 2558 probe
1025 2512 1259 2560 distinguere.

196 2561 284 2601 Nam
305 2565 336 2602 si
355 2566 519 2605 balneum
541 2577 578 2606 et
606 2571 714 2608 l'ebris
735 2582 802 2610 nos
819 2573 910 2609 adeo
939 2576 1101 2610 cruciant
1121 2582 1156 2612 et
1173 2585 1262 2612 con-

197 2626 369 2670 turbant,
399 2639 479 2665 cum
527 2631 564 2668 in
596 2631 741 2671 ﬂuvium
777 2636 868 2682 ignis
897 2636 996 2672 illum
1030 2637 1262 2675 inciderimus

195 2684 378 2730 nitentem,
403 2697 487 2727 ante
508 2691 722 2744 horrendum
756 2696 840 2733 illud
863 2699 1031 2739 tribunal.
1052 2709 1124 2746 quo
1141 2699 1262 2737 animo

193 2747 301 2785 futuri
342 2752 512 2789 sumus?
556 2754 651 2792 Sane
697 2757 862 2797 dentibus
907 2761 1141 2798 slridcbimus
1193 2773 1259 2809 op-

196 2811 306 2856 pressi
327 2811 510 2850 laboribus
525 2821 562 2852 et
582 2816 814 2856 intolerandis
840 2823 1071 2869 cruciatibus,
1099 2831 1136 2861 et
1155 2835 1262 2862 nemo

195 2873 374 2918 Suppetias
393 2873 510 2915 feret:
533 2878 595 2914 sed
623 2879 898 2926 ingemiscemus
925 2885 1093 2930 graviter.
1117 2886 1258 2924 flamma

197 2932 296 2970 nobis
337 2936 586 2976 vehementius
626 2940 804 2987 instante;
843 2946 1022 2983 nemiuem
1059 2947 1260 2986 videbimus

198 3000 324 3039 praeter
338 2999 558 3037 cruciatuum
579 3009 781 3049 consortes,
803 3010 839 3042 et
868 3006 1059 3046 immanem
1092 3010 1259 3048 solitudi-

201 3066 289 3094 nem.

243 3116 468 3168 Infernalium
481 3135 657 3172 poenarum
671 3127 864 3175 descriptio.
879 3151 927 3158 —
937 3131 1026 3177 Quis
1036 3134 1260 3171 cnarraveri:

199 3187 350 3222 terrores
378 3195 398 3222 a
431 3189 590 3226 tenebris
629 3189 702 3227 illis
740 3191 894 3239 injectus
931 3195 1062 3232 animis
1095 3199 1260 3236 nostris?

197 3241 501 3287 Quemadmodum
522 3251 617 3288 enim
655 3252 746 3299 ignis
777 3254 837 3292 ille
868 3265 938 3294 non
971 3260 1174 3303 consumit,
1210 3261 1257 3297 ita

197 3314 306 3351 neque
327 3307 421 3346 lucet
437 3321 446 3346 :
465 3311 620 3360 alioquin
640 3325 711 3352 non
732 3324 854 3354 essent
874 3319 1044 3358 tenebrzc.
1066 3321 1260 3360 Perturba-

168 3375 169 3378 η
197 3365 324 3405 tionem
345 3370 462 3418 itaque
483 3375 585 3413 nobis
601 3377 812 3424 immissam,
839 3387 1047 3427 tremorem,
1068 3386 1259 3422 resolutio-

196 3443 298 3481 nem,
327 3445 506 3486 stuporem
525 3470 536 3487 ,
569 3444 656 3482 illud
693 3447 808 3484 solum
842 3454 984 3497 tempus
1027 3451 1212 3489 declarare
1243 3453 1257 3474 ’

196 3503 322 3541 potest.
344 3499 451 3539 Multa
467 3505 598 3553 quippe
619 3508 690 3546 illic
709 3509 880 3556 variaque
907 3517 1096 3555 tormenta,
1119 3513 1239 3551 crucia

197 3560 360 3607 tuumque
379 3563 503 3612 ingens
519 3569 677 3615 procella
709 3571 868 3619 undique
897 3571 1101 3611 immittitur
1121 3575 1158 3614 in
1175 3577 1255 3614 ani-

195 3626 300 3658 mam.
325 3623 426 3670 Quod
459 3629 489 3666 si
519 3631 598 3678 quis
629 3631 760 3674 dixerit
781 3645 791 3670 :
812 3633 1002 3680 Quomodo
1029 3643 1164 3676 tantam
1184 3640 1256 3681 vim

196 3682 408 3724 cruciatuum
427 3688 519 3728 ferre
545 3693 660 3738 possit
677 3694 812 3740 anima,
834 3702 871 3732 et
888 3695 1038 3734 inﬁnitis
1056 3701 1199 3738 smculis
1221 3702 1255 3738 in

235 3831 248 3892 ζ
269 3839 412 3895 22:2“:
429 3845 504 3895 ξιεῇ
526 3843 662 3895 habent.
678 3848 839 3895 εηίαπαοι-
910 3889 916 3895 .

261 3877 358 3930 sunt
381 3885 415 3914 ot
433 3882 520 3917 σου).
539 3893 625 3919 unus
803 3877 976 3932 perspicue
993 3892 1176 3931 dcctarare.

965 203 1026 240 Al)
1051 201 1337 242 TIlEODOBUM
1365 204 1563 244 LAPSUM.
1593 208 1619 244 i.

2343 216 2413 254 290

1340 282 1516 329 supplicio
1545 285 1774 330 perdurare?
1794 289 1824 326 is
1855 289 1988 337 cogitet
2016 301 2058 328 ea
2090 302 2170 338 qua:
2189 292 2226 329 in
2257 293 2323 331 hac
2343 295 2410 330 vita

1337 349 1572 390 contingunt,
1593 347 1774 391 quomodo
1797 349 1935 387 scilicet
1963 351 2065 388 multi
2095 353 2303 391 diuturnum
2331 365 2412 402 gra-

1338 413 1490 451 remque
1511 406 1674 443 morbum
1708 409 1951 448 toleraverhit.
1975 414 2014 450 Si
2034 421 2153 451 autem
2173 421 2326 452 mortem
2343 417 2410 454 ob-

1337 464 1458 507 ierint,
1479 465 1513 502 id
1534 467 1664 504 accidit
1692 480 1764 506 non
1781 471 1878 518 quod
1897 473 2015 510 anima
2035 483 2246 524 consumpta
2267 479 2327 521 sit,
2346 478 2410 515 sed

1335 529 1429 574 qaod
1459 540 1590 578 corpus
1619 532 1818 577 defecerit;
1839 535 1870 570 si
1891 545 1963 572 non
1991 538 2160 576 cessisset
2181 539 2282 585 illud,
2304 552 2410 578 num-

1335 602 1441 640 quam
1461 594 1581 630 anima
1601 595 1754 632 cruciari
1773 595 1954 634 desiisset.
1977 598 2094 643 Quare
2116 608 2303 648 postquam
2327 615 2410 640 eor-

1335 664 1403 701 pus
1422 654 1490 692 hoc
1507 655 1776 703 incorruptibile
1796 665 1831 695 et
1849 659 2095 698 indissolubile
2111 665 2304 709 acceperit,
2321 665 2410 703 nihil

1335 717 1503 763 impediet
1537 719 1728 766 quominus
1763 731 1869 767 pinna
1900 723 1936 758 in
1957 728 2132 760 a'tcrnum
2163 725 2406 771 protrahatur.

1335 777 1399 814 llic
1419 785 1538 816 autem
1571 791 1642 816 non
1681 787 1797 828 potest
1819 789 2010 830 utrumque
2028 785 2133 821 simul
2165 787 2375 834 euntingere
2397 815 2407 830 .

1333 842 1560 880 vehementia
1604 855 1732 890 nempe
1781 847 1946 892 supplicii
1992 853 2029 884 et
2074 848 2289 886 diuturnitas
2317 851 2410 888 :sed

1334 903 1486 941 alterum
1513 916 1594 942 cum
1614 907 1728 944 altero
1747 915 1896 956 pugnat,
1917 919 1961 946 eo
1981 910 2076 956 quod
2105 913 2268 958 corporis
2285 920 2410 950 natura

1333 967 1552 1013 corruptioni
1589 968 1745 1006 obnoxia
1778 981 1900 1007 earum
1940 982 2155 1010 concursum
2187 985 2258 1010 non
2290 975 2408 1012 ferat:

1334 1027 1602 1066 immortalitate
1617 1035 1736 1067 autem
1757 1033 1987 1078 succedente,
2007 1034 2168 1072 solvetur
2181 1035 2257 1072 base
2275 1047 2406 1084 pugna,

1333 1093 1370 1124 et
1400 1099 1528 1136 magna
1563 1100 1644 1127 cum
1677 1092 1846 1129 violentia
1879 1095 1914 1130 in
1948 1103 2122 1132 :cternnin
2156 1107 2222 1132 nos
2258 1104 2410 1144 utraque

1335 1151 1428 1188 mala
1457 1152 1642 1189 tenebunt.
1673 1153 1726 1190 Ne
1756 1155 1888 1202 itaque,
1923 1167 1965 1193 ac
1994 1157 2024 1192 si
2056 1159 2278 1195 cruciatuum
2300 1160 2409 1196 velle-

1335 1213 1468 1249 mentia
1485 1214 1642 1250 animam
1665 1223 1822 1252 nostram
1849 1219 2011 1254 consumi
2037 1226 2216 1266 oporteat,
2235 1231 2280 1257 eo
2301 1222 2410 1259 modo

1334 1285 1430 1312 nunc
1447 1275 1564 1312 affecti
1587 1277 1701 1314 simus
1721 1290 1730 1314 :
1749 1289 1866 1326 neque
1887 1281 1982 1316 enim
1998 1292 2128 1327 corpus
2145 1288 2230 1320 tunc
2243 1285 2407 1322 consumi

1336 1337 1466 1382 poterit
1483 1344 1522 1372 ut
1540 1337 1574 1373 in
1607 1340 1798 1384 praesenti;
1821 1341 1887 1378 sed
1915 1352 1998 1378 cum
2029 1344 2146 1380 anima
2169 1351 2343 1382 arternum
2372 1347 2406 1382 in

1333 1397 1518 1444 suppliciis
1539 1399 1714 1444 manebit,
1747 1411 1815 1438 nec
1834 1402 1915 1440 finis
1933 1404 2025 1440 ullus
2046 1404 2126 1440 erit.
2161 1405 2321 1450 Quantas
2341 1407 2408 1454 igi-

1335 1463 1393 1495 tur
1421 1459 1568 1498 delicias
1598 1468 1634 1498 et
1653 1469 1826 1508 quantum
1862 1467 2036 1512 temporis
2057 1467 2127 1503 illis
2146 1469 2332 1514 suppliciis
2353 1470 2406 1507 vis

1335 1524 1567 1568 comparari?
1585 1525 1684 1562 visne
1703 1533 1846 1563 centum
1869 1538 1996 1572 annos,
2019 1535 2080 1566 aut
2096 1530 2206 1578 duplo
2226 1532 2412 1578 amplius?

1333 1581 1425 1626 Quid
1447 1583 1514 1620 hoc
1541 1585 1611 1622 erit
1629 1586 1658 1622 si
1689 1595 1918 1634 comparetur
1943 1600 2025 1626 cum
2061 1592 2202 1628 sreculis
2230 1591 2411 1630 inﬁnitis!

1333 1643 1436 1690 Quod
1463 1646 1558 1682 enim
1579 1654 1634 1684 est
1662 1650 1841 1686 somnium
1863 1651 1967 1688 unius
1987 1652 2056 1689 diei
2089 1653 2134 1690 ad
2166 1660 2275 1690 totam
2297 1657 2405 1692 vitam

1333 1709 1516 1754 collatum,
1537 1709 1571 1746 id
1592 1711 1706 1757 ipsum
1725 1718 1782 1749 est
1810 1723 1930 1750 rerum
1953 1717 2182 1761 prmseutium
2203 1727 2326 1762 usura,
2349 1718 2407 1754 l'u-

1333 1775 1494 1807 turorum
1513 1773 1622 1808 statui
1637 1782 1858 1822 comparata.
1880 1776 1970 1813 Num
1984 1777 2116 1824 aliquis
2133 1784 2202 1824 est,
2220 1780 2280 1826 qui
2296 1790 2411 1818 suave

1331 1833 1512 1870 somnium
1543 1841 1654 1881 optet,
1690 1847 1731 1872 ea
1761 1837 1967 1875 conditione
1988 1847 2026 1876 ut
2059 1851 2122 1886 per
2153 1848 2262 1878 totam
2297 1844 2404 1879 vitam

1329 1897 1537 1933 crucietur?
1556 1899 1680 1944 ecquis
1709 1900 1754 1936 ita
1777 1901 1908 1937 stultus
1937 1909 2005 1944 est,
2028 1910 2067 1938 ut
2087 1903 2131 1940 ad
2163 1904 2270 1940 talem
2300 1906 2407 1942 retri-

1331 1957 1515 1995 butionem
1543 1960 1717 1998 accedat?
1737 1961 1918 2001 Niliildum
1937 1963 2052 2000 dieam
2073 1971 2199 2002 contra
2229 1965 2376 2004 delicias
2393 1995 2403 2010 ,

1331 2029 1398 2056 nec
1428 2027 1558 2066 quanta
1591 2022 1664 2058 illic
1686 2023 1846 2060 resideat
1873 2026 2076 2062 amaritudo
2099 2037 2193 2063 nunc
2212 2029 2371 2074 aperiam

1331 2091 1448 2127 neque
1461 2082 1557 2118 enim
1567 2082 1639 2128 jam
1653 2090 1791 2131 tempus
1803 2091 1858 2122 est
1869 2085 1946 2123 lia-c
1953 2089 2226 2134 enarrandi,sed
2239 2100 2319 2126 cum
2331 2091 2384 2137 pri
2390 2109 2406 2117 -

1331 2153 1428 2178 mum
1449 2153 1510 2180 eas
1529 2144 1686 2192 ell'ugere
1707 2147 1881 2193 potueris.
1903 2147 2006 2185 Nunc
2021 2149 2154 2186 etenim
2177 2152 2258 2197 quia
2278 2152 2406 2189 morbo

1331 2203 1394 2240 illo
1423 2204 1610 2249 detineris,
1644 2209 1770 2254 nugari
1804 2209 1866 2245 tibi
1900 2210 2098 2254 videamur,
2131 2213 2160 2248 si
2182 2214 2406 2260 voluptatem

1331 2275 1490 2302 amaram
1519 2271 1680 2306 dicamus
1701 2283 1710 2306 :
1729 2281 1810 2306 cum
1839 2279 1959 2309 autem
1993 2284 2058 2320 per
2091 2275 2153 2312 Dei
2184 2279 2336 2322 gratiam
2359 2279 2406 2315 ab

1332 2327 1544 2373 mgritudinc
1565 2329 1733 2366 liberatus
1747 2330 1871 2375 fueris.
1891 2340 1976 2370 tunc
1993 2335 2072 2382 ejus
2088 2337 2268 2374 miseriam
2292 2340 2404 2385 probo

1331 2397 1540 2434 cognosces.
1560 2390 1680 2434 Quare
1708 2392 1752 2428 iis
1770 2392 1803 2427 in
1823 2394 1929 2430 aliam
1961 2398 2266 2441 opportunitatem
2289 2405 2405 2435 trans-

1332 2450 1467 2492 missis.
1503 2451 1571 2488 hoc
1601 2463 1696 2490 mmc
1725 2453 1900 2491 dicemus.
1935 2455 2116 2493 Puuamus
2149 2458 2296 2496 delicias
2324 2471 2406 2498 esse

1332 2522 1416 2548 vere
1435 2511 1597 2556 delicias,
1629 2521 1664 2550 et
1693 2515 1910 2561 voluptatem
1931 2527 2015 2554 vere
2042 2519 2277 2565 Voluptatem,
2300 2521 2390 2560 nihil

1332 2585 1404 2622 quc
1423 2574 1557 2612 habere
1586 2576 1764 2624 ingratum
1787 2579 1839 2614 vel
1858 2579 2036 2626 vituperio
2051 2581 2197 2627 dignum
2219 2594 2228 2618 :
2249 2583 2334 2630 quid
2360 2583 2407 2621 de

1333 2637 1510 2683 supplicio
1541 2637 1720 2675 destinato
1749 2640 1940 2678 dicemus?
1959 2642 2044 2688 quid
2076 2653 2161 2679 vero
2183 2651 2267 2680 tunc
2295 2645 2405 2682 facie-

1333 2710 1428 2744 mus,
1446 2703 1506 2747 qui
1527 2702 1562 2737 in
1581 2703 1746 2749 przuscnti
1769 2703 1838 2738 tila
1868 2703 1923 2740 his
1941 2705 2042 2750 quasi
2063 2705 2098 2741 in
2121 2705 2245 2742 umbra
2263 2714 2299 2742 et
2318 2707 2390 2743 ima

1332 2763 1415 2810 gine
1454 2765 1554 2809 potiti
1585 2775 1732 2808 sumus,
1761 2776 1800 2802 re
1833 2773 1952 2803 autem
1988 2767 2063 2812 ipsa
2094 2768 2165 2806 illic
2193 2776 2366 2806 mteruum
2390 2771 2403 2794 ί

1331 2825 1548 2872 supplicium
1582 2826 1749 2864 luemus:
1773 2827 1878 2874 idque
1907 2839 1987 2864 cuin
2011 2828 2223 2866 brevissimo
2245 2837 2406 2877 trinpore

1334 2887 1526 2934 praedictos
1553 2890 1734 2924 cruciatus
1767 2889 1926 2936 diligere
1939 2917 1949 2932 ,
1969 2896 2006 2926 et
2027 2891 2182 2936 reposita
2217 2892 2306 2928 horia
2326 2893 2404 2928 adi-

1333 2951 1421 2998 pisci
1442 2951 1626 2988 licuisset?
1649 2951 1724 2987 lloc
1741 2959 1797 2988 est
1817 2953 1912 2988 enim
1931 2963 2024 2999 opus
2037 2954 2236 2990 clementia:
2259 2955 2402 3000 tlivimr,

1331 3013 1426 3060 quod
1445 3014 1549 3050 nobis
1578 3015 1774 3058 certamina
1793 3026 1862 3051 non
1883 3016 1917 3051 in
1939 3015 2082 3064 longum
2107 3024 2246 3062 tempus
2266 3024 2406 3064 protra-

1333 3075 1480 3120 hantur,
1499 3077 1562 3114 sed
1593 3087 1672 3113 cum
1693 3077 1791 3113 brevi
1813 3085 1847 3114 ct
1867 3078 1901 3114 in
1925 3079 1994 3114 ictu
2016 3079 2108 3114 oculi
2138 3079 2406 3126 (inommuauea

1330 3140 1427 3175 enim
1459 3144 1516 3174 est
1545 3147 1706 3186 praisens
1742 3139 1812 3175 vita
1843 3139 1894 3176 illi
1923 3140 2145 3188 comparata)
2166 3141 2406 3179 decertat-cri-

1331 3210 1425 3245 mus,
1448 3199 1597 3236 inﬁnitis
1627 3200 1662 3236 iu
1680 3201 1820 3236 sarculis
1845 3211 2088 3246 coronemur;
2109 3203 2215 3250 idque
2237 3211 2321 3240 tiuic
2339 3205 2406 3241 da.-

1331 3269 1534 3300 mnatorum
1554 3263 1694 3299 animas
1713 3264 1946 3309 excruciabit,
1964 3266 2107 3312 quando
2123 3267 2330 3312 Cogitabuut
2348 3279 2404 3313 se,

1329 3335 1410 3363 cum
1432 3332 1552 3373 posset
1573 3337 1637 3373 per
1664 3336 1798 3374 pauros
1829 3328 1916 3364 istos
1945 3328 2024 3365 dies
2042 3330 2160 3366 omnia
2181 3330 2376 3366 cineudare
2393 3357 2406 3376 ,

1330 3390 1543 3437 negligentia
1563 3388 1928 3427 usos'immortulibus
1949 3401 2031 3428 Sese
2062 3395 2165 3429 malis
2197 3392 2404 3428 tradidisse.

1329 3451 1432 3498 Quod
1449 3459 1493 3489 ne
1511 3452 1703 3499 patiamur,
1723 3461 1926 3500 surgamus,
1943 3453 2060 3490 donec
2081 3461 2221 3502 tempus
2237 3459 2404 3498 accepta-

1329 3513 1416 3558 bile,
1441 3514 1558 3552 donec
1576 3514 1654 3552 dies
1683 3513 1810 3552 salutis
1839 3515 1956 3561 adest,
1977 3515 2094 3554 donec
2119 3517 2174 3552 vis
2192 3523 2318 3560 inagna
2349 3516 2405 3561 est

1329 3579 1564 3628 pmnitentim.
1594 3578 1717 3627 Neque
1744 3580 1840 3616 enim
1871 3580 2040 3627 pra-dicta
2073 3579 2191 3616 solum
2217 3575 2307 3612 mla
2338 3581 2404 3608 nos

1329 3643 1488 3692 segniter
1515 3648 1664 3689 agentes
1697 3644 1889 3692 excipient,
1923 3644 1996 3681 imo
2029 3648 2066 3678 et
2094 3641 2162 3676 alia
2193 3637 2263 3673 illis
2289 3633 2406 3672 ῐηυΙίο

1329 3706 1508 3752 graviora.
1528 3705 1614 3742 iizcc
1631 3706 1728 3744 enim
1748 3713 1833 3744 sunt
1857 3715 1936 3754 qua:
1957 3705 1992 3740 in
2009 3703 2180 3764 gehenua
2198 3703 2403 3764 parantur.

1329 3772 1366 3804 et
1384 3767 1428 3804 iis
1445 3768 1551 3816 longe
1573 3769 1759 3806 acerbiora
1776 3777 1786 3805 ε
1801 3777 1822 3804 a
1841 3767 1948 3804 tantis
1967 3770 2086 3800 autem
2105 3759 2282 3796 excidisse
2298 3757 2405 3794 bonis

1373 3898 1385 3921 ι
1409 3893 1518 3936 savil.,
1531 3899 1690 3929 (exeritum
1703 3902 1714 3934 ,-
1727 3899 1791 3925 vox
1803 3890 1900 3923 deest
1913 3887 1944 3917 in
1957 3889 2094 3924 τιωιιιια·
2111 3886 2177 3912 “‘16-
2199 3886 2300 3918 ιιυειι,
