  <div class='ocr_page' id='page_1' title='image "/cluster/home/n/w/nwhite01/storage/ocr_20150623/47/hvd.32044073501884/251.png"; bbox 0 0 2742 4342; ppageno 0'>
   <div class='ocr_carea' id='block_1_1' title="bbox 346 246 412 282">
    <p class='ocr_par' dir='ltr' id='par_1_1' title="bbox 346 246 412 282">
     <span class='ocr_line' id='line_1_1' title="bbox 346 246 412 282; baseline 0 -1"><span class='ocrx_word' id='word_1_1' title='bbox 346 246 412 282; x_wconf 71' lang='lat' dir='ltr'><strong>21H</strong></span> 
     </span>
    </p>
   </div>
   <div class='ocr_carea' id='block_1_2' title="bbox 350 309 1429 360">
    <p class='ocr_par' dir='ltr' id='par_1_2' title="bbox 350 309 1429 360">
     <span class='ocr_line' id='line_1_2' title="bbox 350 309 1429 360; baseline -0.015 0"><span class='ocrx_word' id='word_1_2' title='bbox 350 330 488 360; x_wconf 86' lang='lat' dir='ltr'><strong>tantum</strong></span> <span class='ocrx_word' id='word_1_3' title='bbox 504 319 612 358; x_wconf 99' lang='lat' dir='ltr'><strong>infert</strong></span> <span class='ocrx_word' id='word_1_4' title='bbox 625 316 776 360; x_wconf 87' lang='lat' dir='ltr'><strong>doloris,</strong></span> <span class='ocrx_word' id='word_1_5' title='bbox 791 313 1012 356; x_wconf 79' lang='lat' dir='ltr'><strong>afﬂictionis,</strong></span> <span class='ocrx_word' id='word_1_6' title='bbox 1029 312 1220 359; x_wconf 66' lang='lat' dir='ltr'><strong>angustiae,</strong></span> <span class='ocrx_word' id='word_1_7' title='bbox 1235 317 1274 346; x_wconf 88' lang='lat' dir='ltr'><strong>tit</strong></span> <span class='ocrx_word' id='word_1_8' title='bbox 1288 309 1429 346; x_wconf 86' lang='lat' dir='ltr'><strong>etiamsi</strong></span> 
     </span>
    </p>
   </div>
   <div class='ocr_carea' id='block_1_3' title="bbox 351 372 1432 425">
    <p class='ocr_par' dir='ltr' id='par_1_3' title="bbox 351 372 1432 425">
     <span class='ocr_line' id='line_1_3' title="bbox 351 372 1432 425; baseline -0.012 -5"><span class='ocrx_word' id='word_1_9' title='bbox 351 385 488 421; x_wconf 90' lang='lat' dir='ltr'><strong>nullum</strong></span> <span class='ocrx_word' id='word_1_10' title='bbox 507 379 604 416; x_wconf 83' lang='lat' dir='ltr'><strong>aliud</strong></span> <span class='ocrx_word' id='word_1_11' title='bbox 634 383 732 416; x_wconf 89' lang='lat' dir='ltr'><strong>esset</strong></span> <span class='ocrx_word' id='word_1_12' title='bbox 752 376 968 425; x_wconf 82' lang='lat' dir='ltr'><strong>supplicium</strong></span> <span class='ocrx_word' id='word_1_13' title='bbox 999 373 1249 422; x_wconf 87' lang='lat' dir='ltr'><strong>peccatoribus</strong></span> <span class='ocrx_word' id='word_1_14' title='bbox 1269 372 1432 410; x_wconf 88' lang='lat' dir='ltr'><strong>destina-</strong></span> 
     </span>
    </p>
   </div>
   <div class='ocr_carea' id='block_1_4' title="bbox 353 433 1435 488">
    <p class='ocr_par' dir='ltr' id='par_1_4' title="bbox 353 433 1435 488">
     <span class='ocr_line' id='line_1_4' title="bbox 353 433 1435 488; baseline -0.012 -7"><span class='ocrx_word' id='word_1_15' title='bbox 353 453 452 488; x_wconf 89' lang='lat' dir='ltr'><strong>tum,</strong></span> <span class='ocrx_word' id='word_1_16' title='bbox 485 440 570 478; x_wconf 92' lang='lat' dir='ltr'><strong>illud</strong></span> <span class='ocrx_word' id='word_1_17' title='bbox 603 440 719 477; x_wconf 89' lang='lat' dir='ltr'><strong>solum</strong></span> <span class='ocrx_word' id='word_1_18' title='bbox 750 445 873 486; x_wconf 89' lang='lat' dir='ltr'><strong>posset</strong></span> <span class='ocrx_word' id='word_1_19' title='bbox 904 437 1107 486; x_wconf 83' lang='lat' dir='ltr'><strong>graviorem</strong></span> <span class='ocrx_word' id='word_1_20' title='bbox 1142 435 1223 472; x_wconf 89' lang='lat' dir='ltr'><strong>aliis</strong></span> <span class='ocrx_word' id='word_1_21' title='bbox 1257 433 1435 482; x_wconf 69' lang='lat' dir='ltr'><strong>gehennze</strong></span> 
     </span>
    </p>
   </div>
   <div class='ocr_carea' id='block_1_5' title="bbox 351 496 1434 550">
    <p class='ocr_par' dir='ltr' id='par_1_5' title="bbox 351 496 1434 550">
     <span class='ocr_line' id='line_1_5' title="bbox 351 496 1434 550; baseline -0.01 -7"><span class='ocrx_word' id='word_1_22' title='bbox 351 503 572 543; x_wconf 78' lang='lat' dir='ltr'><strong>cruciatibus</strong></span> <span class='ocrx_word' id='word_1_23' title='bbox 603 501 738 540; x_wconf 80' lang='lat' dir='ltr'><strong>inferre</strong></span> <span class='ocrx_word' id='word_1_24' title='bbox 777 511 921 550; x_wconf 83' lang='lat' dir='ltr'><strong>poenam</strong></span> <span class='ocrx_word' id='word_1_25' title='bbox 955 499 1158 546; x_wconf 72' lang='lat' dir='ltr'><strong>animaeque</strong></span> <span class='ocrx_word' id='word_1_26' title='bbox 1188 496 1434 544; x_wconf 82' lang='lat' dir='ltr'><strong>perturbatio-</strong></span> 
     </span>
    </p>
   </div>
   <div class='ocr_carea' id='block_1_6' title="bbox 353 577 451 604">
    <p class='ocr_par' dir='ltr' id='par_1_6' title="bbox 353 577 451 604">
     <span class='ocr_line' id='line_1_6' title="bbox 353 577 451 604; baseline -0.02 0"><span class='ocrx_word' id='word_1_27' title='bbox 353 577 435 604; x_wconf 93' lang='lat' dir='ltr'><strong>nem</strong></span> <span class='ocrx_word' id='word_1_28' title='bbox 442 592 451 602; x_wconf 84' lang='lat'><strong>.</strong></span> 
     </span>
    </p>
   </div>
   <div class='ocr_carea' id='block_1_7' title="bbox 403 623 1438 675">
    <p class='ocr_par' dir='ltr' id='par_1_7' title="bbox 403 623 1438 675">
     <span class='ocr_line' id='line_1_7' title="bbox 403 623 1438 675; baseline -0.01 -10"><span class='ocrx_word' id='word_1_29' title='bbox 403 629 464 666; x_wconf 80' lang='grc'><strong>11.</strong></span> <span class='ocrx_word' id='word_1_30' title='bbox 502 627 662 664; x_wconf 66' lang='lat' dir='ltr'><strong>jEternw</strong></span> <span class='ocrx_word' id='word_1_31' title='bbox 677 627 755 662; x_wconf 68' lang='lat' dir='ltr'><strong>vita:</strong></span> <span class='ocrx_word' id='word_1_32' title='bbox 769 626 927 675; x_wconf 77' lang='lat' dir='ltr'><strong>felicitas.</strong></span> <span class='ocrx_word' id='word_1_33' title='bbox 944 645 993 651; x_wconf 90' lang='lat'><strong>—</strong></span> <span class='ocrx_word' id='word_1_34' title='bbox 1011 623 1140 660; x_wconf 80' lang='lat' dir='ltr'><strong>Animo</strong></span> <span class='ocrx_word' id='word_1_35' title='bbox 1162 629 1280 660; x_wconf 88' lang='lat' dir='ltr'><strong>tecum</strong></span> <span class='ocrx_word' id='word_1_36' title='bbox 1309 624 1438 667; x_wconf 81' lang='lat' dir='ltr'><strong>reputa</strong></span> 
     </span>
    </p>
   </div>
   <div class='ocr_carea' id='block_1_8' title="bbox 356 683 1440 733">
    <p class='ocr_par' dir='ltr' id='par_1_8' title="bbox 356 683 1440 733">
     <span class='ocr_line' id='line_1_8' title="bbox 356 683 1440 733; baseline -0.009 -6"><span class='ocrx_word' id='word_1_37' title='bbox 356 693 440 729; x_wconf 62' lang='lat' dir='ltr'><strong>vitae</strong></span> <span class='ocrx_word' id='word_1_38' title='bbox 471 691 566 728; x_wconf 88' lang='lat' dir='ltr'><strong>illius</strong></span> <span class='ocrx_word' id='word_1_39' title='bbox 585 697 719 726; x_wconf 88' lang='lat' dir='ltr'><strong>statum</strong></span> <span class='ocrx_word' id='word_1_40' title='bbox 750 695 786 726; x_wconf 88' lang='lat' dir='ltr'><strong>et</strong></span> <span class='ocrx_word' id='word_1_41' title='bbox 805 688 1050 726; x_wconf 83' lang='lat' dir='ltr'><strong>cctiditionem</strong></span> <span class='ocrx_word' id='word_1_42' title='bbox 1065 714 1075 731; x_wconf 88' lang='lat'><strong>,</strong></span> <span class='ocrx_word' id='word_1_43' title='bbox 1097 691 1272 733; x_wconf 90' lang='lat' dir='ltr'><strong>quantum</strong></span> <span class='ocrx_word' id='word_1_44' title='bbox 1301 683 1440 719; x_wconf 77' lang='lat' dir='ltr'><strong>scilicet</strong></span> 
     </span>
    </p>
   </div>
   <div class='ocr_carea' id='block_1_9' title="bbox 357 745 1440 800">
    <p class='ocr_par' dir='ltr' id='par_1_9' title="bbox 357 745 1440 800">
     <span class='ocr_line' id='line_1_9' title="bbox 357 745 1440 800; baseline -0.008 -11"><span class='ocrx_word' id='word_1_45' title='bbox 357 763 488 800; x_wconf 85' lang='lat' dir='ltr'><strong>capere</strong></span> <span class='ocrx_word' id='word_1_46' title='bbox 515 758 618 798; x_wconf 82' lang='lat' dir='ltr'><strong>potes</strong></span> <span class='ocrx_word' id='word_1_47' title='bbox 636 764 645 788; x_wconf 89' lang='lat'><strong>:</strong></span> <span class='ocrx_word' id='word_1_48' title='bbox 662 762 745 788; x_wconf 91' lang='lat' dir='ltr'><strong>nam</strong></span> <span class='ocrx_word' id='word_1_49' title='bbox 768 760 832 797; x_wconf 89' lang='lat' dir='ltr'><strong>pro</strong></span> <span class='ocrx_word' id='word_1_50' title='bbox 857 750 909 786; x_wconf 88' lang='lat' dir='ltr'><strong>rei</strong></span> <span class='ocrx_word' id='word_1_51' title='bbox 938 748 1112 795; x_wconf 72' lang='lat' dir='ltr'><strong>dignitate</strong></span> <span class='ocrx_word' id='word_1_52' title='bbox 1146 745 1244 782; x_wconf 92' lang='lat' dir='ltr'><strong>nullo</strong></span> <span class='ocrx_word' id='word_1_53' title='bbox 1270 752 1440 781; x_wconf 87' lang='lat' dir='ltr'><strong>sermone</strong></span> 
     </span>
    </p>
   </div>
   <div class='ocr_carea' id='block_1_10' title="bbox 359 806 1442 858">
    <p class='ocr_par' dir='ltr' id='par_1_10' title="bbox 359 806 1442 858">
     <span class='ocr_line' id='line_1_10' title="bbox 359 806 1442 858; baseline -0.012 -4"><span class='ocrx_word' id='word_1_54' title='bbox 359 815 539 853; x_wconf 88' lang='lat' dir='ltr'><strong>declarari</strong></span> <span class='ocrx_word' id='word_1_55' title='bbox 558 814 658 851; x_wconf 80' lang='lat' dir='ltr'><strong>valet</strong></span> <span class='ocrx_word' id='word_1_56' title='bbox 675 826 684 850; x_wconf 85' lang='lat'><strong>:</strong></span> <span class='ocrx_word' id='word_1_57' title='bbox 701 813 764 850; x_wconf 89' lang='lat' dir='ltr'><strong>sed</strong></span> <span class='ocrx_word' id='word_1_58' title='bbox 781 824 824 849; x_wconf 79' lang='lat' dir='ltr'><strong>cx</strong></span> <span class='ocrx_word' id='word_1_59' title='bbox 844 813 886 848; x_wconf 92' lang='lat' dir='ltr'><strong>iis</strong></span> <span class='ocrx_word' id='word_1_60' title='bbox 907 822 987 858; x_wconf 72' lang='lat' dir='ltr'><strong>qure</strong></span> <span class='ocrx_word' id='word_1_61' title='bbox 1008 809 1212 846; x_wconf 78' lang='lat' dir='ltr'><strong>audivimus</strong></span> <span class='ocrx_word' id='word_1_62' title='bbox 1226 836 1235 852; x_wconf 83' lang='lat'><strong>,</strong></span> <span class='ocrx_word' id='word_1_63' title='bbox 1255 806 1358 854; x_wconf 85' lang='lat' dir='ltr'><strong>quasi</strong></span> <span class='ocrx_word' id='word_1_64' title='bbox 1378 815 1442 852; x_wconf 91' lang='lat' dir='ltr'><strong>per</strong></span> 
     </span>
    </p>
   </div>
   <div class='ocr_carea' id='block_1_11' title="bbox 360 869 1442 924">
    <p class='ocr_par' dir='ltr' id='par_1_11' title="bbox 360 869 1442 924">
     <span class='ocr_line' id='line_1_11' title="bbox 360 869 1442 924; baseline -0.01 -11"><span class='ocrx_word' id='word_1_65' title='bbox 360 877 567 924; x_wconf 63' lang='lat' dir='ltr'><strong>aenigmata,</strong></span> <span class='ocrx_word' id='word_1_66' title='bbox 584 877 776 913; x_wconf 85' lang='lat' dir='ltr'><strong>obscuram</strong></span> <span class='ocrx_word' id='word_1_67' title='bbox 796 873 988 921; x_wconf 80' lang='lat' dir='ltr'><strong>quamdam</strong></span> <span class='ocrx_word' id='word_1_68' title='bbox 1015 872 1094 919; x_wconf 89' lang='lat' dir='ltr'><strong>ejus</strong></span> <span class='ocrx_word' id='word_1_69' title='bbox 1115 871 1168 908; x_wconf 85' lang='lat' dir='ltr'><strong>rei</strong></span> <span class='ocrx_word' id='word_1_70' title='bbox 1197 869 1442 916; x_wconf 78' lang='lat' dir='ltr'><strong>conjecturam</strong></span> 
     </span>
    </p>
   </div>
   <div class='ocr_carea' id='block_1_12' title="bbox 360 931 1444 988">
    <p class='ocr_par' dir='ltr' id='par_1_12' title="bbox 360 931 1444 988">
     <span class='ocr_line' id='line_1_12' title="bbox 360 931 1444 988; baseline -0.012 -10"><span class='ocrx_word' id='word_1_71' title='bbox 360 943 546 978; x_wconf 76' lang='lat' dir='ltr'><strong>faciamus.</strong></span> <span class='ocrx_word' id='word_1_72' title='bbox 582 939 738 988; x_wconf 76' lang='lat' dir='ltr'><strong>Aufugit,</strong></span> <span class='ocrx_word' id='word_1_73' title='bbox 773 938 901 986; x_wconf 91' lang='lat' dir='ltr'><strong>inquit,</strong></span> <span class='ocrx_word' id='word_1_74' title='bbox 924 937 1036 979; x_wconf 86' lang='lat' dir='ltr'><strong>dolor,</strong></span> <span class='ocrx_word' id='word_1_75' title='bbox 1071 934 1206 970; x_wconf 74' lang='lat' dir='ltr'><strong>tristitia</strong></span> <span class='ocrx_word' id='word_1_76' title='bbox 1237 939 1269 969; x_wconf 85' lang='lat' dir='ltr'><strong>et</strong></span> <span class='ocrx_word' id='word_1_77' title='bbox 1300 931 1444 978; x_wconf 76' lang='lat' dir='ltr'><strong>gemitus</strong></span> 
     </span>
    </p>
   </div>
   <div class='ocr_carea' id='block_1_13' title="bbox 365 992 1443 1054">
    <p class='ocr_par' dir='ltr' id='par_1_13' title="bbox 365 992 1443 1054">
     <span class='ocr_line' id='line_1_13' title="bbox 365 992 1443 1054; baseline -0.012 -12"><span class='ocrx_word' id='word_1_78' title='bbox 365 1005 472 1054; x_wconf 83' lang='lat' dir='ltr'><strong>(lsai.</strong></span> <span class='ocrx_word' id='word_1_79' title='bbox 492 1005 551 1042; x_wconf 79' lang='lat'><strong>&#39;55.</strong></span> <span class='ocrx_word' id='word_1_80' title='bbox 574 1002 648 1052; x_wconf 72' lang='lat'><strong>10).</strong></span> <span class='ocrx_word' id='word_1_81' title='bbox 667 1003 760 1047; x_wconf 85' lang='lat' dir='ltr'><strong>Quid</strong></span> <span class='ocrx_word' id='word_1_82' title='bbox 789 1002 897 1048; x_wconf 85' lang='lat' dir='ltr'><strong>igitur</strong></span> <span class='ocrx_word' id='word_1_83' title='bbox 927 1010 968 1037; x_wconf 90' lang='lat' dir='ltr'><strong>ea</strong></span> <span class='ocrx_word' id='word_1_84' title='bbox 990 999 1060 1034; x_wconf 88' lang='lat' dir='ltr'><strong>vita</strong></span> <span class='ocrx_word' id='word_1_85' title='bbox 1087 997 1226 1034; x_wconf 80' lang='lat' dir='ltr'><strong>felicius</strong></span> <span class='ocrx_word' id='word_1_86' title='bbox 1256 995 1336 1032; x_wconf 91' lang='lat' dir='ltr'><strong>est?</strong></span> <span class='ocrx_word' id='word_1_87' title='bbox 1365 992 1443 1029; x_wconf 90' lang='lat' dir='ltr'><strong>Non</strong></span> 
     </span>
    </p>
   </div>
   <div class='ocr_carea' id='block_1_14' title="bbox 363 1054 1446 1110">
    <p class='ocr_par' dir='ltr' id='par_1_14' title="bbox 363 1054 1446 1110">
     <span class='ocr_line' id='line_1_14' title="bbox 363 1054 1446 1110; baseline -0.012 -6"><span class='ocrx_word' id='word_1_88' title='bbox 363 1073 420 1104; x_wconf 82' lang='lat' dir='ltr'><strong>est</strong></span> <span class='ocrx_word' id='word_1_89' title='bbox 445 1067 493 1103; x_wconf 90' lang='lat' dir='ltr'><strong>ibi</strong></span> <span class='ocrx_word' id='word_1_90' title='bbox 517 1064 710 1102; x_wconf 89' lang='lat' dir='ltr'><strong>metuenda</strong></span> <span class='ocrx_word' id='word_1_91' title='bbox 749 1068 943 1110; x_wconf 82' lang='lat' dir='ltr'><strong>paupertas</strong></span> <span class='ocrx_word' id='word_1_92' title='bbox 977 1067 1014 1098; x_wconf 87' lang='lat' dir='ltr'><strong>et</strong></span> <span class='ocrx_word' id='word_1_93' title='bbox 1042 1058 1232 1106; x_wconf 76' lang='lat' dir='ltr'><strong>aegritudo,</strong></span> <span class='ocrx_word' id='word_1_94' title='bbox 1258 1056 1380 1094; x_wconf 90' lang='lat' dir='ltr'><strong>nullus</strong></span> <span class='ocrx_word' id='word_1_95' title='bbox 1397 1054 1446 1092; x_wconf 88' lang='lat' dir='ltr'><strong>ibi</strong></span> 
     </span>
    </p>
   </div>
   <div class='ocr_carea' id='block_1_15' title="bbox 363 1117 1446 1172">
    <p class='ocr_par' dir='ltr' id='par_1_15' title="bbox 363 1117 1446 1172">
     <span class='ocr_line' id='line_1_15' title="bbox 363 1117 1446 1172; baseline -0.01 -8"><span class='ocrx_word' id='word_1_96' title='bbox 363 1128 476 1172; x_wconf 69' lang='lat' dir='ltr'><strong>ltcdit,</strong></span> <span class='ocrx_word' id='word_1_97' title='bbox 493 1127 614 1164; x_wconf 90' lang='lat' dir='ltr'><strong>nullus</strong></span> <span class='ocrx_word' id='word_1_98' title='bbox 627 1125 786 1170; x_wconf 80' lang='lat' dir='ltr'><strong>laeditur,</strong></span> <span class='ocrx_word' id='word_1_99' title='bbox 804 1123 926 1160; x_wconf 88' lang='lat' dir='ltr'><strong>nullus</strong></span> <span class='ocrx_word' id='word_1_100' title='bbox 946 1122 1063 1158; x_wconf 83' lang='lat' dir='ltr'><strong>irritat</strong></span> <span class='ocrx_word' id='word_1_101' title='bbox 1077 1131 1145 1157; x_wconf 88' lang='lat' dir='ltr'><strong>nec</strong></span> <span class='ocrx_word' id='word_1_102' title='bbox 1166 1119 1341 1166; x_wconf 76' lang='lat' dir='ltr'><strong>irritatur,</strong></span> <span class='ocrx_word' id='word_1_103' title='bbox 1363 1117 1446 1154; x_wconf 87' lang='lat' dir='ltr'><strong>nul-</strong></span> 
     </span>
    </p>
   </div>
   <div class='ocr_carea' id='block_1_16' title="bbox 363 1181 1449 1241">
    <p class='ocr_par' dir='ltr' id='par_1_16' title="bbox 363 1181 1449 1241">
     <span class='ocr_line' id='line_1_16' title="bbox 363 1181 1449 1241; baseline -0.009 -14"><span class='ocrx_word' id='word_1_104' title='bbox 363 1190 423 1227; x_wconf 89' lang='lat' dir='ltr'><strong>lus</strong></span> <span class='ocrx_word' id='word_1_105' title='bbox 443 1189 624 1241; x_wconf 73' lang='lat' dir='ltr'><strong>irascitur,</strong></span> <span class='ocrx_word' id='word_1_106' title='bbox 644 1193 706 1224; x_wconf 89' lang='lat' dir='ltr'><strong>aut</strong></span> <span class='ocrx_word' id='word_1_107' title='bbox 732 1186 888 1229; x_wconf 89' lang='lat' dir='ltr'><strong>invidet,</strong></span> <span class='ocrx_word' id='word_1_108' title='bbox 909 1191 970 1221; x_wconf 91' lang='lat' dir='ltr'><strong>aut</strong></span> <span class='ocrx_word' id='word_1_109' title='bbox 1008 1183 1164 1220; x_wconf 88' lang='lat' dir='ltr'><strong>absurda</strong></span> <span class='ocrx_word' id='word_1_110' title='bbox 1189 1181 1449 1229; x_wconf 86' lang='lat' dir='ltr'><strong>concupiscen-</strong></span> 
     </span>
    </p>
   </div>
   <div class='ocr_carea' id='block_1_17' title="bbox 367 1245 1450 1294">
    <p class='ocr_par' dir='ltr' id='par_1_17' title="bbox 367 1245 1450 1294">
     <span class='ocr_line' id='line_1_17' title="bbox 367 1245 1450 1294; baseline -0.008 -6"><span class='ocrx_word' id='word_1_111' title='bbox 367 1253 412 1288; x_wconf 89' lang='lat' dir='ltr'><strong>tia</strong></span> <span class='ocrx_word' id='word_1_112' title='bbox 444 1251 660 1294; x_wconf 81' lang='lat' dir='ltr'><strong>exardescit,</strong></span> <span class='ocrx_word' id='word_1_113' title='bbox 700 1259 808 1286; x_wconf 89' lang='lat' dir='ltr'><strong>nemo</strong></span> <span class='ocrx_word' id='word_1_114' title='bbox 845 1247 890 1285; x_wconf 89' lang='lat' dir='ltr'><strong>de</strong></span> <span class='ocrx_word' id='word_1_115' title='bbox 921 1245 1208 1283; x_wconf 79' lang='lat' dir='ltr'><strong>necessariorum</strong></span> <span class='ocrx_word' id='word_1_116' title='bbox 1245 1247 1450 1280; x_wconf 86' lang='lat' dir='ltr'><strong>commeatu</strong></span> 
     </span>
    </p>
   </div>
   <div class='ocr_carea' id='block_1_18' title="bbox 366 1304 1449 1358">
    <p class='ocr_par' dir='ltr' id='par_1_18' title="bbox 366 1304 1449 1358">
     <span class='ocr_line' id='line_1_18' title="bbox 366 1304 1449 1358; baseline -0.009 -8"><span class='ocrx_word' id='word_1_117' title='bbox 366 1315 495 1351; x_wconf 82' lang='lat' dir='ltr'><strong>anxius</strong></span> <span class='ocrx_word' id='word_1_118' title='bbox 525 1319 596 1357; x_wconf 89' lang='lat' dir='ltr'><strong>est,</strong></span> <span class='ocrx_word' id='word_1_119' title='bbox 620 1321 729 1349; x_wconf 92' lang='lat' dir='ltr'><strong>nemo</strong></span> <span class='ocrx_word' id='word_1_120' title='bbox 755 1321 865 1358; x_wconf 87' lang='lat' dir='ltr'><strong>super</strong></span> <span class='ocrx_word' id='word_1_121' title='bbox 902 1309 1116 1356; x_wconf 83' lang='lat' dir='ltr'><strong>magistratu</strong></span> <span class='ocrx_word' id='word_1_122' title='bbox 1152 1312 1214 1342; x_wconf 90' lang='lat' dir='ltr'><strong>aut</strong></span> <span class='ocrx_word' id='word_1_123' title='bbox 1248 1304 1449 1352; x_wconf 88' lang='lat' dir='ltr'><strong>principatu</strong></span> 
     </span>
    </p>
   </div>
   <div class='ocr_carea' id='block_1_19' title="bbox 367 1367 1448 1419">
    <p class='ocr_par' dir='ltr' id='par_1_19' title="bbox 367 1367 1448 1419">
     <span class='ocr_line' id='line_1_19' title="bbox 367 1367 1448 1419; baseline -0.011 -4"><span class='ocrx_word' id='word_1_124' title='bbox 367 1377 468 1415; x_wconf 88' lang='lat' dir='ltr'><strong>dolet</strong></span> <span class='ocrx_word' id='word_1_125' title='bbox 487 1389 496 1414; x_wconf 90' lang='lat'>:</span> <span class='ocrx_word' id='word_1_126' title='bbox 513 1376 632 1413; x_wconf 89' lang='lat' dir='ltr'><strong>omnis</strong></span> <span class='ocrx_word' id='word_1_127' title='bbox 647 1375 744 1412; x_wconf 90' lang='lat' dir='ltr'><strong>enim</strong></span> <span class='ocrx_word' id='word_1_128' title='bbox 763 1373 958 1411; x_wconf 80' lang='lat' dir='ltr'><strong>affectuum</strong></span> <span class='ocrx_word' id='word_1_129' title='bbox 979 1371 1138 1419; x_wconf 83' lang='lat' dir='ltr'><strong>procella</strong></span> <span class='ocrx_word' id='word_1_130' title='bbox 1156 1369 1281 1406; x_wconf 87' lang='lat' dir='ltr'><strong>sedata</strong></span> <span class='ocrx_word' id='word_1_131' title='bbox 1311 1367 1448 1412; x_wconf 74' lang='lat' dir='ltr'><strong>exstin-</strong></span> 
     </span>
    </p>
   </div>
   <div class='ocr_carea' id='block_1_20' title="bbox 367 1429 1451 1488">
    <p class='ocr_par' dir='ltr' id='par_1_20' title="bbox 367 1429 1451 1488">
     <span class='ocr_line' id='line_1_20' title="bbox 367 1429 1451 1488; baseline -0.013 -11"><span class='ocrx_word' id='word_1_132' title='bbox 367 1441 503 1488; x_wconf 87' lang='lat' dir='ltr'><strong>guitur,</strong></span> <span class='ocrx_word' id='word_1_133' title='bbox 523 1438 645 1476; x_wconf 90' lang='lat' dir='ltr'><strong>omnia</strong></span> <span class='ocrx_word' id='word_1_134' title='bbox 665 1437 700 1474; x_wconf 91' lang='lat' dir='ltr'><strong>in</strong></span> <span class='ocrx_word' id='word_1_135' title='bbox 716 1446 818 1484; x_wconf 87' lang='lat' dir='ltr'><strong>pace,</strong></span> <span class='ocrx_word' id='word_1_136' title='bbox 839 1434 963 1472; x_wconf 81' lang='lat' dir='ltr'><strong>laetitia</strong></span> <span class='ocrx_word' id='word_1_137' title='bbox 987 1439 1024 1470; x_wconf 87' lang='lat' dir='ltr'><strong>et</strong></span> <span class='ocrx_word' id='word_1_138' title='bbox 1041 1431 1171 1480; x_wconf 81' lang='lat' dir='ltr'><strong>gaudio</strong></span> <span class='ocrx_word' id='word_1_139' title='bbox 1184 1459 1193 1475; x_wconf 88' lang='lat'><strong>,</strong></span> <span class='ocrx_word' id='word_1_140' title='bbox 1210 1429 1331 1467; x_wconf 87' lang='lat' dir='ltr'><strong>omnia</strong></span> <span class='ocrx_word' id='word_1_141' title='bbox 1353 1435 1451 1466; x_wconf 88' lang='lat' dir='ltr'><strong>tran-</strong></span> 
     </span>
    </p>
   </div>
   <div class='ocr_carea' id='block_1_21' title="bbox 369 1490 1453 1550">
    <p class='ocr_par' dir='ltr' id='par_1_21' title="bbox 369 1490 1453 1550">
     <span class='ocr_line' id='line_1_21' title="bbox 369 1490 1453 1550; baseline -0.013 -10"><span class='ocrx_word' id='word_1_142' title='bbox 369 1503 480 1550; x_wconf 90' lang='lat' dir='ltr'><strong>quilla</strong></span> <span class='ocrx_word' id='word_1_143' title='bbox 499 1507 536 1538; x_wconf 90' lang='lat' dir='ltr'><strong>et</strong></span> <span class='ocrx_word' id='word_1_144' title='bbox 554 1511 695 1544; x_wconf 85' lang='lat' dir='ltr'><strong>serena,</strong></span> <span class='ocrx_word' id='word_1_145' title='bbox 716 1499 839 1536; x_wconf 89' lang='lat' dir='ltr'><strong>omnia</strong></span> <span class='ocrx_word' id='word_1_146' title='bbox 859 1498 952 1540; x_wconf 84' lang='lat' dir='ltr'><strong>dies,</strong></span> <span class='ocrx_word' id='word_1_147' title='bbox 971 1495 1155 1542; x_wconf 88' lang='lat' dir='ltr'><strong>splendor,</strong></span> <span class='ocrx_word' id='word_1_148' title='bbox 1181 1493 1242 1530; x_wconf 82' lang='lat' dir='ltr'><strong>lux</strong></span> <span class='ocrx_word' id='word_1_149' title='bbox 1266 1504 1274 1528; x_wconf 93' lang='lat'><strong>:</strong></span> <span class='ocrx_word' id='word_1_150' title='bbox 1293 1502 1365 1528; x_wconf 92' lang='lat' dir='ltr'><strong>non</strong></span> <span class='ocrx_word' id='word_1_151' title='bbox 1390 1490 1453 1527; x_wconf 77' lang='lat' dir='ltr'><strong>lux</strong></span> 
     </span>
    </p>
   </div>
   <div class='ocr_carea' id='block_1_22' title="bbox 373 1553 1454 1609">
    <p class='ocr_par' dir='ltr' id='par_1_22' title="bbox 373 1553 1454 1609">
     <span class='ocr_line' id='line_1_22' title="bbox 373 1553 1454 1609; baseline -0.011 -8"><span class='ocrx_word' id='word_1_152' title='bbox 373 1563 562 1609; x_wconf 88' lang='lat' dir='ltr'><strong>hodierna,</strong></span> <span class='ocrx_word' id='word_1_153' title='bbox 589 1562 654 1600; x_wconf 91' lang='lat' dir='ltr'><strong>sed</strong></span> <span class='ocrx_word' id='word_1_154' title='bbox 680 1560 748 1598; x_wconf 83' lang='lat' dir='ltr'><strong>alia</strong></span> <span class='ocrx_word' id='word_1_155' title='bbox 770 1566 870 1598; x_wconf 89' lang='lat' dir='ltr'><strong>tanto</strong></span> <span class='ocrx_word' id='word_1_156' title='bbox 888 1559 958 1596; x_wconf 90' lang='lat' dir='ltr'><strong>hac</strong></span> <span class='ocrx_word' id='word_1_157' title='bbox 977 1556 1212 1605; x_wconf 84' lang='lat' dir='ltr'><strong>splendidior,</strong></span> <span class='ocrx_word' id='word_1_158' title='bbox 1233 1560 1369 1602; x_wconf 88' lang='lat' dir='ltr'><strong>quanto</strong></span> <span class='ocrx_word' id='word_1_159' title='bbox 1399 1553 1454 1590; x_wconf 92' lang='lat' dir='ltr'><strong>lu-</strong></span> 
     </span>
    </p>
   </div>
   <div class='ocr_carea' id='block_1_23' title="bbox 371 1617 1455 1666">
    <p class='ocr_par' dir='ltr' id='par_1_23' title="bbox 371 1617 1455 1666">
     <span class='ocr_line' id='line_1_23' title="bbox 371 1617 1455 1666; baseline -0.01 -4"><span class='ocrx_word' id='word_1_160' title='bbox 371 1635 482 1664; x_wconf 90' lang='lat' dir='ltr'><strong>cerna</strong></span> <span class='ocrx_word' id='word_1_161' title='bbox 493 1625 553 1662; x_wconf 83' lang='lat' dir='ltr'><strong>lux</strong></span> <span class='ocrx_word' id='word_1_162' title='bbox 562 1624 650 1662; x_wconf 91' lang='lat' dir='ltr'><strong>diei.</strong></span> <span class='ocrx_word' id='word_1_163' title='bbox 665 1623 771 1661; x_wconf 88' lang='lat' dir='ltr'><strong>Nulla</strong></span> <span class='ocrx_word' id='word_1_164' title='bbox 789 1622 838 1660; x_wconf 89' lang='lat' dir='ltr'><strong>ibi</strong></span> <span class='ocrx_word' id='word_1_165' title='bbox 853 1627 960 1658; x_wconf 90' lang='lat' dir='ltr'><strong>nocte</strong></span> <span class='ocrx_word' id='word_1_166' title='bbox 979 1630 1096 1666; x_wconf 92' lang='lat' dir='ltr'><strong>neque</strong></span> <span class='ocrx_word' id='word_1_167' title='bbox 1111 1617 1260 1656; x_wconf 89' lang='lat' dir='ltr'><strong>nubium</strong></span> <span class='ocrx_word' id='word_1_168' title='bbox 1275 1625 1455 1654; x_wconf 88' lang='lat' dir='ltr'><strong>concursu</strong></span> 
     </span>
    </p>
   </div>
   <div class='ocr_carea' id='block_1_24' title="bbox 372 1678 1453 1732">
    <p class='ocr_par' dir='ltr' id='par_1_24' title="bbox 372 1678 1453 1732">
     <span class='ocr_line' id='line_1_24' title="bbox 372 1678 1453 1732; baseline -0.009 -8"><span class='ocrx_word' id='word_1_169' title='bbox 372 1687 604 1732; x_wconf 78' lang='lat' dir='ltr'><strong>obscuratur;</strong></span> <span class='ocrx_word' id='word_1_170' title='bbox 621 1695 689 1724; x_wconf 90' lang='lat' dir='ltr'><strong>nec</strong></span> <span class='ocrx_word' id='word_1_171' title='bbox 707 1685 823 1730; x_wconf 87' lang='lat' dir='ltr'><strong>ardet,</strong></span> <span class='ocrx_word' id='word_1_172' title='bbox 843 1693 911 1721; x_wconf 92' lang='lat' dir='ltr'><strong>nec</strong></span> <span class='ocrx_word' id='word_1_173' title='bbox 927 1692 1079 1730; x_wconf 87' lang='lat' dir='ltr'><strong>corpora</strong></span> <span class='ocrx_word' id='word_1_174' title='bbox 1093 1680 1224 1718; x_wconf 87' lang='lat' dir='ltr'><strong>adurit.</strong></span> <span class='ocrx_word' id='word_1_175' title='bbox 1236 1679 1339 1716; x_wconf 86' lang='lat' dir='ltr'><strong>Nulla</strong></span> <span class='ocrx_word' id='word_1_176' title='bbox 1355 1678 1453 1715; x_wconf 89' lang='lat' dir='ltr'><strong>enim</strong></span> 
     </span>
    </p>
   </div>
   <div class='ocr_carea' id='block_1_25' title="bbox 376 1746 1456 1796">
    <p class='ocr_par' dir='ltr' id='par_1_25' title="bbox 376 1746 1456 1796">
     <span class='ocr_line' id='line_1_25' title="bbox 376 1746 1456 1796; baseline -0.006 -10"><span class='ocrx_word' id='word_1_177' title='bbox 376 1759 464 1794; x_wconf 78' lang='lat' dir='ltr'><strong>nox,</strong></span> <span class='ocrx_word' id='word_1_178' title='bbox 501 1759 620 1796; x_wconf 90' lang='lat' dir='ltr'><strong>neque</strong></span> <span class='ocrx_word' id='word_1_179' title='bbox 651 1758 805 1795; x_wconf 85' lang='lat' dir='ltr'><strong>vespera</strong></span> <span class='ocrx_word' id='word_1_180' title='bbox 835 1747 900 1793; x_wconf 90' lang='lat' dir='ltr'><strong>ibi,</strong></span> <span class='ocrx_word' id='word_1_181' title='bbox 923 1757 998 1783; x_wconf 87' lang='lat' dir='ltr'><strong>non</strong></span> <span class='ocrx_word' id='word_1_182' title='bbox 1019 1746 1130 1792; x_wconf 77' lang='lat' dir='ltr'><strong>frigus</strong></span> <span class='ocrx_word' id='word_1_183' title='bbox 1149 1754 1218 1782; x_wconf 89' lang='lat' dir='ltr'><strong>nec</strong></span> <span class='ocrx_word' id='word_1_184' title='bbox 1232 1749 1363 1788; x_wconf 70' lang='lat' dir='ltr'><strong>aestus,</strong></span> <span class='ocrx_word' id='word_1_185' title='bbox 1383 1752 1456 1780; x_wconf 92' lang='lat' dir='ltr'><strong>non</strong></span> 
     </span>
    </p>
   </div>
   <div class='ocr_carea' id='block_1_26' title="bbox 375 1805 1458 1856">
    <p class='ocr_par' dir='ltr' id='par_1_26' title="bbox 375 1805 1458 1856">
     <span class='ocr_line' id='line_1_26' title="bbox 375 1805 1458 1856; baseline -0.007 -9"><span class='ocrx_word' id='word_1_186' title='bbox 375 1810 444 1847; x_wconf 86' lang='lat' dir='ltr'><strong>alia</strong></span> <span class='ocrx_word' id='word_1_187' title='bbox 463 1814 720 1856; x_wconf 80' lang='lat' dir='ltr'><strong>tempestatum</strong></span> <span class='ocrx_word' id='word_1_188' title='bbox 739 1807 918 1852; x_wconf 83' lang='lat' dir='ltr'><strong>mutatio;</strong></span> <span class='ocrx_word' id='word_1_189' title='bbox 945 1806 1009 1844; x_wconf 90' lang='lat' dir='ltr'><strong>sed</strong></span> <span class='ocrx_word' id='word_1_190' title='bbox 1028 1806 1121 1842; x_wconf 91' lang='lat' dir='ltr'><strong>alius</strong></span> <span class='ocrx_word' id='word_1_191' title='bbox 1145 1805 1248 1842; x_wconf 89' lang='lat' dir='ltr'><strong>adest</strong></span> <span class='ocrx_word' id='word_1_192' title='bbox 1271 1809 1388 1841; x_wconf 88' lang='lat' dir='ltr'><strong>status</strong></span> <span class='ocrx_word' id='word_1_193' title='bbox 1403 1809 1458 1840; x_wconf 80' lang='lat' dir='ltr'><strong>ta-</strong></span> 
     </span>
    </p>
   </div>
   <div class='ocr_carea' id='block_1_27' title="bbox 378 1864 1456 1920">
    <p class='ocr_par' dir='ltr' id='par_1_27' title="bbox 378 1864 1456 1920">
     <span class='ocr_line' id='line_1_27' title="bbox 378 1864 1456 1920; baseline -0.009 -11"><span class='ocrx_word' id='word_1_194' title='bbox 378 1872 509 1920; x_wconf 75' lang='lat' dir='ltr'><strong>lisque,</strong></span> <span class='ocrx_word' id='word_1_195' title='bbox 524 1871 668 1919; x_wconf 88' lang='lat' dir='ltr'><strong>qualem</strong></span> <span class='ocrx_word' id='word_1_196' title='bbox 685 1870 710 1907; x_wconf 90' lang='lat' dir='ltr'><strong>ii</strong></span> <span class='ocrx_word' id='word_1_197' title='bbox 727 1869 844 1906; x_wconf 89' lang='lat' dir='ltr'><strong>solum</strong></span> <span class='ocrx_word' id='word_1_198' title='bbox 859 1867 1072 1914; x_wconf 75' lang='lat' dir='ltr'><strong>intelligent,</strong></span> <span class='ocrx_word' id='word_1_199' title='bbox 1085 1866 1144 1914; x_wconf 90' lang='lat' dir='ltr'><strong>qui</strong></span> <span class='ocrx_word' id='word_1_200' title='bbox 1160 1864 1280 1912; x_wconf 89' lang='lat' dir='ltr'><strong>adepti</strong></span> <span class='ocrx_word' id='word_1_201' title='bbox 1297 1864 1456 1909; x_wconf 85' lang='lat' dir='ltr'><strong>fuerint;</strong></span> 
     </span>
    </p>
   </div>
   <div class='ocr_carea' id='block_1_28' title="bbox 377 1925 1458 1976">
    <p class='ocr_par' dir='ltr' id='par_1_28' title="bbox 377 1925 1458 1976">
     <span class='ocr_line' id='line_1_28' title="bbox 377 1925 1458 1976; baseline -0.007 -4"><span class='ocrx_word' id='word_1_202' title='bbox 377 1944 450 1972; x_wconf 83' lang='lat' dir='ltr'><strong>non</strong></span> <span class='ocrx_word' id='word_1_203' title='bbox 470 1933 542 1971; x_wconf 89' lang='lat' dir='ltr'><strong>illic</strong></span> <span class='ocrx_word' id='word_1_204' title='bbox 570 1937 764 1976; x_wconf 87' lang='lat' dir='ltr'><strong>senectus,</strong></span> <span class='ocrx_word' id='word_1_205' title='bbox 783 1940 852 1968; x_wconf 89' lang='lat' dir='ltr'><strong>nec</strong></span> <span class='ocrx_word' id='word_1_206' title='bbox 886 1929 1083 1968; x_wconf 86' lang='lat' dir='ltr'><strong>senectutis</strong></span> <span class='ocrx_word' id='word_1_207' title='bbox 1119 1926 1360 1972; x_wconf 80' lang='lat' dir='ltr'><strong>incommoda,</strong></span> <span class='ocrx_word' id='word_1_208' title='bbox 1394 1925 1458 1964; x_wconf 89' lang='lat' dir='ltr'><strong>sed</strong></span> 
     </span>
    </p>
   </div>
   <div class='ocr_carea' id='block_1_29' title="bbox 379 1988 1460 2044">
    <p class='ocr_par' dir='ltr' id='par_1_29' title="bbox 379 1988 1460 2044">
     <span class='ocr_line' id='line_1_29' title="bbox 379 1988 1460 2044; baseline -0.008 -11"><span class='ocrx_word' id='word_1_209' title='bbox 379 1996 514 2041; x_wconf 86' lang='lat' dir='ltr'><strong>omnia,</strong></span> <span class='ocrx_word' id='word_1_210' title='bbox 531 2005 613 2044; x_wconf 71' lang='lat' dir='ltr'><strong>qua:</strong></span> <span class='ocrx_word' id='word_1_211' title='bbox 629 1995 674 2032; x_wconf 87' lang='lat' dir='ltr'><strong>ad</strong></span> <span class='ocrx_word' id='word_1_212' title='bbox 689 1993 957 2041; x_wconf 85' lang='lat' dir='ltr'><strong>corruptionem</strong></span> <span class='ocrx_word' id='word_1_213' title='bbox 975 1995 1160 2039; x_wconf 89' lang='lat' dir='ltr'><strong>spectant,</strong></span> <span class='ocrx_word' id='word_1_214' title='bbox 1189 1989 1236 2027; x_wconf 89' lang='lat' dir='ltr'><strong>de</strong></span> <span class='ocrx_word' id='word_1_215' title='bbox 1256 1988 1374 2026; x_wconf 92' lang='lat' dir='ltr'><strong>medio</strong></span> <span class='ocrx_word' id='word_1_216' title='bbox 1391 1988 1460 2026; x_wconf 86' lang='lat' dir='ltr'><strong>tol-</strong></span> 
     </span>
    </p>
   </div>
   <div class='ocr_carea' id='block_1_30' title="bbox 379 2049 1458 2104">
    <p class='ocr_par' dir='ltr' id='par_1_30' title="bbox 379 2049 1458 2104">
     <span class='ocr_line' id='line_1_30' title="bbox 379 2049 1458 2104; baseline -0.009 -9"><span class='ocrx_word' id='word_1_217' title='bbox 379 2057 517 2102; x_wconf 85' lang='lat' dir='ltr'><strong>luntur,</strong></span> <span class='ocrx_word' id='word_1_218' title='bbox 537 2057 620 2104; x_wconf 88' lang='lat' dir='ltr'><strong>quia</strong></span> <span class='ocrx_word' id='word_1_219' title='bbox 638 2054 921 2103; x_wconf 87' lang='lat' dir='ltr'><strong>ineorruptibilis</strong></span> <span class='ocrx_word' id='word_1_220' title='bbox 939 2053 1053 2101; x_wconf 79' lang='lat' dir='ltr'><strong>gloria</strong></span> <span class='ocrx_word' id='word_1_221' title='bbox 1071 2051 1204 2098; x_wconf 90' lang='lat' dir='ltr'><strong>ubique</strong></span> <span class='ocrx_word' id='word_1_222' title='bbox 1238 2049 1458 2087; x_wconf 87' lang='lat' dir='ltr'><strong>dominatur.</strong></span> 
     </span>
    </p>
   </div>
   <div class='ocr_carea' id='block_1_31' title="bbox 379 2113 1462 2167">
    <p class='ocr_par' dir='ltr' id='par_1_31' title="bbox 379 2113 1462 2167">
     <span class='ocr_line' id='line_1_31' title="bbox 379 2113 1462 2167; baseline -0.009 -9"><span class='ocrx_word' id='word_1_223' title='bbox 379 2119 558 2167; x_wconf 84' lang='lat' dir='ltr'><strong>Quodque</strong></span> <span class='ocrx_word' id='word_1_224' title='bbox 594 2119 756 2156; x_wconf 92' lang='lat' dir='ltr'><strong>omnium</strong></span> <span class='ocrx_word' id='word_1_225' title='bbox 783 2117 957 2164; x_wconf 89' lang='lat' dir='ltr'><strong>optimum</strong></span> <span class='ocrx_word' id='word_1_226' title='bbox 995 2121 1078 2160; x_wconf 85' lang='lat' dir='ltr'><strong>est,</strong></span> <span class='ocrx_word' id='word_1_227' title='bbox 1117 2113 1248 2151; x_wconf 86' lang='lat' dir='ltr'><strong>Christi</strong></span> <span class='ocrx_word' id='word_1_228' title='bbox 1279 2113 1462 2150; x_wconf 88' lang='lat' dir='ltr'><strong>consortio</strong></span> 
     </span>
    </p>
   </div>
   <div class='ocr_carea' id='block_1_32' title="bbox 383 2173 1460 2227">
    <p class='ocr_par' dir='ltr' id='par_1_32' title="bbox 383 2173 1460 2227">
     <span class='ocr_line' id='line_1_32' title="bbox 383 2173 1460 2227; baseline -0.007 -9"><span class='ocrx_word' id='word_1_229' title='bbox 383 2181 547 2218; x_wconf 85' lang='lat' dir='ltr'><strong>fruentur</strong></span> <span class='ocrx_word' id='word_1_230' title='bbox 565 2191 646 2217; x_wconf 91' lang='lat' dir='ltr'><strong>cum</strong></span> <span class='ocrx_word' id='word_1_231' title='bbox 665 2179 816 2227; x_wconf 82' lang='lat' dir='ltr'><strong>angelis,</strong></span> <span class='ocrx_word' id='word_1_232' title='bbox 837 2189 920 2216; x_wconf 90' lang='lat' dir='ltr'><strong>cum</strong></span> <span class='ocrx_word' id='word_1_233' title='bbox 935 2175 1175 2224; x_wconf 79' lang='lat' dir='ltr'><strong>archangelis,</strong></span> <span class='ocrx_word' id='word_1_234' title='bbox 1191 2185 1272 2212; x_wconf 90' lang='lat' dir='ltr'><strong>cum</strong></span> <span class='ocrx_word' id='word_1_235' title='bbox 1292 2173 1460 2221; x_wconf 85' lang='lat' dir='ltr'><strong>superio-</strong></span> 
     </span>
    </p>
   </div>
   <div class='ocr_carea' id='block_1_33' title="bbox 383 2237 1460 2288">
    <p class='ocr_par' dir='ltr' id='par_1_33' title="bbox 383 2237 1460 2288">
     <span class='ocr_line' id='line_1_33' title="bbox 383 2237 1460 2288; baseline -0.008 -8"><span class='ocrx_word' id='word_1_236' title='bbox 383 2242 484 2280; x_wconf 88' lang='lat' dir='ltr'><strong>ribus</strong></span> <span class='ocrx_word' id='word_1_237' title='bbox 502 2241 754 2288; x_wconf 87' lang='lat' dir='ltr'><strong>potestatibus.</strong></span> <span class='ocrx_word' id='word_1_238' title='bbox 784 2239 1038 2286; x_wconf 89' lang='lat' dir='ltr'><strong>Contcmplare</strong></span> <span class='ocrx_word' id='word_1_239' title='bbox 1059 2247 1156 2274; x_wconf 90' lang='lat' dir='ltr'><strong>nunc</strong></span> <span class='ocrx_word' id='word_1_240' title='bbox 1181 2237 1321 2280; x_wconf 67' lang='lat' dir='ltr'><strong>caelum,</strong></span> <span class='ocrx_word' id='word_1_241' title='bbox 1335 2242 1372 2273; x_wconf 92' lang='lat' dir='ltr'><strong>et</strong></span> <span class='ocrx_word' id='word_1_242' title='bbox 1403 2246 1460 2279; x_wconf 86' lang='lat' dir='ltr'><strong>ea,</strong></span> 
     </span>
    </p>
   </div>
   <div class='ocr_carea' id='block_1_34' title="bbox 386 2297 1463 2352">
    <p class='ocr_par' dir='ltr' id='par_1_34' title="bbox 386 2297 1463 2352">
     <span class='ocr_line' id='line_1_34' title="bbox 386 2297 1463 2352; baseline -0.007 -11"><span class='ocrx_word' id='word_1_243' title='bbox 386 2315 468 2352; x_wconf 84' lang='lat' dir='ltr'><strong>quae</strong></span> <span class='ocrx_word' id='word_1_244' title='bbox 497 2314 606 2352; x_wconf 87' lang='lat' dir='ltr'><strong>super</strong></span> <span class='ocrx_word' id='word_1_245' title='bbox 629 2303 740 2342; x_wconf 69' lang='lat' dir='ltr'><strong>caelos</strong></span> <span class='ocrx_word' id='word_1_246' title='bbox 763 2307 861 2348; x_wconf 87' lang='lat' dir='ltr'><strong>sunt,</strong></span> <span class='ocrx_word' id='word_1_247' title='bbox 881 2301 1040 2350; x_wconf 85' lang='lat' dir='ltr'><strong>cogitatu</strong></span> <span class='ocrx_word' id='word_1_248' title='bbox 1068 2298 1283 2337; x_wconf 87' lang='lat' dir='ltr'><strong>transcende</strong></span> <span class='ocrx_word' id='word_1_249' title='bbox 1305 2307 1316 2334; x_wconf 86' lang='lat'><strong>:</strong></span> <span class='ocrx_word' id='word_1_250' title='bbox 1345 2297 1463 2346; x_wconf 86' lang='lat' dir='ltr'><strong>cogita</strong></span> 
     </span>
    </p>
   </div>
   <div class='ocr_carea' id='block_1_35' title="bbox 386 2361 1464 2407">
    <p class='ocr_par' dir='ltr' id='par_1_35' title="bbox 386 2361 1464 2407">
     <span class='ocr_line' id='line_1_35' title="bbox 386 2361 1464 2407; baseline -0.008 -3"><span class='ocrx_word' id='word_1_251' title='bbox 386 2367 496 2404; x_wconf 89' lang='lat' dir='ltr'><strong>totius</strong></span> <span class='ocrx_word' id='word_1_252' title='bbox 509 2371 688 2404; x_wconf 84' lang='lat' dir='ltr'><strong>creaturae</strong></span> <span class='ocrx_word' id='word_1_253' title='bbox 714 2363 1074 2407; x_wconf 89' lang='lat' dir='ltr'><strong>transmutationem;</strong></span> <span class='ocrx_word' id='word_1_254' title='bbox 1096 2371 1168 2399; x_wconf 91' lang='lat' dir='ltr'><strong>non</strong></span> <span class='ocrx_word' id='word_1_255' title='bbox 1185 2361 1282 2398; x_wconf 89' lang='lat' dir='ltr'><strong>enim</strong></span> <span class='ocrx_word' id='word_1_256' title='bbox 1305 2365 1342 2397; x_wconf 93' lang='lat' dir='ltr'><strong>ut</strong></span> <span class='ocrx_word' id='word_1_257' title='bbox 1368 2369 1464 2396; x_wconf 89' lang='lat' dir='ltr'><strong>nunc</strong></span> 
     </span>
    </p>
   </div>
   <div class='ocr_carea' id='block_1_36' title="bbox 385 2424 1466 2476">
    <p class='ocr_par' dir='ltr' id='par_1_36' title="bbox 385 2424 1466 2476">
     <span class='ocr_line' id='line_1_36' title="bbox 385 2424 1466 2476; baseline -0.007 -8"><span class='ocrx_word' id='word_1_258' title='bbox 385 2436 443 2468; x_wconf 87' lang='lat' dir='ltr'><strong>est</strong></span> <span class='ocrx_word' id='word_1_259' title='bbox 450 2429 622 2476; x_wconf 89' lang='lat' dir='ltr'><strong>manebit,</strong></span> <span class='ocrx_word' id='word_1_260' title='bbox 629 2427 694 2466; x_wconf 86' lang='lat' dir='ltr'><strong>sed</strong></span> <span class='ocrx_word' id='word_1_261' title='bbox 704 2429 816 2466; x_wconf 90' lang='lat' dir='ltr'><strong>multo</strong></span> <span class='ocrx_word' id='word_1_262' title='bbox 825 2426 1012 2476; x_wconf 86' lang='lat' dir='ltr'><strong>pulchrior</strong></span> <span class='ocrx_word' id='word_1_263' title='bbox 1022 2426 1090 2463; x_wconf 86' lang='lat' dir='ltr'><strong>erit</strong></span> <span class='ocrx_word' id='word_1_264' title='bbox 1100 2431 1136 2463; x_wconf 90' lang='lat' dir='ltr'><strong>et</strong></span> <span class='ocrx_word' id='word_1_265' title='bbox 1146 2424 1292 2470; x_wconf 89' lang='lat' dir='ltr'><strong>clarior,</strong></span> <span class='ocrx_word' id='word_1_266' title='bbox 1304 2430 1342 2461; x_wconf 90' lang='lat' dir='ltr'><strong>et</strong></span> <span class='ocrx_word' id='word_1_267' title='bbox 1351 2432 1466 2471; x_wconf 89' lang='lat' dir='ltr'><strong>quan-</strong></span> 
     </span>
    </p>
   </div>
   <div class='ocr_carea' id='block_1_37' title="bbox 389 2491 1464 2548">
    <p class='ocr_par' dir='ltr' id='par_1_37' title="bbox 389 2491 1464 2548">
     <span class='ocr_line' id='line_1_37' title="bbox 389 2491 1464 2548; baseline -0.012 -10"><span class='ocrx_word' id='word_1_268' title='bbox 389 2507 464 2538; x_wconf 87' lang='lat' dir='ltr'><strong>tum</strong></span> <span class='ocrx_word' id='word_1_269' title='bbox 484 2498 633 2548; x_wconf 88' lang='lat' dir='ltr'><strong>plumbo</strong></span> <span class='ocrx_word' id='word_1_270' title='bbox 651 2497 822 2546; x_wconf 87' lang='lat' dir='ltr'><strong>fulgidius</strong></span> <span class='ocrx_word' id='word_1_271' title='bbox 841 2502 899 2534; x_wconf 94' lang='lat' dir='ltr'><strong>est</strong></span> <span class='ocrx_word' id='word_1_272' title='bbox 917 2505 1066 2540; x_wconf 87' lang='lat' dir='ltr'><strong>aurum,</strong></span> <span class='ocrx_word' id='word_1_273' title='bbox 1089 2497 1226 2530; x_wconf 90' lang='lat' dir='ltr'><strong>tantum</strong></span> <span class='ocrx_word' id='word_1_274' title='bbox 1254 2491 1323 2528; x_wconf 90' lang='lat' dir='ltr'><strong>hac</strong></span> <span class='ocrx_word' id='word_1_275' title='bbox 1343 2499 1464 2528; x_wconf 89' lang='lat' dir='ltr'><strong>rerum</strong></span> 
     </span>
    </p>
   </div>
   <div class='ocr_carea' id='block_1_38' title="bbox 388 2551 1465 2612">
    <p class='ocr_par' dir='ltr' id='par_1_38' title="bbox 388 2551 1465 2612">
     <span class='ocr_line' id='line_1_38' title="bbox 388 2551 1465 2612; baseline -0.013 -10"><span class='ocrx_word' id='word_1_276' title='bbox 388 2562 621 2612; x_wconf 71' lang='lat' dir='ltr'><strong>prmsentium</strong></span> <span class='ocrx_word' id='word_1_277' title='bbox 637 2557 1094 2606; x_wconf 85' lang='lat' dir='ltr'><strong>eonditione&#39;praestantior</strong></span> <span class='ocrx_word' id='word_1_278' title='bbox 1111 2556 1180 2594; x_wconf 89' lang='lat' dir='ltr'><strong>erit</strong></span> <span class='ocrx_word' id='word_1_279' title='bbox 1195 2555 1269 2600; x_wconf 87' lang='lat' dir='ltr'><strong>illa,</strong></span> <span class='ocrx_word' id='word_1_280' title='bbox 1289 2551 1465 2602; x_wconf 85' lang='lat' dir='ltr'><strong>quemad-</strong></span> 
     </span>
    </p>
   </div>
   <div class='ocr_carea' id='block_1_39' title="bbox 388 2615 1468 2666">
    <p class='ocr_par' dir='ltr' id='par_1_39' title="bbox 388 2615 1468 2666">
     <span class='ocr_line' id='line_1_39' title="bbox 388 2615 1468 2666; baseline -0.013 -2"><span class='ocrx_word' id='word_1_281' title='bbox 388 2625 536 2664; x_wconf 89' lang='lat' dir='ltr'><strong>modum</strong></span> <span class='ocrx_word' id='word_1_282' title='bbox 553 2625 603 2662; x_wconf 89' lang='lat' dir='ltr'><strong>ait</strong></span> <span class='ocrx_word' id='word_1_283' title='bbox 619 2624 745 2662; x_wconf 87' lang='lat' dir='ltr'><strong>beatus</strong></span> <span class='ocrx_word' id='word_1_284' title='bbox 760 2621 894 2659; x_wconf 89' lang='lat' dir='ltr'><strong>Paulus</strong></span> <span class='ocrx_word' id='word_1_285' title='bbox 912 2632 921 2657; x_wconf 92' lang='lat'>:</span> <span class='ocrx_word' id='word_1_286' title='bbox 945 2620 1036 2666; x_wconf 86' lang='lat' dir='ltr'><strong>Quia</strong></span> <span class='ocrx_word' id='word_1_287' title='bbox 1053 2625 1085 2656; x_wconf 87' lang='lat' dir='ltr'><strong>et</strong></span> <span class='ocrx_word' id='word_1_288' title='bbox 1109 2619 1186 2665; x_wconf 76' lang='lat' dir='ltr'><strong>ipsa</strong></span> <span class='ocrx_word' id='word_1_289' title='bbox 1209 2623 1367 2654; x_wconf 84' lang='lat' dir='ltr'><strong>creatura</strong></span> <span class='ocrx_word' id='word_1_290' title='bbox 1385 2615 1468 2651; x_wconf 85' lang='lat' dir='ltr'><strong>libe-</strong></span> 
     </span>
    </p>
   </div>
   <div class='ocr_carea' id='block_1_40' title="bbox 389 2676 1468 2731">
    <p class='ocr_par' dir='ltr' id='par_1_40' title="bbox 389 2676 1468 2731">
     <span class='ocr_line' id='line_1_40' title="bbox 389 2676 1468 2731; baseline -0.009 -7"><span class='ocrx_word' id='word_1_291' title='bbox 389 2687 521 2724; x_wconf 83' lang='lat' dir='ltr'><strong>rabitur</strong></span> <span class='ocrx_word' id='word_1_292' title='bbox 555 2698 577 2722; x_wconf 83' lang='grc' dir='ltr'><em>α</em></span> <span class='ocrx_word' id='word_1_293' title='bbox 608 2685 768 2723; x_wconf 78' lang='lat' dir='ltr'><strong>servitute</strong></span> <span class='ocrx_word' id='word_1_294' title='bbox 801 2683 1030 2731; x_wconf 74' lang='lat' dir='ltr'><strong>corruptionis</strong></span> <span class='ocrx_word' id='word_1_295' title='bbox 1069 2681 1186 2730; x_wconf 87' lang='lat' dir='ltr'><strong>(Rom.</strong></span> <span class='ocrx_word' id='word_1_296' title='bbox 1205 2679 1243 2717; x_wconf 90' lang='lat'><strong>8.</strong></span> <span class='ocrx_word' id='word_1_297' title='bbox 1261 2679 1341 2727; x_wconf 69' lang='grc'><strong>21).</strong></span> <span class='ocrx_word' id='word_1_298' title='bbox 1366 2676 1468 2715; x_wconf 87' lang='lat' dir='ltr'><strong>Nunc</strong></span> 
     </span>
    </p>
   </div>
   <div class='ocr_carea' id='block_1_41' title="bbox 390 2739 1468 2796">
    <p class='ocr_par' dir='ltr' id='par_1_41' title="bbox 390 2739 1468 2796">
     <span class='ocr_line' id='line_1_41' title="bbox 390 2739 1468 2796; baseline -0.01 -9"><span class='ocrx_word' id='word_1_299' title='bbox 390 2749 502 2795; x_wconf 86' lang='lat' dir='ltr'><strong>enim,</strong></span> <span class='ocrx_word' id='word_1_300' title='bbox 525 2753 647 2796; x_wconf 92' lang='lat' dir='ltr'><strong>utpote</strong></span> <span class='ocrx_word' id='word_1_301' title='bbox 682 2745 924 2794; x_wconf 90' lang='lat' dir='ltr'><strong>corruptionis</strong></span> <span class='ocrx_word' id='word_1_302' title='bbox 949 2744 1144 2792; x_wconf 84' lang='lat' dir='ltr'><strong>particeps,</strong></span> <span class='ocrx_word' id='word_1_303' title='bbox 1170 2741 1283 2779; x_wconf 89' lang='lat' dir='ltr'><strong>multa</strong></span> <span class='ocrx_word' id='word_1_304' title='bbox 1319 2739 1468 2788; x_wconf 89' lang='lat' dir='ltr'><strong>patitur,</strong></span> 
     </span>
    </p>
   </div>
   <div class='ocr_carea' id='block_1_42' title="bbox 392 2802 1470 2860">
    <p class='ocr_par' dir='ltr' id='par_1_42' title="bbox 392 2802 1470 2860">
     <span class='ocr_line' id='line_1_42' title="bbox 392 2802 1470 2860; baseline -0.01 -11"><span class='ocrx_word' id='word_1_305' title='bbox 392 2822 470 2859; x_wconf 63' lang='lat' dir='ltr'><strong>quae</strong></span> <span class='ocrx_word' id='word_1_306' title='bbox 487 2810 632 2858; x_wconf 89' lang='lat' dir='ltr'><strong>corpori</strong></span> <span class='ocrx_word' id='word_1_307' title='bbox 659 2808 900 2851; x_wconf 90' lang='lat' dir='ltr'><strong>conveniunt;</strong></span> <span class='ocrx_word' id='word_1_308' title='bbox 922 2813 1007 2860; x_wconf 89' lang='lat' dir='ltr'><strong>tunc</strong></span> <span class='ocrx_word' id='word_1_309' title='bbox 1025 2815 1112 2842; x_wconf 84' lang='lat' dir='ltr'><strong>vero</strong></span> <span class='ocrx_word' id='word_1_310' title='bbox 1131 2803 1186 2841; x_wconf 89' lang='lat' dir='ltr'><strong>his</strong></span> <span class='ocrx_word' id='word_1_311' title='bbox 1203 2802 1373 2840; x_wconf 91' lang='lat' dir='ltr'><strong>omnibus</strong></span> <span class='ocrx_word' id='word_1_312' title='bbox 1401 2811 1470 2838; x_wconf 77' lang='lat' dir='ltr'><strong>ex-</strong></span> 
     </span>
    </p>
   </div>
   <div class='ocr_carea' id='block_1_43' title="bbox 395 2863 1471 2920">
    <p class='ocr_par' dir='ltr' id='par_1_43' title="bbox 395 2863 1471 2920">
     <span class='ocr_line' id='line_1_43' title="bbox 395 2863 1471 2920; baseline -0.01 -10"><span class='ocrx_word' id='word_1_313' title='bbox 395 2879 470 2919; x_wconf 89' lang='lat' dir='ltr'><strong>uta,</strong></span> <span class='ocrx_word' id='word_1_314' title='bbox 491 2871 806 2920; x_wconf 90' lang='lat' dir='ltr'><strong>ineorruptibilem</strong></span> <span class='ocrx_word' id='word_1_315' title='bbox 826 2869 932 2908; x_wconf 88' lang='lat' dir='ltr'><strong>nobis</strong></span> <span class='ocrx_word' id='word_1_316' title='bbox 961 2868 1134 2906; x_wconf 87' lang='lat' dir='ltr'><strong>decorem</strong></span> <span class='ocrx_word' id='word_1_317' title='bbox 1152 2864 1351 2904; x_wconf 80' lang='lat' dir='ltr'><strong>exhibebit.</strong></span> <span class='ocrx_word' id='word_1_318' title='bbox 1371 2863 1471 2908; x_wconf 84' lang='lat' dir='ltr'><strong>Quo-</strong></span> 
     </span>
    </p>
   </div>
   <div class='ocr_carea' id='block_1_44' title="bbox 396 2929 1472 2978">
    <p class='ocr_par' dir='ltr' id='par_1_44' title="bbox 396 2929 1472 2978">
     <span class='ocr_line' id='line_1_44' title="bbox 396 2929 1472 2978; baseline -0.011 -5"><span class='ocrx_word' id='word_1_319' title='bbox 396 2936 492 2973; x_wconf 90' lang='lat' dir='ltr'><strong>niam</strong></span> <span class='ocrx_word' id='word_1_320' title='bbox 513 2935 610 2973; x_wconf 90' lang='lat' dir='ltr'><strong>enim</strong></span> <span class='ocrx_word' id='word_1_321' title='bbox 634 2939 764 2972; x_wconf 89' lang='lat' dir='ltr'><strong>natura</strong></span> <span class='ocrx_word' id='word_1_322' title='bbox 785 2929 1071 2978; x_wconf 88' lang='lat' dir='ltr'><strong>incorruptibilia</strong></span> <span class='ocrx_word' id='word_1_323' title='bbox 1097 2937 1250 2976; x_wconf 87' lang='lat' dir='ltr'><strong>corpora</strong></span> <span class='ocrx_word' id='word_1_324' title='bbox 1279 2931 1472 2973; x_wconf 87' lang='lat' dir='ltr'><strong>acceptura</strong></span> 
     </span>
    </p>
   </div>
   <div class='ocr_carea' id='block_1_45' title="bbox 395 2987 1472 3046">
    <p class='ocr_par' dir='ltr' id='par_1_45' title="bbox 395 2987 1472 3046">
     <span class='ocr_line' id='line_1_45' title="bbox 395 2987 1472 3046; baseline -0.01 -12"><span class='ocrx_word' id='word_1_325' title='bbox 395 3003 462 3042; x_wconf 88' lang='lat' dir='ltr'><strong>est,</strong></span> <span class='ocrx_word' id='word_1_326' title='bbox 484 2998 562 3046; x_wconf 90' lang='lat' dir='ltr'><strong>ipsa</strong></span> <span class='ocrx_word' id='word_1_327' title='bbox 581 3006 727 3045; x_wconf 89' lang='lat' dir='ltr'><strong>quoque</strong></span> <span class='ocrx_word' id='word_1_328' title='bbox 756 2994 900 3032; x_wconf 87' lang='lat' dir='ltr'><strong>demum</strong></span> <span class='ocrx_word' id='word_1_329' title='bbox 939 2991 975 3028; x_wconf 91' lang='lat' dir='ltr'><strong>in</strong></span> <span class='ocrx_word' id='word_1_330' title='bbox 1011 2990 1141 3028; x_wconf 90' lang='lat' dir='ltr'><strong>melius</strong></span> <span class='ocrx_word' id='word_1_331' title='bbox 1176 2987 1472 3026; x_wconf 89' lang='lat' dir='ltr'><strong>commutabitur.</strong></span> 
     </span>
    </p>
   </div>
   <div class='ocr_carea' id='block_1_46' title="bbox 397 3048 1476 3100">
    <p class='ocr_par' dir='ltr' id='par_1_46' title="bbox 397 3048 1476 3100">
     <span class='ocr_line' id='line_1_46' title="bbox 397 3048 1476 3100; baseline -0.013 -1"><span class='ocrx_word' id='word_1_332' title='bbox 397 3060 501 3098; x_wconf 85' lang='lat' dir='ltr'><strong>Nulla</strong></span> <span class='ocrx_word' id='word_1_333' title='bbox 519 3066 606 3097; x_wconf 90' lang='lat' dir='ltr'><strong>tunc</strong></span> <span class='ocrx_word' id='word_1_334' title='bbox 623 3059 693 3096; x_wconf 92' lang='lat' dir='ltr'><strong>erit</strong></span> <span class='ocrx_word' id='word_1_335' title='bbox 707 3056 838 3095; x_wconf 89' lang='lat' dir='ltr'><strong>seditio</strong></span> <span class='ocrx_word' id='word_1_336' title='bbox 857 3059 920 3091; x_wconf 87' lang='lat' dir='ltr'><strong>aut</strong></span> <span class='ocrx_word' id='word_1_337' title='bbox 940 3062 1056 3100; x_wconf 86' lang='lat' dir='ltr'><strong>pugna</strong></span> <span class='ocrx_word' id='word_1_338' title='bbox 1078 3063 1087 3087; x_wconf 92' lang='lat'><strong>:</strong></span> <span class='ocrx_word' id='word_1_339' title='bbox 1108 3061 1236 3098; x_wconf 85' lang='lat' dir='ltr'><strong>magna</strong></span> <span class='ocrx_word' id='word_1_340' title='bbox 1254 3050 1386 3097; x_wconf 88' lang='lat' dir='ltr'><strong>quippe</strong></span> <span class='ocrx_word' id='word_1_341' title='bbox 1406 3048 1476 3086; x_wconf 88' lang='lat' dir='ltr'><strong>erit</strong></span> 
     </span>
    </p>
   </div>
   <div class='ocr_carea' id='block_1_47' title="bbox 397 3111 1476 3160">
    <p class='ocr_par' dir='ltr' id='par_1_47' title="bbox 397 3111 1476 3160">
     <span class='ocr_line' id='line_1_47' title="bbox 397 3111 1476 3160; baseline -0.01 -1"><span class='ocrx_word' id='word_1_342' title='bbox 397 3123 433 3158; x_wconf 90' lang='lat' dir='ltr'><strong>in</strong></span> <span class='ocrx_word' id='word_1_343' title='bbox 447 3122 560 3159; x_wconf 91' lang='lat' dir='ltr'><strong>choro</strong></span> <span class='ocrx_word' id='word_1_344' title='bbox 575 3126 784 3158; x_wconf 90' lang='lat' dir='ltr'><strong>sanctorum</strong></span> <span class='ocrx_word' id='word_1_345' title='bbox 801 3115 1009 3159; x_wconf 86' lang='lat' dir='ltr'><strong>concordia,</strong></span> <span class='ocrx_word' id='word_1_346' title='bbox 1037 3113 1204 3152; x_wconf 90' lang='lat' dir='ltr'><strong>omnibus</strong></span> <span class='ocrx_word' id='word_1_347' title='bbox 1219 3123 1363 3160; x_wconf 88' lang='lat' dir='ltr'><strong>semper</strong></span> <span class='ocrx_word' id='word_1_348' title='bbox 1379 3111 1476 3148; x_wconf 88' lang='lat' dir='ltr'><strong>inter</strong></span> 
     </span>
    </p>
   </div>
   <div class='ocr_carea' id='block_1_48' title="bbox 397 3173 1474 3220">
    <p class='ocr_par' dir='ltr' id='par_1_48' title="bbox 397 3173 1474 3220">
     <span class='ocr_line' id='line_1_48' title="bbox 397 3173 1474 3220; baseline -0.008 -1"><span class='ocrx_word' id='word_1_349' title='bbox 397 3193 437 3220; x_wconf 82' lang='lat' dir='ltr'><strong>se</strong></span> <span class='ocrx_word' id='word_1_350' title='bbox 454 3181 778 3220; x_wconf 87' lang='lat' dir='ltr'><strong>consentientibus.</strong></span> <span class='ocrx_word' id='word_1_351' title='bbox 793 3179 872 3216; x_wconf 84' lang='lat' dir='ltr'><strong>Non</strong></span> <span class='ocrx_word' id='word_1_352' title='bbox 892 3177 964 3214; x_wconf 93' lang='lat' dir='ltr'><strong>illic</strong></span> <span class='ocrx_word' id='word_1_353' title='bbox 991 3176 1158 3214; x_wconf 85' lang='lat' dir='ltr'><strong>diabolus</strong></span> <span class='ocrx_word' id='word_1_354' title='bbox 1184 3173 1385 3220; x_wconf 87' lang='lat' dir='ltr'><strong>timendus,</strong></span> <span class='ocrx_word' id='word_1_355' title='bbox 1403 3183 1474 3210; x_wconf 93' lang='lat' dir='ltr'><strong>non</strong></span> 
     </span>
    </p>
   </div>
   <div class='ocr_carea' id='block_1_49' title="bbox 403 3230 1480 3288">
    <p class='ocr_par' dir='ltr' id='par_1_49' title="bbox 403 3230 1480 3288">
     <span class='ocr_line' id='line_1_49' title="bbox 403 3230 1480 3288; baseline -0.006 -8"><span class='ocrx_word' id='word_1_356' title='bbox 403 3244 608 3282; x_wconf 82' lang='lat' dir='ltr'><strong>daemonum</strong></span> <span class='ocrx_word' id='word_1_357' title='bbox 637 3230 792 3287; x_wconf 68' lang='lat' dir='ltr'><strong>insidiae,</strong></span> <span class='ocrx_word' id='word_1_358' title='bbox 817 3251 891 3278; x_wconf 92' lang='lat' dir='ltr'><strong>non</strong></span> <span class='ocrx_word' id='word_1_359' title='bbox 920 3239 1097 3288; x_wconf 72' lang='lat' dir='ltr'><strong>gehennae</strong></span> <span class='ocrx_word' id='word_1_360' title='bbox 1129 3237 1375 3282; x_wconf 81' lang='lat' dir='ltr'><strong>comminatio,</strong></span> <span class='ocrx_word' id='word_1_361' title='bbox 1407 3246 1480 3274; x_wconf 91' lang='lat' dir='ltr'><strong>non</strong></span> 
     </span>
    </p>
   </div>
   <div class='ocr_carea' id='block_1_50' title="bbox 401 3298 1480 3352">
    <p class='ocr_par' dir='ltr' id='par_1_50' title="bbox 401 3298 1480 3352">
     <span class='ocr_line' id='line_1_50' title="bbox 401 3298 1480 3352; baseline -0.006 -10"><span class='ocrx_word' id='word_1_362' title='bbox 401 3315 514 3350; x_wconf 90' lang='lat' dir='ltr'><strong>mors,</strong></span> <span class='ocrx_word' id='word_1_363' title='bbox 533 3315 651 3352; x_wconf 89' lang='lat' dir='ltr'><strong>neque</strong></span> <span class='ocrx_word' id='word_1_364' title='bbox 668 3304 827 3341; x_wconf 89' lang='lat' dir='ltr'><strong>humana</strong></span> <span class='ocrx_word' id='word_1_365' title='bbox 850 3302 944 3348; x_wconf 57' lang='lat' dir='ltr'><strong>haec,</strong></span> <span class='ocrx_word' id='word_1_366' title='bbox 960 3312 1078 3350; x_wconf 88' lang='lat' dir='ltr'><strong>neque</strong></span> <span class='ocrx_word' id='word_1_367' title='bbox 1101 3301 1162 3338; x_wconf 88' lang='lat' dir='ltr'><strong>illa</strong></span> <span class='ocrx_word' id='word_1_368' title='bbox 1177 3300 1248 3338; x_wconf 88' lang='lat' dir='ltr'><strong>alia</strong></span> <span class='ocrx_word' id='word_1_369' title='bbox 1271 3298 1386 3336; x_wconf 87' lang='lat' dir='ltr'><strong>multo</strong></span> <span class='ocrx_word' id='word_1_370' title='bbox 1400 3309 1480 3346; x_wconf 87' lang='lat' dir='ltr'><strong>gra-</strong></span> 
     </span>
    </p>
   </div>
   <div class='ocr_carea' id='block_1_51' title="bbox 401 3360 1482 3412">
    <p class='ocr_par' dir='ltr' id='par_1_51' title="bbox 401 3360 1482 3412">
     <span class='ocr_line' id='line_1_51' title="bbox 401 3360 1482 3412; baseline -0.004 -10"><span class='ocrx_word' id='word_1_371' title='bbox 401 3365 502 3410; x_wconf 83' lang='lat' dir='ltr'><strong>vior;</strong></span> <span class='ocrx_word' id='word_1_372' title='bbox 524 3365 588 3402; x_wconf 89' lang='lat' dir='ltr'><strong>sed</strong></span> <span class='ocrx_word' id='word_1_373' title='bbox 608 3365 726 3404; x_wconf 88' lang='lat' dir='ltr'><strong>omnis</strong></span> <span class='ocrx_word' id='word_1_374' title='bbox 748 3363 997 3412; x_wconf 87' lang='lat' dir='ltr'><strong>hujuscemodi</strong></span> <span class='ocrx_word' id='word_1_375' title='bbox 1029 3369 1148 3401; x_wconf 89' lang='lat' dir='ltr'><strong>metus</strong></span> <span class='ocrx_word' id='word_1_376' title='bbox 1167 3362 1308 3400; x_wconf 85' lang='lat' dir='ltr'><strong>solutus</strong></span> <span class='ocrx_word' id='word_1_377' title='bbox 1331 3366 1401 3399; x_wconf 87' lang='lat' dir='ltr'><strong>est.</strong></span> <span class='ocrx_word' id='word_1_378' title='bbox 1428 3360 1482 3398; x_wconf 84' lang='lat' dir='ltr'><strong>Ac</strong></span> 
     </span>
    </p>
   </div>
   <div class='ocr_carea' id='block_1_52' title="bbox 401 3422 1480 3474">
    <p class='ocr_par' dir='ltr' id='par_1_52' title="bbox 401 3422 1480 3474">
     <span class='ocr_line' id='line_1_52' title="bbox 401 3422 1480 3474; baseline -0.006 -10"><span class='ocrx_word' id='word_1_379' title='bbox 401 3427 496 3464; x_wconf 85' lang='lat' dir='ltr'><strong>sicut</strong></span> <span class='ocrx_word' id='word_1_380' title='bbox 511 3437 600 3474; x_wconf 86' lang='lat' dir='ltr'><strong>puer</strong></span> <span class='ocrx_word' id='word_1_381' title='bbox 617 3427 738 3474; x_wconf 85' lang='lat' dir='ltr'><strong>regius</strong></span> <span class='ocrx_word' id='word_1_382' title='bbox 753 3453 764 3469; x_wconf 88' lang='lat'><strong>,</strong></span> <span class='ocrx_word' id='word_1_383' title='bbox 790 3425 945 3473; x_wconf 89' lang='lat' dir='ltr'><strong>primum</strong></span> <span class='ocrx_word' id='word_1_384' title='bbox 973 3424 1129 3473; x_wconf 88' lang='lat' dir='ltr'><strong>simplici</strong></span> <span class='ocrx_word' id='word_1_385' title='bbox 1155 3423 1264 3461; x_wconf 91' lang='lat' dir='ltr'><strong>modo</strong></span> <span class='ocrx_word' id='word_1_386' title='bbox 1283 3422 1480 3467; x_wconf 87' lang='lat' dir='ltr'><strong>educatur,</strong></span> 
     </span>
    </p>
   </div>
   <div class='ocr_carea' id='block_1_53' title="bbox 404 3484 1481 3536">
    <p class='ocr_par' dir='ltr' id='par_1_53' title="bbox 404 3484 1481 3536">
     <span class='ocr_line' id='line_1_53' title="bbox 404 3484 1481 3536; baseline -0.007 -8"><span class='ocrx_word' id='word_1_387' title='bbox 404 3489 595 3528; x_wconf 75' lang='lat' dir='ltr'><strong>timoribus</strong></span> <span class='ocrx_word' id='word_1_388' title='bbox 613 3494 720 3536; x_wconf 89' lang='lat' dir='ltr'><strong>atque</strong></span> <span class='ocrx_word' id='word_1_389' title='bbox 733 3488 840 3526; x_wconf 88' lang='lat' dir='ltr'><strong>minis</strong></span> <span class='ocrx_word' id='word_1_390' title='bbox 854 3495 1054 3533; x_wconf 86' lang='lat' dir='ltr'><strong>coercetur,</strong></span> <span class='ocrx_word' id='word_1_391' title='bbox 1077 3498 1124 3526; x_wconf 88' lang='lat' dir='ltr'><strong>ne</strong></span> <span class='ocrx_word' id='word_1_392' title='bbox 1138 3498 1204 3536; x_wconf 89' lang='lat' dir='ltr'><strong>per</strong></span> <span class='ocrx_word' id='word_1_393' title='bbox 1220 3484 1481 3533; x_wconf 82' lang='lat' dir='ltr'><strong>indulgentiam</strong></span> 
     </span>
    </p>
   </div>
   <div class='ocr_carea' id='block_1_54' title="bbox 403 3544 1485 3600">
    <p class='ocr_par' dir='ltr' id='par_1_54' title="bbox 403 3544 1485 3600">
     <span class='ocr_line' id='line_1_54' title="bbox 403 3544 1485 3600; baseline -0.006 -12"><span class='ocrx_word' id='word_1_394' title='bbox 403 3551 506 3600; x_wconf 84' lang='lat' dir='ltr'><strong>pejor</strong></span> <span class='ocrx_word' id='word_1_395' title='bbox 524 3550 667 3596; x_wconf 87' lang='lat' dir='ltr'><strong>evadat,</strong></span> <span class='ocrx_word' id='word_1_396' title='bbox 687 3560 802 3599; x_wconf 88' lang='lat' dir='ltr'><strong>seque</strong></span> <span class='ocrx_word' id='word_1_397' title='bbox 813 3556 962 3598; x_wconf 89' lang='lat' dir='ltr'><strong>paterna</strong></span> <span class='ocrx_word' id='word_1_398' title='bbox 981 3549 1170 3598; x_wconf 86' lang='lat' dir='ltr'><strong>indignum</strong></span> <span class='ocrx_word' id='word_1_399' title='bbox 1183 3547 1311 3586; x_wconf 86' lang='lat' dir='ltr'><strong>reddat</strong></span> <span class='ocrx_word' id='word_1_400' title='bbox 1330 3544 1485 3583; x_wconf 58' lang='lat' dir='ltr'><strong>haeredi-</strong></span> 
     </span>
    </p>
   </div>
   <div class='ocr_carea' id='block_1_55' title="bbox 405 3610 1482 3661">
    <p class='ocr_par' dir='ltr' id='par_1_55' title="bbox 405 3610 1482 3661">
     <span class='ocr_line' id='line_1_55' title="bbox 405 3610 1482 3661; baseline -0.006 -11"><span class='ocrx_word' id='word_1_401' title='bbox 405 3620 500 3658; x_wconf 88' lang='lat' dir='ltr'><strong>tate;</strong></span> <span class='ocrx_word' id='word_1_402' title='bbox 523 3619 713 3661; x_wconf 86' lang='lat' dir='ltr'><strong>postquam</strong></span> <span class='ocrx_word' id='word_1_403' title='bbox 725 3619 848 3650; x_wconf 90' lang='lat' dir='ltr'><strong>autem</strong></span> <span class='ocrx_word' id='word_1_404' title='bbox 865 3613 1000 3660; x_wconf 81' lang='lat' dir='ltr'><strong>regiam</strong></span> <span class='ocrx_word' id='word_1_405' title='bbox 1015 3613 1225 3661; x_wconf 81' lang='lat' dir='ltr'><strong>dignitatem</strong></span> <span class='ocrx_word' id='word_1_406' title='bbox 1245 3610 1398 3658; x_wconf 87' lang='lat' dir='ltr'><strong>adeptus</strong></span> <span class='ocrx_word' id='word_1_407' title='bbox 1411 3613 1482 3651; x_wconf 90' lang='lat' dir='ltr'><strong>est,</strong></span> 
     </span>
    </p>
   </div>
   <div class='ocr_carea' id='block_1_56' title="bbox 405 3671 1484 3723">
    <p class='ocr_par' dir='ltr' id='par_1_56' title="bbox 405 3671 1484 3723">
     <span class='ocr_line' id='line_1_56' title="bbox 405 3671 1484 3723; baseline -0.005 -10"><span class='ocrx_word' id='word_1_408' title='bbox 405 3675 464 3713; x_wconf 85' lang='lat' dir='ltr'><strong>his</strong></span> <span class='ocrx_word' id='word_1_409' title='bbox 479 3675 648 3714; x_wconf 89' lang='lat' dir='ltr'><strong>omnibus</strong></span> <span class='ocrx_word' id='word_1_410' title='bbox 661 3674 852 3714; x_wconf 91' lang='lat' dir='ltr'><strong>confestim</strong></span> <span class='ocrx_word' id='word_1_411' title='bbox 869 3675 1058 3723; x_wconf 84' lang='lat' dir='ltr'><strong>depositis,</strong></span> <span class='ocrx_word' id='word_1_412' title='bbox 1078 3683 1236 3723; x_wconf 89' lang='lat' dir='ltr'><strong>purpura</strong></span> <span class='ocrx_word' id='word_1_413' title='bbox 1257 3671 1484 3710; x_wconf 79' lang='lat' dir='ltr'><strong>diademate—</strong></span> 
     </span>
    </p>
   </div>
   <div class='ocr_carea' id='block_1_57' title="bbox 407 3737 1485 3784">
    <p class='ocr_par' dir='ltr' id='par_1_57' title="bbox 407 3737 1485 3784">
     <span class='ocr_line' id='line_1_57' title="bbox 407 3737 1485 3784; baseline -0.006 -9"><span class='ocrx_word' id='word_1_414' title='bbox 407 3749 478 3784; x_wconf 89' lang='lat' dir='ltr'><strong>qne</strong></span> <span class='ocrx_word' id='word_1_415' title='bbox 496 3745 668 3784; x_wconf 89' lang='lat' dir='ltr'><strong>ornatus,</strong></span> <span class='ocrx_word' id='word_1_416' title='bbox 682 3749 725 3776; x_wconf 88' lang='lat' dir='ltr'><strong>ac</strong></span> <span class='ocrx_word' id='word_1_417' title='bbox 752 3749 946 3776; x_wconf 87' lang='lat' dir='ltr'><strong>numeroso</strong></span> <span class='ocrx_word' id='word_1_418' title='bbox 971 3738 1142 3776; x_wconf 90' lang='lat' dir='ltr'><strong>satellitio</strong></span> <span class='ocrx_word' id='word_1_419' title='bbox 1161 3737 1315 3783; x_wconf 88' lang='lat' dir='ltr'><strong>stipatus</strong></span> <span class='ocrx_word' id='word_1_420' title='bbox 1327 3763 1338 3779; x_wconf 89' lang='lat'><strong>,</strong></span> <span class='ocrx_word' id='word_1_421' title='bbox 1357 3743 1485 3781; x_wconf 84' lang='lat' dir='ltr'><strong>magna</strong></span> 
     </span>
    </p>
   </div>
   <div class='ocr_carea' id='block_1_58' title="bbox 410 3799 1487 3852">
    <p class='ocr_par' dir='ltr' id='par_1_58' title="bbox 410 3799 1487 3852">
     <span class='ocr_line' id='line_1_58' title="bbox 410 3799 1487 3852; baseline -0.006 -16"><span class='ocrx_word' id='word_1_422' title='bbox 410 3811 491 3838; x_wconf 90' lang='lat' dir='ltr'><strong>eum</strong></span> <span class='ocrx_word' id='word_1_423' title='bbox 509 3803 677 3841; x_wconf 87' lang='lat' dir='ltr'><strong>libertate</strong></span> <span class='ocrx_word' id='word_1_424' title='bbox 699 3803 889 3852; x_wconf 66' lang='lat' dir='ltr'><strong>praesidet,</strong></span> <span class='ocrx_word' id='word_1_425' title='bbox 908 3802 1052 3850; x_wconf 87' lang='lat' dir='ltr'><strong>ahjecto</strong></span> <span class='ocrx_word' id='word_1_426' title='bbox 1075 3801 1122 3837; x_wconf 85' lang='lat' dir='ltr'><strong>ab</strong></span> <span class='ocrx_word' id='word_1_427' title='bbox 1149 3799 1269 3847; x_wconf 87' lang='lat' dir='ltr'><strong>anima</strong></span> <span class='ocrx_word' id='word_1_428' title='bbox 1302 3807 1366 3834; x_wconf 86' lang='lat' dir='ltr'><strong>sua</strong></span> <span class='ocrx_word' id='word_1_429' title='bbox 1393 3802 1487 3833; x_wconf 86' lang='lat' dir='ltr'><strong>statu</strong></span> 
     </span>
    </p>
   </div>
   <div class='ocr_carea' id='block_1_59' title="bbox 411 3859 1488 3914">
    <p class='ocr_par' dir='ltr' id='par_1_59' title="bbox 411 3859 1488 3914">
     <span class='ocr_line' id='line_1_59' title="bbox 411 3859 1488 3914; baseline -0.006 -16"><span class='ocrx_word' id='word_1_430' title='bbox 411 3861 474 3899; x_wconf 84' lang='lat' dir='ltr'><strong>illo</strong></span> <span class='ocrx_word' id='word_1_431' title='bbox 494 3864 618 3902; x_wconf 76' lang='lat' dir='ltr'><strong>humili</strong></span> <span class='ocrx_word' id='word_1_432' title='bbox 642 3871 751 3914; x_wconf 87' lang='lat' dir='ltr'><strong>atque</strong></span> <span class='ocrx_word' id='word_1_433' title='bbox 779 3865 954 3910; x_wconf 88' lang='lat' dir='ltr'><strong>demisso,</strong></span> <span class='ocrx_word' id='word_1_434' title='bbox 973 3864 1116 3910; x_wconf 86' lang='lat' dir='ltr'><strong>aliaque</strong></span> <span class='ocrx_word' id='word_1_435' title='bbox 1143 3859 1335 3897; x_wconf 85' lang='lat' dir='ltr'><strong>substituta</strong></span> <span class='ocrx_word' id='word_1_436' title='bbox 1365 3867 1488 3894; x_wconf 85' lang='lat' dir='ltr'><strong>rerum</strong></span> 
     </span>
    </p>
   </div>
   <div class='ocr_carea' id='block_1_60' title="bbox 414 3918 1490 3974">
    <p class='ocr_par' dir='ltr' id='par_1_60' title="bbox 414 3918 1490 3974">
     <span class='ocr_line' id='line_1_60' title="bbox 414 3918 1490 3974; baseline -0.003 -15"><span class='ocrx_word' id='word_1_437' title='bbox 414 3923 618 3964; x_wconf 81' lang='lat' dir='ltr'><strong>conditione</strong></span> <span class='ocrx_word' id='word_1_438' title='bbox 641 3937 652 3964; x_wconf 93' lang='lat'><strong>:</strong></span> <span class='ocrx_word' id='word_1_439' title='bbox 682 3927 730 3964; x_wconf 84' lang='lat' dir='ltr'><strong>ita</strong></span> <span class='ocrx_word' id='word_1_440' title='bbox 750 3932 835 3966; x_wconf 85' lang='lat' dir='ltr'><strong>tunc</strong></span> <span class='ocrx_word' id='word_1_441' title='bbox 864 3927 1049 3974; x_wconf 81' lang='lat' dir='ltr'><strong>continget</strong></span> <span class='ocrx_word' id='word_1_442' title='bbox 1069 3921 1204 3960; x_wconf 84' lang='lat' dir='ltr'><strong>sanctis</strong></span> <span class='ocrx_word' id='word_1_443' title='bbox 1223 3919 1405 3960; x_wconf 86' lang='lat' dir='ltr'><strong>omnibus.</strong></span> <span class='ocrx_word' id='word_1_444' title='bbox 1437 3918 1490 3956; x_wconf 83' lang='lat' dir='ltr'><strong>Ne</strong></span> 
     </span>
    </p>
   </div>
   <div class='ocr_carea' id='block_1_61' title="bbox 827 227 2052 274">
    <p class='ocr_par' dir='ltr' id='par_1_61' title="bbox 827 227 2052 274">
     <span class='ocr_line' id='line_1_61' title="bbox 827 227 2052 274; baseline -0.01 0"><span class='ocrx_word' id='word_1_445' title='bbox 827 238 864 274; x_wconf 89' lang='lat' dir='ltr'><strong>S.</strong></span> <span class='ocrx_word' id='word_1_446' title='bbox 891 234 1080 273; x_wconf 73' lang='lat' dir='ltr'><strong>JOANNIS</strong></span> <span class='ocrx_word' id='word_1_447' title='bbox 1107 230 1425 270; x_wconf 64' lang='lat' dir='ltr'><strong>CHRYSOSTOBH</strong></span> <span class='ocrx_word' id='word_1_448' title='bbox 1453 229 1663 266; x_wconf 64' lang='lat' dir='ltr'><strong>ARClllEl‘.</strong></span> <span class='ocrx_word' id='word_1_449' title='bbox 1693 227 2052 268; x_wconf 67' lang='lat' dir='ltr'><strong>CONSTANTINOP.</strong></span> 
     </span>
    </p>
   </div>
   <div class='ocr_carea' id='block_1_62' title="bbox 1513 3097 2226 3161">
    <p class='ocr_par' dir='ltr' id='par_1_62' title="bbox 1513 3097 2226 3161">
     <span class='ocr_line' id='line_1_62' title="bbox 1513 3097 2226 3161; baseline -0.029 -6"><span class='ocrx_word' id='word_1_450' title='bbox 1513 3131 1519 3135; x_wconf 70' lang='lat'><strong><em>-</em></strong></span> <span class='ocrx_word' id='word_1_451' title='bbox 1549 3097 1644 3154; x_wconf 84' lang='lat' dir='ltr'><strong>ultra</strong></span> <span class='ocrx_word' id='word_1_452' title='bbox 1664 3097 1728 3161; x_wconf 85' lang='lat' dir='ltr'><strong>per</strong></span> <span class='ocrx_word' id='word_1_453' title='bbox 1747 3110 1868 3152; x_wconf 87' lang='lat' dir='ltr'><strong>ﬁdem,</strong></span> <span class='ocrx_word' id='word_1_454' title='bbox 1885 3106 1950 3145; x_wconf 91' lang='lat' dir='ltr'><strong>sed</strong></span> <span class='ocrx_word' id='word_1_455' title='bbox 1962 3115 2028 3153; x_wconf 89' lang='lat' dir='ltr'><strong>per</strong></span> <span class='ocrx_word' id='word_1_456' title='bbox 2043 3097 2226 3151; x_wconf 87' lang='lat' dir='ltr'><strong>speciem?</strong></span> 
     </span>
    </p>
   </div>
   <div class='ocr_carea' id='block_1_63' title="bbox 2467 229 2520 268">
    <p class='ocr_par' dir='ltr' id='par_1_63' title="bbox 2467 229 2520 268">
     <span class='ocr_line' id='line_1_63' title="bbox 2467 229 2520 268; baseline 0 -1"><span class='ocrx_word' id='word_1_457' title='bbox 2467 229 2520 268; x_wconf 63' lang='grc' dir='ltr'><strong>*ΞΜ</strong></span> 
     </span>
    </p>
   </div>
   <div class='ocr_carea' id='block_1_64' title="bbox 1508 301 2522 354">
    <p class='ocr_par' dir='ltr' id='par_1_64' title="bbox 1508 301 2522 354">
     <span class='ocr_line' id='line_1_64' title="bbox 1508 301 2522 354; baseline -0.008 -12"><span class='ocrx_word' id='word_1_458' title='bbox 1508 315 1611 354; x_wconf 82' lang='lat' dir='ltr'><strong>putes</strong></span> <span class='ocrx_word' id='word_1_459' title='bbox 1630 314 1749 344; x_wconf 86' lang='lat' dir='ltr'><strong>autem</strong></span> <span class='ocrx_word' id='word_1_460' title='bbox 1770 307 1847 343; x_wconf 62' lang='lat' dir='ltr'><strong>haec</strong></span> <span class='ocrx_word' id='word_1_461' title='bbox 1879 315 1944 342; x_wconf 93' lang='lat' dir='ltr'><strong>ceu</strong></span> <span class='ocrx_word' id='word_1_462' title='bbox 1975 301 2126 352; x_wconf 89' lang='lat' dir='ltr'><strong>quadam</strong></span> <span class='ocrx_word' id='word_1_463' title='bbox 2146 301 2326 340; x_wconf 82' lang='lat' dir='ltr'><strong>verborum</strong></span> <span class='ocrx_word' id='word_1_464' title='bbox 2347 313 2457 350; x_wconf 65' lang='lat' dir='ltr'><strong>parum</strong></span> <span class='ocrx_word' id='word_1_465' title='bbox 2483 317 2522 352; x_wconf 66' lang='grc' dir='ltr'><strong>μ.</strong></span> 
     </span>
    </p>
   </div>
   <div class='ocr_carea' id='block_1_65' title="bbox 1505 363 2526 415">
    <p class='ocr_par' dir='ltr' id='par_1_65' title="bbox 1505 363 2526 415">
     <span class='ocr_line' id='line_1_65' title="bbox 1505 363 2526 415; baseline -0.003 -9"><span class='ocrx_word' id='word_1_466' title='bbox 1505 371 1608 411; x_wconf 83' lang='lat' dir='ltr'><strong>ctari.</strong></span> <span class='ocrx_word' id='word_1_467' title='bbox 1631 369 1675 406; x_wconf 87' lang='lat' dir='ltr'><strong>ad</strong></span> <span class='ocrx_word' id='word_1_468' title='bbox 1694 375 1853 406; x_wconf 85' lang='lat' dir='ltr'><strong>montem</strong></span> <span class='ocrx_word' id='word_1_469' title='bbox 1875 374 2066 415; x_wconf 85' lang='lat' dir='ltr'><strong>pergamus</strong></span> <span class='ocrx_word' id='word_1_470' title='bbox 2079 365 2140 402; x_wconf 90' lang='lat' dir='ltr'><strong>ubi</strong></span> <span class='ocrx_word' id='word_1_471' title='bbox 2155 363 2312 402; x_wconf 79' lang='lat' dir='ltr'><strong>Christus</strong></span> <span class='ocrx_word' id='word_1_472' title='bbox 2329 365 2526 412; x_wconf 84' lang='lat' dir='ltr'><strong>transﬁgura-</strong></span> 
     </span>
    </p>
   </div>
   <div class='ocr_carea' id='block_1_66' title="bbox 1507 427 2526 478">
    <p class='ocr_par' dir='ltr' id='par_1_66' title="bbox 1507 427 2526 478">
     <span class='ocr_line' id='line_1_66' title="bbox 1507 427 2526 478; baseline -0.005 -8"><span class='ocrx_word' id='word_1_473' title='bbox 1507 439 1562 470; x_wconf 92' lang='lat' dir='ltr'><strong>tus</strong></span> <span class='ocrx_word' id='word_1_474' title='bbox 1577 439 1631 470; x_wconf 89' lang='lat' dir='ltr'><strong>est</strong></span> <span class='ocrx_word' id='word_1_475' title='bbox 1646 445 1654 469; x_wconf 91' lang='lat'><strong>:</strong></span> <span class='ocrx_word' id='word_1_476' title='bbox 1673 429 1960 478; x_wconf 90' lang='lat' dir='ltr'><strong>contemplemur</strong></span> <span class='ocrx_word' id='word_1_477' title='bbox 1973 429 2072 466; x_wconf 92' lang='lat' dir='ltr'><strong>illum</strong></span> <span class='ocrx_word' id='word_1_478' title='bbox 2087 427 2273 475; x_wconf 82' lang='lat' dir='ltr'><strong>Splendore</strong></span> <span class='ocrx_word' id='word_1_479' title='bbox 2285 436 2402 474; x_wconf 77' lang='lat' dir='ltr'><strong>magno</strong></span> <span class='ocrx_word' id='word_1_480' title='bbox 2415 427 2526 476; x_wconf 60' lang='lat' dir='ltr'><strong>fulgeo.</strong></span> 
     </span>
    </p>
   </div>
   <div class='ocr_carea' id='block_1_67' title="bbox 1509 489 2530 540">
    <p class='ocr_par' dir='ltr' id='par_1_67' title="bbox 1509 489 2530 540">
     <span class='ocr_line' id='line_1_67' title="bbox 1509 489 2530 540; baseline -0.005 -8"><span class='ocrx_word' id='word_1_481' title='bbox 1509 501 1580 533; x_wconf 90' lang='lat' dir='ltr'><strong>tem</strong></span> <span class='ocrx_word' id='word_1_482' title='bbox 1597 523 1608 540; x_wconf 93' lang='lat'><strong>,</strong></span> <span class='ocrx_word' id='word_1_483' title='bbox 1629 496 1711 532; x_wconf 90' lang='lat' dir='ltr'><strong>licet</strong></span> <span class='ocrx_word' id='word_1_484' title='bbox 1725 501 1844 530; x_wconf 87' lang='lat' dir='ltr'><strong>tamen</strong></span> <span class='ocrx_word' id='word_1_485' title='bbox 1865 493 1942 540; x_wconf 91' lang='lat' dir='ltr'><strong>ipse</strong></span> <span class='ocrx_word' id='word_1_486' title='bbox 1961 501 2032 528; x_wconf 90' lang='lat' dir='ltr'><strong>non</strong></span> <span class='ocrx_word' id='word_1_487' title='bbox 2052 496 2164 528; x_wconf 90' lang='lat' dir='ltr'><strong>totum</strong></span> <span class='ocrx_word' id='word_1_488' title='bbox 2184 489 2288 526; x_wconf 90' lang='lat' dir='ltr'><strong>futuri</strong></span> <span class='ocrx_word' id='word_1_489' title='bbox 2306 489 2416 526; x_wconf 56' lang='lat' dir='ltr'><strong>seculi</strong></span> <span class='ocrx_word' id='word_1_490' title='bbox 2433 491 2530 537; x_wconf 88' lang='lat' dir='ltr'><strong>splen-</strong></span> 
     </span>
    </p>
   </div>
   <div class='ocr_carea' id='block_1_68' title="bbox 1509 551 2530 601">
    <p class='ocr_par' dir='ltr' id='par_1_68' title="bbox 1509 551 2530 601">
     <span class='ocr_line' id='line_1_68' title="bbox 1509 551 2530 601; baseline -0.005 -7"><span class='ocrx_word' id='word_1_491' title='bbox 1509 559 1635 594; x_wconf 88' lang='lat' dir='ltr'><strong>dorem</strong></span> <span class='ocrx_word' id='word_1_492' title='bbox 1655 555 1872 594; x_wconf 81' lang='lat' dir='ltr'><strong>exhibuerit.</strong></span> <span class='ocrx_word' id='word_1_493' title='bbox 1887 554 1974 591; x_wconf 84' lang='lat' dir='ltr'><strong>Nam</strong></span> <span class='ocrx_word' id='word_1_494' title='bbox 1987 553 2080 601; x_wconf 90' lang='lat' dir='ltr'><strong>quod</strong></span> <span class='ocrx_word' id='word_1_495' title='bbox 2095 551 2376 598; x_wconf 86' lang='lat' dir='ltr'><strong>attemperatione</strong></span> <span class='ocrx_word' id='word_1_496' title='bbox 2391 552 2530 599; x_wconf 84' lang='lat' dir='ltr'><strong>quadam,</strong></span> 
     </span>
    </p>
   </div>
   <div class='ocr_carea' id='block_1_69' title="bbox 1510 613 2532 659">
    <p class='ocr_par' dir='ltr' id='par_1_69' title="bbox 1510 613 2532 659">
     <span class='ocr_line' id='line_1_69' title="bbox 1510 613 2532 659; baseline -0.007 -3"><span class='ocrx_word' id='word_1_497' title='bbox 1510 630 1582 656; x_wconf 90' lang='lat' dir='ltr'><strong>non</strong></span> <span class='ocrx_word' id='word_1_498' title='bbox 1601 623 1766 656; x_wconf 88' lang='lat' dir='ltr'><strong>accurata</strong></span> <span class='ocrx_word' id='word_1_499' title='bbox 1779 625 1903 654; x_wconf 89' lang='lat' dir='ltr'><strong>rerum</strong></span> <span class='ocrx_word' id='word_1_500' title='bbox 1923 614 2236 656; x_wconf 87' lang='lat' dir='ltr'><strong>demonstratione,</strong></span> <span class='ocrx_word' id='word_1_501' title='bbox 2256 613 2330 649; x_wconf 87' lang='lat' dir='ltr'><strong>talis</strong></span> <span class='ocrx_word' id='word_1_502' title='bbox 2347 614 2532 659; x_wconf 86' lang='lat' dir='ltr'><strong>apparuerit.</strong></span> 
     </span>
    </p>
   </div>
   <div class='ocr_carea' id='block_1_70' title="bbox 1512 673 2535 728">
    <p class='ocr_par' dir='ltr' id='par_1_70' title="bbox 1512 673 2535 728">
     <span class='ocr_line' id='line_1_70' title="bbox 1512 673 2535 728; baseline -0.01 -9"><span class='ocrx_word' id='word_1_503' title='bbox 1512 692 1556 719; x_wconf 83' lang='lat' dir='ltr'><strong>ex</strong></span> <span class='ocrx_word' id='word_1_504' title='bbox 1573 681 1660 728; x_wconf 90' lang='lat' dir='ltr'><strong>ipsis</strong></span> <span class='ocrx_word' id='word_1_505' title='bbox 1677 678 1910 726; x_wconf 73' lang='lat' dir='ltr'><strong>evangelistze</strong></span> <span class='ocrx_word' id='word_1_506' title='bbox 1929 676 2048 714; x_wconf 85' lang='lat' dir='ltr'><strong>verbis</strong></span> <span class='ocrx_word' id='word_1_507' title='bbox 2065 674 2274 712; x_wconf 87' lang='lat' dir='ltr'><strong>ostenditur.</strong></span> <span class='ocrx_word' id='word_1_508' title='bbox 2285 673 2371 718; x_wconf 84' lang='lat' dir='ltr'><strong>Quid</strong></span> <span class='ocrx_word' id='word_1_509' title='bbox 2386 673 2468 710; x_wconf 87' lang='lat' dir='ltr'><strong>enim</strong></span> <span class='ocrx_word' id='word_1_510' title='bbox 2477 674 2535 710; x_wconf 85' lang='lat' dir='ltr'><strong>ait?</strong></span> 
     </span>
    </p>
   </div>
   <div class='ocr_carea' id='block_1_71' title="bbox 1517 735 2536 791">
    <p class='ocr_par' dir='ltr' id='par_1_71' title="bbox 1517 735 2536 791">
     <span class='ocr_line' id='line_1_71' title="bbox 1517 735 2536 791; baseline -0.011 -10"><span class='ocrx_word' id='word_1_511' title='bbox 1517 742 1739 791; x_wconf 79' lang='lat' dir='ltr'><strong>Resptenduit</strong></span> <span class='ocrx_word' id='word_1_512' title='bbox 1758 742 1847 778; x_wconf 84' lang='lat' dir='ltr'><strong>sicut</strong></span> <span class='ocrx_word' id='word_1_513' title='bbox 1863 739 1914 777; x_wconf 79' lang='lat' dir='ltr'><strong>sat</strong></span> <span class='ocrx_word' id='word_1_514' title='bbox 1938 738 2080 787; x_wconf 85' lang='lat' dir='ltr'><strong>(Matth.</strong></span> <span class='ocrx_word' id='word_1_515' title='bbox 2101 737 2158 774; x_wconf 79' lang='grc'><strong>17.</strong></span> <span class='ocrx_word' id='word_1_516' title='bbox 2178 736 2229 784; x_wconf 69' lang='grc'><strong>2).</strong></span> <span class='ocrx_word' id='word_1_517' title='bbox 2250 735 2536 782; x_wconf 87' lang='lat' dir='ltr'><strong>lncorruptibilium</strong></span> 
     </span>
    </p>
   </div>
   <div class='ocr_carea' id='block_1_72' title="bbox 1514 795 2534 852">
    <p class='ocr_par' dir='ltr' id='par_1_72' title="bbox 1514 795 2534 852">
     <span class='ocr_line' id='line_1_72' title="bbox 1514 795 2534 852; baseline -0.014 -8"><span class='ocrx_word' id='word_1_518' title='bbox 1514 812 1635 844; x_wconf 90' lang='lat' dir='ltr'><strong>autem</strong></span> <span class='ocrx_word' id='word_1_519' title='bbox 1658 813 1851 852; x_wconf 87' lang='lat' dir='ltr'><strong>corporum</strong></span> <span class='ocrx_word' id='word_1_520' title='bbox 1869 801 1979 849; x_wconf 88' lang='lat' dir='ltr'><strong>gloria</strong></span> <span class='ocrx_word' id='word_1_521' title='bbox 2011 809 2082 836; x_wconf 91' lang='lat' dir='ltr'><strong>non</strong></span> <span class='ocrx_word' id='word_1_522' title='bbox 2119 803 2250 834; x_wconf 86' lang='lat' dir='ltr'><strong>tantam</strong></span> <span class='ocrx_word' id='word_1_523' title='bbox 2283 795 2401 833; x_wconf 90' lang='lat' dir='ltr'><strong>emittit</strong></span> <span class='ocrx_word' id='word_1_524' title='bbox 2427 795 2534 836; x_wconf 86' lang='lat' dir='ltr'><strong>lucem,</strong></span> 
     </span>
    </p>
   </div>
   <div class='ocr_carea' id='block_1_73' title="bbox 1515 856 2536 916">
    <p class='ocr_par' dir='ltr' id='par_1_73' title="bbox 1515 856 2536 916">
     <span class='ocr_line' id='line_1_73' title="bbox 1515 856 2536 916; baseline -0.013 -11"><span class='ocrx_word' id='word_1_525' title='bbox 1515 873 1684 916; x_wconf 88' lang='lat' dir='ltr'><strong>quantam</strong></span> <span class='ocrx_word' id='word_1_526' title='bbox 1717 875 1848 912; x_wconf 90' lang='lat' dir='ltr'><strong>corpus</strong></span> <span class='ocrx_word' id='word_1_527' title='bbox 1879 863 1950 900; x_wconf 91' lang='lat' dir='ltr'><strong>hoc</strong></span> <span class='ocrx_word' id='word_1_528' title='bbox 1981 859 2221 906; x_wconf 88' lang='lat' dir='ltr'><strong>corruptibile,</strong></span> <span class='ocrx_word' id='word_1_529' title='bbox 2237 867 2346 904; x_wconf 87' lang='lat' dir='ltr'><strong>neque</strong></span> <span class='ocrx_word' id='word_1_530' title='bbox 2363 856 2456 894; x_wconf 88' lang='lat' dir='ltr'><strong>talem</strong></span> <span class='ocrx_word' id='word_1_531' title='bbox 2476 861 2536 892; x_wconf 82' lang='lat' dir='ltr'><strong>uta</strong></span> 
     </span>
    </p>
   </div>
   <div class='ocr_carea' id='block_1_74' title="bbox 1516 917 2538 971">
    <p class='ocr_par' dir='ltr' id='par_1_74' title="bbox 1516 917 2538 971">
     <span class='ocr_line' id='line_1_74' title="bbox 1516 917 2538 971; baseline -0.014 -4"><span class='ocrx_word' id='word_1_532' title='bbox 1516 929 1728 968; x_wconf 88' lang='lat' dir='ltr'><strong>mortalibus</strong></span> <span class='ocrx_word' id='word_1_533' title='bbox 1747 926 1862 964; x_wconf 90' lang='lat' dir='ltr'><strong>oculis</strong></span> <span class='ocrx_word' id='word_1_534' title='bbox 1885 924 1998 962; x_wconf 84' lang='lat' dir='ltr'><strong>videri</strong></span> <span class='ocrx_word' id='word_1_535' title='bbox 2018 922 2154 971; x_wconf 88' lang='lat' dir='ltr'><strong>possit;</strong></span> <span class='ocrx_word' id='word_1_536' title='bbox 2174 920 2235 958; x_wconf 90' lang='lat' dir='ltr'><strong>sed</strong></span> <span class='ocrx_word' id='word_1_537' title='bbox 2251 917 2538 966; x_wconf 79' lang='lat' dir='ltr'><strong>incorruptibilibus</strong></span> 
     </span>
    </p>
   </div>
   <div class='ocr_carea' id='block_1_75' title="bbox 1517 977 2538 1031">
    <p class='ocr_par' dir='ltr' id='par_1_75' title="bbox 1517 977 2538 1031">
     <span class='ocr_line' id='line_1_75' title="bbox 1517 977 2538 1031; baseline -0.016 -1"><span class='ocrx_word' id='word_1_538' title='bbox 1517 999 1554 1030; x_wconf 92' lang='lat' dir='ltr'><strong>ct</strong></span> <span class='ocrx_word' id='word_1_539' title='bbox 1568 989 1830 1029; x_wconf 88' lang='lat' dir='ltr'><strong>immortalibus</strong></span> <span class='ocrx_word' id='word_1_540' title='bbox 1849 987 1963 1025; x_wconf 89' lang='lat' dir='ltr'><strong>oculis</strong></span> <span class='ocrx_word' id='word_1_541' title='bbox 1995 992 2050 1023; x_wconf 89' lang='lat' dir='ltr'><strong>est</strong></span> <span class='ocrx_word' id='word_1_542' title='bbox 2079 993 2168 1031; x_wconf 80' lang='lat' dir='ltr'><strong>opus</strong></span> <span class='ocrx_word' id='word_1_543' title='bbox 2193 981 2235 1018; x_wconf 88' lang='lat' dir='ltr'><strong>ad</strong></span> <span class='ocrx_word' id='word_1_544' title='bbox 2255 981 2328 1028; x_wconf 87' lang='lat' dir='ltr'><strong>ejus</strong></span> <span class='ocrx_word' id='word_1_545' title='bbox 2354 977 2538 1025; x_wconf 81' lang='lat' dir='ltr'><strong>contempla-</strong></span> 
     </span>
    </p>
   </div>
   <div class='ocr_carea' id='block_1_76' title="bbox 1519 1042 2538 1092">
    <p class='ocr_par' dir='ltr' id='par_1_76' title="bbox 1519 1042 2538 1092">
     <span class='ocr_line' id='line_1_76' title="bbox 1519 1042 2538 1092; baseline -0.015 0"><span class='ocrx_word' id='word_1_546' title='bbox 1519 1055 1669 1092; x_wconf 91' lang='lat' dir='ltr'><strong>tionem.</strong></span> <span class='ocrx_word' id='word_1_547' title='bbox 1692 1052 1730 1090; x_wconf 93' lang='lat' dir='ltr'><strong>In</strong></span> <span class='ocrx_word' id='word_1_548' title='bbox 1750 1057 1874 1089; x_wconf 91' lang='lat' dir='ltr'><strong>monte</strong></span> <span class='ocrx_word' id='word_1_549' title='bbox 1893 1055 2012 1087; x_wconf 87' lang='lat' dir='ltr'><strong>autem</strong></span> <span class='ocrx_word' id='word_1_550' title='bbox 2033 1053 2164 1086; x_wconf 86' lang='lat' dir='ltr'><strong>tantam</strong></span> <span class='ocrx_word' id='word_1_551' title='bbox 2186 1045 2270 1092; x_wconf 89' lang='lat' dir='ltr'><strong>ipsis</strong></span> <span class='ocrx_word' id='word_1_552' title='bbox 2288 1042 2434 1090; x_wconf 86' lang='lat' dir='ltr'><strong>aperuit,</strong></span> <span class='ocrx_word' id='word_1_553' title='bbox 2449 1053 2538 1090; x_wconf 54' lang='lat' dir='ltr'><strong>quan.</strong></span> 
     </span>
    </p>
   </div>
   <div class='ocr_carea' id='block_1_77' title="bbox 1522 1109 2540 1156">
    <p class='ocr_par' dir='ltr' id='par_1_77' title="bbox 1522 1109 2540 1156">
     <span class='ocr_line' id='line_1_77' title="bbox 1522 1109 2540 1156; baseline -0.015 0"><span class='ocrx_word' id='word_1_554' title='bbox 1522 1126 1594 1156; x_wconf 87' lang='lat' dir='ltr'><strong>tam</strong></span> <span class='ocrx_word' id='word_1_555' title='bbox 1631 1118 1709 1154; x_wconf 89' lang='lat' dir='ltr'><strong>sine</strong></span> <span class='ocrx_word' id='word_1_556' title='bbox 1743 1116 1929 1154; x_wconf 90' lang='lat' dir='ltr'><strong>oculorum</strong></span> <span class='ocrx_word' id='word_1_557' title='bbox 1965 1113 2112 1150; x_wconf 74' lang='lat' dir='ltr'><strong>laesione</strong></span> <span class='ocrx_word' id='word_1_558' title='bbox 2141 1109 2232 1148; x_wconf 87' lang='lat' dir='ltr'><strong>ferre</strong></span> <span class='ocrx_word' id='word_1_559' title='bbox 2259 1113 2540 1156; x_wconf 80' lang='lat' dir='ltr'><strong>poterantzneque</strong></span> 
     </span>
    </p>
   </div>
   <div class='ocr_carea' id='block_1_78' title="bbox 1521 1167 2540 1226">
    <p class='ocr_par' dir='ltr' id='par_1_78' title="bbox 1521 1167 2540 1226">
     <span class='ocr_line' id='line_1_78' title="bbox 1521 1167 2540 1226; baseline -0.019 -5"><span class='ocrx_word' id='word_1_560' title='bbox 1521 1189 1640 1222; x_wconf 88' lang='lat' dir='ltr'><strong>tamen</strong></span> <span class='ocrx_word' id='word_1_561' title='bbox 1662 1181 1844 1218; x_wconf 90' lang='lat' dir='ltr'><strong>sustinere</strong></span> <span class='ocrx_word' id='word_1_562' title='bbox 1859 1181 2067 1226; x_wconf 89' lang='lat' dir='ltr'><strong>potuerunt,</strong></span> <span class='ocrx_word' id='word_1_563' title='bbox 2087 1173 2150 1211; x_wconf 89' lang='lat' dir='ltr'><strong>sed</strong></span> <span class='ocrx_word' id='word_1_564' title='bbox 2170 1171 2367 1209; x_wconf 89' lang='lat' dir='ltr'><strong>ceciderunt</strong></span> <span class='ocrx_word' id='word_1_565' title='bbox 2391 1169 2423 1205; x_wconf 89' lang='lat' dir='ltr'><strong>in</strong></span> <span class='ocrx_word' id='word_1_566' title='bbox 2440 1167 2540 1204; x_wconf 78' lang='lat' dir='ltr'><strong>faciem</strong></span> 
     </span>
    </p>
   </div>
   <div class='ocr_carea' id='block_1_79' title="bbox 1521 1228 2540 1287">
    <p class='ocr_par' dir='ltr' id='par_1_79' title="bbox 1521 1228 2540 1287">
     <span class='ocr_line' id='line_1_79' title="bbox 1521 1228 2540 1287; baseline -0.019 -5"><span class='ocrx_word' id='word_1_567' title='bbox 1521 1255 1622 1282; x_wconf 86' lang='lat' dir='ltr'><strong>suam</strong></span> <span class='ocrx_word' id='word_1_568' title='bbox 1634 1244 1661 1278; x_wconf 74' lang='grc' dir='ltr'>ί.</span> <span class='ocrx_word' id='word_1_569' title='bbox 1675 1243 1739 1280; x_wconf 91' lang='lat' dir='ltr'><strong>Dic</strong></span> <span class='ocrx_word' id='word_1_570' title='bbox 1755 1240 1857 1285; x_wconf 88' lang='lat' dir='ltr'><strong>mihi,</strong></span> <span class='ocrx_word' id='word_1_571' title='bbox 1870 1247 2006 1287; x_wconf 67' lang='lat' dir='ltr'><strong>quaeso,</strong></span> <span class='ocrx_word' id='word_1_572' title='bbox 2023 1237 2054 1275; x_wconf 86' lang='lat' dir='ltr'><strong>si</strong></span> <span class='ocrx_word' id='word_1_573' title='bbox 2067 1235 2144 1284; x_wconf 87' lang='lat' dir='ltr'><strong>quis</strong></span> <span class='ocrx_word' id='word_1_574' title='bbox 2161 1241 2194 1271; x_wconf 92' lang='lat' dir='ltr'><strong>te</strong></span> <span class='ocrx_word' id='word_1_575' title='bbox 2217 1233 2250 1269; x_wconf 91' lang='lat' dir='ltr'><strong>in</strong></span> <span class='ocrx_word' id='word_1_576' title='bbox 2262 1233 2372 1268; x_wconf 91' lang='lat' dir='ltr'><strong>locum</strong></span> <span class='ocrx_word' id='word_1_577' title='bbox 2385 1228 2540 1276; x_wconf 86' lang='lat' dir='ltr'><strong>quemdam</strong></span> 
     </span>
    </p>
   </div>
   <div class='ocr_carea' id='block_1_80' title="bbox 1522 1288 2542 1354">
    <p class='ocr_par' dir='ltr' id='par_1_80' title="bbox 1522 1288 2542 1354">
     <span class='ocr_line' id='line_1_80' title="bbox 1522 1288 2542 1354; baseline -0.017 -12"><span class='ocrx_word' id='word_1_578' title='bbox 1522 1303 1750 1354; x_wconf 88' lang='lat' dir='ltr'><strong>splendidum</strong></span> <span class='ocrx_word' id='word_1_579' title='bbox 1771 1303 1784 1324; x_wconf 84' lang='grc'>²</span> <span class='ocrx_word' id='word_1_580' title='bbox 1801 1301 1987 1339; x_wconf 89' lang='lat' dir='ltr'><strong>induceret</strong></span> <span class='ocrx_word' id='word_1_581' title='bbox 2004 1327 2014 1344; x_wconf 88' lang='lat'><strong>,</strong></span> <span class='ocrx_word' id='word_1_582' title='bbox 2030 1297 2092 1335; x_wconf 89' lang='lat' dir='ltr'><strong>ubi</strong></span> <span class='ocrx_word' id='word_1_583' title='bbox 2125 1305 2248 1332; x_wconf 88' lang='lat' dir='ltr'><strong>omnes</strong></span> <span class='ocrx_word' id='word_1_584' title='bbox 2274 1291 2426 1330; x_wconf 86' lang='lat' dir='ltr'><strong>sederent</strong></span> <span class='ocrx_word' id='word_1_585' title='bbox 2449 1288 2542 1326; x_wconf 71' lang='lat' dir='ltr'><strong>auleis</strong></span> 
     </span>
    </p>
   </div>
   <div class='ocr_carea' id='block_1_81' title="bbox 1525 1349 2542 1410">
    <p class='ocr_par' dir='ltr' id='par_1_81' title="bbox 1525 1349 2542 1410">
     <span class='ocr_line' id='line_1_81' title="bbox 1525 1349 2542 1410; baseline -0.021 -5"><span class='ocrx_word' id='word_1_586' title='bbox 1525 1349 1640 1405; x_wconf 78' lang='lat' dir='ltr'><strong>induti</strong></span> <span class='ocrx_word' id='word_1_587' title='bbox 1661 1365 1835 1410; x_wconf 83' lang='lat' dir='ltr'><strong>vestibus,</strong></span> <span class='ocrx_word' id='word_1_588' title='bbox 1858 1370 1896 1401; x_wconf 90' lang='lat' dir='ltr'><strong>et</strong></span> <span class='ocrx_word' id='word_1_589' title='bbox 1913 1363 1948 1400; x_wconf 91' lang='lat' dir='ltr'><strong>in</strong></span> <span class='ocrx_word' id='word_1_590' title='bbox 1967 1361 2086 1398; x_wconf 88' lang='lat' dir='ltr'><strong>medio</strong></span> <span class='ocrx_word' id='word_1_591' title='bbox 2115 1363 2209 1396; x_wconf 70' lang='lat' dir='ltr'><strong>coetu</strong></span> <span class='ocrx_word' id='word_1_592' title='bbox 2233 1355 2338 1392; x_wconf 87' lang='lat' dir='ltr'><strong>alium</strong></span> <span class='ocrx_word' id='word_1_593' title='bbox 2361 1349 2542 1392; x_wconf 84' lang='lat' dir='ltr'><strong>ostenderet,</strong></span> 
     </span>
    </p>
   </div>
   <div class='ocr_carea' id='block_1_82' title="bbox 1524 1413 2546 1478">
    <p class='ocr_par' dir='ltr' id='par_1_82' title="bbox 1524 1413 2546 1478">
     <span class='ocr_line' id='line_1_82' title="bbox 1524 1413 2546 1478; baseline -0.021 -10"><span class='ocrx_word' id='word_1_594' title='bbox 1524 1431 1582 1478; x_wconf 91' lang='lat' dir='ltr'><strong>qui</strong></span> <span class='ocrx_word' id='word_1_595' title='bbox 1601 1436 1636 1467; x_wconf 90' lang='lat' dir='ltr'><strong>et</strong></span> <span class='ocrx_word' id='word_1_596' title='bbox 1651 1434 1788 1466; x_wconf 89' lang='lat' dir='ltr'><strong>vestem</strong></span> <span class='ocrx_word' id='word_1_597' title='bbox 1806 1431 1843 1464; x_wconf 91' lang='lat' dir='ltr'><strong>et</strong></span> <span class='ocrx_word' id='word_1_598' title='bbox 1859 1425 1988 1473; x_wconf 89' lang='lat' dir='ltr'><strong>capitis</strong></span> <span class='ocrx_word' id='word_1_599' title='bbox 2008 1431 2180 1461; x_wconf 88' lang='lat' dir='ltr'><strong>coronam</strong></span> <span class='ocrx_word' id='word_1_600' title='bbox 2193 1419 2336 1456; x_wconf 87' lang='lat' dir='ltr'><strong>haberet</strong></span> <span class='ocrx_word' id='word_1_601' title='bbox 2349 1425 2390 1453; x_wconf 82' lang='lat' dir='ltr'><strong>ex</strong></span> <span class='ocrx_word' id='word_1_602' title='bbox 2403 1413 2546 1461; x_wconf 76' lang='lat' dir='ltr'><strong>lapidibus</strong></span> 
     </span>
    </p>
   </div>
   <div class='ocr_carea' id='block_1_83' title="bbox 1526 1477 2548 1538">
    <p class='ocr_par' dir='ltr' id='par_1_83' title="bbox 1526 1477 2548 1538">
     <span class='ocr_line' id='line_1_83' title="bbox 1526 1477 2548 1538; baseline -0.019 -10"><span class='ocrx_word' id='word_1_603' title='bbox 1526 1477 1665 1529; x_wconf 88' lang='lat' dir='ltr'><strong>tantum</strong></span> <span class='ocrx_word' id='word_1_604' title='bbox 1682 1489 1849 1538; x_wconf 88' lang='lat' dir='ltr'><strong>pretiosis</strong></span> <span class='ocrx_word' id='word_1_605' title='bbox 1879 1491 2099 1534; x_wconf 82' lang='lat' dir='ltr'><strong>compactas,</strong></span> <span class='ocrx_word' id='word_1_606' title='bbox 2132 1481 2325 1527; x_wconf 89' lang='lat' dir='ltr'><strong>deindeque</strong></span> <span class='ocrx_word' id='word_1_607' title='bbox 2356 1477 2548 1525; x_wconf 86' lang='lat' dir='ltr'><strong>polliceretur</strong></span> 
     </span>
    </p>
   </div>
   <div class='ocr_carea' id='block_1_84' title="bbox 1527 1542 2547 1597">
    <p class='ocr_par' dir='ltr' id='par_1_84' title="bbox 1527 1542 2547 1597">
     <span class='ocr_line' id='line_1_84' title="bbox 1527 1542 2547 1597; baseline -0.022 -5"><span class='ocrx_word' id='word_1_608' title='bbox 1527 1561 1562 1592; x_wconf 89' lang='lat' dir='ltr'><strong>te</strong></span> <span class='ocrx_word' id='word_1_609' title='bbox 1589 1554 1624 1590; x_wconf 90' lang='lat' dir='ltr'><strong>in</strong></span> <span class='ocrx_word' id='word_1_610' title='bbox 1644 1562 1834 1590; x_wconf 89' lang='lat' dir='ltr'><strong>numerum</strong></span> <span class='ocrx_word' id='word_1_611' title='bbox 1853 1549 1962 1597; x_wconf 91' lang='lat' dir='ltr'><strong>hujus</strong></span> <span class='ocrx_word' id='word_1_612' title='bbox 1983 1545 2106 1596; x_wconf 88' lang='lat' dir='ltr'><strong>populi</strong></span> <span class='ocrx_word' id='word_1_613' title='bbox 2129 1542 2378 1590; x_wconf 89' lang='lat' dir='ltr'><strong>adscripturum</strong></span> <span class='ocrx_word' id='word_1_614' title='bbox 2395 1547 2482 1579; x_wconf 85' lang='lat' dir='ltr'><strong>esse;</strong></span> <span class='ocrx_word' id='word_1_615' title='bbox 2499 1545 2547 1570; x_wconf 40' lang='lat' dir='ltr'><strong>ani</strong></span> 
     </span>
    </p>
   </div>
   <div class='ocr_carea' id='block_1_85' title="bbox 1528 1595 2548 1663">
    <p class='ocr_par' dir='ltr' id='par_1_85' title="bbox 1528 1595 2548 1663">
     <span class='ocr_line' id='line_1_85' title="bbox 1528 1595 2548 1663; baseline -0.022 -10"><span class='ocrx_word' id='word_1_616' title='bbox 1528 1626 1599 1653; x_wconf 93' lang='lat' dir='ltr'><strong>non</strong></span> <span class='ocrx_word' id='word_1_617' title='bbox 1613 1614 1754 1663; x_wconf 88' lang='lat' dir='ltr'><strong>quidvis</strong></span> <span class='ocrx_word' id='word_1_618' title='bbox 1772 1613 1924 1657; x_wconf 88' lang='lat' dir='ltr'><strong>faceres,</strong></span> <span class='ocrx_word' id='word_1_619' title='bbox 1943 1595 2064 1647; x_wconf 82' lang='lat' dir='ltr'><strong>uttale</strong></span> <span class='ocrx_word' id='word_1_620' title='bbox 2077 1606 2291 1655; x_wconf 88' lang='lat' dir='ltr'><strong>promissum</strong></span> <span class='ocrx_word' id='word_1_621' title='bbox 2301 1595 2548 1646; x_wconf 77' lang='lat' dir='ltr'><strong>consequerere?</strong></span> 
     </span>
    </p>
   </div>
   <div class='ocr_carea' id='block_1_86' title="bbox 1527 1658 2549 1728">
    <p class='ocr_par' dir='ltr' id='par_1_86' title="bbox 1527 1658 2549 1728">
     <span class='ocr_line' id='line_1_86' title="bbox 1527 1658 2549 1728; baseline -0.024 -10"><span class='ocrx_word' id='word_1_622' title='bbox 1527 1658 1637 1728; x_wconf 82' lang='lat' dir='ltr'><strong>Aperi</strong></span> <span class='ocrx_word' id='word_1_623' title='bbox 1656 1688 1750 1716; x_wconf 90' lang='lat' dir='ltr'><strong>nunc</strong></span> <span class='ocrx_word' id='word_1_624' title='bbox 1769 1675 1908 1721; x_wconf 88' lang='lat' dir='ltr'><strong>oculos,</strong></span> <span class='ocrx_word' id='word_1_625' title='bbox 1929 1679 1966 1712; x_wconf 90' lang='lat' dir='ltr'><strong>et</strong></span> <span class='ocrx_word' id='word_1_626' title='bbox 1978 1671 2064 1710; x_wconf 91' lang='lat' dir='ltr'><strong>illud</strong></span> <span class='ocrx_word' id='word_1_627' title='bbox 2081 1670 2218 1717; x_wconf 88' lang='lat' dir='ltr'><strong>respice</strong></span> <span class='ocrx_word' id='word_1_628' title='bbox 2232 1666 2409 1708; x_wconf 87' lang='lat' dir='ltr'><strong>theatrum,</strong></span> <span class='ocrx_word' id='word_1_629' title='bbox 2425 1670 2485 1697; x_wconf 90' lang='lat' dir='ltr'><strong>non</strong></span> <span class='ocrx_word' id='word_1_630' title='bbox 2497 1658 2549 1694; x_wconf 76' lang='lat' dir='ltr'><strong>hu-</strong></span> 
     </span>
    </p>
   </div>
   <div class='ocr_carea' id='block_1_87' title="bbox 1525 1724 2551 1789">
    <p class='ocr_par' dir='ltr' id='par_1_87' title="bbox 1525 1724 2551 1789">
     <span class='ocr_line' id='line_1_87' title="bbox 1525 1724 2551 1789; baseline -0.024 -9"><span class='ocrx_word' id='word_1_631' title='bbox 1525 1724 1687 1789; x_wconf 48' lang='lat' dir='ltr'><strong>ju-smodi</strong></span> <span class='ocrx_word' id='word_1_632' title='bbox 1707 1739 1793 1777; x_wconf 89' lang='lat' dir='ltr'><strong>viris</strong></span> <span class='ocrx_word' id='word_1_633' title='bbox 1809 1737 2078 1785; x_wconf 88' lang='lat' dir='ltr'><strong>frequentatum</strong></span> <span class='ocrx_word' id='word_1_634' title='bbox 2092 1760 2102 1778; x_wconf 87' lang='lat'><strong>,</strong></span> <span class='ocrx_word' id='word_1_635' title='bbox 2123 1730 2186 1769; x_wconf 88' lang='lat' dir='ltr'><strong>sed</strong></span> <span class='ocrx_word' id='word_1_636' title='bbox 2206 1730 2266 1773; x_wconf 89' lang='lat' dir='ltr'><strong>iis,</strong></span> <span class='ocrx_word' id='word_1_637' title='bbox 2282 1726 2338 1775; x_wconf 90' lang='lat' dir='ltr'><strong>qui</strong></span> <span class='ocrx_word' id='word_1_638' title='bbox 2367 1729 2400 1762; x_wconf 86' lang='lat' dir='ltr'><strong>et</strong></span> <span class='ocrx_word' id='word_1_639' title='bbox 2416 1731 2508 1789; x_wconf 72' lang='lat' dir='ltr'><strong>auro,</strong></span> <span class='ocrx_word' id='word_1_640' title='bbox 2524 1724 2551 1788; x_wconf 70' lang='lat' dir='ltr'><strong>et</strong></span> 
     </span>
    </p>
   </div>
   <div class='ocr_carea' id='block_1_88' title="bbox 1530 1781 2552 1852">
    <p class='ocr_par' dir='ltr' id='par_1_88' title="bbox 1530 1781 2552 1852">
     <span class='ocr_line' id='line_1_88' title="bbox 1530 1781 2552 1852; baseline -0.023 -10"><span class='ocrx_word' id='word_1_641' title='bbox 1530 1805 1710 1852; x_wconf 87' lang='lat' dir='ltr'><strong>lapidibus</strong></span> <span class='ocrx_word' id='word_1_642' title='bbox 1735 1781 1918 1850; x_wconf 78' lang='lat' dir='ltr'><strong>pretiosis,</strong></span> <span class='ocrx_word' id='word_1_643' title='bbox 1941 1804 1978 1837; x_wconf 91' lang='lat' dir='ltr'><strong>et</strong></span> <span class='ocrx_word' id='word_1_644' title='bbox 2004 1795 2114 1836; x_wconf 86' lang='lat' dir='ltr'><strong>radiis</strong></span> <span class='ocrx_word' id='word_1_645' title='bbox 2132 1791 2316 1834; x_wconf 85' lang='lat' dir='ltr'><strong>solaribus,</strong></span> <span class='ocrx_word' id='word_1_646' title='bbox 2333 1794 2368 1826; x_wconf 92' lang='lat' dir='ltr'><strong>et</strong></span> <span class='ocrx_word' id='word_1_647' title='bbox 2394 1784 2478 1823; x_wconf 90' lang='lat' dir='ltr'><strong>omni</strong></span> <span class='ocrx_word' id='word_1_648' title='bbox 2505 1781 2552 1828; x_wconf 87' lang='lat' dir='ltr'><strong>qui</strong></span> 
     </span>
    </p>
   </div>
   <div class='ocr_carea' id='block_1_89' title="bbox 1530 1850 2551 1914">
    <p class='ocr_par' dir='ltr' id='par_1_89' title="bbox 1530 1850 2551 1914">
     <span class='ocr_line' id='line_1_89' title="bbox 1530 1850 2551 1914; baseline -0.024 -8"><span class='ocrx_word' id='word_1_649' title='bbox 1530 1850 1598 1905; x_wconf 81' lang='lat' dir='ltr'><strong>sub</strong></span> <span class='ocrx_word' id='word_1_650' title='bbox 1613 1871 1796 1914; x_wconf 86' lang='lat' dir='ltr'><strong>aspectum</strong></span> <span class='ocrx_word' id='word_1_651' title='bbox 1814 1863 1910 1901; x_wconf 86' lang='lat' dir='ltr'><strong>cadit</strong></span> <span class='ocrx_word' id='word_1_652' title='bbox 1935 1859 2128 1910; x_wconf 74' lang='lat' dir='ltr'><strong>Splendore</strong></span> <span class='ocrx_word' id='word_1_653' title='bbox 2139 1886 2148 1902; x_wconf 87' lang='lat'><strong>,</strong></span> <span class='ocrx_word' id='word_1_654' title='bbox 2167 1857 2268 1902; x_wconf 89' lang='lat' dir='ltr'><strong>longe</strong></span> <span class='ocrx_word' id='word_1_655' title='bbox 2285 1850 2449 1914; x_wconf 83' lang='lat' dir='ltr'><strong>digniores</strong></span> <span class='ocrx_word' id='word_1_656' title='bbox 2468 1850 2551 1914; x_wconf 74' lang='lat' dir='ltr'><strong>sunt:</strong></span> 
     </span>
    </p>
   </div>
   <div class='ocr_carea' id='block_1_90' title="bbox 1531 1905 2556 1968">
    <p class='ocr_par' dir='ltr' id='par_1_90' title="bbox 1531 1905 2556 1968">
     <span class='ocr_line' id='line_1_90' title="bbox 1531 1905 2556 1968; baseline -0.023 0"><span class='ocrx_word' id='word_1_657' title='bbox 1531 1940 1603 1968; x_wconf 90' lang='lat' dir='ltr'><strong>non</strong></span> <span class='ocrx_word' id='word_1_658' title='bbox 1621 1927 1827 1968; x_wconf 85' lang='lat' dir='ltr'><strong>hominibus</strong></span> <span class='ocrx_word' id='word_1_659' title='bbox 1843 1925 1966 1968; x_wconf 92' lang='lat' dir='ltr'><strong>modo,</strong></span> <span class='ocrx_word' id='word_1_660' title='bbox 1989 1922 2054 1961; x_wconf 90' lang='lat' dir='ltr'><strong>sed</strong></span> <span class='ocrx_word' id='word_1_661' title='bbox 2074 1920 2179 1959; x_wconf 87' lang='lat' dir='ltr'><strong>etiam</strong></span> <span class='ocrx_word' id='word_1_662' title='bbox 2198 1917 2241 1955; x_wconf 87' lang='lat' dir='ltr'><strong>iis</strong></span> <span class='ocrx_word' id='word_1_663' title='bbox 2253 1915 2310 1963; x_wconf 89' lang='lat' dir='ltr'><strong>qui</strong></span> <span class='ocrx_word' id='word_1_664' title='bbox 2323 1911 2468 1950; x_wconf 86' lang='lat' dir='ltr'><strong>homines</strong></span> <span class='ocrx_word' id='word_1_665' title='bbox 2483 1905 2556 1968; x_wconf 66' lang='lat' dir='ltr'><strong>rutil-</strong></span> 
     </span>
    </p>
   </div>
   <div class='ocr_carea' id='block_1_91' title="bbox 1533 1965 2554 2039">
    <p class='ocr_par' dir='ltr' id='par_1_91' title="bbox 1533 1965 2554 2039">
     <span class='ocr_line' id='line_1_91' title="bbox 1533 1965 2554 2039; baseline -0.028 -9"><span class='ocrx_word' id='word_1_666' title='bbox 1533 1999 1569 2030; x_wconf 93' lang='lat' dir='ltr'><strong>to</strong></span> <span class='ocrx_word' id='word_1_667' title='bbox 1601 1991 1718 2039; x_wconf 88' lang='lat' dir='ltr'><strong>spatio</strong></span> <span class='ocrx_word' id='word_1_668' title='bbox 1747 1965 1980 2030; x_wconf 80' lang='lat' dir='ltr'><strong>antecellunt,</strong></span> <span class='ocrx_word' id='word_1_669' title='bbox 2012 1983 2149 2031; x_wconf 58' lang='lat' dir='ltr'><strong>auge!)</strong></span> <span class='ocrx_word' id='word_1_670' title='bbox 2180 1986 2318 2025; x_wconf 85' lang='lat' dir='ltr'><strong>nempe,</strong></span> <span class='ocrx_word' id='word_1_671' title='bbox 2353 1965 2554 2039; x_wconf 70' lang='lat' dir='ltr'><strong>archangelis.</strong></span> 
     </span>
    </p>
   </div>
   <div class='ocr_carea' id='block_1_92' title="bbox 1533 2029 2556 2098">
    <p class='ocr_par' dir='ltr' id='par_1_92' title="bbox 1533 2029 2556 2098">
     <span class='ocr_line' id='line_1_92' title="bbox 1533 2029 2556 2098; baseline -0.022 -5"><span class='ocrx_word' id='word_1_672' title='bbox 1533 2029 1687 2098; x_wconf 64' lang='grc' dir='ltr'><strong>ιιποιέίε,</strong></span> <span class='ocrx_word' id='word_1_673' title='bbox 1706 2029 2028 2093; x_wconf 89' lang='lat' dir='ltr'><strong>dominationibus,</strong></span> <span class='ocrx_word' id='word_1_674' title='bbox 2055 2029 2323 2095; x_wconf 72' lang='lat' dir='ltr'><strong>principatibus,</strong></span> <span class='ocrx_word' id='word_1_675' title='bbox 2341 2029 2556 2098; x_wconf 64' lang='lat' dir='ltr'><strong>potestatibusa</strong></span> 
     </span>
    </p>
   </div>
   <div class='ocr_carea' id='block_1_93' title="bbox 1535 2095 2558 2163">
    <p class='ocr_par' dir='ltr' id='par_1_93' title="bbox 1535 2095 2558 2163">
     <span class='ocr_line' id='line_1_93' title="bbox 1535 2095 2558 2163; baseline -0.029 -9"><span class='ocrx_word' id='word_1_676' title='bbox 1535 2116 1590 2153; x_wconf 92' lang='lat' dir='ltr'><strong>De</strong></span> <span class='ocrx_word' id='word_1_677' title='bbox 1607 2095 1694 2163; x_wconf 81' lang='lat' dir='ltr'><strong>rege</strong></span> <span class='ocrx_word' id='word_1_678' title='bbox 1715 2121 1894 2159; x_wconf 88' lang='lat' dir='ltr'><strong>namque,</strong></span> <span class='ocrx_word' id='word_1_679' title='bbox 1913 2109 2030 2158; x_wconf 90' lang='lat' dir='ltr'><strong>qualis</strong></span> <span class='ocrx_word' id='word_1_680' title='bbox 2049 2108 2096 2145; x_wconf 90' lang='lat' dir='ltr'><strong>sit</strong></span> <span class='ocrx_word' id='word_1_681' title='bbox 2113 2115 2159 2143; x_wconf 90' lang='lat' dir='ltr'><strong>ne</strong></span> <span class='ocrx_word' id='word_1_682' title='bbox 2177 2103 2293 2141; x_wconf 88' lang='lat' dir='ltr'><strong>dicere</strong></span> <span class='ocrx_word' id='word_1_683' title='bbox 2308 2095 2438 2146; x_wconf 86' lang='lat' dir='ltr'><strong>quidem</strong></span> <span class='ocrx_word' id='word_1_684' title='bbox 2455 2098 2558 2163; x_wconf 74' lang='lat' dir='ltr'><strong>possu-</strong></span> 
     </span>
    </p>
   </div>
   <div class='ocr_carea' id='block_1_94' title="bbox 1535 2154 2559 2221">
    <p class='ocr_par' dir='ltr' id='par_1_94' title="bbox 1535 2154 2559 2221">
     <span class='ocr_line' id='line_1_94' title="bbox 1535 2154 2559 2221; baseline -0.026 -6"><span class='ocrx_word' id='word_1_685' title='bbox 1535 2187 1636 2221; x_wconf 90' lang='lat' dir='ltr'><strong>mus;</strong></span> <span class='ocrx_word' id='word_1_686' title='bbox 1649 2154 1748 2214; x_wconf 65' lang='lat' dir='ltr'><strong>adeo</strong></span> <span class='ocrx_word' id='word_1_687' title='bbox 1761 2181 1966 2213; x_wconf 89' lang='lat' dir='ltr'><strong>sermonem</strong></span> <span class='ocrx_word' id='word_1_688' title='bbox 1988 2176 2026 2209; x_wconf 91' lang='lat' dir='ltr'><strong>et</strong></span> <span class='ocrx_word' id='word_1_689' title='bbox 2042 2173 2200 2207; x_wconf 90' lang='lat' dir='ltr'><strong>mentem</strong></span> <span class='ocrx_word' id='word_1_690' title='bbox 2213 2169 2352 2202; x_wconf 89' lang='lat' dir='ltr'><strong>omnem</strong></span> <span class='ocrx_word' id='word_1_691' title='bbox 2367 2154 2490 2196; x_wconf 80' lang='lat' dir='ltr'><strong>excedit</strong></span> <span class='ocrx_word' id='word_1_692' title='bbox 2498 2154 2559 2198; x_wconf 77' lang='lat' dir='ltr'><strong>ejus</strong></span> 
     </span>
    </p>
   </div>
   <div class='ocr_carea' id='block_1_95' title="bbox 1537 2220 2560 2288">
    <p class='ocr_par' dir='ltr' id='par_1_95' title="bbox 1537 2220 2560 2288">
     <span class='ocr_line' id='line_1_95' title="bbox 1537 2220 2560 2288; baseline -0.022 -9"><span class='ocrx_word' id='word_1_693' title='bbox 1537 2239 1784 2288; x_wconf 87' lang='lat' dir='ltr'><strong>pulchritudo,</strong></span> <span class='ocrx_word' id='word_1_694' title='bbox 1805 2236 1962 2284; x_wconf 87' lang='lat' dir='ltr'><strong>species,</strong></span> <span class='ocrx_word' id='word_1_695' title='bbox 1982 2231 2166 2281; x_wconf 88' lang='lat' dir='ltr'><strong>splendor,</strong></span> <span class='ocrx_word' id='word_1_696' title='bbox 2182 2226 2308 2276; x_wconf 83' lang='lat' dir='ltr'><strong>gloria,</strong></span> <span class='ocrx_word' id='word_1_697' title='bbox 2327 2220 2560 2288; x_wconf 31' lang='lat' dir='ltr'><strong>majesttfsgitlﬁ&#39;</strong></span> 
     </span>
    </p>
   </div>
   <div class='ocr_carea' id='block_1_96' title="bbox 1535 2277 2559 2351">
    <p class='ocr_par' dir='ltr' id='par_1_96' title="bbox 1535 2277 2559 2351">
     <span class='ocr_line' id='line_1_96' title="bbox 1535 2277 2559 2351; baseline -0.029 -11"><span class='ocrx_word' id='word_1_698' title='bbox 1535 2277 1756 2351; x_wconf 75' lang='lat' dir='ltr'><strong>gnificentia.</strong></span> <span class='ocrx_word' id='word_1_699' title='bbox 1775 2277 1898 2336; x_wconf 40' lang='lat' dir='ltr'><strong>&#39;To-tne</strong></span> <span class='ocrx_word' id='word_1_700' title='bbox 1918 2296 1932 2318; x_wconf 83' lang='grc'>⁸</span> <span class='ocrx_word' id='word_1_701' title='bbox 1953 2277 2080 2340; x_wconf 26' lang='lat' dir='ltr'><strong>Ibo-nis,</strong></span> <span class='ocrx_word' id='word_1_702' title='bbox 2105 2292 2162 2330; x_wconf 91' lang='lat' dir='ltr'><strong>dic</strong></span> <span class='ocrx_word' id='word_1_703' title='bbox 2177 2288 2277 2332; x_wconf 88' lang='lat' dir='ltr'><strong>mihi,</strong></span> <span class='ocrx_word' id='word_1_704' title='bbox 2291 2277 2559 2351; x_wconf 46' lang='lat' dir='ltr'><strong>nosprivahimuzsl.</strong></span> 
     </span>
    </p>
   </div>
   <div class='ocr_carea' id='block_1_97' title="bbox 1537 2334 2564 2407">
    <p class='ocr_par' dir='ltr' id='par_1_97' title="bbox 1537 2334 2564 2407">
     <span class='ocr_line' id='line_1_97' title="bbox 1537 2334 2564 2407; baseline -0.03 -4"><span class='ocrx_word' id='word_1_705' title='bbox 1537 2334 1578 2402; x_wconf 56' lang='lat' dir='ltr'><strong>Et</strong></span> <span class='ocrx_word' id='word_1_706' title='bbox 1593 2363 1817 2402; x_wconf 88' lang='lat' dir='ltr'><strong>declinemus</strong></span> <span class='ocrx_word' id='word_1_707' title='bbox 1835 2359 1954 2407; x_wconf 83' lang='lat' dir='ltr'><strong>exigui</strong></span> <span class='ocrx_word' id='word_1_708' title='bbox 1972 2334 2143 2404; x_wconf 79' lang='lat' dir='ltr'><strong>temporis</strong></span> <span class='ocrx_word' id='word_1_709' title='bbox 2163 2346 2340 2390; x_wconf 84' lang='lat' dir='ltr'><strong>laborem?</strong></span> <span class='ocrx_word' id='word_1_710' title='bbox 2356 2343 2436 2407; x_wconf 80' lang='lat' dir='ltr'><strong>Nam</strong></span> <span class='ocrx_word' id='word_1_711' title='bbox 2460 2338 2484 2375; x_wconf 87' lang='lat' dir='ltr'><strong>si</strong></span> <span class='ocrx_word' id='word_1_712' title='bbox 2500 2334 2564 2407; x_wconf 68' lang='lat' dir='ltr'><strong>mil-</strong></span> 
     </span>
    </p>
   </div>
   <div class='ocr_carea' id='block_1_98' title="bbox 1537 2402 2564 2474">
    <p class='ocr_par' dir='ltr' id='par_1_98' title="bbox 1537 2402 2564 2474">
     <span class='ocr_line' id='line_1_98' title="bbox 1537 2402 2564 2474; baseline -0.033 -10"><span class='ocrx_word' id='word_1_713' title='bbox 1537 2427 1604 2464; x_wconf 90' lang='lat' dir='ltr'><strong>lies</strong></span> <span class='ocrx_word' id='word_1_714' title='bbox 1619 2423 1781 2474; x_wconf 90' lang='lat' dir='ltr'><strong>quotidie</strong></span> <span class='ocrx_word' id='word_1_715' title='bbox 1795 2420 2022 2460; x_wconf 86' lang='lat' dir='ltr'><strong>moricndum</strong></span> <span class='ocrx_word' id='word_1_716' title='bbox 2042 2422 2153 2461; x_wconf 90' lang='lat' dir='ltr'><strong>esset,</strong></span> <span class='ocrx_word' id='word_1_717' title='bbox 2171 2415 2201 2452; x_wconf 87' lang='lat' dir='ltr'><strong>si</strong></span> <span class='ocrx_word' id='word_1_718' title='bbox 2223 2411 2378 2462; x_wconf 86' lang='lat' dir='ltr'><strong>gehenna</strong></span> <span class='ocrx_word' id='word_1_719' title='bbox 2394 2405 2460 2452; x_wconf 85' lang='lat' dir='ltr'><strong>ipsa</strong></span> <span class='ocrx_word' id='word_1_720' title='bbox 2477 2402 2564 2435; x_wconf 85' lang='lat' dir='ltr'><strong>susti-</strong></span> 
     </span>
    </p>
   </div>
   <div class='ocr_carea' id='block_1_99' title="bbox 1539 2470 2564 2532">
    <p class='ocr_par' dir='ltr' id='par_1_99' title="bbox 1539 2470 2564 2532">
     <span class='ocr_line' id='line_1_99' title="bbox 1539 2470 2564 2532; baseline -0.027 -4"><span class='ocrx_word' id='word_1_721' title='bbox 1539 2470 1658 2528; x_wconf 76' lang='lat' dir='ltr'><strong>nenda</strong></span> <span class='ocrx_word' id='word_1_722' title='bbox 1673 2488 1780 2532; x_wconf 82' lang='lat' dir='ltr'><strong>foret,</strong></span> <span class='ocrx_word' id='word_1_723' title='bbox 1797 2492 1835 2524; x_wconf 89' lang='lat' dir='ltr'><strong>ut</strong></span> <span class='ocrx_word' id='word_1_724' title='bbox 1848 2484 2032 2523; x_wconf 88' lang='lat' dir='ltr'><strong>Christum</strong></span> <span class='ocrx_word' id='word_1_725' title='bbox 2050 2483 2084 2519; x_wconf 93' lang='lat' dir='ltr'><strong>in</strong></span> <span class='ocrx_word' id='word_1_726' title='bbox 2099 2479 2210 2528; x_wconf 78' lang='lat' dir='ltr'><strong>gloria</strong></span> <span class='ocrx_word' id='word_1_727' title='bbox 2227 2485 2288 2513; x_wconf 88' lang='lat' dir='ltr'><strong>sua</strong></span> <span class='ocrx_word' id='word_1_728' title='bbox 2299 2470 2482 2509; x_wconf 82' lang='lat' dir='ltr'><strong>venientem</strong></span> 
     </span>
    </p>
   </div>
   <div class='ocr_carea' id='block_1_100' title="bbox 1539 2529 2564 2600">
    <p class='ocr_par' dir='ltr' id='par_1_100' title="bbox 1539 2529 2564 2600">
     <span class='ocr_line' id='line_1_100' title="bbox 1539 2529 2564 2600; baseline -0.02 -11"><span class='ocrx_word' id='word_1_729' title='bbox 1539 2552 1783 2600; x_wconf 88' lang='lat' dir='ltr'><strong>spiceremus,</strong></span> <span class='ocrx_word' id='word_1_730' title='bbox 1817 2554 1854 2585; x_wconf 88' lang='lat' dir='ltr'><strong>et</strong></span> <span class='ocrx_word' id='word_1_731' title='bbox 1885 2551 2092 2584; x_wconf 90' lang='lat' dir='ltr'><strong>sanctorum</strong></span> <span class='ocrx_word' id='word_1_732' title='bbox 2129 2540 2240 2578; x_wconf 90' lang='lat' dir='ltr'><strong>choro</strong></span> <span class='ocrx_word' id='word_1_733' title='bbox 2265 2529 2564 2600; x_wconf 36' lang='lat' dir='ltr'><strong>annumerafelljl&quot;:</strong></span> 
     </span>
    </p>
   </div>
   <div class='ocr_carea' id='block_1_101' title="bbox 1541 2583 2566 2652">
    <p class='ocr_par' dir='ltr' id='par_1_101' title="bbox 1541 2583 2566 2652">
     <span class='ocr_line' id='line_1_101' title="bbox 1541 2583 2566 2652; baseline -0.036 0"><span class='ocrx_word' id='word_1_734' title='bbox 1541 2583 1663 2652; x_wconf 56' lang='lat' dir='ltr'><strong>nlonne</strong></span> <span class='ocrx_word' id='word_1_735' title='bbox 1697 2583 1819 2650; x_wconf 69' lang='lat' dir='ltr'><strong>omtiia</strong></span> <span class='ocrx_word' id='word_1_736' title='bbox 1851 2610 1912 2647; x_wconf 89' lang='lat' dir='ltr'><strong>illa</strong></span> <span class='ocrx_word' id='word_1_737' title='bbox 1949 2605 2095 2646; x_wconf 88' lang='lat' dir='ltr'><strong>ferenda</strong></span> <span class='ocrx_word' id='word_1_738' title='bbox 2126 2599 2268 2642; x_wconf 86' lang='lat' dir='ltr'><strong>essent?</strong></span> <span class='ocrx_word' id='word_1_739' title='bbox 2282 2594 2370 2636; x_wconf 84' lang='lat' dir='ltr'><strong>Audi</strong></span> <span class='ocrx_word' id='word_1_740' title='bbox 2388 2583 2566 2652; x_wconf 39' lang='lat' dir='ltr'><strong>quidpiam</strong></span> 
     </span>
    </p>
   </div>
   <div class='ocr_carea' id='block_1_102' title="bbox 1541 2643 2565 2715">
    <p class='ocr_par' dir='ltr' id='par_1_102' title="bbox 1541 2643 2565 2715">
     <span class='ocr_line' id='line_1_102' title="bbox 1541 2643 2565 2715; baseline -0.027 1"><span class='ocrx_word' id='word_1_741' title='bbox 1683 2643 1810 2714; x_wconf 55' lang='lat' dir='ltr'><strong>Petrus</strong></span> <span class='ocrx_word' id='word_1_742' title='bbox 2004 2643 2053 2708; x_wconf 76' lang='lat' dir='ltr'><strong>est</strong></span> <span class='ocrx_word' id='word_1_743' title='bbox 2071 2679 2132 2704; x_wconf 78' lang='lat' dir='ltr'><strong>nos</strong></span> <span class='ocrx_word' id='word_1_744' title='bbox 2153 2666 2207 2702; x_wconf 83' lang='lat' dir='ltr'><strong>hic</strong></span> <span class='ocrx_word' id='word_1_745' title='bbox 2225 2671 2294 2700; x_wconf 74' lang='lat' dir='ltr'><strong>esse</strong></span> <span class='ocrx_word' id='word_1_746' title='bbox 2314 2653 2444 2715; x_wconf 78' lang='lat' dir='ltr'><strong>(Matth.</strong></span> <span class='ocrx_word' id='word_1_747' title='bbox 2460 2648 2509 2685; x_wconf 75' lang='grc'><strong>17-</strong></span> <span class='ocrx_word' id='word_1_748' title='bbox 2527 2643 2565 2715; x_wconf 34' lang='grc' dir='ltr'><strong>ΜΤ</strong></span> 
     </span>
    </p>
   </div>
   <div class='ocr_carea' id='block_1_103' title="bbox 1543 2712 2566 2786">
    <p class='ocr_par' dir='ltr' id='par_1_103' title="bbox 1543 2712 2566 2786">
     <span class='ocr_line' id='line_1_103' title="bbox 1543 2712 2566 2786; baseline -0.022 -10"><span class='ocrx_word' id='word_1_749' title='bbox 1543 2738 1646 2786; x_wconf 84' lang='lat' dir='ltr'><strong>Quod</strong></span> <span class='ocrx_word' id='word_1_750' title='bbox 1665 2737 1697 2774; x_wconf 89' lang='lat' dir='ltr'><strong>si</strong></span> <span class='ocrx_word' id='word_1_751' title='bbox 1725 2736 1788 2773; x_wconf 92' lang='lat' dir='ltr'><strong>ille</strong></span> <span class='ocrx_word' id='word_1_752' title='bbox 1814 2735 1967 2773; x_wconf 89' lang='lat' dir='ltr'><strong>obscura</strong></span> <span class='ocrx_word' id='word_1_753' title='bbox 2002 2729 2158 2780; x_wconf 90' lang='lat' dir='ltr'><strong>quadam</strong></span> <span class='ocrx_word' id='word_1_754' title='bbox 2187 2725 2382 2786; x_wconf 63' lang='lat' dir='ltr'><strong>conspecta</strong></span> 
     </span>
    </p>
   </div>
   <div class='ocr_carea' id='block_1_104' title="bbox 1544 2771 2569 2848">
    <p class='ocr_par' dir='ltr' id='par_1_104' title="bbox 1544 2771 2569 2848">
     <span class='ocr_line' id='line_1_104' title="bbox 1544 2771 2569 2848; baseline -0.015 -10"><span class='ocrx_word' id='word_1_755' title='bbox 1544 2771 1715 2848; x_wconf 63' lang='lat' dir='ltr'><strong>imagine,</strong></span> <span class='ocrx_word' id='word_1_756' title='bbox 1731 2797 1850 2836; x_wconf 86' lang='lat' dir='ltr'><strong>omnia</strong></span> <span class='ocrx_word' id='word_1_757' title='bbox 1869 2797 1990 2843; x_wconf 85' lang='lat' dir='ltr'><strong>statim</strong></span> <span class='ocrx_word' id='word_1_758' title='bbox 2009 2791 2135 2841; x_wconf 88' lang='lat' dir='ltr'><strong>rejeeit</strong></span> <span class='ocrx_word' id='word_1_759' title='bbox 2149 2789 2192 2826; x_wconf 90' lang='lat' dir='ltr'><strong>ab</strong></span> <span class='ocrx_word' id='word_1_760' title='bbox 2205 2786 2335 2826; x_wconf 84' lang='lat' dir='ltr'><strong>animo,</strong></span> <span class='ocrx_word' id='word_1_761' title='bbox 2352 2771 2569 2848; x_wconf 49' lang='lat' dir='ltr'><strong>ob‘iﬂfﬁi’&quot;:</strong></span> 
     </span>
    </p>
   </div>
   <div class='ocr_carea' id='block_1_105' title="bbox 1545 2835 2570 2906">
    <p class='ocr_par' dir='ltr' id='par_1_105' title="bbox 1545 2835 2570 2906">
     <span class='ocr_line' id='line_1_105' title="bbox 1545 2835 2570 2906; baseline 0.001 -2"><span class='ocrx_word' id='word_1_762' title='bbox 1545 2866 1606 2904; x_wconf 88' lang='lat' dir='ltr'><strong>tali</strong></span> <span class='ocrx_word' id='word_1_763' title='bbox 1618 2835 1760 2900; x_wconf 62' lang='lat' dir='ltr'><strong>:isione</strong></span> <span class='ocrx_word' id='word_1_764' title='bbox 1781 2841 2003 2906; x_wconf 86' lang='lat' dir='ltr'><strong>voluptatem</strong></span> <span class='ocrx_word' id='word_1_765' title='bbox 2018 2835 2122 2903; x_wconf 56' lang='lat' dir='ltr'><strong>“inid</strong></span> <span class='ocrx_word' id='word_1_766' title='bbox 2149 2852 2286 2889; x_wconf 54' lang='lat' dir='ltr'><strong>dicetur</strong></span> <span class='ocrx_word' id='word_1_767' title='bbox 2303 2835 2570 2906; x_wconf 41' lang='lat' dir='ltr'><strong>quani”</strong></span> 
     </span>
    </p>
   </div>
   <div class='ocr_carea' id='block_1_106' title="bbox 1546 2890 2569 2966">
    <p class='ocr_par' dir='ltr' id='par_1_106' title="bbox 1546 2890 2569 2966">
     <span class='ocr_line' id='line_1_106' title="bbox 1546 2890 2496 2904; baseline -0.048 1"><span class='ocrx_word' id='word_1_768' title='bbox 1546 2890 1606 2904; x_wconf 74' lang='grc' dir='ltr'>ιιιιι</span> <span class='ocrx_word' id='word_1_769' title='bbox 1627 2890 1760 2900; x_wconf 41' lang='lat' dir='ltr'><strong>Hm...“</strong></span> <span class='ocrx_word' id='word_1_770' title='bbox 1788 2890 1864 2898; x_wconf 58' lang='grc' dir='ltr'><strong>,νη</strong></span> <span class='ocrx_word' id='word_1_771' title='bbox 1895 2890 2085 2903; x_wconf 30' lang='lat' dir='ltr'><strong>mw“?</strong></span> <span class='ocrx_word' id='word_1_772' title='bbox 2107 2890 2112 2891; x_wconf 20' lang='grc' dir='ltr'><em>ν</em></span> <span class='ocrx_word' id='word_1_773' title='bbox 2314 2890 2326 2892; x_wconf 78' lang='lat'>_</span> <span class='ocrx_word' id='word_1_774' title='bbox 2490 2891 2496 2898; x_wconf 36' lang='grc' dir='ltr'><strong>Ι</strong></span> 
     </span>
     <span class='ocr_line' id='line_1_107' title="bbox 1546 2890 2569 2966; baseline -0.035 -1"><span class='ocrx_word' id='word_1_775' title='bbox 1546 2937 1627 2966; x_wconf 90' lang='lat' dir='ltr'><strong>rum</strong></span> <span class='ocrx_word' id='word_1_776' title='bbox 1659 2923 1794 2962; x_wconf 89' lang='lat' dir='ltr'><strong>veritas</strong></span> <span class='ocrx_word' id='word_1_777' title='bbox 1829 2890 1960 2963; x_wconf 41' lang='lat' dir='ltr'><strong>adierit,</strong></span> <span class='ocrx_word' id='word_1_778' title='bbox 1997 2915 2154 2966; x_wconf 90' lang='lat' dir='ltr'><strong>quando,</strong></span> <span class='ocrx_word' id='word_1_779' title='bbox 2175 2908 2306 2959; x_wconf 87' lang='lat' dir='ltr'><strong>apertis</strong></span> <span class='ocrx_word' id='word_1_780' title='bbox 2326 2899 2426 2966; x_wconf 80' lang='lat' dir='ltr'><strong>regiis</strong></span> 
     </span>
    </p>
   </div>
   <div class='ocr_carea' id='block_1_107' title="bbox 1548 2956 2572 3039">
    <p class='ocr_par' dir='ltr' id='par_1_107' title="bbox 1548 2956 2572 3039">
     <span class='ocr_line' id='line_1_108' title="bbox 1548 2956 2572 3039; baseline -0.017 -11"><span class='ocrx_word' id='word_1_781' title='bbox 1548 2991 1665 3039; x_wconf 89' lang='lat' dir='ltr'><strong>ipsum</strong></span> <span class='ocrx_word' id='word_1_782' title='bbox 1679 2995 1801 3034; x_wconf 85' lang='lat' dir='ltr'><strong>regem</strong></span> <span class='ocrx_word' id='word_1_783' title='bbox 1819 2981 2030 3030; x_wconf 89' lang='lat' dir='ltr'><strong>conspicere</strong></span> <span class='ocrx_word' id='word_1_784' title='bbox 2047 2975 2184 3019; x_wconf 87' lang='lat' dir='ltr'><strong>licebit,</strong></span> <span class='ocrx_word' id='word_1_785' title='bbox 2197 2981 2267 3010; x_wconf 90' lang='lat' dir='ltr'><strong>non</strong></span> <span class='ocrx_word' id='word_1_786' title='bbox 2285 2956 2572 3039; x_wconf 39' lang='lat' dir='ltr'><strong>ultm&#39;il‘lfmn&#39;s&#39;ﬂ;</strong></span> 
     </span>
    </p>
   </div>
   <div class='ocr_carea' id='block_1_108' title="bbox 1549 3015 2574 3099">
    <p class='ocr_par' dir='ltr' id='par_1_108' title="bbox 1549 3015 2574 3099">
     <span class='ocr_line' id='line_1_109' title="bbox 1549 3015 2574 3099; baseline -0.033 -8"><span class='ocrx_word' id='word_1_787' title='bbox 1549 3015 1599 3099; x_wconf 59' lang='grc' dir='ltr'><strong>ιζ,</strong></span> <span class='ocrx_word' id='word_1_788' title='bbox 1621 3015 1741 3098; x_wconf 68' lang='grc' dir='ltr'><strong>πιθαυέ</strong></span> <span class='ocrx_word' id='word_1_789' title='bbox 1758 3057 1824 3095; x_wconf 89' lang='lat' dir='ltr'><strong>per</strong></span> <span class='ocrx_word' id='word_1_790' title='bbox 1845 3015 2046 3092; x_wconf 64' lang='lat' dir='ltr'><strong>speculum,</strong></span> <span class='ocrx_word' id='word_1_791' title='bbox 2073 3038 2136 3076; x_wconf 87' lang='lat' dir='ltr'><strong>sed</strong></span> <span class='ocrx_word' id='word_1_792' title='bbox 2175 3034 2264 3072; x_wconf 85' lang='lat' dir='ltr'><strong>facie</strong></span> <span class='ocrx_word' id='word_1_793' title='bbox 2294 3027 2338 3067; x_wconf 86' lang='lat' dir='ltr'><strong>ad</strong></span> <span class='ocrx_word' id='word_1_794' title='bbox 2368 3021 2494 3062; x_wconf 74' lang='lat' dir='ltr'><strong>faciem.</strong></span> <span class='ocrx_word' id='word_1_795' title='bbox 2518 3015 2574 3046; x_wconf 82' lang='grc'>¹¹⁰¹²</span> 
     </span>
    </p>
   </div>
   <div class='ocr_carea' id='block_1_109' title="bbox 2333 3135 2577 3188">
    <p class='ocr_par' dir='ltr' id='par_1_109' title="bbox 2333 3135 2577 3188">
     <span class='ocr_line' id='line_1_110' title="bbox 2333 3135 2577 3188; baseline -0.086 0"><span class='ocrx_word' id='word_1_796' title='bbox 2333 3151 2382 3188; x_wconf 75' lang='lat' dir='ltr'><strong>nis</strong></span> <span class='ocrx_word' id='word_1_797' title='bbox 2397 3135 2577 3184; x_wconf 74' lang='lat' dir='ltr'><strong>cruciatibus.</strong></span> 
     </span>
    </p>
   </div>
   <div class='ocr_carea' id='block_1_110' title="bbox 1601 3161 2577 3251">
    <p class='ocr_par' dir='ltr' id='par_1_110' title="bbox 1601 3161 2577 3251">
     <span class='ocr_line' id='line_1_111' title="bbox 1601 3161 2576 3218; baseline -0.029 -5"><span class='ocrx_word' id='word_1_798' title='bbox 1601 3175 1660 3214; x_wconf 71' lang='grc'><strong>12.</strong></span> <span class='ocrx_word' id='word_1_799' title='bbox 1673 3173 1820 3212; x_wconf 81' lang='lat' dir='ltr'><strong>Amissio</strong></span> <span class='ocrx_word' id='word_1_800' title='bbox 1835 3169 1930 3218; x_wconf 84' lang='lat' dir='ltr'><strong>regni</strong></span> <span class='ocrx_word' id='word_1_801' title='bbox 1945 3165 2088 3206; x_wconf 69' lang='lat' dir='ltr'><strong>cwlestis</strong></span> <span class='ocrx_word' id='word_1_802' title='bbox 2107 3161 2240 3212; x_wconf 82' lang='lat' dir='ltr'><strong>gravior</strong></span> <span class='ocrx_word' id='word_1_803' title='bbox 2252 3161 2382 3194; x_wconf 65' lang='lat' dir='ltr'><strong>uternis</strong></span> <span class='ocrx_word' id='word_1_804' title='bbox 2397 3161 2576 3184; x_wconf 59' lang='grc' dir='ltr'><strong>επακ-δυ’*-</strong></span> 
     </span>
     <span class='ocr_line' id='line_1_112' title="bbox 1617 3199 2577 3251; baseline 0 0"><span class='ocrx_word' id='word_1_805' title='bbox 1617 3237 1714 3251; x_wconf 50' lang='lat' dir='ltr'><strong>u..i.:</strong></span> <span class='ocrx_word' id='word_1_806' title='bbox 1732 3243 1817 3251; x_wconf 61' lang='lat'><strong>_-..-</strong></span> <span class='ocrx_word' id='word_1_807' title='bbox 1838 3237 1919 3251; x_wconf 65' lang='lat' dir='ltr'><strong>&quot;nu</strong></span> <span class='ocrx_word' id='word_1_808' title='bbox 1954 3229 2012 3251; x_wconf 73' lang='lat' dir='ltr'><strong>nu:</strong></span> <span class='ocrx_word' id='word_1_809' title='bbox 2033 3223 2188 3251; x_wconf 71' lang='lat' dir='ltr'><strong>nlmnrr‘n</strong></span> <span class='ocrx_word' id='word_1_810' title='bbox 2208 3217 2336 3251; x_wconf 71' lang='lat' dir='ltr'><strong>illdiCiO</strong></span> <span class='ocrx_word' id='word_1_811' title='bbox 2353 3211 2418 3251; x_wconf 78' lang='grc' dir='ltr'><strong>ιιεί.</strong></span> <span class='ocrx_word' id='word_1_812' title='bbox 2435 3216 2453 3243; x_wconf 76' lang='lat' dir='ltr'><strong>a</strong></span> <span class='ocrx_word' id='word_1_813' title='bbox 2467 3199 2577 3251; x_wconf 56' lang='lat' dir='ltr'><strong>gehen.</strong></span> 
     </span>
    </p>
   </div>
   <div class='ocr_carea' id='block_1_111' title="bbox 1551 3211 2572 3290">
    <p class='ocr_par' dir='ltr' id='par_1_111' title="bbox 1551 3211 2572 3290">
     <span class='ocr_line' id='line_1_113' title="bbox 1551 3211 2572 3290; baseline 0.002 -16"><span class='ocrx_word' id='word_1_814' title='bbox 1551 3261 1600 3269; x_wconf 91' lang='lat'><strong>—</strong></span> <span class='ocrx_word' id='word_1_815' title='bbox 1617 3211 1716 3276; x_wconf 68' lang='lat' dir='ltr'><strong>multi</strong></span> <span class='ocrx_word' id='word_1_816' title='bbox 1729 3243 1818 3273; x_wconf 86' lang='lat' dir='ltr'><strong>sane</strong></span> <span class='ocrx_word' id='word_1_817' title='bbox 1837 3211 1936 3276; x_wconf 67' lang='lat' dir='ltr'><strong>sunt,</strong></span> <span class='ocrx_word' id='word_1_818' title='bbox 1954 3229 2015 3278; x_wconf 91' lang='lat' dir='ltr'><strong>qui</strong></span> <span class='ocrx_word' id='word_1_819' title='bbox 2032 3211 2188 3264; x_wconf 67' lang='lat' dir='ltr'><strong>absurdo</strong></span> <span class='ocrx_word' id='word_1_820' title='bbox 2203 3217 2336 3269; x_wconf 68' lang='grc' dir='ltr'><strong>Ῑιιάίοίθ</strong></span> 
     </span>
    </p>
   </div>
   <div class='ocr_carea' id='block_1_112' title="bbox 1554 3266 2581 3340">
    <p class='ocr_par' dir='ltr' id='par_1_112' title="bbox 1554 3266 2581 3340">
     <span class='ocr_line' id='line_1_114' title="bbox 1554 3266 2581 3340; baseline -0.017 0"><span class='ocrx_word' id='word_1_821' title='bbox 1554 3312 1600 3340; x_wconf 89' lang='lat' dir='ltr'><strong>na</strong></span> <span class='ocrx_word' id='word_1_822' title='bbox 1615 3300 1732 3338; x_wconf 88' lang='lat' dir='ltr'><strong>solum</strong></span> <span class='ocrx_word' id='word_1_823' title='bbox 1747 3293 1893 3334; x_wconf 86' lang='lat' dir='ltr'><strong>liberari</strong></span> <span class='ocrx_word' id='word_1_824' title='bbox 1925 3266 2118 3340; x_wconf 61' lang='lat' dir='ltr'><strong>peroptant</strong></span> <span class='ocrx_word' id='word_1_825' title='bbox 2139 3297 2148 3321; x_wconf 85' lang='lat'><strong>:</strong></span> <span class='ocrx_word' id='word_1_826' title='bbox 2170 3292 2236 3331; x_wconf 88' lang='lat' dir='ltr'><strong>ego</strong></span> <span class='ocrx_word' id='word_1_827' title='bbox 2254 3287 2339 3317; x_wconf 85' lang='lat' dir='ltr'><strong>vero</strong></span> <span class='ocrx_word' id='word_1_828' title='bbox 2350 3266 2581 3340; x_wconf 45' lang='grc' dir='ltr'><strong>Βείιθξῗξ-Ὲζ</strong></span> 
     </span>
    </p>
   </div>
   <div class='ocr_carea' id='block_1_113' title="bbox 1538 3323 2584 3411">
    <p class='ocr_par' dir='ltr' id='par_1_113' title="bbox 1538 3323 2584 3411">
     <span class='ocr_line' id='line_1_115' title="bbox 1555 3323 2211 3340; baseline -0.03 0"><span class='ocrx_word' id='word_1_829' title='bbox 1555 3323 1600 3340; x_wconf 70' lang='lat' dir='ltr'><strong>&quot;il</strong></span> <span class='ocrx_word' id='word_1_830' title='bbox 1615 3323 1732 3338; x_wconf 69' lang='grc' dir='ltr'><strong>δυιυιιι</strong></span> <span class='ocrx_word' id='word_1_831' title='bbox 1748 3323 1893 3334; x_wconf 68' lang='grc' dir='ltr'><strong>ιιυνιμ..</strong></span> <span class='ocrx_word' id='word_1_832' title='bbox 1927 3323 2116 3340; x_wconf 34' lang='lat' dir='ltr'><strong>rw.-r.7&quot;,,</strong></span> <span class='ocrx_word' id='word_1_833' title='bbox 2191 3323 2211 3331; x_wconf 66' lang='grc' dir='ltr'>ν</span> 
     </span>
     <span class='ocr_line' id='line_1_116' title="bbox 1538 3323 2584 3411; baseline -0.032 -9"><span class='ocrx_word' id='word_1_834' title='bbox 1538 3350 1592 3402; x_wconf 59' lang='grc' dir='ltr'><strong>ἰο</strong></span> <span class='ocrx_word' id='word_1_835' title='bbox 1609 3359 1814 3411; x_wconf 83' lang='lat' dir='ltr'><strong>graviorem</strong></span> <span class='ocrx_word' id='word_1_836' title='bbox 1833 3365 1915 3407; x_wconf 85' lang='lat' dir='ltr'><strong>esse</strong></span> <span class='ocrx_word' id='word_1_837' title='bbox 1933 3361 2078 3401; x_wconf 75' lang='lat' dir='ltr'><strong>poenam</strong></span> <span class='ocrx_word' id='word_1_838' title='bbox 2096 3354 2195 3396; x_wconf 91' lang='lat' dir='ltr'><strong>puto,</strong></span> <span class='ocrx_word' id='word_1_839' title='bbox 2213 3333 2510 3411; x_wconf 48' lang='lat' dir='ltr'><strong>non‘assequlf&#39;t‘lin</strong></span> <span class='ocrx_word' id='word_1_840' title='bbox 2519 3323 2584 3411; x_wconf 51' lang='grc' dir='ltr'><strong>ἷξε</strong></span> 
     </span>
    </p>
   </div>
   <div class='ocr_carea' id='block_1_114' title="bbox 1555 3386 2586 3474">
    <p class='ocr_par' dir='ltr' id='par_1_114' title="bbox 1555 3386 2586 3474">
     <span class='ocr_line' id='line_1_117' title="bbox 1556 3386 2436 3402; baseline -0.028 -1"><span class='ocrx_word' id='word_1_841' title='bbox 1556 3386 1592 3402; x_wconf 84' lang='grc' dir='ltr'><strong>ιυ</strong></span> <span class='ocrx_word' id='word_1_842' title='bbox 1634 3386 1915 3399; x_wconf 38' lang='lat' dir='ltr'><strong>“nomn---”</strong></span> <span class='ocrx_word' id='word_1_843' title='bbox 1935 3386 2062 3401; x_wconf 31' lang='lat' dir='ltr'><strong>rm“,</strong></span> <span class='ocrx_word' id='word_1_844' title='bbox 2097 3386 2107 3396; x_wconf 84' lang='lat'>_</span> <span class='ocrx_word' id='word_1_845' title='bbox 2187 3386 2194 3390; x_wconf 68' lang='grc'>,</span> <span class='ocrx_word' id='word_1_846' title='bbox 2429 3391 2436 3400; x_wconf 46' lang='grc'><em>,</em></span> 
     </span>
     <span class='ocr_line' id='line_1_118' title="bbox 1555 3386 2586 3474; baseline -0.033 -10"><span class='ocrx_word' id='word_1_847' title='bbox 1555 3386 1708 3474; x_wconf 59' lang='grc' dir='ltr'><strong>ειοῗσίιιω</strong></span> <span class='ocrx_word' id='word_1_848' title='bbox 1724 3402 1838 3465; x_wconf 78' lang='lat' dir='ltr'><strong>illam,</strong></span> <span class='ocrx_word' id='word_1_849' title='bbox 1854 3418 1961 3465; x_wconf 90' lang='lat' dir='ltr'><strong>eique</strong></span> <span class='ocrx_word' id='word_1_850' title='bbox 1991 3413 2052 3461; x_wconf 90' lang='lat' dir='ltr'><strong>qui</strong></span> <span class='ocrx_word' id='word_1_851' title='bbox 2083 3409 2168 3448; x_wconf 87' lang='lat' dir='ltr'><strong>inde</strong></span> <span class='ocrx_word' id='word_1_852' title='bbox 2201 3399 2370 3474; x_wconf 75' lang='lat' dir='ltr'><strong>exciderit</strong></span> <span class='ocrx_word' id='word_1_853' title='bbox 2384 3386 2586 3474; x_wconf 47' lang='lat' dir='ltr'><strong>op;l‘l.0:m:‘:s:</strong></span> 
     </span>
    </p>
   </div>
   <div class='ocr_carea' id='block_1_115' title="bbox 1557 3449 2641 3534">
    <p class='ocr_par' dir='ltr' id='par_1_115' title="bbox 1557 3449 2641 3534">
     <span class='ocr_line' id='line_1_119' title="bbox 1583 3449 2015 3464; baseline -0.03 -1"><span class='ocrx_word' id='word_1_854' title='bbox 1583 3449 1708 3464; x_wconf 75' lang='grc' dir='ltr'><strong>ιιι-ιιι...</strong></span> <span class='ocrx_word' id='word_1_855' title='bbox 1856 3449 1886 3456; x_wconf 60' lang='grc' dir='ltr'><strong>ν.</strong></span> <span class='ocrx_word' id='word_1_856' title='bbox 1919 3449 1959 3453; x_wconf 76' lang='lat'><strong>_-</strong></span> <span class='ocrx_word' id='word_1_857' title='bbox 1997 3449 2015 3461; x_wconf 46' lang='grc' dir='ltr'><strong>Ἰ</strong></span> 
     </span>
     <span class='ocr_line' id='line_1_120' title="bbox 1557 3449 2641 3534; baseline -0.039 -7"><span class='ocrx_word' id='word_1_858' title='bbox 1557 3449 1853 3534; x_wconf 70' lang='lat' dir='ltr'><strong>:deolugendum</strong></span> <span class='ocrx_word' id='word_1_859' title='bbox 1871 3449 1952 3518; x_wconf 60' lang='lat' dir='ltr'><strong>esse</strong></span> <span class='ocrx_word' id='word_1_860' title='bbox 1966 3476 2013 3514; x_wconf 88' lang='lat' dir='ltr'><strong>de</strong></span> <span class='ocrx_word' id='word_1_861' title='bbox 2034 3473 2210 3522; x_wconf 60' lang='lat' dir='ltr'><strong>gehennae</strong></span> <span class='ocrx_word' id='word_1_862' title='bbox 2228 3464 2330 3504; x_wconf 87' lang='lat' dir='ltr'><strong>malis</strong></span> <span class='ocrx_word' id='word_1_863' title='bbox 2338 3487 2353 3530; x_wconf 41' lang='lat' dir='ltr'><strong>I,</strong></span> <span class='ocrx_word' id='word_1_864' title='bbox 2370 3462 2408 3495; x_wconf 91' lang='lat' dir='ltr'><strong>ut</strong></span> <span class='ocrx_word' id='word_1_865' title='bbox 2423 3449 2587 3534; x_wconf 44' lang='lat' dir='ltr'><strong>deﬁgi:</strong></span> <span class='ocrx_word' id='word_1_866' title='bbox 2639 3495 2641 3498; x_wconf 28' lang='grc' dir='ltr'><strong>η</strong></span> 
     </span>
    </p>
   </div>
   <div class='ocr_carea' id='block_1_116' title="bbox 1557 3511 2588 3601">
    <p class='ocr_par' dir='ltr' id='par_1_116' title="bbox 1557 3511 2588 3601">
     <span class='ocr_line' id='line_1_121' title="bbox 1557 3511 2055 3526; baseline -0.056 5"><span class='ocrx_word' id='word_1_867' title='bbox 1557 3511 1648 3526; x_wconf 69' lang='grc' dir='ltr'><strong>αυιὶν</strong></span> <span class='ocrx_word' id='word_1_868' title='bbox 1658 3511 1694 3525; x_wconf 80' lang='grc' dir='ltr'>ω</span> <span class='ocrx_word' id='word_1_869' title='bbox 1721 3511 1853 3522; x_wconf 57' lang='lat' dir='ltr'><strong>tum--.</strong></span> <span class='ocrx_word' id='word_1_870' title='bbox 1873 3511 1951 3518; x_wconf 54' lang='grc' dir='ltr'><strong>--η</strong></span> <span class='ocrx_word' id='word_1_871' title='bbox 1972 3511 2010 3514; x_wconf 53' lang='grc' dir='ltr'>η</span> <span class='ocrx_word' id='word_1_872' title='bbox 2035 3511 2055 3522; x_wconf 66' lang='grc' dir='ltr'>υ</span> 
     </span>
     <span class='ocr_line' id='line_1_122' title="bbox 1557 3511 2588 3601; baseline -0.045 -9"><span class='ocrx_word' id='word_1_873' title='bbox 1557 3511 1729 3591; x_wconf 60' lang='lat' dir='ltr'><strong>etclam;</strong></span> <span class='ocrx_word' id='word_1_874' title='bbox 1765 3553 1878 3594; x_wconf 78' lang='lat' dir='ltr'><strong>regno</strong></span> <span class='ocrx_word' id='word_1_875' title='bbox 1907 3541 1997 3578; x_wconf 89' lang='lat' dir='ltr'><strong>:hic</strong></span> <span class='ocrx_word' id='word_1_876' title='bbox 2034 3536 2131 3574; x_wconf 84' lang='lat' dir='ltr'><strong>enim</strong></span> <span class='ocrx_word' id='word_1_877' title='bbox 2165 3537 2221 3570; x_wconf 92' lang='lat' dir='ltr'><strong>est</strong></span> <span class='ocrx_word' id='word_1_878' title='bbox 2253 3511 2588 3601; x_wconf 50' lang='lat' dir='ltr'><strong>cruciaitiinfimg“:</strong></span> 
     </span>
    </p>
   </div>
   <div class='ocr_carea' id='block_1_117' title="bbox 1560 3571 2572 3652">
    <p class='ocr_par' dir='ltr' id='par_1_117' title="bbox 1560 3571 2572 3652">
     <span class='ocr_line' id='line_1_123' title="bbox 1560 3571 2129 3594; baseline -0.035 -3"><span class='ocrx_word' id='word_1_879' title='bbox 1560 3571 1729 3591; x_wconf 65' lang='lat' dir='ltr'><strong>WlUl’ulu</strong></span> <span class='ocrx_word' id='word_1_880' title='bbox 1766 3571 1878 3594; x_wconf 62' lang='lat' dir='ltr'><strong>Iba-Iv</strong></span> <span class='ocrx_word' id='word_1_881' title='bbox 1908 3571 1916 3578; x_wconf 79' lang='lat'>.</span> <span class='ocrx_word' id='word_1_882' title='bbox 1939 3571 1997 3578; x_wconf 65' lang='grc' dir='ltr'><strong>...ν</strong></span> <span class='ocrx_word' id='word_1_883' title='bbox 2037 3571 2129 3574; x_wconf 48' lang='grc' dir='ltr'><strong>--νηη</strong></span> 
     </span>
     <span class='ocr_line' id='line_1_124' title="bbox 1560 3571 2572 3652; baseline -0.037 1"><span class='ocrx_word' id='word_1_884' title='bbox 1560 3611 1832 3652; x_wconf 88' lang='lat' dir='ltr'><strong>acerbissimus.</strong></span> <span class='ocrx_word' id='word_1_885' title='bbox 1859 3605 1963 3644; x_wconf 83' lang='lat' dir='ltr'><strong>Nunc</strong></span> <span class='ocrx_word' id='word_1_886' title='bbox 1991 3605 2090 3639; x_wconf 90' lang='lat' dir='ltr'><strong>certe</strong></span> <span class='ocrx_word' id='word_1_887' title='bbox 2106 3606 2187 3634; x_wconf 91' lang='lat' dir='ltr'><strong>cum</strong></span> <span class='ocrx_word' id='word_1_888' title='bbox 2205 3599 2322 3640; x_wconf 82' lang='lat' dir='ltr'><strong>regem</strong></span> <span class='ocrx_word' id='word_1_889' title='bbox 2354 3571 2572 3652; x_wconf 44' lang='lat' dir='ltr'><strong>videritis-gf</strong></span> 
     </span>
    </p>
   </div>
   <div class='ocr_carea' id='block_1_118' title="bbox 1560 3634 2588 3726">
    <p class='ocr_par' dir='ltr' id='par_1_118' title="bbox 1560 3634 2588 3726">
     <span class='ocr_line' id='line_1_125' title="bbox 1560 3634 2529 3652; baseline -0.032 1"><span class='ocrx_word' id='word_1_890' title='bbox 1560 3634 1638 3652; x_wconf 66' lang='lat' dir='ltr'><strong>auct</strong></span> <span class='ocrx_word' id='word_1_891' title='bbox 1646 3634 1832 3650; x_wconf 66' lang='grc' dir='ltr'><strong>υιθδιμιιισι</strong></span> <span class='ocrx_word' id='word_1_892' title='bbox 1859 3634 1963 3644; x_wconf 70' lang='grc' dir='ltr'><strong>..η-..ν</strong></span> <span class='ocrx_word' id='word_1_893' title='bbox 1993 3634 2045 3639; x_wconf 65' lang='grc' dir='ltr'><strong>ν--</strong></span> <span class='ocrx_word' id='word_1_894' title='bbox 2059 3634 2086 3636; x_wconf 55' lang='grc' dir='ltr'>η</span> <span class='ocrx_word' id='word_1_895' title='bbox 2245 3634 2264 3640; x_wconf 81' lang='lat'>_</span> <span class='ocrx_word' id='word_1_896' title='bbox 2526 3634 2529 3635; x_wconf 19' lang='grc' dir='ltr'><em>ν</em></span> 
     </span>
     <span class='ocr_line' id='line_1_126' title="bbox 1560 3634 2588 3726; baseline -0.041 -11"><span class='ocrx_word' id='word_1_897' title='bbox 1560 3675 1683 3726; x_wconf 89' lang='lat' dir='ltr'><strong>quenti</strong></span> <span class='ocrx_word' id='word_1_898' title='bbox 1699 3683 1781 3712; x_wconf 89' lang='lat' dir='ltr'><strong>cum</strong></span> <span class='ocrx_word' id='word_1_899' title='bbox 1795 3667 1964 3710; x_wconf 89' lang='lat' dir='ltr'><strong>satellitio</strong></span> <span class='ocrx_word' id='word_1_900' title='bbox 1977 3663 2112 3712; x_wconf 83' lang='lat' dir='ltr'><strong>regiam</strong></span> <span class='ocrx_word' id='word_1_901' title='bbox 2129 3657 2332 3696; x_wconf 87' lang='lat' dir='ltr'><strong>adeuntem,</strong></span> <span class='ocrx_word' id='word_1_902' title='bbox 2353 3645 2490 3684; x_wconf 88' lang='lat' dir='ltr'><strong>clientes</strong></span> <span class='ocrx_word' id='word_1_903' title='bbox 2505 3634 2569 3675; x_wconf 69' lang='grc' dir='ltr'><strong>οιιιε</strong></span> <span class='ocrx_word' id='word_1_904' title='bbox 2579 3647 2588 3664; x_wconf 78' lang='grc' dir='ltr'>ι</span> 
     </span>
    </p>
   </div>
   <div class='ocr_carea' id='block_1_119' title="bbox 1604 3783 2592 3871">
    <p class='ocr_par' dir='ltr' id='par_1_119' title="bbox 1604 3783 2592 3871">
     <span class='ocr_line' id='line_1_127' title="bbox 1604 3783 2592 3871; baseline -0.014 0"><span class='ocrx_word' id='word_1_905' title='bbox 1604 3798 1618 3860; x_wconf 75' lang='lat'><strong>1</strong></span> <span class='ocrx_word' id='word_1_906' title='bbox 1635 3799 1876 3871; x_wconf 60' lang='lat' dir='ltr'><strong>sarrito</strong></span> <span class='ocrx_word' id='word_1_907' title='bbox 1889 3783 2095 3870; x_wconf 55' lang='lat' dir='ltr'><strong>eam</strong></span> <span class='ocrx_word' id='word_1_908' title='bbox 2112 3821 2215 3856; x_wconf 71' lang='grc' dir='ltr'><strong>ιοσηηι</strong></span> <span class='ocrx_word' id='word_1_909' title='bbox 2229 3808 2395 3858; x_wconf 62' lang='lat' dir='ltr'><strong>quemdam</strong></span> <span class='ocrx_word' id='word_1_910' title='bbox 2406 3789 2592 3843; x_wconf 57' lang='grc' dir='ltr'><strong>ενιιηιαίλυηκ</strong></span> 
     </span>
    </p>
   </div>
   <div class='ocr_carea' id='block_1_120' title="bbox 1565 3877 2417 3958">
    <p class='ocr_par' dir='ltr' id='par_1_120' title="bbox 1565 3877 2417 3958">
     <span class='ocr_line' id='line_1_128' title="bbox 1565 3877 2417 3958; baseline -0.018 -3"><span class='ocrx_word' id='word_1_911' title='bbox 1565 3881 1750 3955; x_wconf 48' lang='lat'><strong>“983:1?</strong></span> <span class='ocrx_word' id='word_1_912' title='bbox 1761 3877 1997 3958; x_wconf 50' lang='grc' dir='ltr'><strong>έῗῖῗιξῖιῗῗιὸει,</strong></span> <span class='ocrx_word' id='word_1_913' title='bbox 2009 3915 2105 3947; x_wconf 84' lang='lat' dir='ltr'><strong>tome.</strong></span> <span class='ocrx_word' id='word_1_914' title='bbox 2119 3903 2250 3941; x_wconf 61' lang='lat' dir='ltr'><strong>addunt.</strong></span> <span class='ocrx_word' id='word_1_915' title='bbox 2265 3904 2302 3929; x_wconf 79' lang='grc' dir='ltr'><strong>αι</strong></span> <span class='ocrx_word' id='word_1_916' title='bbox 2313 3894 2417 3927; x_wconf 65' lang='grc' dir='ltr'><strong>ιαηίιδ·</strong></span> 
     </span>
    </p>
   </div>
  </div>
