3896 6168
340 282 443 336 επ

341 391 625 457 sermonis,
649 393 856 448 consilii
884 405 937 449 et
954 396 1134 466 gloria:
1157 401 1440 470 participes
1460 443 1474 467 ,
1502 403 1597 458 bea
1609 414 1691 461 los
1720 407 1915 477 praidi-

340 497 547 548 camus,
581 498 784 553 uosque
811 487 1058 554 miseros,
1089 491 1190 545 etsi
1219 492 1438 548 infinitis
1481 495 1634 552 bonis
1683 500 1920 558 abunde-

343 589 484 638 mus,
509 589 735 644 quorum
765 589 980 632 sensum
1005 594 1112 635 non
1136 583 1475 653 percipimus,
1499 601 1680 642 eorum
1699 590 1919 660 gloriam

347 666 654 731 intuentes;
687 667 896 722 etiamsi
919 683 1253 740 compertum
1279 676 1348 729 sit
1377 676 1547 744 nobis,
1580 678 1721 734 hunc
1742 683 1921 748 Splen-

343 755 533 811 dorem
555 754 799 811 fallacem
828 772 950 814 esse
972 761 1296 833 minimeque
1315 776 1540 833 certum,
1574 777 1686 822 tum
1713 769 1782 825 ob
1815 772 1923 826 bel-

347 846 418 908 la,
449 854 559 899 tum
589 844 659 900 ob
687 847 908 923 insidias
934 849 1324 922 invidiamque,
1356 863 1464 908 tum
1483 857 1665 924 etiam,
1689 860 1830 928 quod
1859 861 1923 916 iis

347 936 597 990 omnibus
625 937 874 1006 sepositis
905 939 1020 1008 ipse
1048 955 1144 1010 per
1188 958 1248 997 se
1303 958 1399 1012 pro
1442 945 1609 1000 nihilo
1653 947 1924 1006 habendus

348 1029 438 1081 sit.
471 1029 548 1083 Ac
581 1028 668 1084 ubi
713 1029 890 1098 agitur
929 1030 995 1085 de
1045 1031 1189 1103 Rege
1243 1035 1631 1104 universorum,
1681 1041 1769 1110 qui
1819 1057 1922 1096 non

349 1124 578 1183 partem,
611 1117 704 1172 sed
731 1132 918 1189 gyrum
967 1127 1132 1174 totum
1177 1129 1329 1176 terra:
1382 1125 1634 1191 possidet,
1683 1129 1790 1183 imo
1836 1131 1924 1198 qui

351 1217 518 1262 totam
540 1208 686 1263 illam
715 1225 888 1280 pugno
906 1212 1274 1280 complectitur
1291 1255 1310 1281 ,
1343 1223 1398 1268 et
1420 1217 1592 1286 palmo
1622 1220 1781 1273 caelos
1808 1235 1922 1274 me-

356 1299 502 1364 titur,
519 1298 606 1370 qui
636 1308 809 1368 portat
837 1300 1012 1354 omnia
1056 1302 1221 1357 verbo
1245 1303 1453 1358 virtutis
1479 1321 1608 1372 sum,
1633 1309 1716 1362 cui
1738 1323 1926 1364 omnes

355 1400 541 1460 gentes
570 1391 718 1460 quasi
747 1391 879 1445 nihil
898 1402 950 1447 et
966 1395 1115 1462 quasi
1129 1395 1291 1449 saliva
1313 1406 1684 1466 computantur
1711 1415 1726 1454 :
1751 1415 1926 1455 annon

357 1481 666 1552 putabimus
712 1492 1012 1539 extremum
1056 1500 1174 1541 esse
1201 1487 1516 1556 supplicium
1536 1530 1552 1557 ,
1579 1490 1624 1543 si
1679 1489 1730 1545 in
1762 1491 1928 1546 choro

355 1572 458 1640 ipsi
476 1573 850 1642 circumposito
869 1589 974 1628 non
988 1576 1395 1641 constituamur,
1420 1579 1514 1633 sed
1540 1587 1622 1634 sat
1639 1581 1792 1636 nobis
1807 1595 1928 1636 esse

355 1661 656 1728 credemus,
685 1663 730 1716 si
756 1662 1053 1732 gehennam
1076 1664 1448 1736 eli‘ugerimus?
1490 1669 1626 1736 Quid
1655 1671 1828 1724 anima
1850 1672 1929 1726 sic

357 1751 544 1806 aﬂ‘ecta
575 1753 858 1808 miserius?
880 1754 991 1809 Rex
1021 1756 1162 1809 enim
1204 1757 1296 1811 ille
1353 1773 1458 1812 non
1504 1759 1631 1829 iugo
1684 1760 1926 1816 alborum

355 1849 619 1902 mulorum
640 1889 654 1912 ,
677 1863 780 1902 non
809 1863 974 1904 aureo
1017 1864 1174 1906 curru
1200 1859 1413 1915 vectus,
1443 1867 1546 1906 non
1577 1869 1805 1923 purpura
1831 1868 1930 1908 nec

352 1955 553 1995 corona
578 1948 818 2010 ornatus,
849 1956 954 1997 non
981 1943 1079 2010 sic,
1114 1942 1349 2014 inquam,
1373 1944 1705 2013 iudicaturus
1730 1954 1926 2001 terram

352 2034 553 2087 veniet.

429 2121 733 2176 Testimonia
777 2124 839 2177 de
866 2123 1040 2192 futuro
1070 2125 1282 2193 judicio.
1310 2154 1379 2165 —
1405 2124 1682 2194 Quomodo
1722 2128 1880 2199 igitur
1903 2129 1929 2181 ἲ
1991 2118 1994 2122 ’

354 2212 490 2267 Audi
515 2213 798 2284 prophetas
820 2215 1112 2270 clamantes
1144 2223 1199 2270 et
1234 2215 1473 2272 dicentes
1494 2258 1510 2284 ,
1535 2227 1788 2287 quantum
1826 2219 1924 2272 ho-

355 2305 589 2360 minibus
617 2305 792 2360 dicere
817 2304 895 2359 fas
922 2315 1007 2361 est
1030 2322 1042 2359 :
1073 2307 1206 2361 alius
1228 2307 1438 2377 quidem
1466 2309 1539 2362 ait
1569 2326 1584 2362 :
1615 2308 1748 2362 Deus
1767 2310 1931 2362 mani-

355 2396 481 2465 feste
503 2395 659 2449 ueniet
676 2436 692 2461 ,
719 2394 855 2448 Deus
885 2404 1069 2462 noster,
1095 2407 1141 2450 et
1186 2412 1286 2451 non
1313 2398 1472 2453 silebit
1505 2414 1524 2451 :
1549 2399 1680 2469 ignis
1723 2400 1776 2452 in
1805 2415 1928 2453 con-

354 2493 526 2552 specta
547 2485 664 2554 ejus
695 2485 978 2538 exardescet
1001 2526 1016 2550 ,
1045 2494 1090 2538 et
1118 2485 1169 2538 in
1191 2485 1400 2539 circuitu
1429 2487 1538 2557 ejus
1559 2496 1821 2558 tempestas
1845 2503 1932 2540 va—

355 2574 463 2626 lida
486 2590 504 2627 :
527 2573 784 2628 advocabit
820 2576 1000 2629 acetum
1039 2575 1299 2630 desursum
1319 2616 1333 2643 ,
1355 2586 1403 2631 et
1442 2587 1624 2632 terram
1652 2579 1931 2632 discernere

357 2665 601 2733 populum
623 2681 768 2718 suum
794 2664 959 2734 (Psal.
988 2665 1076 2720 49.
1106 2667 1158 2720 5.
1182 2665 1258 2736 4).
1288 2666 1448 2722 Isaias
1475 2682 1598 2722 vero
1615 2667 1928 2738 supplicium

355 2755 529 2824 ipsum
578 2754 730 2809 nobis
775 2755 1020 2824 proponit
1055 2755 1136 2811 bis
1175 2756 1349 2811 verbis
1384 2773 1396 2808 :
1431 2755 1562 2812 Ecce
1590 2747 1694 2812 dies
1724 2755 1931 2812 Domini

354 2845 488 2899 venit
532 2845 825 2899 insanabilis
862 2846 1046 2916 furoris
1089 2857 1134 2902 et
1177 2848 1267 2901 ira!
1288 2889 1302 2912 ,
1335 2849 1403 2902 ad
1445 2851 1729 2919 ponendum
1773 2859 1930 2905 totum

357 2939 526 2992 orbem
555 2948 802 2992 terrarum
829 2939 1080 2993 desertum
1099 2981 1113 3004 ,
1140 2950 1186 2994 et
1215 2942 1282 2994 ad
1311 2941 1619 3011 perdendum
1649 2952 1930 3012 peccatores

354 3045 421 3083 ea:
466 3045 543 3083 eo.
603 3028 740 3082 Nam
781 3029 942 3084 stellae
959 3030 1104 3095 cwli,
1132 3041 1178 3084 et
1219 3031 1413 3098 Orion,
1442 3042 1488 3086 et
1517 3034 1677 3088 omnis
1723 3044 1930 3088 ornatus

355 3120 469 3173 ccli
491 3161 506 3184 ,
539 3121 699 3173 lucem
735 3137 881 3174 suam
905 3137 1005 3175 non
1031 3121 1218 3174 dabunt
1249 3138 1266 3176 :
1296 3133 1341 3176 et
1372 3123 1728 3178 obtenebrescet
1765 3125 1842 3180 sol
1877 3129 1930 3179 in

355 3219 533 3262 exortu
553 3226 642 3263 suo
665 3249 680 3273 ,
709 3218 754 3262 et
795 3209 916 3264 luna
959 3227 1059 3265 non
1088 3211 1224 3265 dabit
1271 3213 1439 3266 lumen
1485 3230 1650 3267 suum.
1680 3212 1746 3267 Et
1788 3231 1929 3268 man-

355 3299 488 3352 dabo
536 3299 761 3353 universo
809 3300 916 3352 orbi
961 3301 1132 3364 mala,
1185 3312 1231 3354 et
1274 3303 1443 3372 impiis
1485 3314 1688 3372 peccata
1727 3320 1820 3357 sua
1847 3315 1931 3358 :et

355 3389 567 3454 perdam
611 3391 959 3444 contumeliam
1002 3391 1324 3460 iniquorum,
1367 3403 1416 3447 et
1453 3395 1804 3448 contumeliam
1840 3411 1929 3449 su-

355 3478 624 3548 perborum
649 3480 923 3534 humiliabo
947 3497 966 3535 :
990 3491 1036 3535 et
1056 3493 1202 3537 erunt
1225 3485 1310 3550 qui
1331 3485 1490 3538 relicti
1518 3485 1722 3556 fuerint,
1745 3487 1932 3556 pretio-

353 3587 510 3624 siores
539 3587 691 3641 quam
719 3588 899 3625 aurum
941 3573 1191 3627 incoctum
1213 3615 1228 3642 ,
1256 3585 1300 3629 et
1343 3575 1491 3630 homo
1535 3577 1798 3646 pretiosior
1839 3579 1930 3630 erit

356 3677 512 3732 quam
539 3661 669 3732 lapis
704 3677 769 3716 ex
792 3661 1007 3732 Suphir.
1039 3661 1238 3717 Etenim
1284 3665 1462 3718 malum
1509 3666 1819 3719 concutietur
1839 3706 1854 3731 ,
1885 3676 1930 3719 et

349 3761 492 3804 terra
531 3751 916 3805 commovebitur
937 3769 968 3804 a
998 3753 1338 3823 fundamentis
1369 3755 1501 3820 suis,
1537 3766 1740 3824 propter
1785 3759 1930 3826 furo-

351 3858 467 3896 rem
491 3842 583 3896 irte
609 3841 814 3896 Domini
843 3843 1096 3909 Sabaoth,
1123 3846 1175 3898 in
1205 3845 1285 3899 die
1309 3863 1407 3916 qua
1451 3849 1760 3916 superveniet
1790 3852 1933 3917 furor

349 3935 470 4004 ejus
495 3931 646 4005 (Isai.
675 3934 760 3989 15.
786 3935 819 3989 9
848 3934 959 4004 15).
988 3935 1056 3989 Et
1106 3951 1348 4002 rursum,
1390 3936 1678 4004 Fenestrte,
1726 3939 1926 4009 inquit,

350 4028 420 4080 de
466 4025 590 4079 catlo
640 4027 944 4096 aperientur,
989 4036 1034 4079 et
1108 4029 1542 4082 commovebuntur
1603 4027 1931 4098 fundamenta

351 4125 529 4170 terra:
540 4112 832 4168 turbatione
847 4117 1138 4171 turbabitur
1152 4126 1309 4186 terra,
1323 4129 1544 4192 egestate
1554 4121 1736 4189 egebit,
1752 4120 1924 4191 agita-

354 4207 496 4261 tione
533 4207 806 4278 agitabitur
841 4207 970 4262 sicut
1013 4207 1176 4262 ebrius
1215 4218 1261 4263 et
1287 4210 1558 4280 crapulatis
1586 4212 1934 4266 :concutictur

354 4295 486 4350 sicut
532 4298 787 4368 tugurium
833 4298 1112 4370 pomarium
1167 4308 1300 4353 terra
1335 4315 1356 4353 :
1395 4301 1570 4367 cadet,
1621 4319 1709 4356 nec
1756 4305 1932 4372 poterit

352 4405 618 4458 resurgere
644 4405 664 4443 :
687 4389 895 4443 invaluit
921 4391 1054 4444 enim
1080 4407 1232 4460 super
1257 4407 1367 4445 eam
1389 4393 1645 4463 iniquitas.
1675 4393 1741 4448 Et
1776 4395 1931 4448 indu-

353 4489 434 4532 cet
464 4477 600 4532 Deus
618 4495 770 4550 super
795 4490 1029 4534 ornatum
1049 4481 1157 4534 σαιιὶ
1179 4482 1231 4535 in
1256 4482 1359 4536 alto
1381 4499 1585 4536 manum
1609 4500 1754 4537 suam
1778 4485 1829 4538 in
1853 4487 1935 4538 die

353 4571 450 4622 illa
473 4609 489 4633 ,
515 4579 564 4623 et
590 4586 741 4639 super
769 4586 926 4639 regna
965 4581 1110 4625 terra:
1141 4585 1161 4624 :
1183 4579 1230 4626 et
1257 4572 1626 4642 congregabant
1654 4591 1932 4645 congrega-

353 4659 544 4711 tionem
573 4659 683 4729 ejus
721 4660 775 4712 in
802 4675 1049 4713 carcerem
1072 4700 1086 4724 ,
1115 4669 1162 4714 et
1198 4661 1459 4716 occludent
1507 4664 1562 4716 in
1608 4664 1932 4720 munitionem

354 4747 514 4818 (Isai.
539 4747 867 4820 24.19-22).
896 4748 1179 4805 Malachias
1225 4751 1350 4806 item
1383 4752 1465 4807 his
1508 4767 1738 4810 consona
1781 4755 1933 4810 locu-

351 4851 442 4896 tus
474 4850 555 4895 cst
586 4857 600 4894 :
635 4839 762 4895 Ecce
788 4842 916 4896 venit
948 4840 1192 4896 Dominus
1218 4843 1535 4913 omnipotens
1555 4886 1569 4912 ,
1598 4854 1644 4899 et
1669 4847 1783 4914 quis
1825 4864 1935 4901 sus.

353 4931 532 4985 tinebit
585 4932 718 4986 diem
764 4934 1018 5001 ingressus
1058 4933 1214 5004 ejus?
1242 4943 1328 4986 aut
1369 4935 1479 5005 quis
1526 4937 1756 4990 subsistet
1781 4939 1834 4990 in
1863 4939 1937 4992 ri-

352 5024 498 5076 sione
525 5023 682 5093 ejus?
715 5021 845 5088 Quia
873 5026 979 5094 ipse
1007 5024 1284 5095 ingreditur
1305 5026 1430 5079 sicut
1460 5027 1589 5096 ignis
1614 5029 1898 5096 conﬂatorii
1917 5071 1931 5094 ,

353 5124 402 5165 et
433 5112 564 5166 sicut
591 5113 742 5166 herba
763 5113 1036 5167 lavantium
1066 5129 1084 5170 :
1112 5125 1157 5167 et
1179 5115 1361 5168 sedebit
1385 5117 1612 5184 con/laus
1638 5128 1684 5170 et
1713 5135 1937 5188 purgans

354 5205 506 5273 quasi
524 5213 788 5275 argentum
816 5214 863 5258 et
883 5221 1058 5258 aurum
1089 5203 1338 5276 (.llalach.
1366 5208 1417 5260 5.
1437 5205 1493 5259 9.
1522 5205 1596 5279 5).
1622 5207 1686 5262 Et
1704 5223 1934 5273 rursum,

353 5294 533 5362 Ecce,
568 5295 772 5365 inquit,
816 5297 922 5351 dies
950 5295 1155 5352 Domini
1187 5298 1314 5351 venit
1338 5313 1545 5352 accensa
1577 5306 1629 5350 ut
1659 5303 1860 5368 fornae,
1893 5310 1938 5352 ct

353 5389 696 5458 iiﬂanunabit
725 5405 828 5442 eos.
860 5387 924 5443 Et
952 5398 1096 5444 erunt
1121 5405 1290 5444 omnes
1320 5391 1613 5462 alienigena:
1641 5407 1657 5443 :
1689 5401 1734 5445 et
1760 5407 1933 5446 omnes

353 5491 628 5550 operantes
651 5481 824 5550 iniqua
845 5521 859 5548 ,
884 5480 1081 5535 arundo
1107 5497 1124 5535 :
1148 5491 1194 5537 et
1215 5481 1449 5534 accendet
1473 5497 1554 5535 eos
1583 5482 1688 5534 dies
1709 5491 1930 5547 ventura,

353 5574 486 5626 dicit
510 5570 758 5625 Dominus
787 5573 1119 5642 omnipotens,
1150 5589 1238 5626 nec
1267 5572 1608 5640 relinquentur
1643 5573 1812 5636 radix,
1845 5589 1934 5625 ne-

357 5680 457 5731 que
484 5666 674 5732 palmes
701 5665 948 5733 (Mal..ch.
972 5667 1023 5719 4.
1063 5667 1132 5736 1).
1168 5665 1258 5720 Vir
1297 5675 1471 5720 autem
1521 5666 1605 5720 ille
1639 5664 1930 5720 desiderio.

1434 294 1524 348 AD
1561 293 1977 352 TllEODORlJM
2014 296 2301 355 LAPSUM.
2343 300 2383 354 l.

3407 312 3588 366 .291

2029 422 2145 462 rum
2172 451 2187 476 ,
2229 409 2500 480 Videbam,
2532 415 2732 486 inquit,
2761 421 2916 474 donec
2956 421 3123 474 throni
3165 421 3316 490 positi
3357 432 3470 476 sunt
3494 463 3512 488 ,
3546 431 3599 475 et

2027 502 2260 570 antiquus
2286 503 2477 558 dierum
2506 508 2703 561 sedebat
2734 525 2749 560 :
2777 519 2821 562 et
2848 512 3184 564 vestimentum
3223 511 3331 580 ejus
3359 513 3484 563 sicut
3509 510 3604 561 nix

2029 590 2198 644 album
2219 633 2234 657 ,
2258 594 2470 662 capillus
2497 598 2675 665 capitis
2701 600 2808 667 ejus
2832 600 2973 667 quasi
2998 601 3118 652 lana
3139 599 3326 651 munda
3346 614 3364 651 :
3389 599 3568 652 thronn
3583 618 3599 649 ς

2031 681 2139 748 ejus
2165 681 2371 749 flamma
2397 683 2528 752 ignis
2547 725 2561 747 ,
2590 694 2636 738 et
2662 695 2784 739 rota:
2809 687 2916 755 ejus
2943 687 3072 756 ignis
3095 687 3418 756 inﬂammant
3443 702 3460 739 :
3491 689 3591 755 ﬂu-

2030 770 2138 823 uius
2175 771 2305 840 ignis
2331 773 2556 827 trahebat
2590 775 2912 844 progrediens
2945 786 3060 828 ante
3103 792 3233 829 eum.
3262 774 3406 829 Mille
3438 776 3598 828 millia

2030 861 2378 915 ministrabant
2416 865 2480 930 ei,
2512 874 2558 918 et
2601 865 2760 918 decies
2809 864 2992 918 millies
3039 864 3170 917 dena
3220 863 3380 917 millia
3423 865 3568 917 adsto

2030 949 2149 1003 bant
2198 951 2262 1004 iit'
2297 962 2562 1020 conspectu
2589 954 2699 1024 ejus
2746 952 3006 1006 Judicium
3031 953 3178 1016 sedit,
3208 962 3254 1005 et
3285 952 3398 1005 libri
3435 953 3597 1020 aperti

2037 1049 2152 1093 sunt
2195 1040 2355 1110 (Dan.
2400 1043 2454 1096 7.
2486 1042 2539 1097 9.
2571 1042 2679 1114 10).
2709 1044 2776 1097 Et
2818 1044 2997 1112 paucis
3051 1041 3373 1111 interpositis
3395 1083 3410 1107 ,
3447 1040 3597 1094 Vide-

2031 1128 2179 1194 bam,
2206 1131 2402 1200 inquit,
2439 1133 2492 1185 in
2541 1134 2727 1186 uisione
2768 1133 2960 1198 noctis,
2997 1142 3042 1187 et
3094 1149 3203 1185 ecce
3243 1149 3355 1184 cum
3396 1131 3602 1184 nubibus

2033 1222 2143 1275 caeli
2167 1223 2309 1290 quasi
2329 1223 2463 1290 ﬁlius
2489 1223 2703 1277 hominis
2735 1225 2930 1278 veniens
2955 1233 3061 1277 erat
3081 1265 3096 1289 ,
3125 1232 3172 1276 et
3204 1239 3358 1291 usque
3377 1223 3445 1275 ad
3469 1225 3601 1277 anti-

2031 1326 2185 1378 quum
2223 1310 2413 1364 dierum
2459 1313 2678 1380 peruenit
2701 1351 2716 1378 ,
2767 1323 2814 1366 et
2853 1329 3024 1366 coram
3083 1328 3143 1365 eo
3186 1311 3383 1366 oblatus
3421 1322 3491 1366 est
3519 1327 3536 1365 :
3561 1321 3604 1362 et

2033 1402 2132 1469 ipsi
2160 1402 2334 1454 datum
2364 1411 2434 1456 est
2471 1403 2770 1473 imperium,
2799 1405 2959 1457 honor
2996 1412 3043 1455 et
3070 1418 3276 1471 regnum
3308 1417 3326 1455 :
3355 1411 3400 1454 et
3437 1417 3606 1454 omnes

2035 1490 2209 1559 populi
2228 1533 2242 1558 ,
2269 1491 2423 1546 tribus
2447 1502 2490 1546 ct
2517 1492 2703 1563 lingute
2722 1494 2820 1562 ipsi
2843 1493 3079 1548 seruiunt.
3107 1491 3340 1545 Potestas
3359 1492 3489 1564 ejus,
3508 1507 3601 1559 po-

2034 1590 2184 1636 tes-tas
2221 1585 2554 1650 sempiterna,
2583 1599 2696 1652 qua:
2719 1599 2820 1636 non
2850 1583 3154 1652 praeteribit,
3188 1591 3234 1635 et
3259 1598 3470 1653 regnum
3492 1581 3603 1648 ejus

2034 1686 2134 1724 non
2169 1670 2466 1724 destruetur.
2499 1669 2762 1724 Inhorruit
2802 1671 3012 1740 spiritus
3057 1686 3231 1735 meus,
3261 1686 3351 1740 ego
3375 1668 3566 1722 Daniel
3587 1709 3602 1732 ,

2035 1761 2089 1813 in
2110 1759 2279 1814 habitu
2313 1777 2419 1814 meo
2443 1801 2460 1826 ,
2487 1769 2531 1814 et
2559 1761 2770 1815 uisiones
2800 1761 2978 1829 capitis
3002 1760 3096 1814 mei
3136 1761 3497 1814 conturbabant
3529 1777 3605 1814 me

2035 1850 2142 1918 (Ib.
2219 1849 2429 1919 13-15).
2490 1850 2643 1904 Tunc
2704 1848 3016 1919 aperientur
3078 1863 3268 1904 omnes
3313 1850 3602 1904 cmlestium

2033 1941 2292 1996 fornicum
2331 1948 2528 2010 portm;
2560 1941 2666 1994 imo
2695 1948 2751 1995 et
2778 1940 2949 2009 ipsum
2976 1939 3166 1994 caelum
3197 1955 3228 1994 e
3267 1940 3444 1994 medio
3475 1950 3604 1994 suu-

2032 2032 2272 2087 ducetur.
2336 2031 2569 2086 Voluetur
2614 2031 2779 2099 enim,
2811 2032 3009 2101 inquit,
3062 2033 3240 2085 certum
3294 2033 3436 2102 quasi
3483 2032 3604 2085 iiber

2034 2123 2186 2194 (Isai.
2211 2125 2300 2178 54.
2324 2123 2378 2193 4)
2410 2141 2422 2177 :
2459 2124 2620 2178 veluti
2660 2124 2932 2192 cujusdam
2967 2123 3288 2179 tabernaculi
3332 2124 3488 2193 pellis
3525 2134 3606 2175 at.

2032 2229 2136 2283 que
2159 2214 2331 2268 velum
2357 2229 2388 2268 e
2416 2213 2594 2269 medio
2621 2214 2968 2279 contrahitur,
2993 2215 3058 2268 ita
3089 2223 3144 2268 ut
3171 2215 3220 2267 in
3245 2214 3430 2268 melius
3457 2229 3603 2267 com-

2033 2313 2284 2359 mutetur.
2307 2303 2440 2359 Tum
2464 2306 2641 2359 omnia
2669 2315 2907 2374 stupore,
2939 2305 3160 2360 horrore
3185 2315 3341 2373 atque
3376 2313 3606 2358 tremore

2033 2396 2292 2465 completa
2331 2405 2504 2449 erunt.
2552 2395 2684 2448 Tum
2737 2397 2894 2449 etiam
2943 2404 3115 2449 metus
3159 2395 3344 2464 ingens
3390 2394 3608 2462 angelus

2035 2488 2177 2556 ipsos
2208 2487 2519 2556 occupabit;
2549 2501 2722 2555 neque
2768 2485 2983 2555 angelos
3029 2495 3266 2549 tantum,
3314 2483 3406 2537 sed
3449 2485 3606 2537 etiam

2033 2575 2379 2644 archangelos
2405 2615 2422 2641 ,
2454 2576 2672 2630 thronos
2695 2616 2709 2639 ,
2748 2575 3137 2630 dominationes
3161 2615 3175 2640 ,
3199 2573 3526 2644 principatus
3552 2582 3609 2626 et

2006 2675 2366 2740 potestates:
2411 2665 2632 2719 Virtutes
2678 2667 2849 2732 enim,
2898 2667 3000 2732 ait,
3043 2664 3280 2718 caelorum
3333 2679 3607 2717 commore-

2035 2758 2217 2811 buntur
2238 2756 2556 2830 (Matthﬁl.
2582 2756 2695 2826 29),
2722 2757 2843 2826 quia
2865 2756 3094 2825 ipsorum
3139 2753 3381 2809 conservi
3425 2767 3606 2822 petrus

2034 2851 2205 2906 daturi
2235 2858 2357 2904 sunt
2391 2849 2456 2904 de
2495 2858 2704 2918 peracta
2746 2848 2798 2902 in
2833 2845 3030 2900 mundo
3076 2847 3204 2900 vita.
3231 2845 3361 2899 Nam
3405 2844 3448 2898 si
3485 2857 3605 2898 cum

2035 2940 2102 2996 de
2141 2955 2244 2994 una
2286 2940 2302 2970 ⁸
2346 2939 2556 2993 civitate
2581 2936 2833 3007 judicium
2880 2936 3185 3000 instituitur,
3219 2934 3299 2988 his
3328 2933 3604 3005 magistra~

2036 3029 2174 3086 tibus
2199 3070 2214 3096 ,
2253 3029 2623 3083 inhorrescunt
2665 3041 2849 3081 omnes
2892 3026 3049 3080 etiam
3083 3025 3152 3090 ii,
3176 3024 3263 3094 qui
3290 3033 3435 3078 extra
3465 3023 3606 3091 peri-

2034 3120 2212 3176 culum
2246 3128 2397 3184 sunt,
2425 3135 2544 3173 cum
2579 3118 2644 3174 de
2688 3119 2938 3172 universo
2964 3113 3091 3171 orbe
3113 3114 3432 3184 iudicabitur
3458 3127 3487 3166 a
3518 3113 3605 3166 tali

2029 3211 2208 3280 judice
2229 3252 2244 3277 ,
2273 3210 2361 3282 qui
2389 3225 2559 3280 neque
2600 3208 2850 3274 tcsubus,
2877 3222 3048 3277 neque
3088 3204 3488 3276 probationibus
3523 3203 3603 3257 in-

2035 3301 2177 3370 diget
2197 3342 2212 3366 ,
2244 3300 2336 3354 sed
2366 3299 2565 3369 absque
2591 3299 2672 3353 his
2701 3299 2946 3353 omnibus
2969 3338 2984 3363 ,
3014 3306 3068 3352 et
3096 3312 3256 3367 Opera
3287 3306 3340 3352 et
3360 3295 3518 3351 verba
3547 3304 3601 3346 ct

2034 3392 2380 3462 cogitationes
2422 3392 2474 3444 in
2521 3390 2751 3444 medium
2799 3388 3043 3454 adducit,
3089 3388 3372 3456 omniaque
3413 3402 3508 3441 ceu
3554 3387 3604 3438 in

2035 3483 2263 3554 imagine
2287 3491 2340 3537 et
2379 3480 2717 3552 peccantibus
2766 3489 2819 3534 et
2857 3479 3220 3548 ignorantibus
3247 3476 3604 3531 demonstrat.

2035 3573 2300 3646 quomodo
2322 3573 2434 3628 fieri
2463 3581 2672 3642 potest,
2703 3580 2760 3624 ut
2799 3569 3044 3640 quaslibet
3076 3568 3241 3621 virtus
3282 3583 3385 3620 non
3417 3574 3604 3621 tremat

2034 3677 2088 3722 et
2111 3663 2481 3723 concutiatur?
2511 3663 2661 3717 Licet
2687 3662 2826 3716 enim
2858 3659 3048 3713 ﬂuvius
3083 3659 3265 3727 igneus
3294 3670 3396 3710 non
3427 3654 3604 3708 trahe-

2035 3769 2201 3820 retur,
2231 3770 2402 3825 neque
2436 3753 2605 3823 angeli
2646 3751 2918 3807 adstarent
2959 3746 3353 3803 formidabiles:
3388 3745 3484 3799 soli
3515 3758 3605 3796 an-

2037 3857 2140 3903 tem
2199 3845 2441 3901 homines
2489 3841 2796 3908 convocati,
2837 3840 2924 3894 alii
2970 3838 3209 3893 laudibus
3242 3845 3298 3891 et
3333 3834 3607 3906 prrccouiis

2037 3939 2470 4002 celebrarentur;
2500 3936 2587 3989 alii
2622 3949 2743 3988 cum
2791 3931 3074 4002 ignominia
3123 3928 3508 3998 obiicerentur,
3541 3940 3606 3977 ne

2037 4030 2277 4086 viderent
2325 4027 2544 4098 gloriam
2600 4025 2689 4079 Dei
2723 4041 2735 4076 :
2770 4023 2997 4076 Tollatur
3021 4022 3042 4052 '
3069 4061 3083 4086 ,
3139 4019 3342 4088 inquit,
3385 4015 3569 4085 impius
3590 4055 3603 4077 ,

2037 4140 2100 4178 ne
2119 4121 2281 4175 rideat
2305 4119 2518 4190 gloriam
2545 4114 2782 4178 Domini;
2806 4126 2980 4168 nonne
3003 4108 3184 4180 quavis
3205 4106 3441 4177 gehenna
3462 4119 3608 4158 acer-

2038 4213 2154 4267 bius
2182 4210 2261 4266 vel
2303 4209 2353 4265 id
2401 4208 2604 4270 solum,
2636 4204 2776 4274 quod
2810 4218 2838 4255 a
2873 4201 3032 4256 tantis
3071 4197 3391 4254 excidissent
3416 4194 3566 4250 bonis
3593 4235 3607 4257 ,

2039 4304 2362 4373 ahicctorum
2390 4298 2592 4352 animas
2618 4293 2996 4351 excruciaret?
3039 4289 3167 4346 lllud
3202 4302 3329 4343 vero
3356 4294 3607 4357 quantum

2037 4395 2104 4448 sit
2135 4392 2364 4457 malum,
2398 4405 2536 4444 nunc
2561 4387 2770 4458 quidem
2813 4397 3058 4439 sermone
3091 4378 3348 4435 declarari
3388 4377 3569 4446 nequit
3598 4395 3610 4436 ;

2040 4495 2164 4539 tunc
2211 4498 2336 4538 vero
2376 4497 2441 4537 ex
2496 4496 2553 4535 re
2596 4481 2706 4548 ipsa
2749 4475 3024 4531 manifeste
3081 4484 3479 4542 cognoscemus.
3530 4467 3608 4521 Tu

2039 4589 2168 4629 vero
2198 4587 2338 4627 nunc
2365 4571 2449 4626 his
2475 4569 2607 4624 adde
2652 4566 2963 4637 supplicium
2995 4562 3122 4617 illud
3148 4603 3163 4628 ,
3205 4574 3378 4630 neque
3409 4565 3608 4612 tantum

2041 4667 2282 4722 homines
2309 4663 2510 4734 pudore
2538 4657 2784 4724 suffusos,
2817 4656 2900 4711 vel
2930 4661 3116 4725 operto
3142 4653 3312 4723 capite
3331 4692 3346 4718 ,
3370 4659 3423 4704 et
3447 4647 3613 4702 oculis

2043 4759 2094 4811 in
2136 4765 2331 4812 terram
2359 4751 2577 4814 deﬁxis,
2610 4748 2702 4803 scd
2747 4748 2904 4802 etiam
2951 4755 3147 4800 tractos
3193 4757 3288 4812 per
3325 4742 3462 4795 viam
3497 4754 3616 4810 qua:

2043 4848 2211 4904 tendit
2235 4846 2299 4900 ad
2341 4845 2513 4914 ignem
2540 4885 2554 4908 ,
2583 4849 2638 4896 et
2665 4839 2729 4894 ad
2760 4848 3022 4894 tormenta
3052 4838 3298 4906 abreptos
3323 4877 3338 4902 ,
3365 4833 3618 4889 traditos~

2043 4954 2143 5010 que
2173 4934 2488 4991 immanibus
2515 4929 2864 5002 potestatibus
2892 4946 2903 4982 :
2935 4927 3092 4998 idque
3113 4941 3176 4981 co
3207 4935 3445 4996 tempore
3467 4963 3482 4991 ,
3510 4939 3616 4993 quo

2043 5039 2385 5094 coronantur,
2411 5026 2747 5082 celebrantur
2777 5022 3072 5092 thronoque
3101 5021 3244 5091 regio
3269 5021 3526 5074 sistuntur
3557 5016 3616 5076 ii.

2043 5124 2130 5194 qui
2161 5123 2296 5177 bona
2325 5126 2544 5189 egerunt
2564 5125 2617 5172 et
2637 5115 2797 5187 gestis
2821 5115 2931 5169 suis
2951 5123 3148 5168 :eterna
3175 5111 3280 5164 vita
3305 5107 3445 5177 digni
3471 5115 3611 5194 sunt.

2116 5214 2202 5266 l3.
2227 5210 2446 5266 Caelestis
2475 5207 2726 5282 felicitatis
2755 5204 3084 5276 imago.—Et
3127 5201 3240 5254 haec
3279 5196 3488 5268 quidem
3530 5193 3614 5246 illa

2045 5304 2163 5359 die:
2195 5318 2313 5373 quae
2341 5315 2467 5356 vero
2503 5309 2619 5370 post
2641 5295 2814 5353 futura
2843 5304 2966 5351 sunt
2999 5294 3115 5364 quis
3145 5302 3319 5344 sermo
3348 5283 3499 5339 nobis
3524 5299 3614 5336 cx-

2047 5393 2259 5465 primat,
2289 5391 2613 5456 voluptatem
2644 5402 2832 5459 nempe
2861 5401 2924 5440 ex
2945 5380 3137 5437 Clu-isti
3157 5374 3444 5438 consortio,
3478 5373 3616 5427 utili-

2118 5553 2382 5616 iouinque
2423 5559 2548 5609 διες-ν
2576 5550 2636 5599 de
2667 5560 2831 5611 nam
2857 5539 3038 5616 διοτοιρ
3061 5532 3486 5616 sestertii-.55

2110 5619 2129 5646 ‘
2159 5593 2632 5665 EiE'EiIEfsiiiiIliﬁé
2667 5593 2851 5658 (its-situ
2876 5593 3035 5651 Morel.
3065 5606 3115 5652 et
3137 5595 3342 5656 reliquis
3379 5596 3510 5654 haec,
3532 5593 3621 5645 tol-

2053 5678 2196 5735 latur,
2227 5685 2342 5736 εις..
2367 5677 2562 5723 desunt.
