2742 4342
288 223 353 260 297

290 305 403 338 claret
421 301 474 338 his
498 301 614 339 verbis
635 311 645 338 :
665 300 854 338 Jerusalem
871 328 880 345 ,
901 299 1088 338 Jerusalem
1102 328 1112 344 ,
1133 312 1210 348 qua
1224 302 1348 338 occidis

291 365 492 408 prophetas,
509 369 542 400 et
565 363 699 411 lapides
721 373 777 400 eos
793 363 850 410 qui
875 363 920 399 ad
943 369 974 400 te
995 363 1088 399 missi
1105 369 1202 408 sunt,
1223 364 1351 410 quoties

293 426 381 462 uolui
393 435 595 473 congregare
611 425 702 472 ﬁlios
721 432 809 472 tuos,
824 425 1108 471 quemadmodum
1123 425 1252 473 gallina
1268 437 1350 463 con-

291 493 405 534 gregat
419 487 529 534 pullos
542 498 621 524 suos
635 488 696 524 sub
709 488 798 532 alas,
815 494 845 524 et
859 488 1014 524 noluistis
1031 487 1172 536 (Matth.
1187 487 1248 525 23.
1264 488 1352 536 57)?

292 548 335 584 Et
349 547 478 585 Paulus
495 549 530 584 in
547 547 702 596 Epistola
720 549 764 586 ad
781 549 984 587 Corinthios
995 549 1138 588 dicebat
1154 561 1162 586 :
1181 549 1353 595 Quoniam

291 608 380 644 Deus
407 614 478 645 erat
503 609 540 645 in
563 608 696 646 Christo
710 639 719 654 ,
742 611 906 648 mundum
931 611 1152 648 reconcilians
1177 611 1262 654 sibi,
1283 621 1352 648 non

289 675 448 714 reputans
463 670 532 707 illis
549 671 671 707 delicta
690 672 855 718 ipsorum,
875 679 906 709 et
923 674 1034 720 posuit
1051 675 1086 710 in
1103 673 1199 711 nobis
1216 673 1350 710 verbum

289 732 582 769 reconciliationis.
604 733 674 770 Pro
691 733 825 771 Christo
853 745 932 783 ergo
956 735 1123 783 legatione
1151 737 1350 784 fungimur,

291 798 449 838 tanquam
467 791 539 828 Deo
555 794 752 830 exhortante
765 805 825 842 per
841 805 916 832 nos.
937 794 1159 832 Obsecramus
1175 807 1238 844 pro
1253 796 1354 834 Chri-

290 861 354 896 sto,
370 855 631 892 reconciliamini
645 855 718 893 Deo
733 857 784 905 (2.
805 855 884 894 Cor.
899 859 935 894 ὅ.
954 858 1014 896 19.
1031 858 1108 906 20).
1128 859 1213 897 Haec
1226 860 1270 897 ad
1286 869 1354 897 nos

292 923 386 950 nunc
403 914 496 952 dicta
512 922 634 962 putato
653 929 661 952 :
679 927 748 954 non
763 918 860 955 enim
876 919 1106 957 incredulitas
1121 925 1272 967 tantum,
1289 921 1354 960 sed

290 977 396 1012 etiam
416 977 488 1014 vita
508 978 689 1015 immunda
709 979 870 1018 odiosam
894 980 985 1018 hanc
1003 981 1224 1020 inimicitiam
1254 985 1353 1021 exci-

293 1043 368 1074 tare
386 1044 501 1084 potest
518 1049 527 1074 :
546 1037 638 1074 Nam
655 1040 821 1086 sapientia
837 1041 962 1087 carnis,
976 1042 1102 1090 inquit,
1115 1043 1292 1080 inimicitia
1307 1051 1355 1082 est

293 1097 366 1133 Deo
385 1097 517 1147 (Rom.
537 1101 573 1136 8.
593 1101 614 1136 7
631 1103 658 1147 ).
679 1101 910 1139 Destruamus
930 1103 1036 1150 igitur
1052 1103 1121 1142 hoc
1137 1112 1294 1152 septum,
1313 1115 1358 1144 ac

293 1160 478 1196 diruamus
499 1167 748 1209 mortuumque
768 1173 956 1210 ponamus,
974 1171 1012 1202 ut
1030 1165 1170 1202 beatam
1191 1168 1357 1204 reconci-

289 1219 477 1256 liationem
494 1219 756 1268 adipiscamur,
775 1230 814 1262 ut
829 1223 1022 1264 reddumur
1040 1227 1168 1264 iterum
1187 1228 1359 1267 amabiles

297 1288 327 1316 et
350 1281 606 1320 desiderabiles
621 1284 708 1322 Dco.

359 1355 418 1391 M.
453 1355 658 1394 Theodorus
681 1356 888 1394 Hermiones
909 1369 1029 1394 amore
1047 1364 1187 1405 captus.
1212 1377 1261 1384 —
1281 1356 1367 1394 Scio

311 1425 345 1454 te
366 1427 464 1454 nunc
485 1417 704 1456 Hermioues
726 1420 882 1456 formam
900 1420 1043 1464 mirari,
1058 1419 1223 1466 nihilque
1238 1419 1275 1456 in
1295 1423 1367 1456 ter-

309 1479 362 1516 ris
397 1479 478 1526 ejus
503 1479 780 1526 pulchritudine
801 1491 866 1528 par
889 1491 974 1518 esse
1001 1486 1144 1528 putare.
1179 1479 1314 1517 Verum
1335 1479 1367 1516 si

310 1541 416 1584 velis,
438 1551 460 1576 o
483 1541 614 1584 amice,
643 1545 745 1578 tanto
777 1541 840 1577 illa
873 1541 1077 1588 elegantior
1105 1546 1142 1577 et
1179 1539 1370 1588 pulchrior

311 1601 400 1645 eris,
416 1605 554 1648 quanto
565 1601 674 1638 luteis
695 1612 816 1638 aureae
831 1607 976 1639 statuta.
992 1601 1083 1638 Nam
1107 1602 1138 1638 si
1154 1601 1189 1637 in
1211 1610 1368 1648 corpore

314 1662 552 1710 pulchritudo
575 1663 775 1700 multorum
802 1663 948 1700 animos
970 1663 1019 1700 ita
1044 1661 1212 1710 percellit
1235 1666 1272 1698 et
1307 1671 1373 1698 ex—

309 1725 412 1768 citat,
447 1724 594 1771 quando
624 1735 666 1762 ea
691 1725 728 1760 in
751 1725 874 1761 anima
897 1723 1100 1767 refulserit,
1124 1723 1212 1771 quid
1250 1723 1372 1768 hujus-

309 1784 407 1821 nnodi
425 1780 568 1832 specie‘;
590 1795 633 1821 ac
650 1785 914 1832 pulchritudini
939 1785 1060 1822 simile
1089 1783 1228 1821 fuerit?
1249 1782 1372 1830 Siqui-

307 1847 390 1884 dem
409 1846 520 1892 hujus
540 1845 827 1893 pulchritudinis
847 1846 1056 1883 substantia
1077 1845 1170 1882 nihil
1189 1843 1289 1880 aliud
1301 1848 1372 1888 est,

305 1916 414 1953 quam
434 1906 616 1953 phlegma,
637 1905 803 1954 sanguis,
830 1905 978 1949 humor,
991 1905 1091 1950 bilis,
1109 1910 1146 1943 et
1165 1904 1238 1942 cibi
1253 1902 1372 1940 mansi

305 1976 455 2004 succus.
480 1965 546 2004 His
573 1965 708 2014 quippe
739 1967 852 2004 rebus
873 1967 988 2012 oculi,
1021 1976 1124 2014 gena:
1155 1970 1193 2003 et
1229 1965 1372 2011 reliqua

305 2029 466 2066 membra
501 2028 702 2076 irrigantur
730 2028 861 2076 :quod
893 2029 926 2066 si
959 2029 1214 2076 irrigationem
1247 2027 1375 2074 hujus-

305 2089 401 2125 inodi
430 2099 450 2125 a
485 2094 614 2127 ventre
633 2095 670 2126 et
687 2099 708 2126 a
725 2089 853 2136 iecore
877 2095 1159 2136 promanantem
1182 2099 1255 2127 non
1277 2099 1371 2136 quo-

305 2143 394 2188 tidie
403 2151 602 2198 accipiant,
615 2157 700 2188 cute
715 2151 1164 2194 indecoremarcesccnte,
1174 2151 1368 2198 oculisque

305 2213 504 2260 depressis,
527 2212 604 2250 oris
625 2211 770 2259 species
794 2217 870 2248 tota
896 2212 1076 2249 continuo
1100 2212 1236 2249 avolat.
1255 2211 1308 2248 ita
1331 2217 1372 2248 ut

305 2276 334 2312 si
362 2274 590 2316 consideres.
619 2284 701 2321 quae
725 2273 964 2320 pulchritudo
999 2274 1088 2312 insit
1120 2273 1254 2317 oculis,
1291 2283 1374 2320 qua:

305 2340 402 2371 recte
423 2333 641 2382 compositis
657 2334 826 2378 naribus,
845 2345 928 2382 quae
949 2335 1095 2382 corpori
1117 2339 1153 2372 et
1173 2334 1291 2382 genis,
1313 2333 1370 2370 ui-

304 2394 354 2432 hil
375 2395 473 2432 aliud
494 2405 578 2433 esse
595 2395 764 2442 corporis
783 2395 1100 2443 pulchritudinem
1120 2395 1240 2441 dicas,
1260 2405 1371 2443 quam

305 2457 542 2504 sepulchrum
569 2457 781 2494 dealbatum
812 2469 821 2494 :
843 2461 948 2494 tanta
969 2467 1102 2504 nempe
1133 2457 1235 2495 intus
1263 2455 1372 2494 sorde

309 2519 456 2565 plenum
492 2524 561 2556 est.
588 2518 726 2556 Deinde
753 2529 917 2567 pannum
953 2520 984 2557 si
1008 2519 1147 2557 videris
1174 2519 1370 2556 intinclum

307 2579 516 2624 huiusmodi
545 2581 670 2626 rebus,
703 2581 838 2628 pituita
868 2581 1042 2619 videlicet
1069 2587 1134 2618 aut
1169 2581 1298 2624 ﬂuore,
1325 2589 1372 2618 ne

307 2637 480 2674 extremis
497 2639 642 2685 quidem
659 2640 783 2688 digitis
801 2641 1031 2690 contingere,
1056 2641 1132 2679 imo
1159 2652 1230 2680 nec
1251 2641 1371 2689 respi-

307 2707 390 2734 cere
409 2697 522 2736 audes
547 2712 555 2736 :
583 2705 620 2736 et
639 2706 761 2738 tamen
789 2703 1002 2750 huiusmodi
1030 2713 1155 2741 rerum
1178 2703 1369 2741 conclavia

305 2765 341 2796 et
365 2760 564 2807 apothecas
584 2762 733 2809 plurimi
757 2764 873 2804 facis?
891 2766 938 2802 At
955 2767 1192 2814 pulchritudo
1213 2771 1274 2804 tua
1293 2775 1367 2804 non

305 2821 520 2868 huiusmodi
543 2830 637 2868 erat,
666 2825 728 2862 sed
753 2825 802 2862 ita
827 2829 1064 2874 praestantior
1096 2829 1174 2874 illa,
1205 2834 1247 2866 ut
1281 2828 1367 2866 coeli

304 2889 440 2920 terram
461 2886 714 2931 antecellunt;
739 2887 814 2925 imo
833 2889 936 2926 uelis
955 2889 1047 2938 ipsis
1069 2891 1184 2928 multo
1203 2890 1368 2938 splendi-

305 2944 387 2980 dior
413 2951 449 2982 et
475 2945 618 2983 melior.
639 2947 809 2985 Animam
839 2949 974 2998 quippe
1002 2951 1179 2990 nudatam
1208 2961 1366 3000 corpore

303 3009 408 3066 nemo
425 3001 599 3066 hactenus
629 3005 718 3044 vidit
743 3021 752 3044 :
783 3009 926 3050 aliunde
945 3019 1061 3052 tamen
1089 3017 1168 3066 ejus
1197 3018 1261 3056 tibi
1281 3021 1365 3066 pul-

301 3061 538 3125 chritudinem
574 3065 822 3108 demonstrare
851 3074 1022 3122 tentabo,
1054 3087 1076 3114 a
1107 3061 1367 3125 potentiis'ni-

301 3122 430 3184 mirum
463 3126 674 3174 majoribus.
692 3131 785 3168 Audi
813 3133 920 3180 igitur
938 3122 1122 3184 quomodo
1135 3139 1251 3178 virum
1267 3140 1366 3179 desi-

302 3181 480 3222 deriorum
494 3187 504 3208 ¹
518 3187 660 3226 illarum
675 3190 786 3230 decor
803 3181 1014 3241 perculserit
1028 3210 1036 3234 :
1049 3209 1132 3237 cum
1145 3201 1255 3239 vellet
1268 3203 1365 3241 enim

301 3253 422 3313 earum
444 3247 752 3313 pulchritudinem
781 3254 977 3304 declarare,
996 3269 1064 3298 nec
1084 3269 1206 3309 posset
1234 3273 1368 3313 corpus

302 3303 358 3342 bis
374 3307 489 3375 simile
507 3312 682 3358 reperire,
697 3315 742 3352 ad
757 3318 972 3357 metallicam
988 3303 1175 3361 materiam
1189 3303 1364 3375 confugit,

301 3377 416 3414 neque
442 3369 498 3409 bis
527 3379 731 3421 contentus,
764 3379 912 3428 fulguris
932 3383 1162 3430 splendorem
1183 3387 1219 3425 in
1239 3369 1365 3426 exein;

301 3433 396 3498 plum
415 3435 545 3475 attulit.
567 3438 644 3476 Etsi
671 3446 791 3478 autem
818 3443 890 3480 illae
913 3455 984 3482 non
1006 3457 1135 3494 puram
1161 3449 1366 3498 nudamque

299 3494 530 3536 substantiam
561 3510 661 3538 suam
691 3503 927 3549 ostenderint,
959 3506 1023 3543 sed
1053 3507 1207 3548 obscure
1237 3494 1365 3549 admo-

299 3555 398 3603 dum,
418 3569 460 3596 ac
479 3562 577 3598 velut
595 3562 630 3600 in
651 3563 802 3608 umbris,
831 3567 880 3603 ita
899 3572 1020 3604 tamen
1046 3569 1362 3618 resplenduerunt,

300 3624 338 3654 ut
356 3629 418 3657 eas
435 3632 609 3670 apparere
625 3626 819 3664 verisimile
831 3634 888 3666 est
899 3639 981 3666 cum
1002 3639 1109 3668 omne
1121 3633 1362 3672 velamentum

301 3688 474 3720 remotum
493 3685 614 3722 fuerit.
636 3686 722 3726 Tale
739 3689 920 3736 quidpiam
937 3691 983 3729 de
1002 3692 1268 3740 pulchritudine
1286 3697 1364 3734 ani-

301 3788 352 3860 Μ’
377 3793 462 3824 Unus
473 3791 577 3825 codex
595 3797 631 3826 et
645 3793 739 3826 savii.
765 3794 797 3842 in
820 3796 978 3838 margine,
1000 3798 1136 3832 tentabo.
1160 3801 1249 3834 t'ndc
1265 3802 1364 3843 igitur

350 3829 632 3860 detnmmhabn?n
655 3834 834 3860 rmlpghhua
863 3838 1009 3860 mnsam“.
1043 3845 1074 3860 n
1105 3841 1183 3860 mut;
1209 3840 1364 3860 ηηιηζηλ..

350 3829 597 3884 Ephyraeo?
611 3843 632 3880 ᾳ
650 3834 834 3884 eiulatibus
863 3829 1022 3884 potentias:
1041 3829 1365 3884 nGudr'iiioiy’u'Fi'o

300 3873 594 3908 ministrantibus
610 3874 770 3910 initiatum
789 3873 891 3912 riruin
907 3879 1143 3916 desideriorum
1161 3873 1197 3916 ξ.
1215 3873 1275 3919 iii:

1068 225 1128 261 AD
1155 224 1440 263 TllEODORUM
1469 225 1664 266 LAPSUM.
1690 229 1718 266 ι.

2418 225 2490 266 επ

1429 314 1497 340 mae
1517 305 1673 352 cogitare
1689 312 1842 353 oportet.
1863 306 1988 352 Erunt,
2009 306 2134 354 inquit,
2152 307 2238 343 sicut
2257 307 2369 355 angeli
2389 305 2490 353 (Luc.

1426 367 1490 404 20.
1507 367 1584 416 56).
1606 367 1644 405 ln
1663 369 1876 414 corporibus
1890 379 2032 416 quoque
2049 378 2107 414 ea,
2125 378 2206 416 quas
2221 367 2352 406 leviora
2369 373 2405 406 et
2436 373 2492 404 te-

1427 428 1554 465 nuiora
1575 434 1675 472 sunt,
1692 439 1844 476 quicque
1859 439 1924 476 per
1938 429 2031 466 viam
2047 429 2208 466 feruntur
2221 427 2268 465 ad
2283 428 2492 474 incorporea

1425 487 1650 532 tendentem,
1669 489 1775 536 longe
1789 490 2039 535 pra-stantium
2062 496 2098 526 ct
2116 489 2332 526 mirabiliora
2351 488 2494 524 czctcris

1429 549 1618 586 habentur.
1636 549 1772 586 Caelum
1793 549 1900 597 igitur
1918 550 2039 595 terris,
2064 550 2155 598 ignis
2172 551 2294 597 aquis,
2307 549 2419 587 stella:
2443 548 2494 585 la~

1427 611 1568 656 pidibus
1599 612 1790 658 pretiosis,
1822 611 1929 658 longo
1967 611 2187 658 speciosiora
2216 617 2334 648 sunt:
2366 610 2493 647 iridcm

1431 673 1544 710 multo
1563 673 1690 720 magis,
1722 683 1828 720 quam
1846 673 1974 717 violas,
1998 681 2100 708 rosas
2118 678 2340 718 catterosque
2369 681 2494 709 omnes

1430 741 1538 772 terra:
1559 734 1668 772 ﬂores
1683 735 1918 773 admiramur.
1939 733 1976 771 1n
1991 743 2131 771 summa
2157 733 2187 770 si
2215 743 2340 780 posses
2366 733 2495 770 animae

1432 795 1736 844 pulchritudinem
1765 797 1878 833 oculis
1908 794 2096 842 corporeis
2128 793 2288 838 intueri,
2321 803 2496 841 corporea

1429 857 1506 895 haec
1535 857 1700 904 exempla
1730 857 1930 902 derideres,
1963 866 2078 904 usque
2096 855 2186 892 adeo
2212 855 2367 893 tenuiter
2395 855 2499 892 nobis

1429 919 1559 956 animae
1590 918 1742 956 formam
1773 919 2014 966 decoremque
2041 917 2238 956 detineant.
2257 916 2324 960 Ne,
2359 927 2495 964 quaaso,

1431 981 1538 1019 talem
1560 981 1838 1028 possessionem,
1863 987 1899 1018 et
1923 980 2130 1028 huiusmodi
2159 979 2366 1018 felicitatem
2387 980 2500 1026 negli~

1428 1053 1556 1091 gamus
1582 1055 1591 1080 :
1623 1053 1706 1080 cum
1735 1043 1892 1080 maxime
1919 1042 2034 1080 facilis
2055 1041 2159 1080 nobis
2187 1041 2306 1080 aditus
2325 1042 2370 1078 ad
2401 1041 2500 1079 illam

1429 1103 1730 1150 pulchritudinem
1750 1103 1854 1142 detur
1867 1114 1932 1152 per
1945 1114 2046 1151 spem
2065 1103 2296 1141 futurorum‘.
2308 1102 2502 1140 Momentu-

1431 1177 1532 1202 neum
1551 1166 1654 1211 enim,
1683 1166 1811 1213 inquit,
1833 1175 1865 1203 et
1891 1167 1962 1204 leue
1993 1167 2224 1203 tribulationis
2253 1172 2377 1203 nostra:
2396 1176 2502 1213 supra

1430 1226 1570 1263 modum
1586 1227 1622 1264 in
1637 1227 1856 1272 sublimitate,
1870 1233 2034 1264 internum
2050 1226 2171 1274 gloriae
2181 1228 2316 1274 pondus
2327 1233 2500 1273 operatur,

1432 1299 1500 1324 non
1517 1287 1822 1335 contemplantibus
1847 1287 1944 1324 nobis
1962 1297 2038 1336 qua:
2054 1287 2224 1330 videntur,
2243 1288 2302 1323 sed
2329 1297 2408 1335 qui:
2434 1297 2504 1322 non

1431 1350 1616 1386 videntur:
1643 1361 1719 1397 qua:
1742 1350 1831 1386 enim
1862 1350 2018 1386 videntur
2049 1349 2250 1396 temporalia
2283 1354 2396 1391 sunt;
2428 1359 2505 1396 quos

1432 1417 1628 1448 autemnon
1646 1412 1816 1456 videntur,
1843 1418 1969 1448 aeterna
1987 1411 2039 1460 (2.
2061 1411 2141 1448 Cor.
2160 1411 2196 1448 4.
2229 1409 2305 1458 Π).
2339 1409 2444 1455 Quod
2473 1411 2503 1448 si

1434 1471 1698 1516 tribulationes,
1717 1483 1807 1520 quas
1821 1473 1930 1519 nosti,
1947 1473 2046 1510 leves
2061 1471 2201 1509 vocavit
2213 1471 2341 1509 beatus
2355 1471 2502 1516 Paulus,

1433 1533 1517 1580 quia
1534 1543 1606 1570 non
1625 1533 1818 1580 respicitur
1833 1533 1879 1571 ad
1895 1543 1938 1571 ea
1952 1543 2033 1582 quia:
2052 1533 2234 1577 videntur,
2255 1532 2368 1569 multo
2389 1531 2505 1569 levius

1434 1601 1471 1632 et
1491 1593 1632 1632 facilius
1659 1596 1729 1632 erit
1753 1595 1936 1632 libidinem
1969 1595 2111 1632 sedare.
2131 1593 2298 1632 Nondum
2332 1593 2432 1630 enim
2459 1591 2505 1629 ad

1436 1657 1594 1705 pericula
1617 1662 1651 1694 te
1671 1657 1732 1694 illa
1749 1667 1936 1702 vocamus,
1955 1667 2026 1694 non
2047 1655 2091 1693 ad
2112 1661 2248 1693 mortes
2261 1655 2504 1702 quotidianus,

1434 1729 1506 1756 non
1525 1719 1570 1754 ad
1589 1719 1710 1766 plagas
1730 1719 1952 1766 frequentes,
1980 1717 2144 1761 verbera,
2173 1717 2330 1762 vincula,
2351 1715 2506 1752 inimici-

1435 1779 1502 1816 tias
1521 1789 1602 1816 cum
1623 1779 1710 1816 orbe
1730 1785 1924 1823 terrarum,
1952 1788 2022 1816 non
2043 1777 2090 1815 ad
2107 1777 2188 1816 odia
2205 1777 2506 1821 domesticorum,

1435 1849 1507 1878 non
1538 1841 1583 1877 ad
1604 1840 1742 1888 vigilias
1773 1840 1996 1888 frequentes,
2029 1840 2154 1887 longas
2182 1839 2506 1887 peregrinationes,

1433 1901 1634 1950 naufragia,
1662 1903 1840 1940 latronum
1873 1902 2052 1947 incursus,
2073 1907 2310 1948 cognatorum
2343 1899 2507 1943 insidias,

1433 1964 1579 2003 dolores
1591 1965 1792 2002 amicorum
1811 1975 1942 2008 causa;
1963 1974 2034 2001 non
2062 1963 2108 2000 ad
2126 1964 2274 2006 famem,
2293 1961 2422 2010 frigus,
2439 1973 2508 1999 nu-

1433 2027 1594 2072 ditatem,
1615 2027 1856 2073 exustionem,
1878 2025 2086 2064 maestitiam
2110 2035 2177 2072 pro
2198 2025 2308 2062 rebus
2323 2023 2402 2062 sive
2422 2023 2504 2068 tuis,

1434 2089 1510 2126 sive
1525 2099 1597 2126 non
1618 2089 1702 2126 tuis.
1728 2088 1825 2126 Nihil
1857 2088 1986 2124 horum
2014 2087 2088 2135 jam
2108 2087 2331 2134 postulamus
2359 2097 2370 2132 ;
2389 2085 2452 2123 sed
2473 2085 2507 2122 id

1433 2151 1549 2188 solum
1563 2161 1746 2198 rogamus,
1761 2161 1781 2188 a
1799 2149 1990 2188 maledicta
2004 2150 2179 2188 servitute
2197 2149 2328 2187 liberes
2343 2155 2392 2194 te,
2405 2154 2445 2187 et
2464 2149 2508 2186 ad

1435 2213 1624 2260 pristinam
1653 2213 1858 2251 libertatem
1888 2220 2096 2256 revertare,
2125 2218 2242 2250 tecum
2275 2216 2448 2258 reputans
2473 2215 2512 2247 et

1436 2273 1594 2312 libidinis
1609 2283 1749 2320 pinnas,
1771 2280 1809 2312 et
1827 2274 1986 2312 debitum
2002 2274 2164 2322 pristinae
2177 2273 2302 2310 virtuti
2327 2278 2398 2310 tua!
2418 2282 2514 2319 prato

1437 2335 1562 2371 mium.
1579 2334 1668 2370 Nam
1700 2335 1796 2382 quod
1817 2335 1992 2372 increduli
2009 2335 2104 2372 circa
2125 2335 2428 2372 resurrectionem
2447 2343 2510 2370 se-

1437 2395 1556 2444 gniter
1575 2395 1694 2432 affecti
1724 2396 1810 2440 sint,
1831 2405 1900 2432 nec
1931 2405 2100 2442 umquam
2121 2393 2206 2431 inde
2229 2400 2369 2430 metum
2395 2395 2511 2431 δυεοίκ-

1437 2458 1550 2506 piant,
1569 2457 1658 2494 nihil
1675 2463 1774 2494 certe
1802 2456 1934 2494 mirum
1953 2461 2038 2494 est:
2059 2455 2126 2493 sed
2156 2455 2252 2502 quod
2271 2465 2338 2492 nos
2367 2455 2430 2502 qui
2463 2455 2511 2493 do

1438 2519 1568 2558 futuris
1586 2520 1700 2566 magis
1728 2528 1836 2566 quam
1865 2517 1911 2556 de
1940 2517 2180 2565 praesentibus
2209 2517 2319 2554 rebus
2347 2517 2510 2564 persuasi

1438 2590 1578 2624 sumus,
1603 2585 1677 2618 tam
1693 2579 1826 2619 misere
1844 2579 2030 2628 degamus,
2051 2584 2126 2617 tam
2145 2577 2368 2623 calamitose,
2389 2578 2509 2616 nullo-

1437 2652 1508 2691 que
1525 2652 1634 2680 sensu
1653 2652 1698 2680 ex
1717 2652 1844 2681 earum
1869 2641 2044 2680 memoria
2060 2639 2275 2683 afficiamur,
2301 2639 2367 2677 sed
2391 2638 2428 2677 in
2447 2649 2512 2677 ex-

1440 2710 1592 2743 tremam
1623 2703 1799 2742 incuriam
1819 2702 2042 2746 delabamur,
2064 2701 2100 2738 id
2130 2709 2220 2738 sane
2236 2699 2404 2738 amentia:
2431 2699 2510 2746 ple-

1439 2777 1524 2805 num
1542 2771 1612 2807 est.
1632 2765 1671 2806 Si
1687 2766 1786 2804 enim
1806 2775 1874 2804 nos
1896 2764 2024 2802 ﬁdeles
2037 2762 2164 2802 eadem
2184 2773 2266 2810 quas
2282 2761 2445 2800 infideles
2458 2761 2510 2799 illi

1438 2827 1604 2872 facimus,
1619 2828 1694 2865 imo
1707 2826 1950 2864 miserabilius
1963 2834 2071 2873 quam
2087 2823 2139 2862 illi
2153 2823 2270 2861 affecti
2287 2832 2412 2860 sumus
2421 2822 2508 2871 (non

1438 2889 1570 2928 desunt
1579 2889 1676 2928 enim
1690 2889 1785 2926 inter
1794 2888 1888 2934 illos,
1899 2887 1959 2936 qui
1971 2886 2127 2924 humana
2140 2886 2272 2924 virtute
2283 2884 2508 2932 claruerint):

1437 2961 1519 2999 quae
1539 2951 1643 2989 nobis
1663 2949 1734 2988 erit
1764 2949 1978 2994 consolatio,
1999 2958 2080 2996 qua:
2097 2947 2244 2985 demunt
2253 2943 2388 2984 venia?
2407 2945 2510 2984 Multi

1439 3012 1585 3060 quidem
1600 3017 1821 3050 mercatores
1835 3009 2059 3058 naufragium
2073 3009 2170 3057 passi
2189 3017 2262 3046 non
2278 3007 2400 3047 animo
2421 3017 2510 3046 eon-

1437 3073 1686 3120 ciderunt,sed
1701 3073 1827 3112 eadem
1843 3072 2010 3110 institere
2022 3071 2092 3116 via;
2109 3079 2324 3119 quamquam
2339 3069 2375 3107 id
2387 3069 2510 3108 damni

1439 3148 1510 3176 non
1529 3147 1574 3176 ex
1593 3137 1744 3184 segnitie
1763 3136 1926 3174 evenerit
1941 3135 2010 3173 sibi
2030 3162 2041 3181 ,
2058 3133 2123 3172 sed
2141 3133 2175 3170 vi
2197 3137 2386 3170 ventorum
2411 3145 2422 3170 :
2443 3143 2509 3170 nos

1437 3208 1573 3246 autem,
1600 3200 1730 3249 quibus
1761 3199 1808 3237 de
1837 3199 1933 3236 bono
1965 3197 2038 3236 ﬁne
2057 3207 2203 3246 semper
2233 3207 2380 3246 sperare
2409 3197 2508 3242 licet,

1437 3273 1519 3300 cum
1545 3261 1660 3310 probe
1695 3261 1866 3308 sciamus,
1900 3271 2017 3309 neque
2049 3260 2290 3310 naufragium,
2311 3271 2430 3309 neque
2446 3260 2511 3298 de-

1440 3324 1597 3363 trimenti
1615 3323 1790 3372 quidlibet
1803 3324 1924 3361 invitis
1943 3323 2050 3362 nobis
2067 3323 2309 3362 obventurum
2327 3333 2422 3368 esse,
2445 3333 2511 3359 an-

1439 3397 1510 3426 non
1526 3396 1605 3424 rem
1621 3385 1894 3434 aggrediemur?
1908 3395 2029 3424 annon
2055 3384 2236 3430 eamdem,
2257 3395 2366 3433 quam
2393 3383 2507 3430 prius,

1437 3455 1678 3487 mercaturam
1710 3457 1950 3494 resumsmus,
1977 3448 2041 3486 sed
2065 3449 2186 3496 supini
2217 3445 2394 3484 consertis
2412 3441 2506 3490 apud

1437 3522 1504 3550 nos
1537 3511 1703 3550 manibus
1730 3512 1957 3559 jacebimus‘l
1982 3512 2031 3550 Et
2059 3512 2194 3549 utinam
2223 3508 2317 3556 apud
2338 3515 2404 3543 nos
2425 3512 2504 3541 tan-

1438 3581 1530 3620 tum,
1564 3581 1600 3612 et
1620 3585 1693 3612 non
1711 3575 1818 3614 etiam
1839 3581 1964 3614 contra
1979 3584 2061 3618 nos,
2081 3571 2176 3620 quod
2195 3574 2330 3617 apertae
2355 3565 2506 3603 insania:

1437 3641 1505 3673 est.
1526 3635 1618 3674 Nam
1639 3635 1671 3674 si
1688 3637 1768 3684 quis
1798 3637 1896 3685 pugil
1924 3636 2061 3674 omisso
2085 3628 2307 3672 adversario,
2341 3627 2376 3662 in
2395 3633 2506 3673 caput

1436 3709 1540 3737 suum
1561 3709 1690 3737 manus
1705 3704 1934 3740 converteret
1953 3696 2152 3740 faciemque
2179 3699 2280 3727 suam
2301 3687 2505 3724 contunde—

1437 3769 1506 3806 rel,
1526 3772 1646 3799 annon
1665 3773 1747 3800 eum
1763 3763 1856 3798 inter
1875 3759 2028 3796 furiosos
2048 3748 2396 3791 annumeraremus?
2412 3748 2506 3794 Sup-

1481 3841 1490 3858 ι
1505 3840 1623 3881 ncgius
1637 3847 1722 3872 unus
1732 3837 1835 3871 addit:
1850 3839 1886 3867 Et
1901 3832 1986 3880 quod
2001 3829 2061 3862 hoc
2078 3836 2192 3881 renum
2203 3824 2505 3881 esthaudiLautum

1436 3867 1622 3917 ξιιυᾶῖῶιέ
1636 3867 1958 3916 animiin-limantur
1975 3880 2046 3916 qua:
2059 3871 2102 3904 ml
2119 3869 2295 3904 Corinthios
2307 3867 2427 3904 scribit.
