2742 4342
265 257 337 296 299

267 336 438 384 plantavit
455 345 522 374 nos
541 333 706 373 diabolus
732 345 776 372 ac
793 335 927 384 dejecit
947 349 956 373 :
977 345 1198 387 quapropter
1217 349 1340 376 resur-

265 407 351 444 gere
379 402 535 443 oportet,
565 406 768 444 curareque
796 407 842 434 ne
873 399 1119 451 abripiamur,
1152 411 1244 439 neve
1277 411 1344 440 nos

267 457 471 504 praecipites
488 456 632 503 demus,
653 467 723 494 neu
753 459 833 504 ejus
853 459 966 507 plagis
986 461 1074 498 alias
1093 472 1112 498 a
1131 463 1236 499 nobis
1256 461 1343 510 ipsis

269 518 388 554 illatas
405 518 634 564 adjiciamus.
654 519 840 568 Siquidem
865 521 993 559 beatus
1013 523 1124 560 David
1148 524 1182 560 in
1203 524 1343 571 lapsum

265 578 396 614 decidit
433 583 494 614 tuo
523 579 696 623 similem,
725 581 799 617 imo
829 587 866 618 et
895 582 1004 618 alium
1034 583 1178 629 adjecit,
1213 595 1344 631 nempe

267 637 517 676 homicidium.
550 639 644 686 Quid
677 641 814 688 igitur?
844 653 930 679 num
963 651 1164 690 prostratus
1184 646 1346 682 mansit?

263 710 385 737 annon
414 701 534 738 statim
557 703 674 739 erexit
705 713 768 748 se,
791 710 1012 752 strenueque
1041 707 1174 744 bellum
1207 706 1347 754 paravit

264 769 390 800 contra
421 764 636 802 inimicum?
655 767 732 804 imo
753 767 801 804 ita
828 768 970 806 fortiter
989 769 1106 816 ipsum
1137 770 1344 814 debellavit,

265 831 304 862 ut
329 826 438 862 etiam
470 833 636 864 mortuus
665 831 852 876 progeniei
888 841 964 868 sua:
998 831 1166 878 praesidio
1198 839 1296 870 esset
1317 834 1344 869 '.

270 887 456 925 Salomoni
478 890 612 937 quippe
633 891 760 939 ingens
779 891 952 940 ﬂagitium
974 905 1158 942 aggressa,
1191 901 1228 932 ct
1248 896 1348 933 mille

271 956 408 988 mortes
430 953 644 998 promerito,
674 961 826 1002 propter
853 957 963 993 David
985 969 1134 1004 regnum
1166 959 1345 1006 integrum

265 1021 308 1049 se
325 1013 529 1060 relinquere
549 1014 636 1051 dicit
651 1015 746 1053 Deus
767 1016 822 1053 his
837 1018 956 1054 verbis
976 1031 984 1054 :
1006 1019 1176 1056 Scindens
1191 1021 1348 1056 scindam

273 1084 417 1120 regnum
448 1080 544 1110 tuum
575 1075 616 1111 de
638 1088 742 1113 manu
770 1084 842 1122 tua,
863 1085 896 1115 et
910 1079 998 1115 dabo
1032 1080 1122 1116 illud
1148 1092 1246 1118 servo
1274 1088 1347 1118 tuo.

279 1132 402 1170 Verum
429 1135 464 1170 in
496 1135 615 1173 diebus
645 1138 711 1174 tuis
731 1139 796 1174 ltoc
821 1141 834 1160 ³
857 1151 926 1176 ηοη
951 1140 1080 1188 faciam
1111 1143 1161 1187 (5.
1181 1142 1266 1189 Reg.
1287 1143 1348 1180 ll.

271 1195 349 1242 11).
381 1196 528 1241 Quare?
564 1197 716 1246 Propter
749 1199 864 1236 David
889 1208 1020 1248 patrem
1049 1209 1145 1240 tuum
1177 1215 1189 1240 :
1215 1205 1257 1241 de
1274 1216 1350 1242 ma-

270 1259 367 1295 uibus
385 1259 450 1305 ﬁlii
469 1260 520 1295 mi
537 1259 625 1312 illud
641 1261 823 1312 accipiam.
843 1263 1007 1312 Ezechiae
1027 1276 1171 1312 quoque
1189 1267 1234 1304 de
1249 1277 1352 1304 sum-

264 1321 324 1347 ma
345 1320 467 1347 rerum
486 1309 726 1358 periclitanti,
745 1320 970 1359 quamquam
983 1309 1122 1358 justus'
1146 1316 1258 1357 esset,
1278 1322 1358 1359 pro-

265 1379 348 1422 pter
366 1372 516 1410 beatum
545 1373 648 1410 illum
673 1373 797 1410 virum
817 1373 996 1410 auxilium
1025 1373 1196 1421 promisit
1217 1385 1226 1409 :
1257 1373 1348 1410 Pro-

266 1442 400 1483 tegam,
419 1435 556 1484 inquit,
574 1435 698 1472 urbem
711 1435 819 1479 hanc,
841 1442 881 1472 ut
895 1447 1028 1473 seruem
1045 1447 1124 1472 eam
1141 1442 1288 1482 propter
1303 1447 1357 1473 me

263 1506 298 1536 et
315 1507 462 1546 propter
482 1499 600 1536 David
609 1511 759 1546 puerum
773 1511 889 1538 meum
903 1501 952 1548 (-l.
969 1499 1056 1548 Reg.
1073 1499 1132 1537 l9.
1147 1500 1223 1549 54).
1239 1500 1357 1537 Tanta

264 1569 335 1602 test
350 1563 577 1612 ptenitentiaa
592 1564 725 1603 virtus.
742 1564 860 1602 Porro
877 1567 906 1602 si
925 1575 982 1608 ea,
1001 1575 1074 1612 qua
1087 1570 1126 1602 tu
1143 1576 1254 1610 nunc,
1269 1565 1364 1604 seu?

272 1627 380 1665 entia
413 1626 562 1672 fuisset,
590 1626 704 1664 Deum
737 1637 811 1664 non
849 1638 960 1674 posse
981 1627 1157 1675 deinceps
1177 1628 1315 1674 placari
1345 1641 1355 1665 :

273 1692 320 1733 et?
343 1690 373 1726 si
405 1690 503 1725 intra
539 1689 782 1734 se'dixisset,
807 1689 958 1728 llonore
983 1701 1120 1739 magno
1147 1702 1206 1728 me
1235 1691 1357 1728 affecit

267 1751 384 1794 Deus,
409 1751 506 1786 inter
525 1751 727 1798 prophetas
746 1751 954 1794 constituit,
980 1751 1018 1788 in
1037 1752 1267 1789 contributas
1287 1753 1357 1788 im-

265 1811 410 1860 perium
432 1811 601 1856 tradidit,
619 1811 882 1858 sexcentisque
904 1823 962 1849 me
987 1813 1167 1860 periculis
1185 1814 1322 1850 exemit
1343 1825 1353 1849 :

269 1871 457 1919 quomodo
485 1878 568 1920 post
594 1878 650 1909 tot
666 1873 847 1910 beneﬁcia
875 1874 1019 1920 lapsus,
1044 1879 1081 1910 et
1101 1879 1266 1911 extrema
1287 1882 1356 1911 au‘

266 1944 333 1971 sus
349 1933 535 1977 facinora,
555 1935 697 1982 possim
712 1945 796 1970 eum
812 1934 936 1972 denuo
951 1935 1042 1972 mihi
1055 1936 1257 1983 prepitium
1272 1937 1355 1974 red-

267 1997 384 2033 dere?
413 1997 444 2032 si
465 1997 545 2034 haec
573 1996 612 2033 in
634 2002 759 2034 mente
779 1997 998 2041 habuisset,
1033 2007 1108 2034 non
1140 1998 1260 2034 solum
1283 2009 1326 2036 ea
1341 2029 1350 2044 ,

267 2069 351 2105 quae
371 2065 502 2106 postea
522 2065 625 2098 recte
651 2061 784 2108 gessit,
809 2071 884 2097 non
908 2059 1096 2098 ell'eeisset
1111 2087 1120 2104 ,
1153 2059 1219 2098 sed
1237 2060 1350 2098 etiam

269 2120 394 2168 priora
413 2131 564 2167 pessum
585 2121 771 2158 dedisset.

318 2181 378 2218 15.
395 2183 664 2218 Animwmorbi
678 2183 828 2230 quilibet
840 2181 978 2232 semper
993 2187 1116 2222 curari
1131 2192 1357 2231 possunt.—

267 2241 395 2290 Neqne
430 2243 530 2280 enim
563 2244 683 2280 solum
713 2244 727 2265 ³
757 2247 952 2293 corporis,
975 2247 1040 2285 sed
1073 2249 1183 2286 etiam
1212 2249 1350 2286 animae

267 2307 425 2342 vulnera
449 2305 636 2342 inducunt
657 2312 830 2345 mortem.
861 2309 1034 2347 Attamen
1058 2320 1102 2347 eo
1125 2310 1355 2358 insipientiae-

265 2369 454 2412 venimus,
465 2375 506 2405 ut
518 2369 580 2406 illa
590 2368 788 2418 diligenter
797 2380 988 2416 curemus,
1000 2371 1078 2410 haec
1092 2373 1326 2421 negligamus
1339 2385 1347 2408 :

268 2442 495 2480 quamquam
521 2443 660 2481 corpus
686 2433 886 2472 insanabili
910 2445 1009 2484 saepe
1032 2436 1164 2473 morbo
1189 2435 1346 2480 laboret,

269 2496 361 2532 nihil
383 2500 506 2532 tamen
525 2495 572 2534 de
591 2497 713 2534 salute
735 2497 980 2544 desperamus
1003 2510 1012 2535 :
1042 2508 1086 2535 ac
1105 2498 1190 2535 licet
1213 2496 1347 2534 medici

269 2559 482 2606 frequenter
493 2559 772 2603 dicant,morbo
783 2571 856 2598 non
867 2571 981 2609 posse
989 2559 1194 2598 remedium
1207 2559 1345 2603 afferri,

267 2623 452 2660 instamus
464 2621 710 2660 nihilominus
719 2629 909 2669 rogantes,
919 2623 1082 2670 aliquam
1095 2623 1152 2660 vel
1165 2621 1345 2659 tantillam

269 2685 394 2723 all'erri
410 2685 722 2724 consolationem:
741 2686 778 2723 in
791 2687 940 2725 morbis
957 2692 1081 2724 autem
1094 2686 1242 2730 animae,
1258 2695 1349 2733 quo-

268 2759 350 2784 rum
367 2749 456 2786 nulli
478 2749 706 2787 insanabiles
724 2754 827 2793 sunt,
844 2750 981 2798 quippe
997 2749 1060 2797 qui
1083 2759 1104 2786 a
1125 2755 1266 2786 natum
1284 2757 1348 2784 ne-

267 2812 441 2849 cessitate
458 2822 532 2849 non
555 2813 774 2860 procedant,
792 2823 836 2851 ac
851 2813 882 2851 si
901 2813 1032 2852 alienae
1045 2817 1172 2851 essent
1190 2810 1347 2849 inﬁrmi-

269 2881 362 2911 lates
375 2875 402 2918 ⁸,
418 2875 570 2921 perinde
583 2875 812 2924 negligenter
823 2877 982 2925 agimus,
993 2877 1068 2913 imo
1080 2876 1322 2924 desperamus
1331 2884 1344 2910 :

266 2935 372 2976 atque
390 2934 448 2970 ubi
467 2940 594 2971 natura
614 2937 730 2973 morbi
757 2936 980 2984 deploratam
1002 2939 1244 2976 valetudinem
1261 2949 1344 2976 esse

265 2992 408 3038 suadet,
431 3004 472 3032 ac
490 2996 519 3031 si
539 3005 623 3043 spes
638 3003 733 3034 esset
748 2999 859 3035 multa
878 2999 1026 3044 salutis,
1048 3011 1171 3037 curam
1191 3001 1343 3038 adhibe-

267 3063 367 3099 mus;
388 3055 447 3092 ubi
473 3067 558 3095 vero
576 3059 673 3096 nulla
692 3059 908 3107 desperandi
927 3072 1057 3107 causa,
1077 3062 1346 3110 chpoudemus

268 3114 450 3162 animum,
480 3124 516 3155 et
545 3119 591 3156 ab
621 3119 719 3157 omni
746 3131 832 3158 cura
862 3122 1226 3170 absistimus:usque
1255 3122 1348 3163 adeo

270 3177 446 3224 majorem
479 3182 666 3227 corporis,
695 3194 802 3230 quam
831 3185 982 3230 animat,
1013 3186 1190 3222 rationem
1233 3185 1347 3223 babe-

271 3249 366 3276 mus.
381 3238 606 3288 Quapropter
619 3254 664 3280 ne
677 3255 812 3291 corpus
823 3247 966 3293 quidem
984 3256 1130 3284 servare
1141 3255 1348 3294 possumus.

273 3300 363 3338 Nam
385 3303 446 3349 qui
460 3304 556 3350 quod
577 3307 794 3354 praecipuum
815 3315 870 3346 est
889 3310 1037 3358 negligit
1053 3338 1062 3354 ,
1085 3316 1122 3348 et
1142 3310 1176 3346 in
1197 3309 1352 3346 minori-

275 3371 342 3408 bus
362 3379 507 3406 omnem
527 3370 805 3407 sollicitudinem
827 3373 941 3418 ponit,
973 3379 1124 3421 utraque
1143 3373 1296 3410 destruit
1317 3379 1354 3409 et

277 3433 496 3481 perditzqui
525 3439 646 3468 autem
666 3433 830 3470 ordinem
850 3440 990 3478 servat,
1011 3441 1048 3472 et
1066 3435 1162 3482 quod
1185 3435 1284 3483 prius
1301 3441 1356 3472 est

281 3498 439 3535 maxime
465 3502 594 3541 curat,
628 3495 768 3532 etiarnsi
789 3496 884 3542 quod
907 3499 1085 3543 posterius
1102 3505 1158 3535 est
1175 3498 1356 3544 negligat,

283 3570 348 3607 per
365 3559 518 3597 salutem
541 3559 637 3596 illius
653 3558 722 3595 hoc
741 3558 848 3595 etiam
868 3565 1072 3596 conservat.
1090 3559 1126 3596 Id
1149 3570 1234 3596 vero
1250 3559 1359 3596 Chri-

285 3631 360 3662 stus
393 3624 526 3663 nobis'
557 3623 718 3662 declarat
755 3623 811 3659 his
845 3622 989 3660 verbis:
1011 3622 1128 3659 Nolite
1157 3624 1275 3659 timere
1299 3632 1357 3657 eos

329 3704 338 3724 ¹
360 3708 446 3737 Unus
471 3709 540 3745 Μελ,
553 3711 622 3738 esse
639 3706 755 3746 posset.
777 3700 873 3736 Savil.
891 3707 976 3743 post,
993 3704 1150 3742 utor-tuus,
1168 3699 1267 3738 addit,
1285 3699 1362 3732 bea-

287 3748 307 3777 ‘l
323 3753 351 3830 ξ’
368 3787 462 3830 savii.
483 3793 518 3822 et
526 3789 752 3830 aliqttotllss.,_
767 3787 851 3822 lucc.

335 3826 348 3870 ξ
372 3827 496 3870 Aliquot
513 3826 599 3870 Mssf,
616 3829 686 3864 sola
700 3826 845 3864 vulnera.

337 3866 352 3910 ξ
367 3866 460 3902 Sin-il.
478 3877 513 3904 et
527 3866 612 3905 unus
628 3872 735 3904 (lui-JK
754 3872 890 3910 habent,
907 3869 1016 3904 aliena
1032 3868 1130 3902 naria.
1222 3906 1225 3909 ,

337 3908 422 3984 ;_sic
449 3913 540 3946 Savil.
560 3919 594 3948 ct
625 3921 740 3946 Omnes
756 3923 842 3956 pene
967 3917 1000 3946 in
1026 3910 1106 3944 Edit.
1131 3906 1238 3941 Morel.
1259 3905 1369 3945 deest,

295 3960 336 3987 πο
357 3961 395 3988 ts.

722 254 762 296 8.
788 253 978 296 JOANNIS
1003 255 1324 305 CHRYSOSIOMI
1351 258 1568 300 ARCHIEP.
1595 262 1957 305 CONSTANTINOP.
2395 275 2457 316 300

1419 343 1477 390 qui
1490 344 1647 381 occidunt
1672 357 1798 394 corpus
1811 373 1821 390 ,
1843 347 1994 383 animum
2009 352 2120 385 autem
2137 359 2202 386 non
2220 359 2351 398 possunt
2375 358 2454 391 occi-

1418 403 1525 448 dere;
1555 405 1615 442 sed
1643 407 1754 453 potius
1785 408 1896 444 timete
1921 419 1996 445 eum
2025 409 2084 457 qui
2103 417 2205 458 potest
2225 419 2253 448 et
2277 414 2414 450 animum
2431 423 2459 453 et

1417 477 1540 514 corpus
1564 468 1704 516 perdere
1731 469 1766 506 in
1786 469 1938 518 gehenna
1953 471 2095 518 (Matth.
2123 473 2179 510 10.
2206 474 2280 522 28).
2300 475 2459 525 Numquid

1415 528 1489 576 jam
1513 527 1578 566 tibi
1607 541 1817 578 persuasum
1845 540 1900 570 est
1926 545 2118 581 numquam
2134 536 2177 572 de
2196 537 2318 575 anima:
2341 541 2460 578 morbis

1419 591 1520 637 quasi
1535 591 1792 630 insanabilibus
1804 593 2066 640 desperandum
2079 607 2169 641 esse,
2185 607 2226 633 an
2241 609 2320 636 vero
2330 611 2461 640 necesse

1419 657 1529 689 estet
1556 653 1625 689 alia
1650 653 1822 691 adhibere
1854 655 2064 692 ratiocinia?
2092 657 2349 703 Quunlumlibet
2375 662 2463 698 enim

1419 715 1496 762 ipse
1515 717 1674 754 animum
1691 717 1932 766 despondeas,
1953 730 2019 757 nos
2035 731 2222 770 numquam
2236 723 2278 760 de
2297 729 2328 760 te
2345 725 2463 773 despe—

1421 777 1582 815 rabimus
1599 790 1607 814 :
1624 789 1740 826 neque
1760 779 1796 816 id
1817 781 1910 828 quod
1929 781 2008 818 aliis
2026 783 2112 819 vitio
2132 784 2308 828 vertimus,
2329 785 2390 832 ipsi
2405 787 2461 824 ad-

1421 839 1628 885 mittemus;
1660 840 1744 878 licet
1773 851 1844 878 non
1873 852 1938 889 par
1957 849 1994 880 et
2019 843 2154 890 aequale
2173 845 2238 889 sit,
2260 846 2401 893 aliquem
2424 849 2464 884 de

1421 903 1542 950 seipso
1568 903 1787 950 desperare,
1821 910 1884 940 aut
1908 905 2014 942 alium
2037 905 2082 942 de
2107 905 2182 952 ipso
2204 907 2228 942 ¹.
2249 907 2331 944 Nam
2353 909 2406 955 qui
2423 908 2465 946 de

1421 964 1492 1000 alio
1513 965 1620 1000 talem
1641 964 1750 1002 habet
1779 966 2008 1013 opinionem,
2037 967 2108 1004 cito
2134 967 2269 1004 veniam
2287 969 2464 1013 obtinebit;

1421 1026 1482 1073 qui
1501 1031 1620 1063 autem
1639 1026 1686 1064 de
1705 1028 1840 1075 seipso,
1859 1039 1931 1066 non
1948 1029 2048 1066 item.
2063 1029 2204 1074 Quare?
2224 1030 2307 1076 Quia
2325 1031 2378 1068 ille
2395 1033 2467 1079 qui-

1422 1089 1504 1125 dem
1525 1089 1603 1136 ejus
1623 1089 1781 1126 studium
1810 1096 1846 1127 et
1878 1091 2124 1137 poenitentiam
2153 1091 2188 1128 in
2219 1097 2384 1138 potestate
2405 1103 2468 1130 non

1423 1149 1531 1187 habet
1548 1163 1556 1187 :
1573 1151 1636 1188 sed
1653 1151 1728 1198 ipse
1743 1152 1842 1189 solus
1856 1153 2007 1190 obtinet.
2023 1152 2138 1190 Nihilo
2153 1154 2262 1201 magis
2275 1159 2384 1191 tamen
2398 1154 2471 1192 ideo

1422 1211 1468 1250 de
1489 1219 1524 1250 te
1544 1212 1818 1260 desperabimus
1833 1243 1844 1259 ,
1871 1215 2014 1252 etiamsi
2035 1221 2071 1251 tu
2092 1215 2220 1252 millies
2247 1215 2394 1252 animum
2411 1216 2466 1253 de-

1423 1276 1604 1323 Spondeas
1621 1288 1630 1312 :
1647 1275 1801 1314 fortasse
1820 1278 1916 1315 enim
1931 1307 1942 1324 ,
1962 1277 2116 1316 fortasse
2130 1279 2284 1326 inquam,
2301 1279 2416 1327 aliquis
2429 1279 2469 1316 ad

1423 1339 1591 1376 virtutem
1607 1350 1808 1387 regressus,
1821 1341 1939 1389 aliqua
1961 1342 2122 1389 pristina:
2141 1343 2220 1379 vita:
2237 1343 2472 1390 redintegratio

1422 1401 1578 1439 dabitur.
1588 1403 1681 1440 Audi
1693 1404 1892 1450 sequentia.
1903 1403 2068 1441 Ninivitze
2079 1404 2198 1441 audito
2206 1405 2369 1452 propheta
2379 1405 2470 1442 vehe-

1423 1470 1565 1500 menter
1583 1465 1842 1510 comminantc,
1857 1464 1980 1502 Adhuc
2001 1473 2067 1503 tres
2087 1466 2210 1511 dies,et
2226 1465 2474 1503 Ninivesubver-

1425 1532 1512 1562 tetur
1533 1526 1740 1576 (1021.54),
1762 1539 1806 1565 ne
1823 1529 1869 1564 ita
1885 1529 2031 1576 quidem
2049 1528 2474 1572 animoconciderunt,sed

1425 1590 1566 1627 etiamsi
1582 1590 1678 1627 nulla
1691 1590 1736 1628 de
1747 1591 1818 1628 Deo
1833 1591 2016 1628 exorando
2027 1601 2110 1639 spes
2123 1591 2298 1628 videretur
2311 1600 2396 1634 esse,
2411 1591 2476 1626 imo

1426 1653 1544 1699 potius
1553 1653 1772 1690 contrarium
1784 1663 1828 1690 ex
1837 1653 1983 1690 oraculo
1992 1642 2204 1691 suaderetur
2215 1654 2295 1701 (non
2304 1653 2392 1690 enim
2403 1663 2478 1688 cunt

1425 1714 1657 1752 distinctione
1690 1716 1856 1762 quapiam
1887 1715 1922 1752 id
1945 1715 2079 1752 dictum
2103 1714 2230 1759 fuerat,
2252 1713 2314 1752 sed
2331 1720 2475 1761 apertum

1426 1776 1611 1813 decretum
1633 1777 1740 1826 erat);
1764 1778 1877 1816 nihilo
1895 1784 2015 1816 tamen
2032 1779 2148 1815 minus
2166 1777 2401 1826 paenitentiam
2422 1787 2474 1813 cx-

1427 1838 1577 1876 hibuerc
1597 1840 1758 1878 dicentes
1779 1853 1788 1878 :
1813 1841 1898 1886 Quis
1915 1843 1978 1878 scit
1998 1853 2080 1878 num
2107 1841 2330 1890 paenitentiam
2351 1845 2432 1886 aget,
2448 1845 2475 1874 et

1427 1903 1626 1940 exorabitur
1642 1903 1752 1948 Deus,
1764 1911 1796 1941 et
1813 1912 1984 1942 evertetur
2003 1906 2044 1942 ab
2063 1906 2114 1942 ira
2138 1905 2262 1952 furoris
2285 1903 2346 1947 sui,
2369 1908 2396 1938 et
2418 1912 2479 1938 non

1429 1964 1639 2012 peribimus?
1656 1965 1701 2002 Et
1719 1967 1802 2002 vidit
1819 1967 1914 2004 Deus
1935 1979 2039 2015 opera
2053 1979 2181 2011 eorum,
2203 1967 2291 2014 quod.
2313 1965 2414 2002 aversi
2429 1975 2475 2000 es-

1427 2032 1502 2062 sent
1519 2039 1542 2062 a
1560 2027 1622 2064 viis
1640 2028 1712 2064 suis
1736 2029 1849 2068 malis.
1875 2029 1916 2064 Et
1934 2030 2090 2076 paenituit
2113 2029 2204 2065 Deus
2230 2039 2326 2074 super
2345 2025 2476 2068 malitia,

1427 2101 1530 2138 quam
1561 2091 1695 2128 dixerat
1745 2103 1782 2129 se
1822 2092 2025 2140 facturum,
2061 2098 2095 2129 et
2131 2102 2198 2128 non
2226 2090 2305 2138 fecit
2328 2086 2428 2134 (Ibid.
2450 2086 2487 2124 υ.

1429 2153 1506 2202 10).
1520 2153 1622 2199 Quod
1636 2155 1666 2192 si
1677 2153 1842 2192 homines
1861 2155 2003 2193 barbari
2018 2161 2054 2192 et
2068 2154 2199 2192 indocti
2219 2159 2347 2190 tantum
2363 2156 2475 2198 potue-

1427 2222 1512 2252 runt
1536 2216 1735 2264 intelligere
1749 2245 1758 2262 ,
1778 2217 1893 2255 multo
1913 2218 2027 2266 magis
2048 2227 2114 2255 nos
2144 2217 2177 2253 id
2200 2215 2313 2254 facere
2335 2217 2475 2261 oportet,

1429 2279 1489 2326 qui
1509 2279 1640 2318 divinis
1661 2281 1886 2328 dogmatibus
1913 2281 2042 2318 eruditi
2071 2289 2208 2324 sumus,
2236 2284 2270 2316 et
2288 2277 2390 2314 multa
2416 2274 2479 2311 bu-

1425 2341 1585 2388 jusmodi
1606 2343 1772 2390 exempla
1795 2350 1866 2380 tam
1889 2343 2008 2380 verbis
2033 2353 2138 2390 quam
2158 2340 2321 2388 operibus
2339 2335 2477 2374 exhibita

1428 2404 1598 2442 vidimus.
1620 2404 1702 2442 Non
1717 2406 1820 2449 enim,
1834 2405 1960 2452 inquit,
1977 2410 2055 2442 sunt
2071 2403 2212 2440 consilia
2229 2413 2301 2438 mea
2312 2401 2392 2436 sicut
2405 2407 2476 2433 cort-

1429 2465 1507 2502 silia
1526 2471 1652 2512 vestra,
1674 2477 1779 2514 neque
1798 2467 1860 2503 vite
1881 2477 1966 2502 mete
1981 2466 2066 2502 sicut
2085 2466 2148 2501 vite
2163 2470 2300 2506 uestra);
2313 2460 2368 2497 sed
2384 2468 2480 2506 quau-

1431 2534 1502 2564 tum
1529 2529 1634 2564 distat
1659 2529 1780 2565 cretum
1797 2540 1820 2564 a
1845 2535 1957 2571 terra,
1981 2533 2112 2562 tantum
2133 2525 2256 2562 distant
2282 2520 2480 2570 cogitationes

1430 2601 1514 2626 mea:
1545 2602 1566 2626 α
1596 2591 1802 2638 cogitatione
1828 2597 1959 2633 uestra,
1991 2595 2022 2624 et
2048 2587 2189 2624 consilia
2203 2597 2276 2622 mea
2300 2595 2320 2620 a
2347 2579 2480 2618 consiliis

1429 2653 1548 2689 vestris
1578 2651 1679 2701 (lsai.
1781 2651 1817 2688 8.
1839 2651 1893 2698 9).
1919 2651 1957 2688 Si
1986 2660 2072 2688 vero
2101 2649 2255 2686 famulos
2276 2651 2410 2684 nostros
2427 2639 2479 2688 qui

1431 2725 1527 2762 saepe
1537 2715 1766 2762 deliquerint,
1783 2724 1864 2751 cum
1885 2714 2098 2760 promittunt
2112 2723 2150 2750 se
2166 2711 2328 2748 meliores
2345 2707 2482 2746 futuros,

1431 2787 1468 2817 et
1481 2778 1703 2815 admittimus
1721 2783 1758 2814 et
1784 2777 1819 2814 in
1849 2777 2040 2824 pristinum
2059 2776 2234 2813 honorem
2252 2770 2482 2811 restituimus,

1431 2842 1505 2878 imo
1525 2841 1731 2888 frequenter
1749 2841 1924 2887 majorem
1947 2840 2034 2886 ipsis
2055 2838 2219 2875 ﬁduciam
2233 2835 2369 2877 damus,
2385 2829 2483 2867 multo

1432 2903 1546 2950 magis
1567 2902 1601 2940 id
1616 2902 1774 2938 facturus
1794 2902 1852 2938 ille
1869 2909 1937 2938 est.
1954 2901 2043 2936 Nam
2064 2899 2094 2936 si
2117 2899 2201 2936 ideo
2219 2905 2284 2934 nos
2302 2893 2434 2932 iecisset
2451 2894 2483 2950 ut

1431 2948 1609 3010 supplicio
1630 2962 1816 3006 afficeret,
1835 2962 1917 3009 jure
1943 2959 2188 3008 desponderes
2215 2957 2370 2994 animum
2385 2961 2424 2988 ac
2445 2948 2485 2986 de

1431 3025 1547 3064 salute
1565 3031 1624 3062 tua
1643 3023 1829 3061 dubitares
1849 3035 1858 3059 :
1879 3023 1910 3060 si
1934 3033 2020 3060 vero
2041 3032 2112 3058 non
2125 3020 2192 3056 alia
2207 3019 2252 3056 de
2271 3025 2372 3054 eausa
2389 3019 2483 3060 quam

1433 3086 1594 3124 bonitate
1609 3096 1672 3124 sua
1689 3091 1822 3130 motus,
1841 3095 1908 3121 nos
1922 3084 2112 3128 creaverit,
2133 3087 2168 3118 ut
2185 3078 2326 3118 mternis
2343 3075 2486 3142 fruamur

1433 3151 1554 3196 bonis,
1585 3156 1694 3198 atque
1722 3149 1804 3186 ideo
1835 3147 1954 3184 omnia
1985 3147 2058 3194 agit
2089 3153 2125 3182 et
2143 3149 2311 3191 operatur
2338 3142 2486 3202 aptium

1434 3223 1548 3261 usque
1571 3212 1615 3249 ad
1635 3195 1851 3259 praesentem
1873 3209 1984 3254 diem,
2006 3207 2092 3255 quid
2121 3215 2186 3242 nos
2205 3203 2248 3240 ad
2266 3211 2343 3239 eam
2363 3195 2488 3261 dubita:

1435 3257 1570 3312 tionem
1602 3257 1788 3321 impellat?
1820 3271 1924 3308 illum
1953 3269 2188 3306 vehementer
2217 3261 2436 3325 offendimus,
2457 3257 2490 3289 et

1433 3344 1606 3387 quantum
1636 3336 1728 3372 alius
1744 3333 1876 3372 nemo?
1893 3339 1930 3370 at
1945 3332 2030 3370 ideo
2060 3330 2214 3368 maxime
2229 3337 2250 3363 a
2268 3317 2488 3387 praesentibus

1433 3385 1608 3438 absistere
1631 3403 1787 3446 oportet,
1805 3402 1841 3434 et
1861 3395 2107 3444 poenitentiam
2131 3392 2177 3429 de
2195 3385 2378 3452 praeteritis
2393 3386 2490 3452 330:9

1436 3471 1674 3510 magnamque
1703 3462 1940 3497 mutationem
1971 3455 2154 3494 exhibere.
2187 3451 2308 3497 Neque
2325 3448 2489 3510 enim-tta,

1436 3508 1516 3572 qum—3
1545 3508 1754 3572 perpetrare
1771 3521 1849 3558 ausi
1876 3529 2014 3563 sumus,
2033 3519 2131 3554 illum
2160 3517 2190 3558 ²,
2205 3521 2273 3578 tam
2291 3508 2490 3578 possuu‘t'lf:

1437 3564 1562 3630 vitare,
1583 3564 1689 3632 quam
1705 3584 1801 3632 quod
1821 3583 1980 3620 nolimus
1999 3579 2144 3617 demum
2169 3573 2388 3620 resipiscere.
2411 3564 2490 3600 Nam

1439 3658 1590 3696 peccare
1606 3648 1766 3696 quidem,
1786 3647 1981 3683 humanum
2007 3649 2086 3686 est;
2106 3646 2142 3676 at
2163 3639 2196 3676 in
2216 3632 2367 3684 peccatis
2384 3633 2493 3675 μετεδ-

1487 3871 1498 3891 ί
1521 3869 1665 3908 Quidam,
1684 3867 1824 3911 aliquant
1841 3867 1881 3911 de
1897 3875 1930 3900 se
1946 3865 2014 3911 ipso
2028 3868 2058 3898 at
2069 3864 2114 3911 ita
2127 3860 2190 3894 alio
2203 3859 2394 3911 (ίίξιῃξξξίξιςξέ,
2425 3894 2490 3911 Μι-

1487 3913 1500 3933 ι
1523 3894 1665 3944 ῧῖζξιῖἱεῖἷ
1681 3894 1928 3944 ἐζὶ’ὶῖὶὶὶέ’ὲςέὰῖαᾌ’
1939 3894 2046 3947 ascia“,
2063 3904 2166 3944 illum,
2185 3906 2219 3934 et
2236 3898 2314 3932 infra
2329 3896 2410 3936 ιιοειο
2424 3894 2476 3931 Ρθδ

1444 3959 1529 3992 sum,
1549 3955 1708 3996 adjicitur,
1729 3960 1841 3988 ecum.
