2742 4342
181 243 242 282 5οὶ
951 235 1011 272 ΑΒ
1037 234 1236 272 ’ΠΙΕΟυΟΙ

1307 235 1320 272 Ι
1345 235 1543 274 ιΑρδυΜ.
1572 237 1600 274 Ι.

177 331 314 366 vet-are,
334 319 370 356 id
387 329 458 356 non
472 318 662 356 humanum
681 321 750 360 est,
769 314 834 352 sed
852 313 998 351 omnino
1013 311 1227 348 satanicum.

177 381 445 420 Animadvertas
463 379 555 416 enim
574 375 753 424 quomodo
768 385 830 422 per
843 373 1052 421 prophetam
1070 371 1136 407 hoc
1151 370 1230 417 plus

177 455 280 493 quam
302 442 386 480 illud
409 437 645 488 reprehendat
667 437 765 475 Deus
788 449 796 472 :
817 435 862 472 Et
882 435 967 478 dixi,
989 433 1115 480 inquit,
1133 438 1230 478 post-

175 517 276 554 quam
291 504 454 551 fornicata
473 507 520 538 est
535 500 588 537 his
605 498 770 540 omnibus,
787 497 832 533 ad
855 507 907 532 me
919 501 1092 537 reuertere,
1112 499 1142 528 et
1162 503 1230 528 non

176 575 303 603 reversa
329 569 376 601 est
404 563 491 610 (Jer.
519 561 556 598 5.
584 561 635 608 7).
657 559 704 596 Et
727 558 810 595 alibi
835 565 976 594 rursum
1001 559 1040 591 ut
1065 553 1232 590 ostendat

177 639 278 678 quam
295 635 494 676 propensus
519 623 565 660 sit
591 622 636 659 ad
663 625 823 658 nostram
851 618 1017 660 salutem,
1035 615 1118 662 quia
1149 619 1232 662 post

177 690 284 727 multa
297 688 424 726 delicta
436 685 672 734 promiseram
683 692 722 720 se
733 685 828 718 recta
843 680 898 716 via
916 679 1134 720 incessuros,
1147 685 1230 712 cum

177 752 209 788 id
228 749 397 792 audisset,
419 747 470 784 ait
489 759 498 784 :
515 745 598 790 Quis
615 743 708 780 dabit
727 749 763 778 ut
782 742 830 778 ita
845 740 913 777 sint
933 738 1037 775 corda
1053 747 1169 773 eorum
1194 736 1230 771 in

177 811 254 860 ipsis
273 816 308 846 ut
327 810 462 845 timeant
473 817 538 851 me,
556 811 588 842 et
605 803 796 841 custodiant
812 799 974 838 mandata
987 809 1062 834 mea
1076 796 1231 860 omnibus

177 857 290 910 diebus
305 872 388 914 suis,
408 876 444 905 ut
473 870 553 905 bene
573 867 617 903 sit
633 866 680 903 eis
709 871 740 902 et
769 863 850 910 [iliis
873 872 989 900 eorum
1009 860 1044 896 in
1069 857 1231 896 saeculum

177 934 290 982 (Deut.
307 933 342 970 5.
361 930 448 978 29)?
470 930 514 967 Et
529 928 668 976 Moyses
685 927 782 973 ipsos
800 923 1020 970 compellans
1039 921 1116 982 inec
1137 919 1232 956 dice-

176 981 261 1032 bat:
285 993 326 1030 Et
345 1001 446 1033 nunc,
477 989 600 1032 Israel,
630 987 712 1035 quid
737 985 908 1022 Dominus
926 983 1018 1020 Deus
1044 981 1127 1030 petit
1146 986 1230 1024 ate,

177 1055 239 1091 nisi
258 1060 292 1090 ut
307 1054 422 1089 timeas
443 1051 625 1087 Dominum
641 1047 752 1084 Deum
765 1053 872 1090 tuum,
889 1051 921 1082 et
937 1043 1087 1080 ambules
1106 1042 1142 1078 in
1159 1053 1234 1078 ont-

177 1116 270 1151 nibus
289 1114 348 1150 aiis
367 1113 454 1160 ejus,
472 1117 504 1148 et
521 1111 644 1158 diligas
661 1109 775 1155 ipsum
793 1106 912 1154 (Deut.
937 1105 996 1142 10.
1013 1103 1103 1152 i2)?
1121 1102 1230 1150 Igitur

175 1175 232 1222 qui
255 1173 390 1220 expetit
407 1183 428 1208 a
449 1171 552 1208 nobis
570 1169 710 1215 amari,
735 1173 772 1206 et
795 1172 942 1215 propter
966 1165 1034 1202 hoc
1054 1164 1142 1201 nihil
1162 1173 1234 1200 non

175 1239 256 1284 agit,
271 1237 330 1284 qui
357 1245 403 1272 ne
428 1234 500 1271 lilio
527 1232 670 1280 quidem
700 1241 766 1268 suo
785 1231 830 1267 ob
857 1237 1016 1266 amorem
1039 1225 1151 1264 nostri
1172 1235 1235 1271 pe-

177 1300 298 1346 percit,
319 1309 362 1335 ac
377 1296 503 1344 quovis
520 1302 680 1342 tempore
696 1298 738 1330 ut
759 1302 840 1330 cum
858 1291 918 1328 illo
943 1289 1232 1332 reconciliemur,

177 1372 248 1397 rem
269 1359 337 1398 sibi
357 1358 614 1406 optatissimam
630 1355 751 1400 habet,
768 1355 828 1400 qui
847 1353 921 1390 lieri
936 1351 1050 1400 possit
1064 1356 1102 1386 ut
1120 1348 1236 1396 ι)ωηί-

176 1428 288 1459 tentes
316 1431 388 1458 non
415 1419 578 1456 admittat
607 1423 644 1456 et
669 1415 918 1464 amplexetur?
946 1413 1039 1450 Audi
1067 1411 1150 1459 quid
1172 1421 1236 1458 per

176 1483 384 1530 prophetam
403 1481 519 1518 dicat:
536 1479 600 1516 Dic
621 1485 670 1522 tu,
691 1478 753 1522 ait,
769 1476 962 1524 iniquitates
987 1480 1064 1510 tuas
1081 1473 1176 1520 prior
1206 1473 1236 1517 ',

175 1553 210 1582 ut
231 1543 430 1593 justi/ieeris
444 1541 545 1591 (lsai.
574 1542 633 1578 45.
651 1540 729 1586 26).
757 1539 794 1576 ld
823 1548 923 1581 vero,
942 1545 1014 1584 quo
1033 1533 1236 1572 vehementi

178 1607 215 1642 in
228 1615 310 1642 eum
334 1613 456 1640 amore
473 1602 680 1649 ﬂagremus,
700 1599 835 1646 expetit
855 1608 875 1634 a
893 1597 1012 1635 nobis.
1029 1596 1119 1632 Cum
1139 1595 1236 1632 enim

176 1667 207 1703 is
223 1666 282 1714 qui
297 1671 415 1708 amat,
436 1663 482 1700 ab
499 1663 543 1700 iis
560 1663 622 1710 qui
637 1666 804 1698 amantur
817 1659 1044 1698 contumeliis
1063 1656 1212 1694 allectus
1225 1683 1235 1702 ,

175 1739 246 1765 non
263 1734 380 1764 tamen
400 1725 596 1772 exstinguit
611 1733 795 1766 amorem;
815 1731 886 1758 non
911 1721 978 1756 alia
997 1719 1042 1756 de
1065 1729 1174 1756 causa
1192 1718 1236 1755 il-

175 1790 262 1825 latas
281 1786 516 1824 contumelias
532 1785 569 1821 in
589 1784 744 1821 medium
768 1781 888 1819 atlerri
915 1780 1056 1825 studet,
1075 1789 1180 1826 quam
1198 1785 1237 1817 ut

176 1850 434 1890 vehementiam
453 1849 586 1886 amoris
606 1849 660 1886 sui
677 1847 880 1892 declarans,
898 1846 942 1883 ad
963 1846 1154 1882 arctiorem
1172 1853 1235 1882 eos

177 1923 210 1952 et
228 1915 397 1962 majorem
411 1912 636 1950 dilectionem
653 1909 850 1958 pertrahat.
869 1909 905 1946 Si
922 1913 1041 1945 autem
1055 1907 1236 1944 confessio

177 1983 399 2022 peccatorum
419 1980 552 2010 tantum
566 1972 671 2010 atl‘ert
689 1971 822 2016 solatii,
842 1971 955 2008 multo
973 1969 1088 2018 majus
1109 1969 1236 2006 al't'eret

177 2047 295 2075 eorum
309 2047 374 2085 per
389 2037 479 2074 bona
493 2045 602 2084 opera
616 2034 762 2072 ablatio.
776 2033 960 2082 Siquidem
979 2033 1047 2069 nisi
1061 2034 1109 2070 ita
1125 2037 1234 2078 esset,

177 2101 237 2137 scd
257 2100 364 2137 semel
384 2099 520 2136 aversis
543 2108 562 2134 a
582 2103 680 2134 recta
702 2097 759 2134 via
778 2096 821 2133 ad
841 2095 990 2144 pristina
1008 2095 1162 2132 reditum
1179 2093 1235 2131 ἰη-

180 2160 403 2204 tercluderet,
431 2169 538 2197 nemo
567 2159 684 2206 plane,
716 2157 784 2194 nisi
816 2157 908 2194 forte
935 2155 1140 2204 paucissimi
1167 2165 1234 2192 nu-

179 2233 286 2270 mero,
311 2223 346 2260 in
367 2232 516 2270 regnum
535 2221 705 2258 caalorum
723 2219 994 2267 ingrederetur;
1015 2217 1113 2265 atqui
1143 2227 1236 2264 pra:-

177 2284 342 2322 clariores
360 2284 468 2321 fuisse
491 2293 554 2320 eos
575 2282 810 2330 reperiemus,
829 2280 888 2328 qui
918 2280 1016 2326 prius
1036 2278 1130 2326 lapsi
1160 2277 1239 2315 lue-

183 2352 269 2384 rant.
287 2347 352 2392 Qui
370 2347 466 2384 enim
483 2355 649 2393 magnam
669 2344 706 2380 in
727 2343 832 2380 malis
849 2341 1018 2389 operibus
1035 2340 1236 2377 vehemen-

183 2407 260 2442 tiam
286 2407 535 2451 adhibuerant,
561 2405 724 2442 eamdem
751 2409 876 2452 postea
903 2403 942 2439 in
967 2401 1072 2439 bonis
1089 2400 1238 2448 agendis

179 2469 413 2513 exhibebunt,
434 2475 556 2516 utpote
583 2468 644 2516 qui
669 2467 786 2505 sciant
811 2465 956 2514 quantis
982 2465 1056 2502 sint
1077 2463 1238 2501 obstricti

179 2531 306 2568 debitis
325 2543 334 2568 :
355 2530 447 2578 quod
466 2537 502 2568 et
518 2529 680 2568 Christus
699 2528 910 2572 declaravit,
930 2527 1074 2574 quando
1099 2525 1238 2562 Simoni

180 2594 272 2629 circa
293 2593 476 2629 mulierem
505 2593 740 2640 loquebatur:
762 2591 880 2637 Vides,
901 2591 970 2634 ait,
1001 2591 1091 2626 hanc
1115 2589 1239 2626 mulie-

182 2653 278 2690 rem?
293 2653 424 2689 Intraui
442 2654 476 2688 in
495 2653 631 2690 domum
651 2661 758 2699 tuam,
773 2664 897 2701 aquam
913 2652 1052 2700 pedibus
1074 2652 1156 2688 meis
1171 2662 1240 2688 non

183 2715 305 2750 dedisti
327 2725 338 2750 :
358 2714 429 2750 hac
445 2720 555 2749 autem
573 2715 728 2761 lacrymis
743 2715 864 2761 rigavit
882 2714 984 2761 pedes
1004 2724 1108 2757 meos,
1131 2719 1162 2750 et
1182 2723 1242 2748 ca-

184 2776 274 2822 pillis
287 2776 358 2812 suis
378 2776 484 2812 tersit.
502 2775 665 2811 Osculum
683 2775 764 2811 mihi
781 2787 848 2812 non
868 2775 1015 2819 dedisti;
1030 2775 1102 2812 [nec
1126 2780 1241 2811 autent

184 2848 224 2873 ea:
240 2848 304 2884 quo
326 2836 462 2880 intraui,
481 2847 548 2872 non
571 2835 711 2873 cessavit
737 2835 885 2872 osculari
903 2836 1002 2884 pedes
1031 2847 1134 2872 meos.
1157 2834 1241 2872 Oleo

185 2903 283 2944 caput
303 2909 414 2934 meum
435 2909 502 2934 non
527 2897 654 2934 tinxisti
679 2908 691 2933 :
715 2897 786 2934 Ita'c
811 2904 922 2933 autem
947 2904 1118 2944 unguento
1144 2897 1241 2933 unxit

188 2959 284 3006 pedes
299 2971 404 2997 meas.
423 2957 569 3007 Propter
587 2959 679 3007 quod
694 2959 770 2995 dico
791 2959 863 3003 tibi,
885 2959 1100 2995 remittuntur
1113 2959 1144 2994 ei
1161 2969 1240 3006 pec—

189 3027 260 3056 cata
278 3033 339 3058 sua
365 3020 486 3065 multa,
504 3021 583 3067 quia
603 3020 720 3056 dilexit
740 3020 898 3056 multum.
917 3019 980 3056 Cui
1001 3026 1112 3056 autent
1130 3019 1242 3054 minus

189 3081 372 3125 dimittitur,
387 3082 498 3118 minus
515 3081 641 3129 diligit.
662 3081 756 3117 Dixit
771 3088 881 3117 autent
899 3082 944 3117 ad
963 3081 1061 3118 illam
1083 3091 1094 3116 :
1113 3079 1243 3116 Remit-

189 3147 299 3179 lttntur
315 3143 370 3179 tibi
391 3150 526 3191 peccata
547 3143 646 3191 (Luc.
669 3143 704 3179 7.
721 3143 864 3192 44-48).

234 3205 290 3242 16.
313 3205 445 3243 idcirco
463 3205 626 3244 diabolus
646 3215 778 3253 gnarus
797 3215 872 3248 eos,
891 3205 951 3252 qui
973 3204 1128 3252 ingentia
1150 3204 1242 3240 mala

193 3273 444 3313 |crpelrarnnt,
458 3267 514 3304 ubi
529 3267 680 3314 primum
689 3267 861 3313 eruperint
870 3266 1058 3314 paenitere,
1069 3264 1105 3301 id
1114 3275 1244 3312 magno

189 3329 300 3366 studio
309 3340 428 3376 agere,
437 3336 558 3377 utpote
569 3330 734 3368 conscios
745 3329 958 3366 delictorum
969 3337 1130 3373 suorum,
1144 3327 1246 3363 timet

190 3396 224 3426 et
245 3389 408 3427 formidat
427 3401 471 3428 ne
490 3391 632 3440 quando
659 3401 735 3428 rem
755 3391 1000 3428 exordiantur.
1025 3389 1114 3426 Nam
1142 3393 1244 3436 post-

189 3462 289 3498 quam
312 3453 501 3499 cmperint,
522 3452 696 3490 contineri
721 3453 814 3488 ultra
831 3456 1036 3498 nequeunt,
1061 3458 1104 3486 ac
1131 3448 1248 3494 paeni-

190 3515 294 3552 t-ntia
311 3515 408 3562 quasi
425 3515 503 3563 igne
520 3515 698 3562 succensi,
715 3525 802 3551 auro
821 3523 908 3560 puro
929 3512 1091 3559 put-iores
1109 3511 1248 3547 animas

191 3586 269 3614 suas
286 3577 454 3624 efﬁciunt,
475 3579 693 3616 conscientia
721 3586 852 3623 nempe
865 3585 908 3612 ac
926 3573 1100 3610 memoria
1120 3582 1248 3619 pecca-

193 3644 304 3674 torum
332 3649 474 3678 suorum
501 3641 602 3688 quasi
635 3644 744 3675 vento
773 3636 928 3685 quodam
961 3634 1180 3672 validissimo
1210 3635 1246 3670 in

191 3700 325 3737 virtutis
341 3702 356 3723 ⁸
376 3707 514 3750 portum
545 3699 702 3748 impulsi.
724 3700 844 3746 anue
873 3698 908 3735 in
939 3707 979 3735 re
1005 3703 1174 3744 praestant
1205 3696 1248 3734 iis

235 3802 246 3822 ⁸
268 3807 344 3835 tres
369 3808 450 3843 uss,
469 3801 528 3837 Dic
541 3806 576 3835 tu
602 3801 744 3843 primum
772 3797 956 3843 iniquitates
971 3801 1052 3832 tuas.
1078 3798 1126 3831 sic
1151 3798 1248 3830 etiam

194 3843 295 3887 sarit"
313 3844 370 3876 sed
389 3841 456 3886 pro,
471 3841 630 3887 primunt,
649 3842 761 3887 habet,
777 3841 878 3887 prior.
970 3879 990 3887 Π,
1006 3879 1011 3884 ,

235 3886 247 3904 ⁸
269 3879 402 3922 Quatuoi'
417 3879 479 3920 ttss'
499 3886 582 3927 loco,
599 3879 734 3925 virtutis,
749 3879 882 3923 halieut,
901 3879 1053 3923 apatltur.

2303 239 2372 276 502

1303 313 1363 358 qui
1385 323 1578 360 numquam
1593 315 1814 360 ceciderunt,
1829 317 1924 364 quod
1939 317 2073 364 majore
2085 324 2230 356 utantur
2241 321 2371 356 alacri-

1301 379 1388 417 tate,
1407 375 1436 410 si
1453 381 1603 420 tantum,
1626 383 1663 413 ut
1677 377 1751 424 jam
1770 379 1857 424 dixi,
1875 391 1950 417 rem
1973 381 2238 428 aggrediantur.

1350 435 1562 476 Pettitentise
1575 438 1708 474 initium
1723 440 1882 485 arduum,
1897 449 2018 478 cetera
2033 443 2188 490 deinceps
2201 443 2371 490 faciliora.

1299 515 1348 522 —
1362 495 1452 532 Nam
1471 497 1540 534 hoc
1556 507 1646 544 Opus
1660 527 1668 542 ,
1691 499 1750 537 hic
1769 501 1868 537 labor
1885 509 1937 538 est
1954 530 1964 546 ,
1987 513 2091 548 posse
2107 505 2288 541 introitum
2311 516 2373 552 pe-

1301 563 1392 602 tere,
1407 569 1450 596 ac
1465 559 1638 597 vestibula
1655 562 1872 608 pmnitentia-
1884 565 2104 612 contingere,
2121 567 2374 615 inimicumque

1301 619 1450 656 multum
1471 621 1666 668 spirantem
1686 629 1723 660 et
1741 623 1933 661 instantem
1961 625 2142 671 depellere
2162 635 2268 675 atque
2287 639 2374 675 pro-

1300 686 1477 720 sternere.
1495 683 1631 722 Deinde
1650 695 1735 722 vero
1757 695 1826 722 non
1847 692 1982 723 tantum
2003 688 2064 724 ille
2089 689 2244 726 furorem
2273 691 2376 727 exhi-

1301 742 1412 786 bebit,
1432 744 1544 781 semel
1559 752 1749 792 superatus
1769 752 1806 784 et
1821 757 1889 794 qua
1905 755 2006 795 parte
2025 749 2153 786 fortior
2172 757 2248 786 erat
2279 751 2378 798 deje-

1301 811 1398 842 ctus:
1412 815 1481 843 nos
1497 813 1616 844 autem
1633 809 1816 847 alacritate
1835 818 2012 858 resumpta
2027 812 2176 859 majore,
2191 813 2377 859 pulchrum

1303 865 1372 904 hoc
1390 867 1543 905 stadium
1565 869 1732 907 facillime
1748 871 1996 910 decurrcmus.
2026 874 2288 920 Aggrediamur
2307 875 2376 912 ita-

1302 939 1373 976 que
1391 929 1545 967 reditum
1563 959 1572 974 ,
1605 942 1836 970 recurremus
1853 933 1889 970 in
1915 934 2098 972 civitatem
2129 935 2310 974 czelestem
2338 937 2374 974 in

1301 1000 1406 1038 quam
1427 991 1612 1039 adscripti,
1635 993 1694 1031 ubi
1709 993 1838 1041 degere
1855 995 1946 1042 jussi
1961 1005 2096 1033 sumus.
2111 996 2200 1033 Nam
2216 997 2261 1034 dc
2276 998 2379 1035 nobis

1303 1052 1390 1098 ipsis
1409 1052 1603 1100 desperare
1624 1065 1694 1092 non
1726 1055 1760 1092 id
1779 1055 1894 1094 solum
1913 1057 2016 1095 all'ert
2046 1059 2130 1096 mali
2147 1086 2157 1103 ,
2187 1059 2280 1106 quod
2301 1060 2378 1106 ejus

1303 1113 1402 1150 urbis
1421 1120 1542 1160 portas
1563 1115 1666 1152 nobis
1683 1116 1918 1162 intercludat,
1941 1128 2006 1156 nec
2031 1119 2127 1166 quod
2145 1120 2182 1157 in
2201 1121 2375 1168 majorem

1303 1174 1492 1221 segnitiem
1513 1181 1550 1213 et
1569 1183 1814 1224 contemptum
1833 1178 2008 1224 deducat,
2024 1181 2086 1217 sed
2107 1181 2202 1228 quod
2224 1181 2258 1218 in
2280 1181 2376 1218 iuro.

1303 1246 1380 1274 rem
1400 1247 1467 1274 nos
1489 1238 1689 1275 satanicum
1709 1239 1866 1286 drjiciat.
1886 1241 2026 1277 Etenim
2044 1241 2207 1279 diabolus
2225 1253 2295 1280 non
2310 1245 2378 1280 alia

1305 1297 1351 1353 de
1369 1308 1476 1335 causa
1493 1299 1574 1336 talis
1594 1300 1708 1337 evasit
1726 1329 1736 1346 ,
1759 1311 1866 1348 quam
1885 1302 1968 1349 quia
1985 1312 2141 1348 primum
2161 1303 2378 1351 desperavit,

1305 1358 1521 1408 demumque
1541 1372 1585 1398 ex
1603 1361 1855 1408 desperatione
1885 1362 1920 1399 in
1941 1363 2115 1400 insaniam
2144 1365 2288 1402 decidit.
2310 1365 2378 1404 Ubi

1306 1423 1460 1468 primum
1475 1424 1571 1460 enim
1601 1424 1721 1461 anima
1754 1435 1854 1472 spem
1887 1425 2015 1462 salutis
2040 1427 2184 1470 amisit,
2206 1438 2253 1464 ne
2271 1429 2381 1465 sentit

1306 1482 1450 1528 quidem
1469 1485 1622 1531 amplius
1641 1495 1712 1532 quo
1734 1491 1838 1532 pacto
1863 1495 2024 1533 prteceps
2043 1492 2182 1534 agatur,
2202 1493 2238 1524 ct
2257 1489 2378 1525 omnia

1307 1551 1431 1582 contra
1467 1547 1621 1584 salutem
1654 1548 1834 1594 propriam
1866 1548 1940 1595 agit
1957 1554 1993 1586 et
2013 1548 2112 1586 dicit.
2133 1550 2186 1588 Ac
2203 1550 2378 1597 quemad-

1309 1606 1454 1643 modum
1473 1606 1598 1644 furiosi
1621 1609 1678 1645 ubi
1713 1609 1826 1646 semel
1843 1619 1863 1646 a
1883 1619 1971 1646 sana
2001 1616 2122 1648 mente
2153 1611 2379 1657 exciderunt,

1307 1667 1396 1704 nihil
1413 1669 1537 1706 timent
1553 1697 1563 1714 ,
1599 1670 1697 1706 nullo
1711 1669 1848 1717 pudore
1867 1675 2034 1707 tenentur
2051 1700 2059 1714 ,
2081 1671 2144 1709 sed
2159 1673 2236 1709 sine
2257 1672 2378 1710 l‘ormi-

1305 1728 1390 1766 dine
1409 1729 1528 1766 omnia
1557 1729 1733 1776 audcnt’,
1751 1741 1818 1768 nec
1849 1731 1968 1778 ignem
1999 1742 2066 1770 nec
2081 1743 2179 1770 tnare
2198 1743 2266 1770 nec
2290 1743 2380 1780 pra:-

1305 1791 1426 1838 cipitia
1442 1791 1541 1828 adire
1560 1793 1840 1839 pertimescunt;
1860 1793 1912 1830 sic
1932 1798 1970 1832 et
1994 1793 2014 1830 ii
2037 1795 2096 1840 qui
2115 1794 2378 1842 desperationis

1305 1853 1452 1890 vesania
1481 1853 1636 1900 correpti
1666 1859 1776 1897 sunt,
1807 1855 2052 1892 intolerabiles
2067 1855 2199 1893 deinde
2219 1857 2253 1892 in
2274 1869 2380 1894 omne

1305 1914 1481 1950 malorum
1499 1925 1614 1962 genus
1631 1915 1849 1959 decurrunt;
1869 1922 1905 1952 et
1924 1917 1991 1952 nisi
2021 1927 2120 1954 mers
2137 1927 2200 1954 eos
2217 1918 2263 1954 ab
2283 1919 2379 1954 insa-

1305 1976 1364 2012 nia
1381 1981 1418 2013 et
1437 1977 1570 2024 impetu
1605 1982 1794 2022 coerceat,
1826 1977 2013 2014 innumera
2045 1977 2112 2014 sibi
2144 1978 2230 2024 ipsis
2259 1979 2378 2025 gravia

1305 2042 1526 2084 perpetrant.
1545 2037 1661 2083 Quare
1681 2037 1844 2080 obsecro,
1863 2043 2056 2084 antequam
2072 2038 2118 2074 ab
2130 2038 2188 2074 illa
2205 2038 2381 2076 ebrietate

1305 2099 1413 2136 altius
1431 2099 1666 2146 demergaris,
1689 2099 1881 2146 resipisces
1900 2105 1936 2136 et
1955 2099 2232 2146 cxpergiscaris,
2253 2099 2379 2136 diabo—

1307 2159 1484 2206 licamque
1510 2160 1606 2197 illam
1625 2160 1806 2207 crapulam
1837 2160 2020 2204 excutias;
2043 2160 2137 2207 quod
2156 2161 2186 2196 si
2205 2160 2238 2196 id
2260 2159 2382 2197 conlc-

1307 2221 1389 2257 stim
1407 2231 1513 2268 agere
1533 2233 1604 2259 non
1618 2223 1751 2269 possis,
1771 2223 1905 2260 sensim
1922 2228 1958 2258 et
1973 2222 2140 2269 paulatim
2155 2222 2278 2258 facias.
2295 2223 2380 2259 Mihi

1307 2287 1405 2318 certe
1421 2281 1525 2328 longe
1543 2281 1684 2319 facilius
1695 2283 1851 2328 videtur,
1879 2289 1918 2320 ut
1933 2283 1978 2321 ab
1994 2283 2161 2320 omnibus
2175 2283 2284 2320 simul
2301 2285 2382 2332 qui-

1308 2343 1374 2380 bus
1391 2342 1620 2389 complicaris
1639 2343 1784 2380 funibus
1803 2343 2022 2380 abstractum
2043 2351 2077 2382 te
2097 2347 2130 2382 in
2161 2347 2381 2392 ptenitentia

1309 2405 1534 2452 gymnasium
1547 2404 1756 2442 transferas.
1773 2405 1810 2442 Si
1831 2411 1950 2442 tamen
1963 2406 2024 2442 tibi
2037 2407 2188 2444 arduum
2203 2407 2380 2453 videatur,

1311 2472 1350 2503 ut
1373 2467 1527 2504 volucris
1549 2467 1642 2504 viam
1659 2467 1704 2504 ad
1730 2467 1880 2504 meliora
1899 2466 2089 2504 ducentem
2107 2467 2215 2504 adeas
2230 2496 2240 2512 ,
2273 2469 2382 2506 modo

1310 2539 1386 2566 rem
1407 2529 1582 2576 suscipias
1595 2534 1630 2566 et
1643 2529 1806 2566 obtineas
1816 2528 1922 2565 vitam
1937 2534 2124 2566 ceternam.
2142 2529 2258 2566 Etiam
2275 2535 2382 2577 atque

1309 2591 1418 2628 etiam
1437 2600 1524 2638 rogo
1537 2596 1575 2628 et
1591 2591 1742 2628 obsecro
1759 2601 1824 2638 per
1839 2591 2023 2638 pristinam
2044 2596 2138 2627 tuam
2155 2591 2382 2638 probitatem,

1311 2664 1374 2699 per
1393 2653 1558 2690 ﬁduciam
1575 2653 1686 2697 illam,
1703 2653 1876 2690 teiterum
1894 2652 2078 2690 videamus
2092 2653 2127 2688 in
2144 2652 2204 2689 illo
2214 2652 2383 2697 culmine,

1311 2715 1346 2752 in
1365 2715 1422 2752 illa
1438 2715 1717 2761 perseverantia.
1730 2715 1900 2752 Miserere
1919 2714 2122 2761 corum,qui
2138 2719 2284 2762 propter
2300 2715 2382 2752 tein

1311 2777 1563 2815 ol'lcndiculum
1578 2777 1814 2824 impegerunt,
1831 2777 1889 2824 qui
1907 2777 1999 2824 lapsi
2017 2783 2114 2822 sunt,
2130 2777 2187 2814 vel
2201 2777 2385 2824 segniores

1312 2840 1444 2884 effecti,
1466 2840 1527 2888 qui
1546 2840 1591 2877 de
1609 2839 1754 2876 virtutis
1767 2838 1822 2876 via
1841 2840 2092 2886 desperarunt.
2114 2838 2215 2876 Nunc
2241 2837 2384 2886 quidem

1312 2902 1455 2939 tristitia
1473 2901 1624 2938 fratrum
1641 2901 1792 2938 chorum
1809 2905 1983 2948 occupat.
2003 2900 2170 2947 voluptas
2201 2907 2319 2936 autem
2348 2906 2385 2937 et

1314 2964 1435 3001 la-titia
1453 2963 1651 3000 inﬁdelium
1671 2969 1909 3006 conventum,
1930 2971 1997 2999 nec
2015 2970 2086 2998 non
2111 2961 2283 3008 juvcnum
2311 2961 2386 2996 otio

1312 3027 1527 3064 deditorum.
1543 3026 1580 3064 Si
1594 3031 1712 3063 autem
1730 3025 1774 3062 ad
1788 3027 1991 3062 accuratam
2007 3024 2102 3061 illam
2114 3024 2196 3060 vita:
2209 3023 2384 3060 rationem

1313 3090 1464 3128 redieris
1477 3117 1488 3134 ,
1505 3088 1723 3127 contrarium
1743 3086 1900 3130 accidet,
1923 3092 2114 3133 nostraque
2141 3085 2333 3132 ignominia
2349 3085 2384 3122 in

1314 3153 1541 3192 adversarios
1574 3157 1647 3189 tota
1679 3151 1693 3172 ³
1719 3150 1973 3188 derivahitur:
2004 3159 2070 3184 nos
2100 3153 2220 3184 autem
2253 3147 2380 3184 ﬁducia

1318 3215 1428 3252 multa
1450 3214 1614 3252 instructi
1635 3213 1786 3256 erimus,
1809 3217 1844 3248 te
1868 3210 1994 3258 majori
2015 3209 2206 3257 splendore
2232 3219 2386 3246 corona-

1317 3284 1390 3314 tum
1429 3276 1735 3324 prtedicatumque
1764 3272 1942 3310 videntes.
1971 3271 2076 3308 Tales
2103 3271 2198 3308 enim
2229 3271 2388 3308 victoria:

1317 3340 1490 3388 majorem
1512 3339 1634 3376 lerunt
1650 3345 1686 3374 et
1702 3337 1854 3385 gloriam
1877 3341 1914 3374 et
1931 3336 2164 3382 voluptatem.
2193 3333 2270 3372 Non
2290 3334 2386 3371 enim

1317 3403 1490 3450 praclare
1517 3407 1700 3448 gestorum
1729 3406 1865 3436 tantum
1897 3398 2100 3436 mercedem
2123 3396 2292 3445 recipies,
2325 3395 2388 3432 sed

1317 3466 1423 3502 etiam
1439 3465 1594 3501 aliorum
1609 3461 1866 3500 cohortationis
1879 3467 1917 3499 et
1932 3459 2200 3504 consolationis,
2217 3459 2253 3495 in
2267 3466 2386 3494 exem-

1319 3529 1414 3575 plum
1441 3527 1674 3574 conspicuum
1700 3524 1862 3573 positus;
1896 3529 1936 3561 ut
1956 3522 1987 3560 si
2013 3522 2093 3570 quis
2113 3522 2148 3556 in
2169 3519 2265 3566 paria
2295 3515 2386 3550 mala

1317 3590 1520 3634 delabatur,
1549 3592 1714 3635 resurgat
1733 3587 1862 3624 iterum
1878 3614 1887 3630 ,
1907 3591 1943 3623 et
1960 3584 2004 3621 ad
2033 3583 2218 3619 meliorem
2249 3576 2384 3621 frugem

1318 3665 1358 3691 se
1373 3651 1534 3699 recipiat.
1561 3651 1614 3688 Ne
1635 3656 1771 3689 tantum
1801 3649 1891 3686 lucri
1921 3653 2152 3684 contemnas,
2184 3647 2298 3685 neque
2326 3635 2384 3672 de-

1363 3837 1372 3856 ¹
1399 3832 1492 3866 savii.
1508 3835 1542 3864 et
1553 3831 1618 3864 duo
1632 3829 1705 3863 Cod.
1725 3829 1810 3869 post,
1825 3822 1954 3860 audent,
1976 3815 2108 3853 addunt,
2126 3815 2155 3845 et
2169 3807 2305 3852 facium.

1362 3878 1374 3896 ’
1399 3882 1432 3908 tu
1448 3871 1542 3909 savii.
1561 3872 1731 3911 omittitur,
1748 3871 1823 3901 tota.
