3896 6168
382 420 543 470 ducas
563 409 763 463 animas
784 409 991 456 nostras
1019 410 1137 450 cum
1166 390 1374 448 tristitia
1401 387 1463 442 ad
1493 384 1707 448 inferos,
1742 380 1832 435 sed
1866 379 1946 432 fac

382 503 705 570 respiremus
726 537 740 557 ,
775 501 828 549 et
857 490 1101 544 nebulam
1129 486 1374 547 tristium,
1403 495 1519 548 quae
1563 477 1634 528 tui
1671 485 1827 526 causa
1856 483 1952 521 nos

383 600 625 659 occupat,
647 584 991 641 excutiamus.
1019 578 1166 632 Nunc
1193 574 1332 629 enim
1357 571 1564 624 damnis
1586 564 1780 619 nostris
1800 562 1952 612 (nnis-

382 685 477 746 sis,
502 682 828 735 calamitates
849 673 1181 743 deploramus
1213 678 1346 719 tuas.
1391 660 1540 729 Quod
1566 659 1609 710 si
1640 655 1950 724 resipiscere

388 774 516 828 velis
564 780 616 825 et
656 768 837 824 oculos
884 763 1129 832 aperire,
1180 768 1335 825 atque
1379 752 1627 819 angelicze
1686 744 1887 800 militiae
1932 742 1948 772 ⁸

387 859 773 924 connumerari,
799 865 852 910 et
889 870 984 908 nos
1013 871 1039 904 a
1071 853 1208 904 luctu
1235 846 1446 914 eripies,
1478 851 1530 895 et
1560 852 1799 906 magnam
1828 847 1951 902 pec-

384 967 619 1010 catorum
657 959 955 1006 nostrorum
1004 952 1204 1014 partem
1242 941 1533 1003 absterges.
1574 928 1726 994 Quod
1777 934 1951 976 autem

388 1048 696 1114 contingat,
739 1056 832 1112 eos
857 1039 942 1107 qui
989 1051 1080 1104 per
1116 1029 1474 1101 pmoitentiam
1523 1019 1748 1076 restituti
1793 1021 1951 1076 sunt,

385 1137 666 1192 admodum
710 1128 1052 1200 resplendere
1073 1168 1085 1188 ,
1117 1133 1168 1177 et
1197 1134 1339 1188 smpe
1370 1115 1556 1183 magis,
1605 1123 1760 1179 quam
1802 1106 1833 1158 ii
1863 1102 1953 1171 qui

293 1237 300 1243 ’
386 1245 668 1299 numquam
699 1225 830 1295 lapsi
871 1229 994 1276 sunt
1019 1261 1031 1279 ,
1065 1217 1113 1270 id
1141 1231 1203 1268 ex
1233 1207 1524 1277 Scripturis
1553 1201 1740 1258 divinis
1782 1195 1953 1266 palam

387 1323 625 1375 fecimus.
657 1317 746 1372 Sic
785 1323 835 1368 et
866 1307 1128 1380 publicani
1167 1315 1220 1358 et
1262 1298 1568 1354 meretrices
1607 1302 1825 1359 regnum
1864 1283 1955 1338 Dei

387 1413 674 1481 possident,
691 1408 763 1461 sic
781 1422 846 1460 ex
869 1399 1166 1456 novissimis
1184 1394 1328 1448 multi
1351 1389 1531 1461 primis
1547 1386 1952 1451 anteponuntur.

462 1503 544 1555 l7.
588 1497 816 1552 Historia
862 1488 1218 1550 adolescentis,
1257 1485 1340 1551 qui
1381 1482 1553 1549 lapsus
1586 1474 1790 1541 rcsipnit
1819 1477 1954 1538 post-

387 1611 461 1646 ea.
505 1620 576 1631 -—
607 1587 842 1642 Narrabo
871 1583 986 1646 tibi,
1015 1594 1130 1648 quae
1157 1586 1338 1630 nostro
1365 1583 1602 1637 tempore
1625 1564 1959 1631 contigerunt

386 1697 439 1740 et
468 1696 691 1754 quorum
725 1679 838 1746 ipse
883 1673 1031 1726 testis
1076 1683 1195 1723 esse
1236 1663 1486 1734 potueris.
1529 1658 1675 1713 Nosti
1710 1656 1955 1725 juvenem

388 1777 532 1829 illum
562 1771 723 1824 lilium
745 1764 962 1826 Urbani,
993 1758 1318 1819 Pbtnnicem,
1344 1753 1431 1820 qui
1463 1753 1768 1804 immaturus
1789 1743 1961 1798 adhuc

390 1865 613 1933 pupillus
635 1857 846 1919 mansit,
877 1852 1132 1922 pecuniis,
1165 1844 1420 1900 famulitio
1441 1850 1493 1895 et
1517 1841 1656 1909 agris
1677 1834 1956 1890 admodum

389 1958 694 2010 instructus.
729 1949 776 2002 ls
801 1946 1029 2016 primum
1059 1941 1142 1994 ubi
1177 1938 1281 1991 ludi
1316 1933 1576 2002 magistris
1600 1932 1814 1998 longum
1844 1925 1960 1977 vale

390 2047 632 2106 dixisset,
668 2038 838 2108 posito
865 2029 1292 2103 Splendidissimo
1317 2025 1531 2084 amictu,
1567 2030 1781 2086 totoque
1802 2015 1960 2082 hujus

392 2141 512 2193 vita:
544 2135 682 2189 fastu
707 2174 720 2196 ,
753 2137 967 2200 repente
998 2125 1188 2178 vestitu
1213 2136 1270 2174 se
1307 2117 1489 2171 viliore
1513 2111 1742 2167 contexit
1769 2126 1782 2173 ;
1815 2115 1867 2161 et
1896 2104 1961 2157 ad

394 2229 648 2285 montium
686 2222 1024 2278 solitudinem
1073 2213 1356 2275 secedens,
1403 2207 1668 2277 egregiam
1720 2199 1963 2256 exhibuit

394 2317 816 2391 philoSophiam,
871 2327 972 2364 non
1017 2305 1304 2361 secundum
1355 2300 1526 2353 :ctatis
1577 2293 1824 2353 modum,
1870 2287 1962 2343 sed

392 2411 600 2480 qualem
647 2414 822 2473 posset
853 2403 932 2453 vir
973 2399 1230 2468 quispiam
1273 2407 1493 2458 magnus
1522 2397 1573 2441 et
1602 2381 1959 2439 adn’tirandtts.

393 2496 592 2552 Deinde
616 2507 763 2546 sacra
790 2489 1161 2558 mysteriorum
1185 2482 1477 2535 initiatione
1506 2478 1769 2544 dignatus,
1800 2469 1964 2523 multo

394 2587 559 2656 magis
589 2586 638 2637 in
672 2583 862 2635 virtute
894 2587 1199 2646 progressus
1220 2579 1333 2634 est;
1377 2571 1445 2621 ita
1475 2577 1530 2619 ut
1558 2579 1742 2616 omnes
1771 2559 1966 2629 gaude-

396 2687 515 2732 rent
541 2677 754 2742 Deoque
786 2669 1007 2740 gloriam
1036 2663 1330 2724 referrent,
1361 2657 1501 2726 quod
1545 2655 1597 2708 in
1618 2651 1812 2707 divitiis
1837 2647 1966 2703 edu-

393 2780 573 2833 catus,
617 2765 773 2820 claris
815 2761 981 2816 atavis
1005 2766 1152 2811 ortus
1192 2749 1580 2817 admodumque
1622 2743 1962 2804 adolescens,

398 2860 696 2932 proculcata
721 2854 998 2911 confestim
1023 2851 1142 2902 vit-.c
1171 2859 1382 2916 pompa,
1403 2841 1466 2895 ad
1493 2854 1671 2893 verum
1703 2832 1964 2902 fastigium

396 2952 743 3007 ascendisset.
777 2944 1040 3000 Cum‘hoc
1070 2942 1120 2994 in
1149 2946 1287 2991 statu
1318 2943 1494 2994 esset,
1525 2941 1572 2984 et
1611 2926 1844 2981 omnium
1876 2921 1968 2975 ad—

399 3047 734 3102 mirationem
764 3044 1038 3099 moveret,
1085 3038 1423 3098 corruptores
1465 3022 1677 3094 quidam
1720 3017 1808 3086 qui
1849 3015 1969 3084 jure

397 3136 730 3208 cognationis
773 3131 888 3197 ejus
926 3141 1106 3182 curam
1146 3121 1447 3182 habebant,
1478 3113 1542 3167 ad
1572 3111 1820 3180 pristinos
1846 3119 1968 3162 eum

403 3232 590 3286 flectus
619 3225 961 3279 reduxerunt.
997 3216 1228 3286 Rejectis
1256 3213 1412 3282 igitur
1435 3209 1609 3263 denuo
1630 3201 1907 3265 omnibus,
1939 3213 1969 3252 a

402 3319 666 3376 montilms
697 3298 748 3368 in
780 3311 1011 3367 medium
1055 3310 1221 3361 torum
1247 3319 1303 3356 se
1334 3299 1586 3360 contulit,
1629 3304 1684 3350 et
1707 3309 1844 3363 equo
1874 3305 1968 3343 ve-

400 3424 516 3468 ctus
547 3405 908 3473 famulitioque
947 3400 1113 3454 inuito
1165 3396 1422 3463 stipatus,
1466 3391 1542 3443 sic
1585 3394 1746 3439 totam
1788 3382 1969 3436 urbem

401 3501 676 3557 circuibat,
699 3510 796 3548 nec
815 3492 880 3546 ad
903 3504 1082 3544 sanam
1106 3485 1281 3540 redire
1304 3490 1532 3536 mentem
1555 3475 1780 3530 volebat.
1803 3468 1969 3524 Nimia

401 3597 596 3665 quippe
624 3589 890 3656 voluptate
923 3593 1242 3641 succensus,
1275 3577 1327 3630 in
1358 3570 1617 3626 absurdos
1644 3579 1851 3620 amores
1884 3577 1973 3614 nc-

403 3684 635 3739 cessario
665 3677 979 3748 perpellitur
1008 3691 1020 3725 :
1056 3682 1316 3736 nemoque
1345 3672 1458 3718 erat
1482 3677 1546 3716 ex
1585 3660 1648 3711 iis
1673 3657 1762 3726 qui
1787 3656 1836 3708 in
1865 3667 1977 3705 me-

405 3777 492 3830 dio
521 3771 889 3829 versabantur,
921 3764 1044 3833 quin
1078 3761 1192 3830 ejus
1222 3758 1443 3811 salutem
1465 3751 1788 3819 deploratam
1814 3743 1976 3798 habe-

409 3880 524 3931 ret;
559 3872 700 3918 tanta
739 3859 883 3914 illum
929 3851 1289 3909 circumdabat
1318 3847 1645 3899 adulatorum
1677 3839 1824 3895 turba
1848 3879 1860 3901 ,
1890 3835 1974 3888 cui

407 3955 728 4014 accedebant
756 3957 1030 4022 parentum
1055 3945 1272 4004 orbitas,
1289 3941 1538 4010 juventus
1555 3944 1609 3990 et
1629 3947 1755 4004 opes
1778 3931 1975 3986 multae.

406 4054 504 4121 Qui
538 4059 713 4105 autem
741 4045 915 4099 omnia
944 4040 1092 4094 facile
1123 4037 1293 4091 solent
1320 4028 1659 4091 calumniari,
1693 4023 1980 4094 reprehen-

408 4146 598 4198 debant
630 4155 721 4192 eos
743 4137 830 4208 qui
862 4135 927 4188 ab
959 4131 1105 4186 initio
1142 4128 1289 4181 illum
1320 4125 1384 4178 ad
1409 4124 1507 4176 hoc
1531 4122 1651 4174 vitae
1680 4129 1846 4185 genus
1871 4124 1980 4166 tra-

408 4236 716 4294 duxissent,
764 4226 1115 4289 dicebantque
1144 4235 1264 4273 ctnn
1295 4225 1347 4268 ct
1385 4229 1410 4266 a
1454 4209 1811 4281 spiritualibus
1835 4203 1982 4257 defe-

410 4328 579 4388 eisse,
611 4332 666 4376 et
690 4321 765 4374 rei
796 4313 1034 4370 familiari
1065 4319 1246 4380 postea
1275 4306 1509 4359 inutilem
1543 4301 1683 4365 fore,
1712 4312 1831 4352 cum
1861 4303 1982 4348 ante

411 4430 616 4488 tempus
643 4431 670 4468 a
695 4414 964 4466 literarum
994 4403 1168 4460 studio
1203 4399 1500 4460 resiliissct,
1529 4393 1832 4458 nullumque
1861 4386 1984 4441 inde

411 4511 642 4565 fructum
666 4507 952 4572 decerpere
979 4497 1255 4568 potuisset.
1286 4491 1415 4545 Cum
1442 4487 1494 4541 hi
1527 4495 1803 4538 sermones
1827 4479 1986 4548 jacta-

419 4613 602 4656 reutur
631 4599 932 4664 multusque
961 4593 1377 4656 consequeretur
1404 4580 1524 4634 inde
1553 4577 1743 4647 pudor,
1773 4572 1983 4643 quidam

413 4690 584 4745 sancti
631 4689 728 4741 viri
778 4687 867 4755 qui
922 4693 1291 4750 szrpenumero
1338 4673 1492 4727 talem
1543 4669 1770 4739 praedam
1814 4663 1986 4720 venati

417 4780 656 4842 fuerant,
689 4786 743 4830 et
790 4773 1117 4842 experientia
1159 4767 1323 4837 probe
1369 4763 1697 4820 didicerant,
1755 4774 1818 4811 ue
1849 4756 1891 4810 ci

417 4875 533 4929 illos
584 4869 795 4939 quidem
844 4863 1234 4935 desperandum
1275 4873 1393 4913 esse
1431 4857 1531 4919 iis,
1577 4854 1662 4923 qui
1695 4852 1867 4905 divina
1896 4863 1990 4916 spe

417 4973 539 5021 sunt
570 4956 813 5015 instructi
835 4997 848 5020 ,
881 4955 1228 5008 observantes
1269 4964 1387 5003 cum
1431 4944 1643 4999 assidue
1664 4984 1676 5004 ,
1707 4942 1750 4994 si
1781 4937 1990 5010 quando

419 5058 659 5112 viderent
681 5051 731 5104 in
761 5047 875 5101 foro
899 5088 913 5111 ,
947 5043 1267 5100 accedebant
1290 5049 1342 5093 et
1368 5035 1823 5106 amplectebantur
1847 5045 1988 5085 eum.

424 5155 483 5206 lit
510 5143 766 5220 principio
793 5138 1004 5210 quidem
1040 5137 1124 5189 ille
1161 5149 1191 5188 e
1226 5131 1434 5186 sublimi
1466 5145 1602 5198 equo
1632 5136 1810 5180 vectus
1851 5124 1993 5192 ipsos

421 5249 758 5313 iustiqucnles
780 5232 991 5299 oblique
1018 5225 1385 5294 alloquebatur
1411 5239 1423 5269 :
1457 5230 1595 5274 tanta
1625 5228 1737 5271 crat
1764 5216 1990 5285 primmn

423 5330 746 5406 impudentia
794 5321 1042 5379 hominis.
1099 5319 1168 5372 At
1210 5315 1284 5368 illi
1337 5311 1695 5366 llll?0l'lt‘.tll‘til:t
1737 5316 1788 5361 et
1814 5317 1994 5357 amore

423 5423 711 5488 commoti,
741 5414 1112 5474 contumeliam
1161 5406 1462 5475 huiusmodi
1496 5421 1596 5457 non
1626 5408 1902 5462 curantes,
1933 5409 1996 5449 eo

423 5517 593 5570 solum
617 5510 945 5581 spectabant,
971 5513 1027 5558 ut
1047 5518 1239 5573 agnum
1267 5498 1402 5568 lupis
1424 5493 1826 5550 subtrahet-ent:
1856 5487 1994 5558 quod

490 5685 506 5714 ι
543 5691 670 5728 tinus
691 5685 801 5727 uid.
827 5690 872 5728 ct
898 5679 1034 5726 <avil.
1054 5681 1098 5726 in
1122 5680 1353 5738 margine,
1381 5679 1421 5720 c.’
1447 5665 1637 5719 (ξι-ἰωή.

1116 282 1172 338 s.
1212 274 1485 336 JOANNIS
1513 266 1984 329 CllttYSOSTOMl
2009 265 2320 322 ARCHIEP.
2363 259 2888 322 CONSTANTINOP.
3167 268 3170 274 ·
3522 257 3613 315 3M

2061 386 2116 430 et
2154 392 2248 445 per
2279 376 2580 444 patientiam
2631 372 2984 443 perfecerunt.
3028 369 3264 424 Tandem
3303 371 3443 424 enim
3485 372 3617 426 velut

2061 485 2121 521 ex
2149 468 2372 537 quadam
2401 467 2628 521 amentia
2658 479 2901 519 reversus
2924 506 2936 529 ,
2965 464 3031 518 de
3056 463 3263 517 assidua
3289 479 3476 517 eorum
3501 480 3619 517 cura

2059 561 2252 613 rubore
2282 559 2542 621 suffusus,
2574 558 2618 611 si
2657 555 2868 626 quando
2906 557 3048 623 ipsos
3091 554 3275 623 procul
3313 555 3627 608 accedentes

2060 651 2282 716 videret,
2314 651 2490 702 statim
2516 650 2580 701 ab
2595 663 2731 716 equo
2750 647 3042 710 desiliebat,
3062 646 3411 714 demissisquc
3435 646 3627 710 oculis,

2061 755 2243 794 eorum
2277 739 2474 792 monita
2504 753 2624 792 cmn
2673 737 2884 790 silentio
2917 735 3195 798 audiebat,
3239 750 3302 788 ac
3345 749 3633 803 progressu

2061 831 2315 899 temporis
2368 831 2624 897 majorem
2685 829 2811 897 ipsis
2861 827 3208 881 reverentiam
3265 827 3634 895 honoremque

2061 921 2318 975 exhibuit.
2349 920 2542 988 Sicque
2571 920 2661 973 Dei
2704 919 2867 987 gratia
2907 917 3156 987 paulatim
3199 932 3318 969 eum
3347 917 3415 969 ab
3442 917 3632 984 hujus-

2061 1011 2200 1064 modi
2246 1011 2445 1064 retibus
2497 1010 2836 1076 expeditum,
2882 1009 3114 1076 pristina:
3156 1007 3426 1062 solitudini
3471 1017 3637 1076 atque

2062 1103 2407 1172 philosophia:
2439 1101 2800 1155 reddiderunt.
2843 1099 2989 1152 Nunc
3018 1099 3228 1152 demum
3266 1107 3413 1151 tanto
3442 1099 3630 1167 splen-

2061 1196 2192 1250 dore
2220 1196 2394 1258 fulsit,
2424 1203 2479 1247 ut
2503 1195 2721 1262 pristina
2755 1193 2868 1262 ejus
2895 1193 2995 1245 vita
3023 1232 3037 1253 ,
3071 1192 3113 1244 si
3143 1200 3483 1260 comparetur
3509 1206 3625 1244 cum

2062 1304 2120 1341 ea
2154 1303 2253 1356 qua
2287 1296 2402 1355 post
2429 1287 2630 1354 lapsum
2661 1285 2887 1346 claruit,
2920 1280 3337 1335 nihili'habenda
3364 1282 3620 1336 videatur.

2063 1379 2194 1432 Cum
2220 1378 2358 1432 enim
2382 1377 2743 1446 experimento
2770 1375 3038 1428 didicisset
3057 1387 3173 1442 quze
3195 1381 3337 1426 esset
3357 1372 3620 1437 illecebra,

2063 1472 2357 1540 absumptis
2376 1472 2426 1524 in
2453 1486 2737 1540 egenorum
2758 1485 2882 1523 usus
2903 1469 3137 1537 pecuniis
3159 1469 3422 1532 omnibus,
3447 1466 3627 1535 hujus-

2063 1562 2204 1614 modi
2230 1562 2370 1615 curis
2399 1561 2673 1628 expeditus
2693 1601 2706 1622 ,
2737 1573 2948 1612 onmem
2977 1556 3368 1610 insidiatoribus
3395 1555 3631 1625 prmeidit

2064 1653 2398 1706 occasionem
2430 1671 2443 1705 :
2489 1660 2540 1705 et
2575 1666 2713 1704 nunc
2740 1650 2790 1702 in
2821 1650 2904 1703 illa
2928 1664 3042 1718 quae
3069 1648 3212 1701 ducit
3240 1647 3306 1700 ad
3329 1649 3516 1700 cazlum
3547 1647 3634 1701 via

2067 1758 2377 1812 progressus
2403 1743 2466 1794 ad
2500 1742 2703 1794 virtutis
2730 1742 2931 1808 apicem
2961 1740 3172 1793 demum
3205 1740 3466 1808 pervenit.

2138 1833 2438 1901 Exemplum
2473 1832 2635 1884 aliud.
2675 1860 2738 1871 -ο
2777 1833 2846 1884 At
2876 1831 2961 1884 ille
2990 1830 3201 1898 quidem
3223 1869 3237 1892 ,
3272 1829 3481 1897 juvenis
3509 1844 3630 1883 cura

2065 1935 2226 1991 esset,
2256 1925 2431 1992 lapsus
2457 1934 2536 1976 est
2578 1931 2630 1976 et
2668 1922 2894 1974 surrexit
2920 1940 2933 1974 :
2960 1921 3094 1973 alius
3123 1935 3248 1973 vero
3274 1919 3484 1988 quidam
3513 1931 3636 1988 post

2067 2016 2259 2068 multos
2304 2015 2353 2066 iu
2391 2015 2494 2066 vita
2526 2013 2793 2065 eremitica
2824 2011 3042 2065 sudores
3063 2052 3076 2076 ,
3115 2025 3219 2064 uno
3248 2018 3447 2063 tantum
3487 2011 3638 2063 socio

2066 2109 2224 2160 vitam
2264 2106 2551 2174 angelicam
2601 2117 2883 2167 emensus,
2931 2118 3048 2156 cum
3073 2102 3180 2171 jam
3210 2100 3275 2154 ad
3306 2111 3632 2155 senectutem

2066 2199 2372 2262 accederet,
2403 2198 2582 2251 nescio
2607 2213 2710 2266 quo
2739 2205 2889 2266 pacto
2917 2206 3114 2249 satana:
3143 2196 3370 2248 versutia
3402 2195 3635 2248 circum-

2067 2300 2257 2345 ventus
2278 2330 2291 2354 ,
2336 2298 2386 2343 et
2413 2288 2551 2357 quod
2583 2287 2854 2341 remissius
2883 2295 3061 2355 ageret
3091 2285 3222 2340 dans
3251 2287 3446 2340 aditum
3478 2287 3637 2341 mali-

2066 2399 2200 2454 gno,
2255 2383 2304 2435 iu
2345 2381 2824 2450 concupiscentiam
2862 2380 3136 2432 mulierum
3178 2378 3356 2446 lapsus
3396 2387 3512 2444 est,
3546 2379 3642 2447 qui

2070 2484 2281 2538 tamen,
2317 2489 2380 2527 ex
2412 2488 2514 2541 quo
2543 2471 2887 2525 monasticam
2910 2471 3066 2523 vitam
3097 2468 3319 2533 inierat,
3349 2484 3641 2538 numquam

2071 2569 2343 2622 mulierem
2376 2565 2593 2619 viderat.
2634 2565 2700 2617 Et
2739 2564 2906 2633 primo
2949 2562 3161 2631 quidem
3202 2561 3643 2615 contubernalem

2071 2658 2321 2727 rogabat,
2366 2657 2464 2711 sibi
2500 2671 2713 2710 carnem
2743 2663 2797 2708 et
2833 2654 3009 2706 vinum
3039 2652 3394 2714 ministraret,
3419 2651 3644 2720 adjectis

2071 2751 2226 2804 minis
2265 2765 2358 2816 se,
2389 2749 2490 2802 nisi
2521 2747 2572 2801 id
2599 2748 2942 2815 impetraret,
2972 2744 3022 2798 in
3055 2745 3221 2798 forum
3260 2743 3646 2797 descensurum

2073 2856 2210 2895 esse.
2244 2839 2394 2907 Quod
2429 2853 2530 2891 non
2561 2853 2625 2892 ex
2653 2835 2917 2891 desiderio
2946 2836 3180 2888 carnium
3207 2832 3434 2895 dicebat,
3467 2831 3555 2885 sed
3585 2841 3652 2885 ut

2074 2933 2196 2986 hinc
2233 2947 2412 2985 ansam
2442 2930 2700 2998 arriperet
2734 2928 3018 2982 descensus
3065 2925 3115 2977 in
3159 2924 3361 2978 urbem.
3399 2923 3489 2976 llle
3517 2936 3653 2975 vero

2073 3026 2264 3079 anxius
2301 3039 2363 3077 ac
2405 3023 2594 3076 timens
2624 3037 2720 3084 ne,
2750 3019 2792 3074 si
2824 3019 2872 3073 id
2901 3019 3215 3087 denegaret,
3251 3017 3302 3068 in
3330 3015 3501 3084 majus
3536 3015 3653 3068 cri-

2075 3137 2197 3175 men
2223 3136 2342 3175 eum
2371 3118 2659 3187 conjiceret
2682 3155 2697 3180 ,
2733 3115 2847 3183 ejus
2873 3112 3071 3181 optatui
3115 3108 3323 3164 abunde
3363 3106 3654 3162 satisfecit.

2078 3213 2173 3266 llic
2213 3219 2386 3264 autem
2418 3219 2477 3262 ut
2513 3208 2643 3261 vidit
2685 3205 2877 3259 frustra
2907 3203 3134 3256 cessisse
3177 3198 3420 3252 callidum
3463 3196 3659 3251 consi-

2079 3306 2240 3368 lium,
2294 3301 2627 3371 impudenter
2677 3298 2886 3352 demum
2923 3308 3083 3364 agens
3127 3290 3513 3346 simulationem
3547 3286 3660 3341 de-

2079 3399 2235 3462 texit,
2288 3405 2340 3450 et
2388 3395 2518 3448 dixit
2562 3405 2780 3445 necesse
2812 3401 3025 3458 prorsus
3065 3399 3182 3438 esse
3218 3382 3314 3437 sibi
3360 3381 3412 3432 in
3458 3377 3658 3431 urbem

2080 3486 2362 3559 proficisci.
2415 3484 2511 3539 Ubi
2562 3493 2737 3535 autem
2791 3475 3163 3531 animadvertit
3206 3473 3294 3525 ille
3345 3485 3404 3523 se
3451 3468 3660 3521 frustra

2081 3579 2268 3642 obniti,
2294 3575 2500 3630 tandem
2523 3573 2741 3634 dimisit,
2762 3579 2816 3623 et
2836 3568 3017 3638 procul
3041 3573 3292 3632 sequutus
3312 3559 3656 3623 observabat,

2080 3687 2180 3740 qua
2228 3669 2292 3721 de
2341 3682 2496 3721 causa
2540 3662 2906 3718 descenderet.
2953 3658 3051 3712 Ubi
3082 3655 3211 3708 vidit
3254 3655 3548 3721 ingressum
3602 3652 3657 3704 in

2084 3762 2321 3828 lupanar,
2351 3772 2546 3826 gnarus
2592 3770 2710 3809 eum
2741 3767 2858 3807 cum
2893 3758 3068 3805 scorto
3098 3762 3207 3800 rem
3246 3743 3496 3796 habuisse
3517 3784 3530 3803 ,
3562 3757 3658 3794 ex-

2082 3858 2370 3919 Spectavtt;
2418 3855 2469 3900 et
2499 3855 2774 3914 postquam
2820 3842 2863 3894 is
2893 3837 3120 3892 absurdo
3157 3833 3421 3888 desiderio
3463 3832 3656 3898 potitus

2083 3955 2326 4012 egressus
2356 3949 2436 3994 est
2461 3980 2475 4004 ,
2519 3937 2722 4005 supinis
2761 3948 2879 3988 eum
2913 3928 3153 3983 manibus
3183 3925 3430 3992 excepit;
3461 3931 3513 3976 et
3540 3935 3654 3973 am-

2085 4036 2324 4103 plexatus
2353 4039 2695 4096 amanterque
2725 4023 3091 4085 exosculatus,
3124 4017 3253 4072 nihil
3282 4016 3567 4083 objurgans
3587 4011 3654 4064 ob

2087 4126 2306 4187 facinus,
2326 4121 2543 4189 rogabat
2565 4127 2790 4180 tantum,
2808 4124 2863 4168 ut
2884 4122 3157 4184 postquam
3173 4103 3652 4174 concupiscentiam

2088 4231 2238 4269 suam
2270 4212 2609 4281 expleverat,
2658 4208 2710 4260 in
2749 4203 3047 4260 solitudinis
3072 4198 3393 4254 domicilium
3435 4193 3648 4247 rediret.

2088 4305 2182 4360 llic
2209 4319 2338 4357 vero
2366 4302 2434 4354 oh
2463 4309 2656 4353 tantam
2684 4292 3136 4349 mansuetudinem
3167 4287 3367 4357 pudore
3395 4283 3652 4343 suffusus,

2090 4399 2372 4464 animoque
2416 4392 2720 4461 perculsus,
2774 4395 2826 4441 et
2871 4385 2934 4438 de
2980 4383 3216 4436 facinore
3269 4365 3655 4443 compunctus',

2093 4491 2261 4558 ipsum
2319 4487 2370 4539 in
2427 4493 2658 4537 montem
2723 4487 2936 4534 euntem
2988 4471 3230 4541 sequitur
3283 4485 3296 4520 :
3353 4465 3440 4517 ubi
3493 4463 3658 4515 virum

2093 4590 2281 4650 regat,
2327 4593 2384 4631 se
2434 4577 2484 4628 in
2533 4574 2698 4627 altera
2746 4569 2935 4624 cellula
2983 4561 3293 4620 concludat,
3341 4567 3396 4611 et
3437 4551 3662 4607 occlusis

2095 4669 2345 4727 domicilii
2408 4665 2607 4719 foribus
2647 4704 2661 4728 ,
2729 4661 2877 4714 statis
2938 4655 3124 4710 diebus
3189 4649 3288 4703 sibi
3355 4659 3550 4715 panem
3609 4645 3664 4692 et

2097 4778 2284 4834 aquam
2338 4756 2606 4828 prarbeat,
2660 4766 2723 4805 ac
2780 4743 3200 4818 perquirentibus
3251 4735 3666 4806 respondeatse

2099 4853 2499 4910 obdormivisse.
2576 4841 2863 4898 Postulatis
2937 4834 3222 4890 assentitur
3260 4828 3516 4883 socius;
3578 4820 3668 4873 ille

2099 4957 2273 5001 autem
2328 4941 2592 4998 inclusus,
2637 4933 2862 4987 assiduis
2903 4927 3119 4996 jejuniis
3158 4964 3171 4987 ,
3213 4919 3456 4991 precibus
3496 4922 3544 4965 et
3583 4912 3665 4962 la-

2103 5035 2296 5107 crymis
2319 5033 2508 5086 anima:
2530 5025 2712 5080 sordes
2735 5024 3036 5088 abstergere
3081 5013 3320 5067 curabat.
3346 5007 3458 5060 Non
3503 4999 3673 5055 multo

2104 5142 2276 5182 autem
2310 5125 2488 5190 elapso
2522 5129 2757 5184 tempore
2782 5153 2794 5173 ,
2825 5125 2941 5162 cum
2967 5105 3178 5159 siccitas
3217 5099 3482 5167 regionem
3509 5102 3670 5142 occu-

2105 5227 2251 5291 paret
2271 5258 2284 5281 ,
2313 5225 2598 5279 omnesque
2626 5204 2807 5258 incolat
2829 5203 2878 5252 in
2912 5209 3140 5250 man-ore
3161 5192 3436 5255 degerent,
3458 5179 3675 5252 quidam

2106 5328 2198 5383 per
2225 5323 2465 5363 somnum
2495 5305 2671 5370 jussus
2705 5305 2784 5349 est
2810 5292 2954 5345 abire
2974 5298 3024 5340 et
3053 5286 3219 5337 virum
3240 5281 3382 5332 illum
3414 5274 3669 5326 inclusum

2994 5381 3000 5383 λ
3074 5379 3082 5383 ·
3378 5370 3395 5383 ι-
3471 5382 3474 5383 ν
3513 5372 3524 5383 ι
3576 5359 3669 5383 ΙΙΙ.-

2108 5359 2187 5383 I""
2226 5359 2316 5363 ""'
2346 5359 2352 5360 ί
2389 5359 2396 5360 ί
2495 5359 2510 5370 -

2106 5407 2386 5460 obsecrare
2408 5441 2420 5461 ,
2451 5407 2509 5450 ut
2532 5399 2830 5462 precaretur
2860 5394 2913 5438 et
2960 5379 3251 5435 siccitatem
3307 5370 3546 5422 auferret.
3575 5359 3673 5409 llle

2109 5495 2325 5554 amicis‘
2354 5485 2726 5544 comitantibus
2779 5472 3126 5548 proficiscitur
3157 5484 3167 5519 :
3209 5463 3297 5532 qui
3339 5461 3501 5530 primo
3528 5450 3672 5504 illius

2173 5665 2191 5690 ι
2228 5664 2328 5713 t-ro,
2357 5647 2540 5707 amicis,
2566 5643 2762 5691 ξιτψ-ἰξίας
2782 5645 2829 5686 et
2851 5635 2942 5683 duo
2968 5638 3094 5686 ωδε..
3117 5624 3241 5674 alus.
