3896 6168
225 245 332 301 5115

225 360 432 414 socium
462 355 735 408 dumtaxat
770 350 1116 412 invenerunt,
1139 348 1389 401 sciscitati
1421 356 1595 400 autem
1626 345 1797 400 edidi-

223 457 420 506 cerunt
447 448 620 514 ipsum
650 441 865 495 abiisse.
889 440 1007 494 Rati
1033 453 1092 494 se
1118 438 1370 507 deceptos
1394 452 1512 492 esse
1532 478 1545 501 ,
1571 437 1637 491 ad
1690 453 1806 503 pre-

223 556 322 597 ces
371 516 562 595 iterum
592 542 988 596 convertuntur,
1019 541 1073 587 et
1116 547 1298 586 rursus
1332 531 1382 583 in
1420 530 1575 584 simili
1605 529 1808 582 visione

224 629 418 684 eadem
440 670 455 693 ,
485 641 604 696 quae
660 625 843 696 prius,
880 623 1176 677 audierunt.
1203 623 1353 676 Tunc
1393 637 1512 675 eum
1561 622 1650 689 qui
1686 633 1810 672 vere

229 719 655 775 dissimulaverat
678 757 692 780 ,
719 713 1072 769 obsecrabant
1089 712 1296 768 ostendi
1323 712 1422 766 sib.
1448 711 1638 776 virum,
1666 709 1809 763 affir-

229 822 445 865 mantes
490 822 595 861 non
641 804 872 869 obiisse,
901 803 993 857 sed
1047 802 1220 856 adhuc
1253 803 1449 856 vivere.
1486 800 1577 854 llis
1616 798 1810 852 auditis

233 900 355 964 ille,
383 911 504 951 cum
541 894 745 957 videret
789 907 892 946 non
931 907 1086 960 posse
1127 900 1268 945 stare
1311 899 1556 959 pactum.
1587 887 1706 941 illos
1743 885 1810 939 ad

232 995 476 1043 sanctum
513 984 689 1038 virum
741 981 1002 1036 adducit:
1057 991 1109 1035 et
1179 977 1383 1048 pariete
1435 982 1616 1037 diruto
1679 975 1808 1046 (ad-

236 1079 370 1132 itum
399 1076 542 1130 enim.
583 1088 793 1128 omnem
845 1073 1227 1139 obstruxerat),
1269 1070 1489 1139 ingressi
1525 1082 1715 1122 omnes
1758 1075 1809 1120 et

237 1167 302 1222 ad
332 1166 492 1237 pedes
511 1164 625 1233 ejus
645 1161 891 1232 prostrati
910 1202 923 1226 ,
947 1176 1064 1230 quae
1089 1161 1223 1214 facta
1251 1158 1461 1213 fuerant
1497 1157 1776 1212 renuntian
1793 1184 1809 1196 -

237 1265 357 1322 tes,
424 1254 678 1323 rogabant
724 1261 1000 1321 urgentem
1044 1250 1237 1304 famem
1285 1249 1302 1280 ¹
1355 1249 1660 1317 depelleret.
1719 1247 1812 1301 Ille

238 1344 470 1414 primum
506 1341 741 1406 obstitit,
772 1356 831 1395 se
859 1355 886 1393 a
917 1339 1010 1393 tali
1046 1338 1234 1393 fiducia
1274 1339 1430 1407 longe
1459 1339 1645 1391 abesse
1683 1351 1810 1406 pro-

240 1436 414 1490 fessus
443 1452 456 1489 :
485 1449 605 1488 nam
629 1434 698 1487 ita
721 1441 991 1502 peccatum
1017 1447 1168 1486 suum
1192 1432 1259 1486 ob
1283 1432 1465 1485 oculos
1492 1430 1734 1494 habebat,
1752 1442 1814 1483 ac

237 1527 285 1581 si
313 1541 483 1596 nuper
516 1524 832 1579 admisisset.
863 1522 1099 1577 Tandem
1123 1530 1601 1577 commemorantes
1636 1520 1811 1573 omnia

235 1631 362 1685 quae
407 1615 507 1670 sibi
558 1614 922 1682 contigerant,
979 1621 1350 1681 persuaserunt
1396 1619 1453 1664 ut
1507 1617 1720 1664 oraret:
1761 1616 1814 1662 et

231 1720 363 1760 cum
409 1711 650 1774 precatus
699 1713 868 1767 esset,
895 1702 1104 1756 siccitas
1141 1699 1350 1755 dcsiit.’
1375 1699 1504 1769 Quae
1529 1715 1654 1754 vero
1695 1714 1816 1769 pero

233 1796 414 1850 tinent
439 1794 501 1847 ad
528 1794 777 1864 juvenem
806 1794 982 1859 illum,
1010 1794 1096 1863 qui
1135 1802 1288 1847 antea
1334 1793 1622 1862 discipulus
1649 1792 1812 1847 Joan-

240 1887 334 1938 nis
366 1885 454 1938 lilii
482 1884 724 1938 Zebedaci
755 1883 957 1948 fuerat,
991 1892 1169 1952 postea
1191 1891 1369 1938 autem
1399 1883 1557 1953 longo
1578 1892 1816 1952 tempore

237 1975 508 2029 latronum
552 1973 656 2028 dux
699 1972 827 2038 fuit,
851 1973 1041 2028 deinde
1078 1974 1244 2028 sacris
1267 1973 1405 2028 beati
1434 1974 1529 2027 viri
1572 1973 1817 2028 manibus

237 2077 456 2136 captus,
485 2083 516 2122 a
555 2068 852 2122 recessibus
879 2075 932 2122 et
951 2065 1218 2135 speluncis
1247 2066 1508 2120 latronum
1543 2065 1606 2120 ad
1632 2065 1814 2136 pristi-

240 2173 372 2212 nam
397 2158 644 2218 virtutem
677 2157 866 2222 rediit,
900 2158 1011 2227 ipse
1037 2171 1140 2210 non
1172 2157 1382 2226 ignoras
1402 2199 1416 2223 ,
1441 2157 1534 2212 sed
1583 2173 1687 2211 non
1718 2157 1816 2210 mi-

241 2264 349 2303 nus
373 2264 526 2319 quam
557 2263 654 2304 nos
685 2249 798 2303 hmc
823 2248 999 2302 omnia
1023 2247 1182 2316 probe
1225 2247 1396 2301 nosti:
1421 2255 1577 2318 teque
1625 2248 1819 2316 smpius

242 2337 426 2392 audivi
447 2338 793 2392 admirantem
822 2337 962 2391 illius
994 2336 1448 2391 mansuetudinem
1474 2377 1488 2402 ,
1517 2335 1658 2405 quod
1700 2351 1821 2390 cru-

243 2438 426 2484 entam
453 2438 605 2484 antea
634 2429 905 2484 dexteram
932 2430 1268 2484 exosculatus
1301 2430 1369 2483 sit
1394 2430 1601 2483 ltmrcns
1624 2430 1674 2482 in
1704 2445 1819 2483 am-

245 2521 408 2589 plexu
435 2520 785 2575 adolescentis
805 2561 820 2586 ,
850 2521 1030 2591 sicque
1056 2520 1200 2574 illum
1231 2519 1298 2574 ad
1328 2520 1498 2589 priora
1531 2520 1818 2574 reduxerit.

320 2611 410 2666 18.
451 2611 643 2666 Beatus
698 2612 824 2667 item
870 2613 1063 2667 Paulus
1128 2612 1471 2679 Onesimum,
1542 2611 1818 2686 inutilem,

243 2700 574 2771 transfugam
596 2711 649 2756 et
685 2700 854 2757 furem
873 2744 887 2769 ,
917 2703 1061 2757 illum
1084 2744 1099 2770 ,
1125 2703 1335 2773 inquam
1357 2745 1372 2770 ,
1402 2719 1505 2757 non
1533 2703 1690 2757 modo
1711 2718 1823 2757 am-

248 2793 517 2860 plectitur,
549 2791 754 2861 quando
777 2803 1008 2848 mutatus
1033 2803 1111 2847 est
1133 2835 1147 2859 ,
1180 2793 1272 2848 sed
1299 2795 1456 2848 etiam
1496 2794 1682 2849 herum
1709 2795 1823 2865 ejus

246 2892 403 2951 rogat
422 2923 436 2943 ,
464 2882 613 2936 illum
644 2883 1041 2950 resipiscentcm
1070 2883 1183 2950 pari
1215 2883 1408 2938 habeat
1442 2885 1643 2938 lmuore
1663 2893 1825 2954 atque

247 2979 634 3038 prmceplorem
657 2971 818 3038 ipsius
837 3011 852 3036 ,
883 2970 964 3025 his
987 2971 1164 3025 verbis
1192 2988 1349 3026 usus:
1379 2972 1592 3026 Obsecro
1638 2983 1684 3026 te
1732 2991 1824 3043 pro

249 3076 360 3113 meo
385 3061 528 3128 ﬁlio,
557 3077 697 3129 quem
744 3063 892 3131 genui
933 3063 984 3115 in
1022 3064 1262 3128 vinculis,
1301 3064 1566 3128 Onesimo,
1617 3068 1700 3134 qui
1741 3065 1826 3117 tibi

251 3149 529 3218 aliquando
555 3149 749 3203 inutilis
769 3152 894 3219 fuit,
923 3169 1056 3205 nunc
1079 3165 1243 3207 autem
1265 3163 1310 3206 et
1334 3154 1455 3207 mihi
1479 3163 1524 3206 et
1545 3154 1632 3206 tibi
1656 3153 1822 3219 utilis,

248 3255 400 3308 quem
426 3239 593 3291 remisi
635 3240 758 3292 tibi:
781 3249 834 3292 tu
861 3251 1028 3294 autem
1049 3242 1194 3294 illum
1215 3283 1227 3306 ,
1251 3243 1302 3294 id
1330 3251 1401 3294 est
1448 3259 1555 3295 mea
1599 3243 1788 3294 viscera
1809 3283 1824 3306 ,

250 3330 470 3399 suscipe.
505 3327 662 3392 Quem
690 3345 778 3400 ego
820 3331 1072 3384 volueram
1093 3348 1285 3384 mecum
1305 3333 1519 3385 detinere
1543 3373 1558 3398 ,
1577 3342 1632 3384 ut
1659 3349 1751 3401 pro
1783 3343 1830 3384 te

255 3419 383 3470 mihi
415 3419 719 3470 ministraret
739 3419 789 3468 iu
807 3417 1022 3476 vinculis
1039 3418 1334 3491 Evangelii:
1362 3423 1469 3474 sine
1504 3423 1710 3475 consilio
1735 3439 1827 3474 au-

254 3518 352 3560 tem
379 3519 465 3561 tuo
509 3509 634 3561 nihil
667 3509 800 3562 volui
842 3514 1036 3581 facere,
1063 3513 1136 3565 uti
1185 3529 1246 3565 ne
1279 3512 1406 3566 velut
1439 3529 1501 3566 ea:
1544 3513 1829 3567 necessitate

255 3598 441 3650 bonum
496 3607 634 3650 tuum
684 3610 838 3665 esset,
867 3601 954 3652 sed
1003 3601 1358 3653 voluntarium.
1407 3599 1646 3654 Forsitan
1698 3602 1829 3654 enim

251 3689 368 3742 ideo
399 3691 625 3744 discessit
649 3691 716 3742 ad
739 3703 931 3759 tempus
950 3733 964 3754 ,
989 3701 1041 3743 ut
1070 3702 1307 3746 wternnm
1357 3692 1498 3746 illum
1551 3692 1793 3761 reciperes
1812 3731 1826 3756 ,

254 3796 358 3833 non
374 3782 490 3850 jam
521 3791 572 3833 ut
597 3798 816 3845 servum,
840 3783 925 3836 sed
953 3799 1044 3851 pro
1068 3800 1205 3836 servo
1222 3784 1534 3836 carissimum
1558 3787 1766 3853 fratrem
1784 3782 1825 3847 ³,

255 3874 482 3923 maxime
516 3873 636 3923 mihi
658 3889 676 3925 :
705 3883 892 3944 quanto
921 3883 1086 3926 autem
1110 3875 1267 3944 magis
1295 3875 1382 3927 tibi
1403 3917 1416 3941 ,
1449 3885 1495 3928 et
1524 3875 1574 3927 in
1609 3889 1759 3928 carne
1783 3885 1829 3926 et

253 3961 310 4013 in
335 3961 582 4014 Domino?
605 3962 666 4016 Si
686 3979 802 4033 ergo
827 3963 975 4017 habes
993 3979 1070 4017 me
1093 3965 1300 4027 socium,
1319 3966 1514 4034 suscipe
1535 3965 1675 4018 illum
1698 3965 1826 4018 sicut

263 4069 344 4106 me
375 4052 620 4123 (Philem.
672 4054 736 4108 l0
763 4085 785 4097 -
815 4055 926 4124 18).
966 4055 1044 4109 Ad
1076 4055 1378 4110 Corinthios
1423 4056 1545 4109 item
1587 4055 1826 4110 scribens

259 4144 334 4197 ait
360 4162 375 4199 :
409 4142 492 4197 Ne
518 4145 713 4210 iterum,
738 4161 850 4198 cum
889 4162 1092 4212 uenero,
1124 4147 1317 4216 lugeam
1359 4147 1540 4200 multos
1569 4163 1631 4200 ex
1663 4147 1723 4200 iis
1747 4147 1832 4217 qui

263 4243 380 4286 ante
406 4244 745 4301 peccaverunt,
764 4245 808 4288 et
829 4252 926 4288 non
948 4246 1148 4305 egerunt
1165 4237 1496 4305 paenitentiam
1513 4237 1586 4308 (‘2.
1604 4237 1718 4290 Cor.
1743 4237 1827 4290 12.

263 4322 330 4376 2|
355 4333 399 4376 et
429 4324 514 4378 15,
536 4324 613 4393 2).
645 4323 708 4377 Et
739 4335 968 4380 rursum:
1009 4324 1152 4378 Sicut
1197 4326 1409 4395 pra'diri
1427 4367 1440 4389 ,
1472 4327 1649 4380 iterum
1694 4342 1829 4397 pra:-

264 4414 379 4466 dieo
402 4452 419 4478 ,
438 4416 568 4482 quod
594 4415 639 4467 si
665 4431 841 4468 venero
869 4417 1047 4468 iterum
1070 4457 1083 4480 ,
1105 4434 1202 4469 non
1233 4433 1456 4486 parcam.
1483 4416 1666 4472 Vidcn'
1695 4433 1829 4488 quos

263 4501 470 4570 lugeat,
499 4504 686 4573 quibus
735 4520 838 4558 non
869 4506 1082 4574 parcat?
1110 4505 1222 4560 Non
1256 4508 1316 4560 iis
1344 4508 1431 4577 qui
1464 4519 1829 4576 peccaverunt,

262 4594 444 4647 scdiis
465 4596 552 4664 qui
583 4597 945 4664 paenitentiam
987 4613 1088 4651 non
1139 4611 1386 4667 egerunt;
1420 4616 1590 4670 neque
1633 4601 1833 4671 simpli-

261 4683 398 4737 citer
427 4685 492 4738 iis
512 4686 599 4753 qui
636 4686 997 4754 paenitentiam
1038 4703 1140 4741 non
1185 4696 1440 4758 egerunt,
1493 4689 1586 4744 sed
1633 4691 1696 4745 iis
1743 4693 1831 4761 qui

261 4775 432 4829 semel
461 4786 515 4830 et
545 4779 731 4831 iterum
761 4778 943 4830 moniti
967 4777 1333 4848 obtemperare
1369 4781 1670 4837 noluerunt.
1701 4782 1830 4838 Illud

259 4868 430 4929 enim,
462 4864 688 4921 Prwdixi
708 4909 720 4930 ,
751 4879 796 4920 et
820 4869 1039 4939 pra-dico
1061 4879 1116 4922 ut
1137 4887 1355 4940 pra'sens
1378 4915 1390 4937 ,
1413 4874 1628 4927 secundo
1648 4883 1694 4927 et
1721 4874 1833 4927 abs-

260 4973 347 5009 ens
390 4957 554 5011 scribo
573 4998 588 5021 ,
617 4957 742 5011 nihil
769 4959 910 5011 aliud
958 4959 1187 5026 indicat,
1217 4978 1372 5031 quam
1403 4963 1452 5017 id
1481 4964 1617 5031 quod
1644 4966 1829 5033 nejam

263 5047 402 5099 inter
428 5061 526 5102 nos
550 5049 1260 5117 eveniatpertimescendum
1301 5062 1400 5106 est.
1434 5054 1648 5107 Etiamsi
1691 5056 1831 5108 enim

262 5136 460 5191 Paulus
487 5139 577 5207 qui
602 5148 725 5193 tunc
751 5137 1037 5195 Corinthiis
1064 5143 1508 5207 comminabatur,
1537 5160 1641 5198 non
1670 5145 1828 5210 adsit,
1877 5128 1894 5147 ⁸

260 5227 353 5280 sed
380 5226 532 5280 adest
566 5228 808 5286 Christus
827 5270 844 5296 ,
872 5232 962 5301 qui
992 5241 1116 5287 tunc
1142 5248 1235 5302 per
1280 5233 1452 5302 ipsum
1500 5233 1827 5305 loquebatur.

326 5361 343 5391 ι
373 5361 578 5421 Aliquot
604 5360 740 5418 Mss,
764 5361 951 5411 turbam
971 5362 1252 5421 depelleret.

322 5423 342 5450 ⁹
373 5420 482 5484 Hie
506 5427 643 5470 notat
683 5421 730 5469 in
759 5425 980 5483 margine
1021 5420 1332 5474 Colbertinus
1378 5440 1521 5483 unus,
1557 5428 1658 5484 Τῆς
1694 5429 1844 5484 αὐτῆς

256 5481 748 5552 ἶστοφξας.διεθεῖν-[τεαὶ¹
766 5486 845 5532 καὶ
867 5481 1100 5546 Ἦλήμης.
1141 5484 1366 5550 Ejusdem
1390 5481 1842 5538 Itistoriw'tnufttle-

254 5542 506 5602 nemfaeit
529 5542 675 5592 etiam
696 5543 930 5594 Clemens.

320 5603 341 5635 ³
360 5603 514 5654 Savil.
540 5606 591 5653 in
616 5607 836 5667 margine
859 5613 911 5656 et
936 5619 1060 5656 unus
1084 5609 1262 5670 codex,
1307 5607 1621 5660 carissimum
1646 5605 1819 5658 tilium.

1361 236 1448 288 At)
1485 236 1906 290 TllEOUUﬂUM
1946 235 2232 291 LAPSUM.
2274 235 2312 292 I.

3384 236 3486 290 31113

1910 350 1984 400 Ac
2014 349 2055 400 si
2088 350 2349 404 obstinate
2377 365 2797 419 perseveremus,
2829 364 2932 404 non
2962 360 3141 419 parcet
3176 350 3328 406 nobis
3350 393 3364 414 ,
3391 352 3486 406 sed

1911 433 2175 498 percutiet
2189 433 2342 503 plaga
2359 451 2548 505 magna
2564 448 2616 492 et
2630 439 2715 492 hic
2727 451 2775 494 et
2793 443 2845 495 in
2861 442 3041 497 futuro
3056 448 3274 499 saeculo.
3293 444 3496 500 Prwoc—

1909 533 2152 574 canemus
2178 522 2540 592 igiturfaciem
2555 528 2667 597 ejus
2693 530 2747 582 in
2764 532 3277 604 confessione(Psal.
3300 535 3390 590 94.
3415 536 3492 607 Ξ);

1917 608 2258 667 elfundantns
2278 614 2330 667 in
2350 629 2646 687 conspectu
2675 619 2794 688 ejus
2812 625 2976 676 corda
2995 632 3205 679 nostra.
3227 625 3494 687 Peccasti,

1909 695 2110 767 inquit,
2139 717 2200 754 ne
2224 703 2390 757 addas
2425 706 2635 772 iterum,
2659 713 2793 764 etde
2813 713 3078 778 prioribus
3117 717 3219 767 tuis
3252 714 3494 781 supplico

1912 798 2095 868 (Eccli.
2128 798 2218 853 9.1.
2253 800 2340 872 i);
2370 809 2422 855 et
2448 817 2656 855 rursum
2683 844 2696 867 ,
2719 800 2900 856 Justus
2928 811 3188 856 accusator
3209 805 3288 857 sui
3309 813 3382 858 est
3429 806 3484 859 in

1911 890 2159 957 principio
2206 892 2445 944 sermonis
2501 891 2681 962 (Prov.
2717 891 2946 960 18.17).
2985 892 3063 947 Ne
3116 903 3485 961 exspectemus

1913 977 2070 1048 igitur
2110 989 2474 1036 accusatorem
2499 1025 2512 1042 .
2544 981 2636 1036 sed
2679 982 2794 1052 ejus
2839 990 3018 1051 partes
3063 993 3444 1052 prmvertamns
3468 1026 3484 1049 ,

1912 1084 2081 1138 eoque
2127 1069 2304 1124 officio
2347 1071 2578 1139 judiccm
2619 1070 2774 1126 nobis
2817 1072 3136 1139 pacatiorem
3182 1072 3482 1129 reddamus.

1913 1159 1988 1213 Te
2004 1161 2214 1230 quidem
2245 1171 2456 1230 peccata
2471 1162 2710 1216 confiteri
2730 1173 2835 1227 tua,
2863 1170 3021 1228 teque
3039 1163 3286 1216 miserum
3305 1162 3487 1216 admoo

1912 1246 2038 1301 dum
2065 1248 2311 1302 arbitrari
2329 1257 2658 1318 compertum
2678 1246 2846 1304 habeo
2865 1265 2878 1314 ;
2895 1265 3079 1305 verum
3099 1266 3201 1304 non
3218 1251 3268 1304 id
3289 1260 3488 1306 tantum

1914 1341 2146 1407 requiro,
2166 1341 2320 1409 cupio
2345 1350 2521 1394 autem
2547 1349 2601 1393 ut
2628 1355 2937 1410 persuasum
2962 1340 3177 1415 habeas,
3196 1351 3245 1395 te
3273 1341 3373 1396 hac
3398 1359 3489 1395 ra-

1916 1429 2057 1482 tione
2089 1443 2245 1496 posse
2267 1429 2524 1496 justitiam
2552 1431 2779 1500 assequi.
2806 1430 3064 1498 Quamdiu
3080 1431 3221 1486 enim
3251 1431 3490 1486 inutilem

1916 1518 2070 1570 talem
2088 1517 2470 1572 confessionem
2499 1519 2749 1585 edideris,
2781 1521 2984 1574 etiamsi
3008 1521 3231 1590 teipsum
3253 1536 3489 1589 accuses,

1916 1625 2020 1663 non
2045 1610 2240 1678 poteris
2260 1626 2508 1679 umquam
2527 1611 2578 1663 in
2602 1620 2868 1679 posterum
2887 1627 2914 1663 a
2944 1613 3173 1680 peccatis
3195 1612 3488 1668 discedere.

1915 1698 2081 1752 Nemo
2111 1699 2252 1753 enim
2293 1699 2576 1770 quidquam
2633 1699 2788 1754 faciet
2835 1717 2954 1755 cum
2999 1703 3272 1757 alacritate
3309 1713 3362 1758 et
3389 1705 3491 1758 ritu

1915 1793 2256 1860 congruenti,
2292 1793 2390 1846 nisi
2420 1793 2564 1863 prius
2596 1808 2904 1863 persuasum
2949 1794 3168 1861 habeat,
3201 1811 3311 1850 rem
3348 1798 3491 1850 titill-

1917 1882 2009 1936 tati
2041 1882 2140 1935 sibi
2172 1883 2303 1936 fore.
2335 1883 2605 1952 Siquidem
2637 1884 2678 1938 is
2705 1885 2792 1953 qui
2833 1885 3078 1950 seminat,
3107 1894 3383 1954 postquam
3410 1901 3495 1938 se-

1920 1988 2037 2026 mcn
2066 1975 2278 2042 sparsit,
2303 1975 2401 2027 nisi
2431 1990 2656 2030 messem
2678 1984 2966 2045 exspectet,
2999 1992 3280 2046 numquam
3309 1987 3491 2033 metet.

1917 2063 2045 2130 Quis
2074 2064 2215 2119 enim
2244 2081 2490 2135 umquam
2538 2066 2780 2121 laborare
2820 2065 3012 2120 frustra
3064 2067 3222 2133 velit,
3253 2067 3380 2121 nihil
3428 2083 3494 2123 ex

1919 2153 2100 2208 labore
2139 2154 2260 2208 boni
2322 2157 2785 2226 consequuturus?
2842 2155 2931 2211 Sic
2971 2173 3098 2228 ergo
3137 2158 3224 2228 qtti
3271 2151 3498 2213 seminat

1921 2244 2106 2308 verba,
2134 2245 2414 2316 lacrymas,
2447 2246 2858 2315 confessionem,
2887 2249 2988 2303 nisi
3019 2249 3156 2303 bona
3198 2265 3292 2320 spe
3335 2251 3498 2306 fultus

1922 2333 1972 2388 id
2005 2334 2182 2399 faciat,
2210 2352 2236 2388 a
2267 2337 2495 2405 peccatis
2520 2337 2774 2392 desistere
2802 2355 2906 2393 non
2936 2341 3148 2408 poterit,
3183 2350 3364 2409 utpote
3393 2341 3490 2396 de-

1921 2426 2236 2494 sperationis
2267 2427 2404 2479 malo
2433 2427 2714 2481 cohibitus.
2747 2427 2850 2482 Sed
2876 2429 3324 2498 quemadmodum
3363 2433 3502 2500 agri-

1923 2516 2037 2569 cola
2075 2516 2164 2570 ille
2208 2517 2294 2586 qui
2343 2517 2409 2571 de
2465 2528 2722 2587 proventu
2767 2517 3033 2574 fructuum
3082 2521 3359 2591 desperat,
3396 2539 3499 2576 non

1922 2607 2126 2661 curabit
2155 2621 2215 2661 ea
2246 2621 2522 2662 removere
2551 2624 2667 2677 qum
2694 2609 2932 2678 frugibus
2959 2610 3113 2664 noxia
3144 2621 3267 2664 sunt
3300 2627 3313 2663 ς
3350 2613 3418 2666 ita
3448 2623 3502 2667 ct

1924 2697 2014 2752 ille
2041 2697 2126 2766 qui
2171 2711 2266 2766 per
2305 2697 2565 2768 lacrymas
2609 2698 3001 2754 confessionem
3050 2701 3322 2767 seminat,
3369 2702 3500 2756 nihil

1924 2795 2215 2855 expectans
2247 2786 2368 2840 inde
2396 2787 2549 2852 lucri,
2578 2788 2880 2857 neutiquam
2905 2790 3102 2858 pulerit
3131 2805 3191 2843 ea
3220 2806 3500 2847 removere

1923 2894 2042 2948 qutc
2085 2877 2408 2946 poenitentia:
2431 2877 2649 2932 exitiosa
2677 2889 2818 2933 sunt.
2850 2880 3216 2935 Paenitentiam
3249 2897 3376 2936 vero
3405 2882 3502 2938 de-

1925 2969 2081 3022 struit
2133 2968 2319 3022 iisdem
2371 2968 2422 3022 in
2459 2969 2688 3036 peccatis
2737 2972 3150 3038 perseverantia.
3209 2968 3385 3035 Unus,
3420 2973 3502 3026 in-

1926 3058 2060 3127 quit,
2087 3057 2346 3125 wdi/icaus
2387 3069 2432 3111 et
2481 3074 2611 3112 unus
2650 3058 2933 3122 destruens,
2985 3060 3106 3127 quid
3157 3059 3337 3114 lncrali
3389 3071 3505 3114 sunt

1929 3158 2108 3217 praeter
2134 3148 2380 3201 laborem?
2409 3148 2508 3215 Qui
2534 3148 2818 3218 baptizatur
2845 3167 2876 3202 a
2899 3159 3093 3203 mortuo
3119 3150 3136 3218 (
3159 3150 3194 3205 i.
3225 3166 3277 3205 e.
3304 3164 3332 3204 a
3366 3161 3503 3205 tactu

1928 3241 2120 3295 mortui
2149 3239 2167 3310 )
2197 3251 2242 3294 et
2272 3257 2442 3294 rursus
2470 3243 2628 3311 tangit
2652 3243 2815 3304 illum,
2839 3243 2960 3312 quid
2999 3245 3318 3297 emolumenti
3360 3243 3505 3297 habet

1929 3333 2206 3385 exlavncro
2234 3347 2323 3384 suo
2351 3330 2369 3402 (
2393 3331 2552 3384 Eccli.
2594 3333 2680 3386 51.
2715 3333 2842 3401 50)?
2872 3333 2961 3387 Sic
2992 3333 3152 3386 homo
3189 3333 3276 3402 qui
3301 3334 3507 3402 jejunat

1928 3437 1958 3474 a
1988 3421 2215 3490 peccatis
2262 3422 2370 3475 suis
2391 3461 2406 3483 ,
2440 3431 2492 3474 ct
2518 3422 2706 3474 iterum
2760 3437 3069 3490 progressus
3111 3423 3294 3478 eadem
3317 3424 3503 3477 admit-

1932 3512 2023 3566 tit:
2057 3514 2173 3582 quis
2194 3513 2307 3580 cjus
2336 3526 2520 3581 preces
2540 3511 2784 3565 exaudiet
2812 3511 2835 3563 ?
2866 3512 2929 3565 Et
2961 3529 3194 3577 rursum,
3217 3512 3318 3579 Qui
3343 3528 3506 3566 rever-

1931 3603 2072 3670 titur,
2103 3603 2292 3672 inquit,
2323 3619 2354 3654 a
2374 3603 2640 3672 justitiain
2673 3614 3080 3674 peccatum,eum
3103 3604 3348 3659 Dominus
3374 3622 3507 3676 prir-

1936 3704 2079 3762 parat
2102 3693 2171 3746 ad
2195 3694 2420 3763 gladium
2446 3691 2628 3764 (Eccli.
2669 3694 2757 3748 26.
2789 3694 2904 3766 ΞΤ).
2935 3697 3019 3762 Et,
3054 3695 3198 3749 Sicut
3223 3698 3362 3750 canis
3389 3714 3504 3750 cum

1932 3800 2155 3838 reversus
2195 3785 2348 3854 fuerit
2387 3785 2453 3837 ad
2481 3785 2760 3848 vomitum,
2812 3786 3017 3839 odiosus
3067 3787 3289 3856 eﬁicilur,
3345 3788 3415 3839 sic
3462 3797 3508 3839 et

1932 3875 2171 3944 insipiens
2235 3875 2429 3928 malitia
2481 3892 2573 3929 sua
2627 3891 2848 3929 reversus
2913 3877 2982 3930 atl
3033 3887 3288 3947 peccatum
3356 3894 3504 3931 suum

1936 3965 2137 4038 (Prov.
2169 3966 2258 4020 ‘26.
2283 3967 2338 4020 ll
2375 3967 2414 4034 ).

2005 4058 2090 4112 19.
2127 4059 2253 4124 Quae
2279 4060 2340 4111 sit
2389 4059 2606 4112 conditio
2653 4075 2780 4113 vera:
2821 4062 3212 4128 pamitentiaz.—
3227 4061 3304 4116 Ne
3334 4062 3510 4131 itaque

1935 4160 2206 4218 peccatum
2232 4150 2378 4219 quasi
2410 4159 2688 4204 accusatur
2716 4153 2786 4204 tui
2825 4160 3021 4205 tantum
3043 4153 3339 4206 annunties
3369 4195 3382 4216 ,
3412 4153 3504 4206 sed

1935 4250 2197 4310 tamquam
2237 4242 2323 4311 qui
2357 4257 2451 4311 per
2492 4243 2814 4311 poenitentia:
2854 4243 3066 4296 modum
3094 4243 3370 4312 jnstilicari
3412 4243 3509 4299 de-

1935 4331 2098 4395 beas;
2142 4332 2219 4385 sic
2243 4332 2381 4385 enim
2419 4333 2616 4400 poteris
2646 4333 2875 4385 animam
2920 4332 3261 4388 conﬁtentem
3309 4333 3509 4402 pudore

1934 4423 2186 4489 allicere,
2241 4439 2308 4478 ne
2363 4425 2497 4477 ultra
2540 4424 2589 4477 in
2636 4423 2820 4478 eadem
2852 4424 3135 4478 relabatur.
3185 4423 3315 4478 Nam
3342 4423 3508 4479 vehe-

1935 4523 2140 4568 menter
2177 4529 2235 4568 se
2277 4513 2530 4568 damnare
2561 4513 2900 4584 profiterique
2946 4522 3298 4584 peccatorem,
3345 4515 3503 4569 etiam

1934 4619 2054 4658 cum
2078 4603 2374 4658 infidelibus
2401 4619 2684 4658 commune
2710 4613 2811 4658 est.
2862 4603 3011 4657 Multi
3043 4620 3269 4675 namque
3293 4621 3323 4658 a
3350 4619 3508 4660 scena

1935 4695 2032 4748 viri
2057 4703 2110 4749 et
2137 4694 2410 4760 mulieres,
2443 4695 2530 4762 qui
2577 4695 2806 4748 maxime
2835 4695 3212 4764 turpitudinem
3240 4712 3387 4751 suam
3420 4712 3509 4750 se-

1935 4803 2055 4841 cum
2097 4795 2361 4857 rcputant,
2391 4801 2510 4842 sese
2533 4787 2754 4840 miseros
2783 4787 3072 4857 prmdicant
3101 4804 3113 4841 :
3140 4799 3194 4842 at
3226 4806 3329 4843 non
3355 4789 3508 4843 colli-

1936 4885 2082 4931 ntant
2118 4877 2184 4930 ad
2229 4892 2412 4930 verum
2465 4890 2703 4945 scepum.
2737 4877 2911 4944 Quare
2953 4877 3084 4933 illud
3141 4896 3244 4933 non
3278 4881 3508 4934 vocarim

1935 4966 2369 5022 confessionem:
2422 4981 2593 5035 neque
2635 4967 2776 5021 enim
2828 4984 2948 5022 cum
3008 4970 3200 5024 animm
3251 4985 3511 5040 compun-

1935 5060 2110 5113 clione
2138 5101 2152 5123 ,
2178 5073 2299 5112 cum
2321 5058 2673 5113 amaritudine
2700 5059 3074 5131 lacrymarum,
3103 5077 3220 5116 cum
3249 5063 3371 5116 vitae
3398 5077 3512 5115 mu-

1937 5152 2134 5206 tatione
2172 5161 2386 5220 peccata
2435 5166 2528 5204 sna
2559 5153 2835 5206 enuntiant
2864 5168 2878 5216 ;
2907 5153 3000 5207 sed
3046 5153 3135 5206 alii
3188 5152 3400 5223 quidem
3446 5167 3511 5206 co

1937 5241 2147 5294 nomine
2173 5238 2224 5293 id
2265 5249 2445 5310 agunt,
2478 5249 2534 5294 ut
2562 5240 2819 5309 ejusmodi
2846 5242 3076 5298 candore
3104 5242 3364 5297 sermonis
3394 5253 3510 5310 gzu-

1936 5333 2066 5387 riam
2109 5341 2456 5400 aucupentur.
2514 5331 2859 5387 Peccatnrnm
2912 5335 3051 5387 cnim
3093 5333 3320 5401 gravitas
3354 5332 3511 5403 longe

1936 5421 2038 5477 aiia
2067 5429 2285 5491 apparet
2327 5437 2448 5476 cum
2488 5422 2623 5476 alter
2658 5437 2717 5476 ea
2753 5422 3027 5475 denuntiat
3051 5462 3066 5485 ,
3103 5437 3258 5490 quam
3303 5439 3423 5475 cum
3468 5438 3512 5476 ts

1948 5513 2060 5580 ipse
2089 5511 2176 5580 qui
2206 5510 2465 5580 peccavit.
2491 5511 2590 5564 Alii
2615 5519 2786 5564 autem
2814 5511 2859 5562 vi
2901 5509 3287 5575 desperationis
3316 5513 3367 5564 in
3397 5523 3509 5564 stu-

1940 5618 2118 5675 porein
2151 5611 2202 5654 ct
2246 5602 2520 5672 Segniticm
2571 5601 2697 5670 lapsi
2727 5640 2740 5665 ,
2772 5610 2822 5654 ct
2867 5599 3086 5668 gloriam
3117 5602 3384 5656 hominum
3413 5603 3509 5656 de-
