2742 4342
428 215 496 253 307
910 210 949 248 S.
977 209 1166 247 JOANNIS
1191 209 1520 249 CHRYSOSTOMI
1547 213 1764 252 ARCIllEP.
1780 215 2140 257 CONSTANTINOI'.

427 292 636 341 spicientes.
653 299 736 327 cum
771 286 993 335 impudentia
1015 297 1142 335 magna
1165 292 1311 335 peccata
1341 299 1404 325 sua
1427 298 1510 336 per-

427 353 511 391 inde
539 359 647 398 alque
685 351 799 386 alieua
828 349 996 386 onmilms
1017 348 1253 396 proclamant.
1277 349 1393 386 Nolim
1424 360 1510 388 sane

425 423 461 452 te
495 425 540 452 ex
571 413 715 450 illorum
750 423 904 450 numero
935 423 1043 458 esse,
1081 412 1139 450 vel
1176 423 1219 450 cx
1257 412 1509 460 desperatione

422 477 686 513 confessionem
735 476 866 520 edere,
908 475 972 513 sed
1010 486 1092 512 cum
1125 476 1218 513 b0na
1267 487 1361 524 spe,
1389 477 1509 513 omni-

421 550 492 588 que
522 545 663 577 resecta
703 539 968 588 desperationis
1005 539 1128 576 radice
1169 540 1392 576 contrarium
1427 538 1511 575 huic.

422 603 583 640 studium
605 602 792 639 exhibere.
813 602 987 650 Quzenam
1019 610 1136 640 mater
1153 609 1190 640 et
1208 603 1312 640 radix
1332 602 1507 649 despera-

423 667 532 703 tionis
553 667 634 703 est?
654 665 799 714 lgnavia
832 679 842 704 :
873 667 947 704 imo
981 677 1052 704 non
1076 667 1178 704 radix
1205 666 1313 703 modo
1342 672 1507 710 vocetur,

421 728 487 765 sed
517 729 623 765 etiam
643 729 762 767 nutrix
791 736 827 765 ct
857 734 985 765 mater.
1021 728 1333 774 Quemadmodum
1357 728 1452 764 enim
1473 728 1508 764 in

424 790 504 826 lana
527 791 643 827 tineas
664 790 778 838 gignit
798 791 984 836 corruptio
1002 818 1010 833 ,
1033 801 1114 838 quze
1136 796 1260 836 postea
1291 789 1337 825 ab
1358 788 1428 824 illis
1447 800 1510 825 au-

426 861 531 902 getur
548 866 556 890 :
576 855 627 890 sic
650 853 757 891 etiam
778 853 836 890 hic
863 854 1004 901 ignavia
1026 853 1318 900 desperationem
1341 853 1452 899 parit,
1473 857 1510 889 et

423 923 549 964 postea
571 926 590 952 a
610 915 862 962 desperatione
890 915 1011 958 alitur,
1035 922 1071 952 et
1102 914 1218 952 amb1e
1252 921 1378 951 mutuo
1405 923 1510 950 exsc-

422 979 597 1016 crandum
618 979 686 1015 sibi
705 983 902 1026 procurant
922 980 1207 1023 incrementum,
1231 989 1298 1015 nec
1331 977 1508 1015 modicam

422 1043 669 1080 accessionem
689 1043 849 1089 capiunt.
879 1041 916 1078 Si
936 1042 1016 1090 quis
1036 1042 1144 1089 igitur
1163 1041 1313 1078 alteram
1342 1041 1512 1088 pra-scin-

423 1104 500 1149 dat,
523 1104 707 1141 residuam
726 1105 880 1142 alteram
901 1103 1007 1141 facile
1030 1103 1162 1150 poterit
1183 1113 1372 1150 superare.
1393 1102 1509 1139 Num-

423 1177 530 1212 quam
548 1166 645 1202 cnim
667 1165 728 1212 qui
757 1176 826 1201 non
849 1165 1023 1212 torpescit
1045 1165 1078 1201 in
1099 1164 1389 1212 desperationem
1413 1164 1511 1200 labe-

426 1234 497 1271 tur,
522 1237 639 1274 neque
655 1227 714 1274 qui
735 1228 844 1263 alitur
864 1237 928 1274 spe
947 1227 1056 1270 bona,
1079 1238 1144 1263 nec
1160 1227 1320 1263 animmn
1349 1227 1509 1272 despon-

425 1289 500 1334 det,
521 1301 679 1336 unquam
703 1289 836 1337 poterit
868 1289 902 1326 in
922 1290 1111 1337 segnitiem
1133 1289 1277 1326 cadere.
1301 1289 1369 1325 Par
1390 1289 1510 1336 itaque

426 1353 514 1389 illud
543 1353 687 1396 divelle,
708 1359 744 1390 et
761 1353 888 1400 jngum
917 1353 1104 1399 confringe
1120 1380 1130 1395 ,
1154 1352 1289 1388 variam
1310 1352 1390 1388 dico
1412 1351 1508 1387 illam

423 1420 460 1452 et
477 1426 622 1463 gravem
639 1415 921 1462 cogitationem:
942 1425 1061 1462 neque
1083 1415 1178 1451 enim
1202 1415 1260 1450 illa
1279 1425 1360 1462 qua:
1375 1419 1511 1450 utram-

433 1488 505 1523 que
533 1477 803 1523 complectitur,
824 1477 930 1513 unius
959 1483 1015 1513 est
1036 1476 1185 1526 formae,
1220 1476 1283 1513 sed
1317 1477 1452 1513 variam
1474 1482 1512 1514 et

423 1539 669 1576 omnimodam
692 1540 850 1586 speciem
873 1538 1031 1586 pra-fert.
1051 1539 1226 1584 Quaenam
1247 1544 1301 1575 est
1319 1537 1510 1575 illa?Con-

425 1602 532 1648 tingit
547 1601 742 1649 aliquando
771 1603 1007 1649 pmnitentcm
1032 1602 1144 1638 multa
1164 1607 1263 1638 recte
1284 1608 1318 1638 et
1335 1601 1511 1649 pneclare

423 1674 531 1710 agere
553 1676 562 1700 :
588 1664 804 1712 interimque
833 1674 853 1700 a
873 1663 977 1700 bonis
992 1663 1164 1711 operibus
1192 1663 1263 1700 labi
1291 1674 1354 1710 per
1371 1663 1511 1710 peccati

429 1726 516 1773 ip~is
535 1732 635 1762 recte
669 1725 772 1762 factis
805 1726 980 1773 gravitate
999 1726 1123 1772 paria:
1147 1731 1183 1761 et
1207 1725 1274 1760 hoc
1299 1724 1456 1761 maxime
1475 1723 1511 1760 in

424 1787 714 1834 desperationem
746 1787 897 1833 injicere
923 1787 1047 1830 valet;
1083 1795 1125 1822 ac
1152 1786 1182 1821 si
1215 1795 1258 1822 ea
1305 1795 1386 1831 qua:
1419 1794 1508 1820 con-

433 1854 569 1885 structa
593 1847 735 1885 fuerant
753 1848 869 1885 diruta
889 1849 984 1894 sint,
1005 1855 1042 1886 et
1074 1848 1204 1884 frustra
1235 1847 1389 1884 cesserit
1407 1845 1513 1882 labor

426 1911 462 1948 in
483 1912 550 1948 illis
569 1911 732 1958 agendis.
753 1911 904 1958 Oportet
923 1917 1044 1948 autem
1065 1911 1135 1947 hoc
1165 1916 1287 1946 mente
1315 1913 1509 1956 reputare,

426 1978 463 2010 et
493 1973 586 2009 hanc
617 1973 872 2020 cogitationem
901 1973 1116 2020 depellere:
1149 1972 1319 2018 quoniam
1351 1971 1381 2008 si
1413 1979 1512 2008 recte

427 2034 602 2070 factorum
619 2045 823 2071 mensuram
841 2062 851 2079 ,
875 2034 1050 2081 mqualem
1081 2033 1238 2080 peccatis
1252 2062 1261 2076 ,
1283 2044 1363 2079 qua:
1385 2038 1510 2080 postea

427 2097 621 2132 commissa
636 2103 736 2139 sunt,
754 2107 826 2132 non
841 2096 1042 2142 depositam
1057 2095 1270 2139 habeamus,
1291 2095 1380 2132 nihil
1396 2095 1512 2142 probi-

427 2157 526 2193 bebit
554 2159 747 2204 quominus
773 2160 918 2204 penitus
937 2157 1199 2204 deprimantur.
1220 2159 1266 2194 At
1296 2164 1395 2196 recte
1414 2157 1510 2195 facta

429 2218 487 2253 illa
508 2226 595 2254 sunt
621 2217 732 2254 veluti
767 2218 896 2254 thorax
927 2218 1045 2261 fortis,
1067 2218 1127 2266 qui
1148 2225 1292 2255 acutmn
1321 2219 1512 2257 acerbum-

430 2290 501 2326 que
523 2279 633 2316 telum
661 2280 825 2326 reprimit
844 2291 888 2317 ne
909 2292 1000 2327 opus
1018 2291 1122 2318 suum
1143 2283 1328 2329 perficiat,
1351 2282 1415 2319 sed
1435 2282 1512 2329 ipse

428 2341 605 2377 discissus
630 2342 781 2378 multum
816 2343 964 2389 perieuli
998 2349 1160 2380 reinOvet
1195 2354 1214 2380 a
1235 2354 1401 2390 corpore.
1421 2344 1511 2381 Nam

428 2405 591 2451 quicum
619 2405 742 2442 multis
769 2411 843 2442 tum
879 2405 983 2442 bonis
1009 2413 1081 2442 tum
1109 2407 1215 2443 malis
1233 2408 1402 2454 operibus
1428 2408 1512 2445 illuc

428 2467 602 2510 abscedit,
625 2467 774 2504 habebit
805 2468 939 2514 aliquid
973 2468 1095 2505 solatii
1119 2469 1152 2505 in
1187 2469 1390 2516 supplicio,
1421 2470 1511 2507 etin

430 2530 673 2574 cruciatibus;
704 2530 764 2577 qui
795 2536 916 2567 autem
956 2530 1134 2566 bonorum
1171 2541 1322 2576 operum
1353 2542 1508 2579 expers,

429 2591 518 2627 mala
541 2597 676 2626 tantum
708 2601 831 2627 serum
855 2591 971 2627 defert
989 2619 998 2633 ,
1019 2591 1089 2627 diei
1115 2593 1238 2638 nequit
1260 2599 1392 2638 quanta
1425 2603 1509 2639 pas-

427 2665 533 2689 surus
551 2654 622 2697 sit,
643 2653 685 2690 ad
705 2660 882 2690 a-ternum
904 2653 1118 2700 supplicium
1141 2655 1340 2701 ablegatus.
1368 2655 1510 2692 Etenim

429 2719 500 2754 illic
521 2718 770 2765 appendentur
787 2729 896 2766 opera
933 2718 1027 2754 mala
1045 2747 1056 2763 ,
1077 2730 1158 2756 cum
1175 2719 1254 2756 aliis
1273 2731 1343 2756 non
1367 2721 1509 2766 talibus,

427 2787 464 2815 et
487 2782 515 2816 si
543 2782 620 2817 bac
638 2789 817 2827 postrema
839 2781 977 2818 lancem
1001 2781 1218 2828 deprimant,
1240 2792 1309 2818 non
1333 2781 1510 2818 modicam

429 2843 582 2879 salutem
599 2843 750 2880 afferent
772 2844 909 2880 auctori
935 2856 943 2879 :
974 2855 1089 2891 neque
1113 2850 1248 2880 tantam
1274 2845 1343 2881 vim
1369 2845 1513 2882 habebit

433 2903 605 2939 malorum
622 2915 771 2952 operum
793 2916 899 2948 noxa,
921 2914 958 2942 ut
972 2917 1053 2942 etnn
1078 2907 1122 2942 de
1145 2907 1222 2942 loco
1238 2917 1303 2941 suo
1321 2906 1513 2943 deturbare

430 2965 564 3010 possit;
593 2967 622 3002 si
644 2973 764 3003 autem
788 2968 880 3002 mala
901 2978 1007 3014 opera
1027 2969 1256 3014 prawaleaut,
1281 2969 1315 3004 in
1339 2968 1512 3016 gehennre

431 3026 549 3072 ignem
580 3027 814 3074 deprimunt;
838 3040 881 3065 eo
901 3029 995 3076 quod
1014 3030 1189 3065 bonorum
1217 3040 1367 3076 operum
1387 3041 1512 3068 nutne-

431 3098 491 3124 rus
506 3099 576 3125 non
596 3089 626 3125 is
643 3090 703 3135 sit,
726 3091 785 3137 qui
810 3091 922 3137 possit
948 3091 1210 3128 vehementiori
1233 3092 1402 3139 impulsui
1423 3103 1512 3129 eon-

433 3151 544 3186 Irario
560 3152 741 3189 resistere.
761 3153 836 3189 lloc
851 3164 958 3200 porro
980 3165 1050 3190 non
1070 3154 1298 3190 ratiocinium
1321 3154 1428 3190 modo
1447 3164 1512 3191 no-

431 3218 546 3246 strum
573 3214 742 3259 suggerit,
773 3215 834 3250 sed
851 3215 960 3251 etiam
983 3216 1100 3252 divina
1131 3216 1300 3259 oracula;
1324 3217 1399 3262 ipse
1416 3217 1512 3253 enim

434 3270 549 3317 inquit
559 3273 702 3308 Ileddet
713 3275 890 3320 unicuique
900 3276 1087 3312 secundum
1098 3287 1201 3322 opera
1214 3277 1286 3324 ejus
1297 3276 1510 3324 (Rom...6).

436 3333 487 3366 Ac
505 3343 573 3367 non
597 3335 629 3368 in
652 3335 814 3380 gelu-una
835 3338 966 3380 solum,
989 3338 1050 3374 sed
1070 3339 1178 3375 etiam
1199 3339 1233 3374 in
1256 3349 1366 3385 regno
1386 3339 1514 3374 discri-

437 3393 563 3428 mina
585 3394 735 3439 plurima
767 3399 927 3443 reperias
956 3411 963 3432 :
1002 3399 1212 3444 Mansiones,
1240 3400 1380 3446 inquit,
1400 3399 1515 3436 multa:

611 3484 926 3533 .
947 3489 1030 3523 Audi
1045 3499 1170 3533 quoque
1182 3489 1346 3523 rlm'atmu
1361 3488 1465 3530 ipsum
1481 3489 1515 3522 in

435 3528 809 3572 Brungciiisdicentemu
824 3528 860 3563 in
874 3529 970 3564 domo
987 3528 1092 3566 Patris
1115 3528 1177 3567 inci
1328 3528 1399 3564 sum
1421 3539 1514 3564 man-

1583 240 1738 252 ..-
1756 243 1764 250 .
1909 240 1917 253 .
1930 240 1988 254 .
2001 240 2012 254 .
2026 240 2114 257 mu.
2131 246 2140 256 .

1582 299 1662 362 sunt
1681 291 1934 362 apati-Patren:
1954 296 2196 362 Incutirftloan.
2217 301 2270 338 M.
2293 303 2348 350 2);
2368 314 2411 350 et,
2427 309 2490 348 Alta
2505 240 2590 362 91:2:

1581 354 1675 395 solis,
1693 355 1762 389 alin
1781 355 1873 391 [imre
1893 355 1943 402 (l.
1958 355 2032 393 Cor.
2059 358 2113 396 15.
2128 360 2201 408 ).
2222 361 2265 399 Et
2280 366 2356 411 quid
2374 370 2482 408 mirum

1583 421 1661 482 tam.
1681 424 1848 482 accurate
1881 417 2096 465 distinxerit,
2127 423 2264 468 quando
2291 427 2418 467 stellam
2441 444 2550 482 quoque
2571 453 2586 476 ,

1581 476 1685 513 stella
1707 477 1753 512 ibi
1775 476 1918 516 differre
1937 480 2000 516 ait.
2037 480 2166 518 llorum
2192 484 2304 532 itaque
2318 491 2420 535 gnari,
2439 476 2586 544 numquam

1580 539 1626 575 ab
1644 542 1817 578 exercitio
1843 541 2018 580 bonorum
2040 555 2186 592 operum
2217 548 2428 597 absistamus,
2445 539 2588 605 nequeh-

1582 599 1660 638 bori
1676 602 1846 640 cedamus
1872 616 1880 640 :
1913 615 1982 642 neu
2009 607 2090 653 quia
2119 608 2162 644 ad
2183 609 2266 646 solis
2292 611 2441 661 lunaique
2463 599 2591 660 ordinem

1581 663 1781 701 ascendere
1801 675 1872 702 non
1893 677 2099 714 possumus,
2121 669 2298 709 stellarum
2317 681 2434 714 statum
2451 678 2590 728 despicia-

1583 734 1676 760 mus.
1697 723 1788 762 Nam
1808 726 1837 762 si
1859 728 1966 765 talem
1989 729 2114 767 saltem
2133 731 2292 770 virtutem
2309 723 2548 787 exhibuerimns,
2565 745 2589 781 in

1583 787 1674 824 cado
1689 798 1770 826 esse
1786 791 1995 836 poterimus.
2020 792 2062 828 Et
2079 793 2108 829 si
2124 804 2193 830 non
2211 805 2344 839 aurum,
2362 808 2424 834 non
2440 800 2513 847 lapis
2528 814 2589 850 pre.

1583 848 1699 886 tiosos
1729 850 1915 894 fuerimus,
1938 854 2074 900 argenti
2095 855 2218 892 saltem
2243 857 2381 903 gradum
2401 848 2542 901 habentes
2562 867 2586 903 ia

1583 911 1818 949 fundamento
1840 914 2074 950 manebimus.
2114 915 2149 952 Id
2179 927 2283 952 unum
2302 928 2487 967 caveamus,
2504 935 2538 961 ne
2554 926 2586 962 ad

1583 974 1679 1010 illam
1703 981 1929 1012 revertamur
1949 978 2151 1023 materiam,
2170 989 2272 1025 quam
2293 981 2387 1018 facile
2403 982 2480 1029 ignis
2496 985 2585 1022 incan-

1582 1034 1649 1080 dit,
1669 1047 1758 1072 neve
1775 1047 1855 1073 cum
1879 1038 2019 1085 egregia
2045 1038 2198 1076 facinora
2217 1039 2320 1079 edere
2339 1053 2403 1079 non
2417 1044 2554 1090 valemus,

1582 1099 1742 1136 minimis
1762 1100 1870 1136 etiam
1886 1101 2100 1138 absistamus
2122 1114 2130 1137 :
2156 1101 2189 1139 id
2207 1102 2296 1139 enim
2313 1111 2464 1143 extrema:
2477 1107 2591 1144 demen-

1585 1160 1644 1198 tize
1662 1168 1718 1198 est
1735 1173 1742 1197 :
1767 1161 1861 1208 quod
1883 1162 1974 1199 absit
1991 1173 2009 1198 a
2028 1163 2143 1200 nobis.
2165 1163 2447 1208 Quemadmodum
2464 1168 2538 1204 enim
2551 1169 2594 1206 di-

1583 1224 1678 1260 vitia:
1698 1235 1883 1271 corporem
1902 1233 2077 1272 augentur
2090 1237 2169 1263 cum
2189 1238 2306 1264 earum
2323 1236 2481 1268 amatores
2493 1241 2528 1268 ne
2537 1233 2591 1268 mi-

1583 1287 1679 1324 nima
1697 1287 1844 1335 quidem
1862 1288 1959 1324 lucra
1981 1289 2176 1337 negligant,
2195 1291 2246 1328 sic
2272 1297 2308 1329 et
2333 1292 2509 1339 spirituales
2522 1294 2593 1331 divi-

1584 1349 1655 1385 tize.
1677 1349 1861 1397 Siquidem
1875 1350 2069 1388 absurdum
2086 1358 2154 1397 est,
2173 1353 2230 1390 ubi
2244 1353 2351 1390 Judex
2369 1365 2410 1390 ne
2419 1354 2523 1402 frigido
2534 1357 2594 1402 qui-

1582 1409 1664 1447 dem
1688 1411 1820 1457 poculo
1843 1412 2048 1449 mercedem
2073 1420 2190 1461 negat,
2212 1424 2276 1452 nos
2299 1415 2362 1452 nisi
2386 1416 2496 1452 eximia
2513 1426 2595 1463 opera

1582 1473 1746 1518 edamus,
1775 1475 1914 1511 minora
1947 1486 2017 1513 non
2045 1486 2184 1514 curare.
2207 1477 2270 1523 Qui
2297 1479 2385 1514 enim
2405 1479 2520 1515 minora
2544 1490 2595 1516 non

1585 1536 1740 1582 spernit,
1759 1547 1844 1584 erga
1864 1538 2017 1574 maxima
2037 1549 2199 1584 magnam
2219 1540 2422 1587 diligentiam
2436 1541 2594 1584 exhibebit;

1583 1598 1643 1644 qui
1663 1609 1748 1635 vero
1779 1598 1857 1635 [nec
1885 1599 2060 1646 despicit,
2083 1601 2188 1638 etiam
2209 1601 2252 1638 ab
2277 1602 2342 1638 illis
2356 1601 2480 1638 demum
2503 1601 2598 1638 absce-

1584 1659 1646 1697 det
1666 1671 1675 1696 :
1697 1661 1793 1708 quod
1813 1672 1858 1697 ne
1874 1661 1976 1698 eret
1990 1661 2097 1699 etiam
2117 1662 2171 1699 his
2186 1663 2377 1700 mercedem
2391 1663 2597 1710 amplissimam

1583 1723 1780 1769 assignavit
1815 1721 1994 1760 Christus.
2025 1724 2116 1770 Quid
2154 1724 2246 1762 enim
2287 1725 2413 1762 facilius
2439 1730 2498 1769 est,
2517 1733 2598 1771 quam

1584 1785 1712 1820 morbo
1733 1785 1940 1822 laborantes
1967 1786 2135 1824 visitare?
2151 1787 2230 1824 huic
2251 1793 2360 1824 tamen
2382 1787 2427 1823 rei
2446 1785 2598 1833 magnum'

1585 1845 1710 1882 tribuit
1729 1848 1932 1894 praemium.
1956 1848 2073 1885 Vitam
2101 1849 2218 1896 itaque
2244 1849 2475 1896 sempiternam
2497 1857 2598 1894 apprc-

1586 1905 1718 1950 hende,
1740 1907 1923 1946 delectare
1949 1909 1984 1946 in
2005 1910 2168 1954 Domino,
2193 1916 2229 1946 et
2251 1909 2399 1957 supplica
2422 1909 2464 1945 illi
2481 1908 2598 1954 :jugum

1585 1967 1672 2004 illud
1693 1978 1804 2006 Suave
1833 1969 1962 2007 iterum
1993 1973 2148 2018 suscipe,
2176 1971 2252 2009 subi
2281 1972 2353 2008 leve
2378 1981 2470 2015 onus,
2487 1969 2597 2016 dignum

1587 2030 1764 2077 principio
1797 2031 1904 2069 finem
1934 2033 2134 2080 soperadde
2159 2046 2167 2069 :
2199 2045 2242 2070 ne
2277 2033 2407 2070 divitias
2433 2038 2531 2068 tantas
2551 2030 2599 2066 dil-

1584 2093 1696 2132 fluere
1717 2098 1879 2144 p'ttiaris.
1901 2098 1991 2135 Nam
2020 2100 2049 2136 si
2081 2099 2188 2136 Deum
2210 2107 2392 2144 provocare
2415 2104 2535 2144 pergaS.
2556 2103 2599 2130 cas

1585 2168 1712 2195 omnes
1932 2168 1989 2197 tua
2010 2160 2164 2208 perdes;
2180 2166 2298 2196 contra
2447 2161 2599 2200 antequam

1585 2221 1738 2258 multum
1755 2222 1874 2260 damni
1887 2224 2048 2268 accedat,
2070 2229 2104 2260 et
2123 2229 2260 2270 segetes
2279 2221 2485 2262 inundantur,
2504 2215 2601 2261 ncqui-

1586 2284 1646 2320 tia:
1662 2285 1810 2322 canales
1831 2285 2066 2330 obstruxeris,
2086 2296 2165 2332 qua:
2182 2284 2314 2332 perdita
2338 2288 2414 2319 sunt
2429 2285 2602 2325 recuperare

1584 2346 1734 2392 poteris,
1756 2347 1869 2393 iisque
1885 2359 1954 2384 non
1975 2347 2151 2383 modicam
2169 2344 2397 2382 accessionem
2413 2343 2524 2378 facere.
2537 2338 2601 2382 Qui:

1585 2408 1705 2443 omnia
1738 2415 1854 2445 tecum
1887 2415 2058 2455 reputans
2086 2414 2212 2445 excute
2244 2406 2438 2453 pulverem.
2464 2401 2503 2438 de
2527 2406 2600 2436 3"

1584 2479 1706 2516 surge,
1729 2477 1765 2506 et
1784 2470 1857 2506 eris
1877 2471 2085 2507 adversario
2099 2468 2327 2506 formidabilis
2345 2479 2353 2502 :
2374 2466 2443 2512 ipse
2458 2463 2564 2510 quippe

1584 2532 1794 2577 prostravit,
1827 2533 1928 2579 quasi
1966 2542 2035 2568 neu
2059 2537 2298 2568 surrecturum
2324 2535 2476 2574 umquam
2494 2533 2502 2559 :
2520 2522 2543 2558 si
2557 2531 2600 2556 au-

1585 2597 1656 2628 tem
1679 2598 1712 2628 te
1728 2603 1871 2629 rursum
1898 2592 2026 2629 viderit
2044 2594 2174 2629 erectis
2201 2596 2319 2628 contra
2346 2587 2510 2627 manibus,

1584 2659 1746 2699 spectata
1764 2664 1803 2690 re
1824 2654 2011 2700 perculsus
2027 2681 2036 2698 ,
2057 2654 2199 2701 segnior
2220 2653 2287 2690 erit
2309 2650 2350 2686 ad
2374 2655 2406 2686 te
2421 2648 2522 2685 denuo
2539 2653 2600 2688 sup-

1585 2715 1845 2760 plantandum;
1879 2721 1916 2751 tu
1948 2725 2034 2752 vero
2069 2716 2204 2752 rmior
2222 2712 2362 2755 evades,
2383 2715 2418 2747 ut
2439 2719 2478 2746 ne
2497 2706 2599 2752 Iulii-1

1586 2775 1793 2822 hujusmodi
1811 2776 1931 2813 denuo
1951 2777 2120 2823 accipias.
2146 2777 2280 2813 Etenim
2297 2775 2323 2811 si
2338 2774 2474 2809 aliorum
2492 2763 2601 2804 Calatino

1586 2843 1677 2873 tates
1692 2847 1758 2873 nos
1773 2837 1918 2875 erudire
1931 2845 2094 2885 possunt,
2112 2839 2227 2880 multo,
2246 2836 2354 2882 magis
2366 2834 2442 2875 illa,
2457 2839 2530 2877 qua

1585 2898 1773 2943 tinuimus,
1795 2910 1860 2936 nos
1878 2901 2056 2936 erudient.
2079 2900 2178 2946 Quod
2201 2900 2233 2935 in
2256 2900 2330 2945 ipso
2358 2895 2464 2941 capite
2481 2896 2600 2950 tuopte-

1586 2960 1727 3006 pcdiem
1750 2971 1807 2996 me
1826 2960 1984 2997 visurum
2005 2967 2186 3008 exspecto,
2204 2967 2237 2996 et
2259 2967 2290 2996 te
2311 2958 2367 2994 Dei
2385 2963 2460 2992 nutu
2484 2946 2602 2996 spli'ndi'

1585 3021 1723 3059 diorem
1752 3021 1924 3066 futurum,
1947 3029 1983 3059 et
2005 3029 2137 3059 tantam
2159 3023 2320 3058 virtutem
2335 3016 2558 3054 cxbibiturnm,
2577 3010 2602 3041 ut

1586 3084 1696 3120 etiam
1716 3085 1796 3121 aliis
1816 3085 1888 3121 illic
1907 3085 2123 3132 paltOciuari
2141 3085 2271 3120 valeas.
2293 3083 2433 3118 Tauttnn
2452 3086 2490 3112 ne
2504 3073 2602 3134 despc-

1586 3155 1659 3190 rcs,
1681 3156 1797 3193 neque
1817 3147 1987 3182 concidas
2009 3147 2101 3183 :boc
2118 3147 2212 3182 enim
2235 3145 2294 3181 tibi
2307 3144 2340 3179 in
2359 3138 2448 3177 omni
2467 3135 2602 3172 sermcms

1587 3217 1797 3253 congressu,
1815 3208 2030 3254 ubicumque
2050 3216 2083 3244 te
2099 3207 2233 3250 videro,
2252 3211 2286 3242 et
2302 3204 2443 3240 aliorum
2459 3196 2545 3232 etiam
2560 3196 2603 3224 ore

1588 3275 1754 3314 repetere
1794 3279 1864 3304 non
1896 3269 2073 3305 cess;ibo:
2109 3267 2202 3315 quod
2226 3267 2255 3303 si
2283 3263 2448 3302 audieris,
2468 3256 2534 3293 aliis
2547 3258 2600 3285 am-

1590 3331 1681 3377 plius
1696 3330 1864 3366 remediis
1884 3341 1954 3366 non
1968 3332 2101 3378 cgebis.

1587 3405 1722 3440 siones.)
1735 3405 1878 3447 Idtpsttm
1906 3405 2004 3440 etiam
2027 3414 2072 3440 ea.
2245 3402 2287 3437 ad
2307 3394 2473 3435 cornu/tio:
2485 3387 2604 3425 scribat

1588 3447 1866 3497 "fif"m_"5':.
1993 3448 2173 3497 -
2305 3489 2402 3497 ,
2425 3476 2465 3497 ,
2487 3471 2601 3497 sum

1632 3476 2055 3528 rizagssxfa.me;
2183 3486 2278 3528 hujus
2425 3476 2465 3512 rei
2487 3476 2563 3512 mag"

1587 3531 1677 3564 nobis
1693 3530 1803 3564 tribuit
1818 3530 2000 3573 premium.

1425 3705 1705 3768 sese
