2742 4342
225 187 296 226 309

979 189 1041 227 AD
1067 191 1351 232 TllEODORUM
1382 193 1578 234 LAPSUM.
1621 193 1665 236 11.

2364 204 2404 243 31
2414 205 2436 240 0

876 338 1242 396 EJUSDEM
1275 343 1384 398 AD
1421 343 1776 404 EUMDEM

917 457 1712 550 THEODORUM

1029 607 1217 672 “iiber
1265 611 1545 676 seruatus
1573 603 1614 671 ¹.

1189 723 1438 769 etanta»

260 811 296 849 1.
313 809 352 848 Si
371 809 475 848 ﬂetus
493 815 639 856 possent
653 815 689 847 et
702 809 856 855 gemitus
874 819 940 856 per
959 809 1083 847 literas
1099 809 1278 855 exhiberi,

214 869 270 908 his
283 871 453 918 repletam
469 871 656 918 epistolam
670 870 716 908 ad
731 877 765 908 te
779 871 972 908 misissem.
991 871 1168 919 Equidem
1187 871 1256 910 ﬂeo
1269 900 1280 917 ,

213 943 283 970 non
297 932 392 980 quod
409 939 637 980 paternarum
656 943 776 970 rerum
793 930 1069 970 sollicitudinem
1085 943 1202 980 geras,
1219 933 1282 970 sed

211 995 305 1042 quod
321 1006 364 1032 ex
383 995 533 1032 fratrum
544 1000 579 1032 te
591 995 755 1042 catalogo
767 994 960 1039 deleveris,
972 995 1067 1042 quod
1081 1001 1182 1042 pacta
1199 1005 1282 1033 eum

210 1058 354 1095 Christo
369 1058 454 1094 inita
469 1057 680 1096 calcaveris.
697 1057 754 1094 Ad
771 1057 848 1094 haec
865 1059 1008 1103 horreo,
1027 1069 1136 1106 super
1147 1057 1204 1095 his
1214 1068 1278 1095 an-

209 1130 286 1168 gor,
304 1127 491 1168 propterea
509 1119 619 1158 timeo
633 1126 669 1157 et
680 1127 808 1166 tremo,
821 1130 954 1168 gnarus
975 1120 1104 1158 horum
1116 1127 1281 1158 contem-

209 1189 307 1229 ptum
315 1193 480 1230 magnam
488 1183 616 1221 aﬂ'erre
623 1183 956 1221 condemnationem
965 1183 1088 1232 iis,qui
1097 1185 1130 1221 in
1141 1193 1280 1222 sacram

209 1243 301 1282 hanc
321 1245 486 1282 militiam
497 1244 682 1292 adscripti,
706 1255 772 1292 per
790 1245 980 1292 segnitiem
999 1246 1162 1291 ordinem
1173 1256 1279 1284 suum

207 1305 563 1351 deserueruntﬂuod
573 1312 692 1344 autem
700 1306 916 1355 supplicium
925 1308 969 1344 iis
976 1307 1190 1346 destinatum
1203 1319 1280 1356 gra-

206 1368 286 1406 vius
295 1369 414 1413 sit,vel
425 1379 470 1406 ex
485 1379 526 1406 re
535 1369 611 1416 ipsa
623 1369 769 1416 planum
783 1369 1042 1408 est.Privatum
1053 1372 1148 1409 enim
1161 1371 1279 1408 homi-

205 1439 288 1466 nem
305 1440 412 1471 nemo
425 1430 577 1468 deserta:
595 1431 733 1469 militiae
751 1433 974 1471 accusaverit
988 1445 998 1478 ;
1011 1434 1075 1471 sed
1090 1435 1150 1482 qui
1165 1435 1277 1472 semel

203 1491 310 1529 miles
328 1491 476 1529 effectus
495 1499 551 1530 est
566 1520 578 1538 ,
599 1492 630 1530 si
659 1493 696 1530 in
725 1493 933 1532 desertione
959 1495 1249 1542 deprehendatur
1263 1523 1274 1540 ,

204 1558 366 1590 extremo
385 1554 545 1600 periculo
563 1554 738 1602 subjacet.
755 1555 834 1592 Non
854 1562 912 1593 est.
929 1565 1041 1603 grave
1055 1583 1064 1600 .
1085 1556 1276 1594 Theodore

203 1613 411 1660 carissime,
432 1622 629 1653 certantem
647 1616 779 1654 cadere
793 1643 804 1660 ,
821 1617 887 1654 sed
912 1617 949 1654 in
975 1617 1077 1664 lapsu
1097 1628 1244 1656 manere
1262 1631 1273 1655 :

201 1687 273 1714 non
294 1684 350 1715 est
368 1678 610 1726 perniciosum
631 1685 848 1727 pugnantem
877 1681 1088 1724 vulnerari,
1109 1681 1174 1719 sed
1193 1688 1275 1728 post

199 1738 371 1776 inﬂictum
391 1739 521 1777 vulnus
541 1740 735 1787 desperare
753 1747 790 1778 et
809 1742 950 1790 plagam
971 1743 1166 1790 negligere.
1183 1743 1270 1781 Nul-

198 1799 254 1837 lus
274 1807 454 1839 mercator
473 1800 699 1850 naufragium
724 1812 850 1850 passus
864 1831 875 1848 ,
895 1804 1102 1851 amissoque
1129 1814 1240 1843 onere
1257 1833 1269 1850 ,

197 1862 364 1910 navigare
380 1861 486 1900 desiit
505 1873 515 1898 :
534 1862 597 1900 sed
620 1873 762 1900 rursum
780 1874 882 1902 mare
897 1890 908 1909 ,
929 1865 1060 1903 ﬂuctus
1076 1891 1088 1908 ,
1109 1871 1270 1903 vastum-

197 1934 263 1970 que
277 1923 422 1972 pelagus
435 1931 597 1972 permeat
613 1953 624 1970 ,
643 1925 866 1973 amissasque
881 1927 1050 1973 pecunias
1063 1934 1266 1975 recuperat.

196 1985 356 2022 Athletas
375 1996 517 2034 quoque
537 1986 700 2024 videmus
721 1993 802 2034 post
821 1987 1030 2035 frequentes
1055 1989 1178 2036 lapsus
1205 1999 1268 2028 co-

196 2049 312 2086 ronari
343 2061 353 2086 :
385 2049 489 2087 miles
515 2049 624 2088 etiam
653 2051 782 2098 sa'pe'
824 2057 906 2098 post
930 2051 1048 2099 fugam
1067 2079 1078 2096 ,
1116 2051 1268 2091 bellator

194 2118 358 2149 strenuus
381 2112 524 2158 evasit,
546 2112 740 2160 hostesque
767 2113 982 2160 proﬂigavit.
1013 2113 1114 2150 Multi
1143 2121 1266 2153 autem

193 2174 294 2220 quivi
315 2180 575 2213 tormentorum
599 2174 700 2212 fracti
719 2173 904 2212 Christum
925 2181 1158 2222 negaverant,
1177 2176 1264 2214 red-

193 2236 365 2283 integrato
395 2237 606 2280 certamine_
625 2237 789 2285 martyrii
815 2246 986 2274 coronam
1019 2244 1262 2284 repertarum.

193 2297 291 2344 Quod
309 2299 340 2336 si
359 2309 486 2336 eorum
505 2299 657 2347 quilibet
675 2299 722 2336 ob
739 2299 896 2346 priorem
917 2299 1058 2346 plagam
1076 2299 1264 2348 desperas-

193 2366 270 2406 set,
289 2371 480 2409 numquam
501 2360 729 2406 sequentium
756 2361 936 2398 bonorum
962 2360 1117 2398 fructum
1136 2371 1262 2409 perce-

193 2423 312 2468 pisset.
347 2423 398 2461 lta
425 2429 462 2462 et
489 2434 612 2470 nunc,
651 2424 768 2462 amice
797 2423 987 2462 Theodore
1005 2423 1033 2468 ³,
1070 2434 1141 2469 ne,
1177 2425 1262 2472 quia

189 2484 351 2522 inimicus
371 2493 406 2524 te
426 2496 446 2523 a
467 2487 622 2526 statione
640 2487 821 2535 paululum
836 2486 1067 2532 deturbavit,
1089 2494 1124 2525 te
1142 2487 1259 2536 ipsum

189 2547 226 2584 in
247 2548 480 2595 praecipitium
492 2549 678 2595 decutias;
699 2549 764 2587 sed
781 2556 927 2587 strenue
947 2551 1106 2589 consiste
1120 2576 1130 2596 ,
1153 2557 1190 2590 et
1214 2553 1259 2590 ad

189 2609 306 2646 locum
326 2610 422 2648 unde
439 2612 556 2648 exiisti
573 2613 646 2649 cito
663 2613 819 2660 remigra
842 2624 851 2649 :
875 2622 921 2650 ne
941 2613 1075 2660 probro
1095 2614 1158 2651 tibi
1179 2614 1259 2652 fore

190 2675 291 2717 putes
309 2671 415 2708 talem
440 2679 522 2718 post
551 2673 689 2720 plagam
719 2680 902 2721 acceptam
933 2675 1102 2712 reditum.
1133 2675 1258 2724 Neque

187 2733 281 2768 enim
303 2732 545 2780 reprehendas
567 2734 717 2770 militem
732 2763 743 2780 ,
759 2745 840 2772 cum
859 2736 904 2774 de
917 2738 1043 2784 prmlio
1063 2740 1258 2776 revertitur

187 2795 396 2832 Vulneratus
417 2807 427 2832 :
448 2796 681 2844 opprobrium
705 2807 794 2835 sane
819 2805 876 2836 est
901 2810 999 2837 arma
1023 2801 1200 2850 projicere
1221 2807 1258 2840 ct

187 2858 310 2905 procul
329 2859 374 2895 ab
396 2857 560 2896 hostibus
589 2860 766 2897 removeri
787 2871 797 2905 ;
821 2862 990 2908 quamdiu
1010 2869 1130 2902 autem
1141 2865 1254 2912 ‘quis-

189 2919 278 2965 piam
300 2919 334 2956 in
353 2919 521 2958 conﬂictu
543 2927 689 2966 manet,
709 2921 850 2959 etiamsi
879 2921 1028 2962 feriatur
1052 2933 1088 2963 et
1117 2927 1253 2974 paulis-

189 2988 250 3026 per
277 2981 409 3027 cedat,
447 2991 554 3019 nemo
586 2982 633 3020 ita
667 2983 778 3021 durus
809 2994 852 3022 ac
885 2985 1022 3024 bellicae
1053 2987 1252 3035 disciplina:

187 3051 312 3089 exiters
341 3049 419 3089 est,
443 3051 482 3082 ut
500 3044 570 3082 hoc
602 3045 656 3082 illi
673 3045 688 3066 ⁸
713 3045 800 3082 vitio
817 3055 946 3086 vertat.
985 3048 1062 3086 Non
1089 3060 1252 3098 pugnan-

188 3105 272 3142 tium
301 3107 432 3155 quippe
461 3113 517 3145 est
542 3119 614 3146 non
644 3109 854 3150 vulnerari:
884 3112 942 3160 qui
974 3117 1095 3150 autem
1121 3123 1252 3160 magno

185 3168 302 3205 animo
330 3170 452 3208 hostes
473 3171 712 3216 adoriuntur.
740 3180 837 3220 saepe
863 3173 1042 3212 feriuntur
1068 3179 1106 3211 et
1130 3175 1251 3212 conci-

186 3228 298 3275 dunt,
336 3239 374 3268 ut
404 3232 466 3270 tibi
499 3243 595 3270 nunc
623 3235 799 3282 contigit,
832 3235 1013 3282 qui-dum
1045 3243 1248 3284 serpentem

187 3291 345 3329 occidere
358 3293 548 3340 nitebaris,
567 3305 692 3334 morsu
705 3296 912 3340 vulneratus
927 3308 979 3336 es.
994 3299 1064 3336 Sed
1079 3299 1221 3338 confide
1235 3329 1245 3344 ,

186 3351 373 3391 sobrietate
391 3357 569 3402 paululum
585 3359 696 3396 utaris
709 3365 877 3406 oportet,
897 3361 1107 3410 nullumque
1125 3363 1250 3400 vulne-

187 3413 232 3450 ris
249 3415 432 3464 vestigium
449 3419 649 3458 remanebit
670 3433 680 3458 :
701 3421 774 3458 imo
802 3431 888 3460 vero
914 3433 980 3471 per
1007 3424 1070 3462 Dei
1096 3427 1246 3472 gratiam

218 3501 229 3553 ξ
241 3503 288 3553 sic
297 3503 403 3553 Morel.
413 3510 450 3553 et
457 3515 543 3541 unus
552 3508 626 3553 cod.
637 3508 738 3553 Colb_.;
751 3508 836 3553 alius
843 3510 924 3553 item
931 3510 1019 3553 Colh.
1025 3537 1034 3552 ,
1045 3511 1197 3553 Ejusdem
1205 3515 1250 3549 ad

185 3544 328 3594 (fraudem
340 3547 471 3594 epistola
485 3554 528 3594 ll_.
537 3544 774 3594 Tertiusculb.,
785 3551 983 3594 ejusdemad
994 3544 1252 3590 cantilauit-lien:

185 3585 299 3639 {feratur
319 3585 606 3639 tldhprtfuorius‘in
625 3585 926 3639 ntpdum'epistolw
955 3585 1248 3639 samnitisé'éiti,

403 3632 446 3664 ad
465 3632 618 3680 βιιηιςιεηι
634 3625 1176 3680 τΙιροόρνίρῆἷιζφὰιίὴιᾎςέγὸρὶῦηἶ

185 3672 330 3722 filiai.
345 3677 406 3722 cur
421 3678 531 3722 autent
545 3673 616 3722 haec
632 3675 768 3722 cpistola
785 3672 1154 3722 adurheodoruml'quze
1169 3672 1249 3716 vere

184 3711 322 3758 sertula
329 3718 388 3751 est,
400 3715 499 3755 prima
507 3713 632 3758 locetur
639 3711 671 3748 in
678 3717 757 3749 Edit.
769 3717 877 3758 savil.,
885 3719 916 3751 in
923 3721 1040 3753 Monito
1048 3711 1169 3754 diétum
1176 3711 1248 3757 fuit:

221 3756 238 3802 ξ
245 3753 337 3786 savii.
347 3760 380 3802 et
389 3753 582 3802 ottinesMss.
591 3757 827 3802 habent,sa:pc.
836 3753 1090 3796 tn'tttorel.deest
1095 3753 1168 3797 haec
1173 3753 1251 3802 ibi;

226 3794 264 3837 υ
273 3804 326 3832 ex.
339 3797 508 3837 Theodore,
525 3798 624 3833 deest
640 3801 672 3832 in
685 3794 815 3834 duobus
829 3806 900 3835 Mss.

226 3835 239 3856 ι
251 3842 330 3886 _\ov.
353 3836 400 3872 illi
412 3864 424 3886 ι
440 3849 472 3886 in
497 3835 602 3877 tribus
705 3843 814 3878 deest.
831 3843 914 3879 Infra
941 3845 1006 3880 duo
1021 3850 1092 3882 Mss.
1110 3856 1175 3882 non
1190 3847 1250 3884 ha-

188 3873 278 3918 bent.
294 3887 323 3914 et
337 3873 516 3918 concidunt.

1355 809 1469 872 ipsius
1488 825 1632 874 maligni
1651 834 1759 875 caput
1771 827 2003 876 eonfringes;
2023 832 2140 878 neque
2159 836 2194 868 te
2210 834 2400 870 conturbet
2413 863 2423 877 .

1355 887 1451 934 quod
1469 888 1542 925 cito
1555 894 1592 926 et
1604 889 1650 926 ab
1663 890 1742 936 ipso
1756 891 1932 938 principio
1945 892 2172 939 compeditus
2190 893 2314 932 fueris.
2333 895 2432 933 Vidit

1355 948 1454 984 enim
1470 976 1481 994 ,
1501 955 1537 986 et
1553 949 1720 988 celeriter
1739 951 1828 988 vidit
1848 951 2026 1000 malignus
2045 953 2105 990 ille
2119 954 2230 991 animi
2250 956 2300 992 tui
2321 957 2433 992 virtu.

1355 1015 1426 1046 tem
1443 1039 1454 1055 ,
1467 1017 1504 1049 et
1517 1023 1562 1049 ex
1576 1013 1699 1050 multis
1713 1013 1826 1061 signis
1843 1042 1853 1058 ,
1874 1020 1914 1050 ut
1931 1021 2098 1052 strenuus
2119 1016 2187 1054 sibi
2204 1017 2432 1073 adversarius

1354 1072 1451 1110 vires
1471 1080 1618 1120 augeret
1638 1073 1798 1111 futurum
1819 1076 2010 1123 przeseusit
2031 1090 2040 1113 :
2063 1087 2146 1114 eum
2173 1079 2268 1116 enim
2289 1072 2348 1127 qui
2369 1081 2432 1116 tali

1355 1139 1525 1181 tantoque
1548 1135 1668 1172 studio
1695 1143 1820 1174 contra
1845 1147 1884 1174 se
1905 1139 1962 1175 vel
1984 1139 2030 1176 ab
2060 1139 2162 1178 initio
2180 1148 2342 1180 uteretur
2358 1173 2368 1186 ,
2401 1145 2433 1181 si

1353 1201 1604 1240 perseveraret
1621 1223 1632 1242 ,
1651 1197 1754 1234 facile
1772 1209 1811 1235 se
1825 1198 2088 1237 debellaturum
2102 1212 2184 1240 esse
2197 1203 2429 1242 existimavit.

1353 1255 1507 1304 Ideoque
1539 1257 1746 1304 festinavit,
1777 1260 1990 1306 excubavit,
2020 1268 2188 1310 totusque
2213 1271 2338 1303 contra
2366 1271 2427 1311 te.

1351 1318 1428 1356 imo
1446 1320 1564 1366 potius
1582 1328 1708 1358 contra
1735 1327 1844 1368 caput
1866 1331 1970 1359 suum
1995 1323 2188 1362 insurrexit
2205 1353 2214 1368 ,
2245 1327 2274 1362 si
2309 1333 2429 1364 tamen

1348 1379 1506 1419 volneris
1519 1387 1672 1420 strenue
1689 1383 1880 1421 obsistere.
1900 1384 1988 1430 Quis
2017 1386 2112 1422 enim
2140 1386 2299 1425 celerem
2331 1389 2428 1425 illaut

1349 1447 1447 1478 tuam
1465 1471 1474 1486 ,
1491 1443 1671 1480 sinceram
1687 1450 1794 1491 atque
1812 1445 2010 1482 ferventem
2025 1445 2070 1483 ad
2086 1447 2176 1484 bona
2192 1450 2429 1487 mutatiOneni

1347 1513 1420 1540 non
1442 1504 1592 1542 miratus
1613 1506 1700 1543 est?
1717 1506 1914 1554 Epularum
1935 1508 2030 1545 enim
2053 1509 2246 1548 oblectatio
2263 1519 2428 1550 contem-

1347 1565 1423 1610 ptui
1442 1572 1520 1602 erat
1536 1594 1545 1610 ,
1577 1567 1684 1604 luxus
1711 1569 1864 1605 vestium
1885 1569 2172 1616 vilipendebatur
2187 1600 2196 1616 ,
2217 1573 2426 1611 calcabatur

1346 1626 1458 1664 fastus
1475 1628 1595 1666 omnis
1609 1657 1619 1674 ,
1637 1635 1710 1668 tota
1730 1631 1790 1667 illa
1805 1637 1964 1670 externa:
1978 1632 2215 1682 philosophia:
2234 1646 2321 1673 cura
2337 1647 2426 1674 cun-

1345 1687 1466 1726 fertim
1487 1690 1522 1726 in
1537 1691 1656 1729 divina
1671 1692 1814 1740 eloquia
1829 1693 2002 1731 translata
2022 1695 2139 1732 fuerat
2159 1708 2168 1732 :
2189 1693 2332 1734 lectioni
2347 1698 2426 1736 dies

1343 1751 1448 1788 solidi
1467 1781 1477 1797 ,
1497 1754 1653 1790 orationi
1673 1760 1798 1791 noctes
1819 1755 1968 1803 integrae
1985 1757 2254 1804 deputabantur
2271 1772 2279 1796 :
2301 1768 2423 1808 pater-

1343 1823 1401 1850 na:
1420 1813 1606 1861 dignitatis
1625 1815 1720 1852 nulla
1736 1817 1873 1854 mentio
1890 1845 1900 1862 ,
1919 1817 2124 1857 divitiarum
2141 1821 2238 1858 nulla
2254 1825 2423 1861 recorda-

1340 1874 1390 1912 tio
1411 1887 1420 1912 :
1441 1875 1591 1912 fratrum
1608 1883 1729 1914 autem
1749 1882 1865 1926 genua
1886 1881 2078 1928 complecti
2095 1911 2105 1925 .
2135 1893 2332 1932 eorumque
2357 1896 2423 1932 pe-

1338 1935 1445 1974 dibus
1463 1943 1656 1976 accurrere
1673 1967 1682 1983 ,
1698 1940 1795 1976 omni
1814 1941 2002 1980 nobilitate
2016 1943 2420 1992 sublintiusjudicabas;

1339 1998 1423 2035 Haec
1441 1999 1656 2037 malevolum
1675 2001 1774 2038 illum
1795 2003 2007 2040 cruciabam
2024 2033 2034 2046 ,
2067 2005 2146 2044 haec
2169 2007 2214 2044 ad
2241 2009 2419 2047 acriorem

1337 2065 1492 2107 pugnam
1539 2063 1802 2100 conserendam
1847 2065 2041 2103 incitarunt
2062 2067 2073 2088 ί
2105 2079 2114 2104 :
2146 2075 2306 2107 attamen
2347 2064 2422 2110 non

1337 2121 1444 2159 letale
1465 2123 1593 2160 vulnus
1608 2123 1752 2162 inﬂixit.
1768 2125 1858 2163 Nam
1873 2127 1902 2164 si
1918 2133 2001 2174 post
2019 2128 2230 2168 diuturnum
2251 2137 2418 2180 tempus,

1335 2190 1418 2230 post
1431 2184 1568 2232 jejunia
1589 2187 1699 2223 multa
1715 2217 1726 2234 ,
1749 2187 1848 2225 humi
1867 2189 2080 2228 cubationes
2099 2191 2262 2240 aliasque
2279 2195 2421 2230 exet-ci-

1335 2245 1492 2283 tationes
1507 2253 1541 2284 te
1555 2247 1748 2296 dejecissct
1758 2278 1768 2296 ,
1783 2261 1900 2298 neque
1919 2258 2004 2288 tunc
2017 2251 2284 2300 desperandum
2299 2261 2417 2300 esset,

1334 2307 1421 2346 licet
1441 2309 1638 2347 maximum
1657 2311 1829 2348 damnum
1849 2317 2038 2358 putaretur
2055 2321 2138 2361 post
2154 2315 2287 2352 multos
2304 2316 2417 2352 sudo-

1333 2379 1392 2408 res
1407 2399 1418 2415 ,
1437 2370 1580 2409 labores
1593 2377 1629 2409 et
1649 2373 1820 2410 victurias
1837 2374 1885 2410 ita
1906 2377 2086 2422 prosterni
2105 2389 2114 2412 :
2135 2387 2260 2413 verum
2275 2381 2358 2425 quia
2379 2380 2414 2415 in

1332 2432 1412 2480 ipso
1429 2432 1616 2482 procinctu
1633 2435 1842 2472 certaminis
1869 2441 1904 2472 te
1925 2437 2168 2483 supplantavit
2187 2467 2198 2483 ,
2231 2439 2266 2475 id
2293 2440 2413 2476 solum

1331 2495 1451 2534 effecit
1467 2525 1478 2540 ,
1493 2503 1532 2534 ut
1546 2496 1735 2535 fortiorem
1751 2497 1786 2534 te
1800 2497 1972 2536 redderet
1989 2498 2035 2536 ad
2054 2509 2209 2546 pugnam
2233 2509 2316 2538 cum
2335 2501 2415 2548 ipsa

1331 2559 1541 2596 ineundam.
1563 2559 1670 2596 Modo
1695 2560 1792 2597 enim
1825 2565 1860 2597 te
1892 2570 1914 2598 e
1940 2566 2048 2608 portu
2077 2561 2278 2599 solventem
2295 2591 2305 2608 ,
2338 2573 2411 2600 non

1330 2631 1374 2658 ex
1395 2621 1640 2670 negotiatione
1661 2627 1908 2660 revertentem
1925 2651 1935 2668 ,
1958 2633 2026 2661 nec
2044 2630 2210 2662 onustam
2230 2626 2414 2664 mercibus

1329 2693 1458 2722 navem
1479 2683 1714 2722 reducentem
1733 2713 1744 2731 ,
1765 2683 1864 2722 ferus
1882 2685 1945 2722 ille
1964 2685 2079 2733 pirata
2099 2686 2248 2724 adortus
2268 2691 2336 2725 est.
2357 2690 2412 2726 Ac

1329 2746 1631 2794 quemadmodum
1653 2747 1682 2784 si
1701 2747 1782 2795 quis
1805 2757 2023 2795 generosum
2049 2748 2192 2786 leonem
2217 2757 2410 2797 aggressus

1327 2807 1461 2854 pellem
1477 2807 1557 2855 ejus
1577 2808 1694 2845 solum
1715 2809 1846 2846 raserit
1863 2837 1874 2855 ,
1896 2809 1997 2846 illum
2017 2809 2161 2858 quidem
2181 2811 2269 2848 nihil
2285 2811 2383 2850 laedit
2397 2842 2408 2856 ,

1327 2869 1391 2908 sed
1424 2876 1548 2908 contra
1577 2872 1736 2919 seipsum
1769 2872 1903 2909 excitat
1931 2882 2014 2910 eum
2031 2901 2042 2920 ,
2074 2883 2116 2911 ac
2146 2875 2342 2913 firmiorem
2371 2884 2410 2914 et

1326 2938 1434 2982 captu
1451 2932 1691 2971 difficiliorem
1708 2931 1828 2971 reddit
1846 2945 1857 2972 :
1877 2934 1930 2972 sic
1952 2939 1990 2972 et
2013 2937 2215 2974 communis
2240 2939 2404 2976 omnium

1327 2995 1494 3034 inimicus
1512 3006 1595 3034 cum
1612 2996 1722 3034 altam
1743 2995 1908 3044 inﬂigere
1934 2997 2076 3045 plagam
2102 3005 2254 3037 conatus
2279 3010 2378 3038 esset

1325 3067 1346 3094 a
1365 3067 1476 3106 scopo
1491 3057 1638 3105 quidem
1656 3057 1863 3104 aberravit,
1891 3059 1954 3096 sed
1972 3059 2017 3096 ad
2035 3059 2174 3108 vigilias
2200 3067 2240 3099 et
2267 3062 2402 3110 jejuni:

1326 3120 1586 3168 promptiorem
1605 3121 1774 3158 reddidit.

1371 3183 1410 3220 2.
1437 3183 1588 3221 Lubrica
1615 3190 1663 3221 est
1689 3185 1840 3222 Ituttmna
1867 3191 2017 3231 natura,
2037 3187 2104 3224 cito
2129 3188 2247 3234 cadit,
2267 3190 2334 3227 cito
2350 3202 2403 3227 re.

1323 3247 1446 3294 surgit.
1464 3265 1514 3274 —-
1531 3246 1682 3284 Lubrica
1713 3254 1770 3284 est
1797 3247 1953 3286 humana
1982 3257 2107 3286 natura
2124 3278 2134 3295 ,
2161 3251 2236 3288 cito
2262 3252 2402 3302 decipi-

1325 3315 1382 3344 tur
1401 3336 1411 3353 ,
1440 3308 1504 3346 sed
1536 3309 1609 3346 cito
1631 3319 1652 3344 a
1682 3307 1808 3346 fraude
1835 3320 1876 3347 se
1897 3311 2067 3357 expedit;
2095 3319 2132 3350 et
2158 3313 2252 3352 sicut
2279 3317 2403 3354 confen

1322 3371 1406 3408 stim
1424 3371 1546 3415 cadit,
1575 3371 1624 3408 ita
1653 3370 1842 3408 confeStim
1871 3373 2033 3421 erigitur.
2059 3374 2246 3424 Siquidem
2275 3379 2402 3416 beatus

1298 3430 1384 3485 .ille
1410 3433 1492 3476 vir,
1525 3433 1696 3471 Davidem
1725 3434 1834 3478 dico,
1863 3437 1924 3483 qui
1951 3437 2089 3477 electus
2121 3440 2184 3478 fuit
2209 3442 2246 3478 in
2276 3452 2398 3489 regem

1321 3503 1360 3534 et
1392 3496 1632 3544 prophetam,
1662 3508 1746 3536 eum
1778 3499 1891 3538 multa
1922 3502 2096 3549 prteclare
2125 3503 2296 3546 fecisset,
2333 3504 2400 3538 ho-

1291 3574 1295 3577 -
1319 3559 1456 3597 minem
1475 3568 1515 3596 se
1541 3569 1622 3598 esse
1648 3562 1889 3608 monstravit,
1912 3569 1950 3600 et
1975 3564 2103 3602 alieme
2125 3564 2250 3601 uxoris
2272 3573 2398 3599 artiore

1296 3627 1450 3668 ‘captus
1480 3627 1536 3659 est
1569 3633 1578 3658 :

1613 3631 1682 3660 nec
1714 3623 1761 3660 ibi
1793 3625 1911 3662 solum
1939 3625 2126 3668 constitit,
2157 3624 2222 3661 sed
2249 3630 2398 3670 propter

1321 3685 1654 3730 concupiscentiam
1671 3685 1888 3725 adulterium
1899 3717 1908 3733 ,
1931 3695 2078 3734 propter
2094 3684 2310 3722 adulterium
2327 3685 2396 3720 ho-

1321 3746 1504 3784 micidium
1523 3749 1701 3795 patravit:
1723 3750 1786 3786 sed
1807 3751 1889 3797 quia
1917 3748 1988 3785 duo
2007 3753 2102 3784 tanta
2123 3746 2267 3784 vulnera
2293 3757 2398 3784 acce-

1321 3817 1446 3858 perat,
1464 3823 1536 3850 non
1554 3811 1636 3850 ideo
1654 3814 1800 3850 tertium
1818 3812 1972 3854 addidit;
1993 3810 2056 3847 scd
2077 3809 2197 3846 statim
2216 3811 2260 3847 ad
2280 3811 2394 3848 medi-

1366 3895 1378 3916 ³
1401 3895 1448 3928 sic
1455 3903 1572 3930 omnes
1586 3901 1658 3929 διεδ.
1671 3899 1705 3930 et
1721 3893 1814 3928 savil.
1830 3891 1938 3926 Morel.
1952 3900 2043 3934 vero,
2053 3890 2227 3926 duxerim.
