2742 4342
319 213 390 252 3H

326 301 410 328 cum
440 265 618 324 accurrit,
649 284 684 316 et
711 273 950 314 medicamina
979 266 1170 316 apposuit,
1201 262 1379 312 jejunium
1397 289 1407 306 ,

330 357 528 400 Iatrymas,
550 347 655 382 tlctns
669 370 678 387 ,
701 338 886 375 orationes
906 333 1135 380 frequentes,
1157 327 1291 375 szepius
1304 323 1411 362 adhi-

935 397 956 400 ..
1145 391 1166 400 ..
1209 391 1234 400 η
1339 387 1394 400 Δ,

332 387 442 453 bitain
464 407 599 457 peccati
621 401 912 442 confessionem;
935 397 1052 443 iisque
1071 391 1188 430 modis
1209 391 1323 427 Deum
1339 387 1416 434 pla-

333 475 441 518 cavit,
464 449 512 508 ita
532 475 570 506 ut
589 467 634 505 ad
653 465 842 513 pristinam
861 459 1076 506 dignitatem
1092 453 1249 496 rediret,
1269 449 1361 487 adeo
1377 453 1418 484 ut

333 539 442 577 etiam
461 539 545 582 post
563 511 778 568 adulterium
794 533 831 564 et
845 523 982 562 czedem
997 549 1006 566 ,
1031 519 1144 568 patris
1159 515 1334 554 memoria
1353 511 1419 549 ﬁlii

333 575 574 638 iilololalriam
588 597 709 640 posset
719 585 1022 636 obtegere.Filius
1035 581 1168 630 quippe
1180 579 1260 627 ejus
1274 575 1421 614 nomine

326 663 504 702 Salomon
525 638 653 696 eodem
667 683 678 701 ,
693 664 766 702 quo
783 657 886 700 pater
899 677 908 694 ,
930 649 1060 695 laqueo
1082 649 1210 692 captus
1226 647 1306 686 est,
1324 645 1362 676 et
1381 638 1420 676 in

325 724 530 764 :mulierum
567 701 722 768 gratiam
758 726 778 753 a
810 719 962 762 paterno
995 711 1070 748 Deo
1108 705 1274 745 recessit.
1313 701 1424 740 Vides

336 792 514 837 quantum
533 783 667 821 malum
684 781 732 818 sit
752 778 974 825 voluptatem
996 782 1068 810 non
1085 769 1260 808 cohibere
1273 795 1283 812 ,
1305 772 1342 804 et
1360 773 1425 802 na-

321 859 430 890 turae
447 847 690 897 principatum
709 847 935 892 pervertere,
952 839 1000 876 ita
1018 845 1058 874 ut
1073 834 1128 872 vir
1141 833 1189 870 sit
1204 832 1216 853 ι
1232 829 1426 869 mulierum

339 925 482 954 servus.
503 914 607 951 Hunc
627 911 750 958 itaque
768 907 1002 945 Salomonem
1018 929 1028 947 ,
1048 900 1110 948 qui
1135 897 1238 947 prius
1253 895 1373 942 justus
1391 896 1428 928 et

339 979 485 1026 sapiens
501 977 620 1014 fuerat
634 984 646 1019 ;
660 955 743 1010 cum
756 967 960 1018 periculum
976 968 1086 1007 esset,
1104 971 1149 998 ne
1168 955 1306 1008 peccati
1320 962 1429 992 causa

332 1016 494 1088 ~rte-gnum
510 1016 852 1076 totumamitteret,
865 1029 912 1066 ob
932 1032 1124 1074 paternum
1143 1020 1312 1058 meritum
1331 1016 1430 1054 Deus

341 1079 482 1139 seiitam
503 1099 609 1146 mgni
628 1096 832 1144 portionem
847 1091 985 1128 habere
999 1084 1178 1136 permisit.
1199 1081 1240 1120 Si
1254 1079 1320 1118 tibi
1333 1085 1432 1116 cura:

336 1164 473 1201 luisset
492 1141 643 1200 externa
671 1158 731 1196 illa
761 1153 990 1208 eloquentia,
1011 1151 1166 1196 eamque
1205 1150 1333 1193 postea
1365 1141 1432 1183 ad-

346 1225 496 1264 modum
517 1223 747 1272 negligeres,
767 1228 836 1267 ego
853 1204 943 1255 sane
967 1217 1138 1252 revocata
1157 1208 1223 1248 tibi
1249 1206 1318 1245 fori
1331 1235 1342 1252 ,
1367 1204 1434 1242 tri-

347 1289 743 1333 bunalis,~coronarum
764 1281 848 1320 inde
866 1275 1184 1324 consequentium,
1207 1281 1250 1308 ac
1271 1267 1435 1318 pristinas

348 1353 385 1389 in
406 1349 586 1399 loquendo
626 1346 768 1385 ﬁduciae
805 1341 1007 1385 memoria,
1039 1342 1167 1375 auctor
1188 1343 1309 1372 essem
1329 1336 1371 1368 ut
1389 1328 1437 1367 ad

351 1391 556 1465 praeteritos
574 1413 721 1450 labores
731 1408 896 1447 redires:
918 1391 1214 1452 quandoquidem
1234 1402 1357 1434 autem
1371 1403 1438 1442 pro

351 1477 557 1517 caelestibus
576 1474 784 1518 currimus,
817 1472 1120 1512 terrenarumque
1150 1469 1274 1499 rerum
1301 1457 1440 1495 nullam

353 1541 534 1578 rationem
556 1536 733 1574 habemus
746 1560 757 1577 ,
775 1530 926 1569 alterius
952 1526 1017 1565 tibi
1031 1523 1179 1574 judicii,
1195 1518 1442 1566 horrendique

355 1600 546 1640 tribunalis
563 1596 786 1636 mentionem
805 1592 901 1630 facio
919 1603 929 1626 τ
952 1589 1028 1631 Nos
1045 1587 1172 1636 quippe
1197 1592 1314 1621 omnes
1327 1591 1442 1629 appa-

353 1676 428 1702 rere
463 1668 595 1711 oportet
627 1667 708 1697 ante
733 1655 884 1696 tribunal
905 1652 1034 1692 Christi
1058 1651 1072 1672 ¹
1129 1648 1166 1686 2.
1187 1646 1268 1685 Cor.
1287 1645 1324 1683 5.
1345 1643 1392 1681 10
1415 1643 1442 1689 ).

358 1727 422 1763 Ille
437 1705 523 1762 vero
542 1730 626 1760 tunc
642 1721 755 1768 judex
771 1717 926 1762 sedebit,
946 1714 1007 1763 qui
1025 1721 1123 1750 nunc
1139 1719 1160 1747 a
1177 1715 1212 1746 te
1227 1705 1442 1754 despicitur.

359 1787 452 1834 Quid
471 1795 559 1832 ergo
579 1766 664 1821 tunc
683 1782 846 1818 dicemus
861 1806 871 1823 ,
889 1777 949 1814 dic
967 1774 1054 1812 mihi
1071 1801 1080 1816 ,
1097 1781 1206 1820 quam
1235 1766 1445 1807 excusatio-

358 1859 441 1887 nem
463 1847 656 1884 afl'eremus
671 1872 680 1889 ,
701 1843 730 1880 si
752 1842 788 1878 in
815 1839 876 1877 tali
897 1835 1196 1888 praevaricatione
1227 1837 1444 1879 persevere-

361 1911 469 1955 mus?
489 1909 588 1958 quid,
610 1915 749 1956 quaeso,
765 1901 955 1942 dicemus?
976 1897 1255 1947 negotiorttmne
1271 1892 1449 1932 sollicitu-

355 1976 486 2014 dinem
501 1956 796 2022 praete-idemus?
816 1965 890 2004 Sed
906 1973 973 2002 nos
991 1963 1070 2011 ipse
1088 1957 1274 2008 praevertit
1293 1956 1420 1994 dicens
1437 1965 1447 1994 :

355 2038 458 2084 Quid
485 2019 637 2085 proderit
663 2031 794 2069 homini
809 2029 839 2067 si
859 2026 1027 2065 mundum
1052 2023 1248 2060 universum
1275 2019 1446 2062 lucretur,

365 2078 492 2139 dnimte
510 2109 588 2136 vero
603 2106 675 2134 siue
694 2094 935 2132 detrimentum
951 2087 1104 2138 patiatur
1123 2083 1270 2134 (Matth.
1286 2080 1346 2118 16.
1361 2078 1450 2129 26)?

365 2165 421 2202 An
445 2163 608 2200 dicemus
636 2167 704 2196 nos
723 2157 769 2193 ab
797 2155 880 2192 aliis
906 2151 1077 2190 seductos
1114 2146 1252 2184 fuisse?
1283 2144 1331 2182 At
1359 2141 1452 2180 nihil

367 2225 508 2264 Adamo
529 2223 566 2260 in
592 2219 846 2258 defensionem
864 2213 1024 2264 profuit,
1051 2209 1151 2259 quod
1171 2217 1320 2246 uxorem
1347 2205 1453 2243 iucu-

353 2292 466 2326 ‘saret
483 2285 610 2324 dicens
627 2295 637 2320 :
658 2280 813 2326 Mulier,
833 2287 939 2327 quam
963 2274 1090 2312 dedisti
1119 2283 1254 2310 mecum
1269 2298 1280 2317 ,
1301 2270 1380 2318 ipsa
1399 2279 1455 2306 me

364 2350 502 2397 decepit
523 2345 627 2396 (Gen.
642 2345 682 2382 5.
705 2343 752 2381 12
771 2341 786 2391 )
804 2352 814 2378 :
838 2340 932 2378 sicut
945 2347 1014 2376 nec
1030 2334 1175 2374 mulieri
1188 2333 1287 2382 quod
1300 2341 1453 2379 serpen-

371 2394 651 2450 tem'auctorem
670 2406 823 2444 diceret.
841 2399 1072 2441 Horrendum
1089 2407 1178 2436 sane
1195 2401 1266 2441 est,
1285 2405 1307 2432 ο
1321 2394 1456 2432 dilecte

371 2474 588 2517 'l‘heodore,
619 2468 778 2508 tribunal
807 2465 919 2509 illud,
949 2463 1046 2512 quod
1076 2471 1146 2499 nec
1181 2456 1457 2497 accusatoribus

373 2545 493 2588 egeat,
513 2547 580 2575 nec
595 2540 708 2574 testes
721 2534 908 2580 exspectet
925 2540 934 2566 :
955 2523 1132 2575 judicanti
1147 2523 1246 2562 enim
1265 2521 1317 2559 illi
1335 2519 1458 2558 omnia

375 2584 470 2641 unda
489 2608 526 2640 ct
543 2605 668 2648 aperta
688 2601 787 2641 sunt,
807 2603 874 2632 nec
891 2593 1068 2630 factorum
1085 2594 1242 2632 tantum,
1259 2584 1327 2624 sed
1344 2584 1457 2622 etiam

375 2666 640 2716 cogitationum
655 2669 784 2710 poenas
797 2657 989 2696 dabimus:
1011 2664 1094 2692 nam
1109 2651 1220 2700 judex
1240 2649 1300 2688 ille
1317 2653 1459 2686 scruta-

375 2740 434 2769 tor
462 2727 724 2778 cogitationum
747 2730 786 2761 et
817 2720 1056 2760 consiliarum
1081 2715 1204 2756 cordis
1226 2720 1296 2752 est.
1317 2713 1366 2750 At
1385 2711 1460 2748 for-

378 2802 476 2833 tasse
495 2775 634 2831 natura:
653 2788 905 2828 inﬁrmitatem
925 2782 1104 2822 obtendes
1117 2810 1128 2828 ,
1149 2780 1322 2827 dicesque
1349 2782 1386 2814 te
1401 2775 1461 2824 ju-

379 2867 464 2906 gum
509 2855 606 2893 ferre
647 2862 719 2890 non
751 2859 872 2899 posse.
901 2847 975 2885 Sed
1017 2853 1186 2893 quaenam
1219 2842 1301 2880 haec
1331 2838 1463 2878 defen-

380 2921 462 2964 sio,
495 2927 606 2956 suave
633 2914 720 2953 illud
753 2913 880 2960 jugum
914 2909 1000 2948 lerri
1028 2917 1102 2944 non
1133 2915 1254 2954 posse,
1275 2912 1344 2940 nec
1369 2909 1465 2939 onus

382 2983 462 3019 leve
507 2977 672 3028 portari?
709 2986 755 3012 an
808 2973 928 3021 gravis
967 2979 1194 3016 onerosaque
1229 2975 1290 3003 res
1317 2970 1374 3002 est
1406 2973 1463 3000 rev

381 3027 521 3082 creatio
537 3054 557 3080 a
582 3037 789 3080 laboribus?
804 3035 860 3074 Ad
891 3035 969 3072 haec
991 3034 1124 3082 quippe
1138 3041 1204 3068 nos
1217 3035 1323 3068 vocat
1338 3027 1464 3066 Chris—

384 3114 442 3144 tus
460 3107 586 3144 (licens
602 3117 612 3140 :
638 3101 758 3140 Venite
769 3099 817 3136 ad
829 3109 882 3135 me
899 3108 1015 3134 omnes
1031 3095 1088 3144 qui
1103 3093 1268 3132 laboratis
1285 3098 1316 3128 et
1333 3090 1467 3128 onerati

387 3171 482 3215 estis,
499 3175 530 3206 et
558 3178 620 3215 ego
653 3163 808 3210 reﬁciam
835 3173 895 3198 vos
915 3159 1050 3198 :tollite
1068 3159 1196 3207 jugunt
1226 3166 1340 3192 meum
1367 3163 1469 3202 super

387 3245 460 3278 vos,
480 3238 510 3268 et
528 3229 648 3267 discite
666 3239 686 3264 a
707 3238 760 3262 me
775 3225 856 3274 quia
873 3223 966 3260 mitis
982 3233 1058 3260 sum
1071 3227 1103 3258 et
1119 3219 1258 3257 Immitis
1269 3215 1374 3254 corde
1388 3226 1400 3252 :
1407 3216 1468 3263 ju-

389 3305 470 3342 gunt
491 3293 578 3329 enim
597 3299 710 3328 meum
727 3298 829 3324 suave
849 3292 912 3329 est,
932 3291 963 3322 et
982 3295 1069 3322 onus
1089 3293 1202 3320 meum
1220 3281 1290 3318 leve
1310 3277 1468 3328 (Matth.

391 3339 452 3394 ll.
472 3355 522 3392 28
549 3353 577 3401 ).
598 3351 690 3398 Quid
710 3351 807 3388 enim
828 3349 946 3386 levius
960 3375 970 3391 ,
991 3347 1051 3384 die
1070 3345 1159 3384 mihi
1173 3373 1184 3390 ,
1213 3352 1322 3392 quam
1345 3339 1444 3378 curis
1457 3367 1469 3384 ,

391 3417 546 3465 negotiis
559 3445 570 3462 ,
591 3413 782 3452 timoribus
808 3417 918 3460 atque
947 3410 1133 3448 laboribus
1151 3407 1275 3451 eximi,
1295 3405 1341 3442 ab
1362 3402 1471 3450 hujus

392 3464 478 3519 vita:
490 3478 659 3518 ﬁuctibus
672 3476 870 3525 segregari,
881 3481 918 3512 et
931 3475 966 3511 in
983 3471 1178 3520 tranquillo
1193 3474 1300 3518 portu
1312 3464 1470 3513 degere?

439 3546 484 3591 5.
499 3542 592 3588 Quid
601 3542 638 3578 in
652 3541 716 3577 hac
730 3540 798 3576 vita
811 3539 854 3575 sit
870 3532 1180 3586 aptabile.——Quid
1196 3532 1232 3568 in
1249 3531 1319 3567 hoc
1335 3525 1470 3565 mundo

392 3587 532 3645 telicius
552 3605 616 3642 tibi
640 3603 782 3640 videtur
801 3607 840 3640 et
862 3596 1085 3648 optabilius?
1105 3593 1354 3640 Principatum
1373 3587 1470 3626 haud

397 3669 506 3707 dubie
523 3667 624 3706 dices
651 3671 688 3703 et
717 3664 863 3702 divitias
883 3662 1088 3706 bonamque
1108 3655 1203 3703 apud
1225 3653 1392 3691 homines
1417 3649 1473 3687 fa-

440 3805 451 3852 ξ
473 3804 604 3852 turbent
623 3802 688 3850 duo
709 3803 848 3845 Mssa-nt
864 3796 914 3831 vir
939 3792 1080 3838 sapiens,
1095 3796 1159 3824 etc.
1177 3789 1262 3824 infra
1277 3798 1394 3824 onmes
1408 3788 1476 3830 alii,

399 3849 450 3887 qui
462 3849 571 3885 justus
583 3867 594 3883 ,
606 3849 738 3882 omissi,
749 3850 864 3887 prius.

441 3872 928 3928 ’θνὲἶιξίιῚῖ-ἰῖἦιῖᾷἱῦέἔθνη..
949 3881 982 3924 nt
999 3874 1136 3952 quisque
1151 3873 1266 3916 afferat
1283 3881 1356 3914 qua?
1371 3896 1380 3912 ,
1399 3872 1477 3907 dum

449 3935 582 3952 rnrnm-p
597 3929 692 3952 emt-
707 3929 857 3952 (inermus
869 3926 914 3952 est
928 3927 992 3952 stre
1025 3925 1134 3952 artant.
1147 3916 1210 3950 sive
1221 3915 1355 3949 nudum.

401 3927 433 3960 in
449 3915 586 3968 corpo'i'e
597 3915 857 3969 essenio‘peratus
869 3915 992 3957 est'sit'e
1007 3915 1134 3959 bonum,
1147 3916 1210 3950 sire
1221 3915 1355 3949 nudum.

808 199 846 236 S.
875 191 1066 234 JOANNIS
1093 183 1412 227 CHRYSOSTOMI
1439 179 1654 220 ARCﬂlEP.
1684 177 2046 218 CONSTANTlNOI’.
2458 180 2511 217 ξεί)

1486 269 1595 296 mam.
1605 257 1675 297 Sed
1687 258 1770 306 quid
1783 258 1838 295 his
1849 255 2086 296 miserabilius
2095 253 2198 300 cst,si
2209 253 2463 296 Christianorqu
2481 263 2512 297 ti-

1479 321 1615 370 bertati
1629 321 1910 368 comparentur?
1927 319 2016 357 Nam
2035 320 2198 369 princeps
2217 321 2320 360 furori
2335 327 2516 372 populorum

1489 383 1652 432 subiacet
1683 379 1862 431 bruloque
1895 382 2132 420 multitudinis
2161 384 2300 432 impetui
2325 414 2335 430 ,
2371 388 2519 436 majorum

1493 445 1694 493 principum
1713 445 1850 490 timori,
1869 444 2102 482 sollicitudini
2123 455 2206 494 erga
2230 447 2404 486 subditos:
2423 461 2458 489 ac
2473 455 2521 500 qui

1493 507 1568 545 heri
1582 508 1750 556 princeps
1762 513 1854 552 erat,
1867 507 1974 545 hodie
1986 508 2144 555 privatus
2153 507 2300 546 efficitur
2311 523 2320 548 :
2335 510 2404 549 hzec
2415 515 2526 561 quippe

1493 571 1565 608 vita
1583 571 1672 608 nihil
1692 581 1713 607 a
1733 580 1843 608 scena
1864 569 1997 608 diﬁ'ert.
2013 569 2102 608 Nam
2118 576 2155 608 ut
2174 571 2222 608 ibi
2239 571 2296 608 hic
2312 573 2525 620 imperatoris,

1495 634 1557 672 ille
1577 633 1693 679 ducis,
1706 633 1798 672 alter
1816 633 1944 678 militis
1963 633 2087 682 implet
2099 633 2253 677 ofﬁcium
2266 648 2273 671 :
2287 637 2414 684 veSperi
2427 645 2527 676 autem

1497 708 1566 736 nec
1583 698 1796 746 imperator,
1819 698 1879 745 qui
1897 698 2094 744 imperator
2111 705 2202 741 erat.
2222 709 2286 736 nec
2301 699 2368 736 dux
2385 701 2438 747 qui
2453 701 2526 745 dux,

1497 772 1566 800 nec
1585 762 1690 800 miles
1711 763 1770 810 qui
1791 762 1896 800 miles
1913 768 1992 800 erat
2005 790 2016 807 ,
2037 767 2222 800 remanet:
2240 761 2289 800 sic
2306 767 2340 800 et
2357 763 2389 800 in
2403 763 2455 802 die
2469 765 2528 808 illa.

1499 835 1571 863 non
1592 835 1613 862 a
1629 835 1798 874 persona.
1819 825 1886 863 sed
1905 825 1952 862 ab
1971 825 2142 873 operibus
2151 825 2290 873 dignam
2299 825 2438 872 quisque
2451 837 2529 865 iner-

1501 889 1626 928 cedem
1647 889 1814 937 accipiet.
1836 889 1882 926 At
1898 888 2011 936 gloria
2027 888 2191 926 fortassis
2205 888 2239 926 in
2254 888 2364 936 pretio
2379 888 2528 932 habenda,

1501 963 1582 1000 qua:
1600 952 1695 989 cadit
1715 958 1898 999 tamquam
1933 950 2001 988 ﬂos
2033 949 2136 989 feni?
2163 952 2210 988 At
2225 949 2353 988 divitiae
2368 978 2378 994 ,
2393 961 2470 998 quas
2484 952 2530 998 qui

1503 1015 1692 1063 possident
1722 1014 1850 1053 miseri
1869 1013 2136 1062 praedicantur?
2157 1012 2228 1058 γω,
2251 1013 2372 1060 inquit,
2389 1013 2533 1058 divitibus;

1502 1086 1540 1118 et
1558 1079 1701 1125 iterum,
1727 1078 1788 1116 Vae
1800 1078 1858 1127 qui
1881 1078 2059 1124 conﬁdunt
2080 1077 2117 1114 in
2134 1077 2253 1114 uirtute
2264 1087 2336 1119 sua,
2355 1082 2382 1113 et
2399 1077 2431 1113 in
2441 1078 2534 1114 multi-

1504 1142 1624 1179 tudine
1636 1141 1823 1178 diuitiarun
1836 1151 1979 1178 suarum
1993 1139 2183 1188 gloriantur
2195 1137 2292 1189 (Luc.
2304 1137 2534 1176 6.24.Psal.l8.

1505 1208 1528 1244 6
1543 1206 1571 1256 ).
1608 1206 1836 1245 Christianus
1867 1213 2062 1252 numquam
2079 1214 2124 1242 ex
2151 1202 2308 1252 principe
2324 1201 2462 1250 privatus
2475 1201 2538 1239 citi-

1506 1270 1614 1313 citur,
1633 1279 1702 1307 nec
1719 1279 1857 1317 pauper
1869 1278 1914 1306 ex
1930 1267 2057 1312 divite,
2072 1276 2141 1304 nec
2157 1275 2202 1304 ex
2219 1264 2536 1314 gloriosoinglnrius;

1507 1332 1573 1370 sed
1604 1333 1640 1370 in
1661 1332 1798 1370 divitiis
1825 1337 1950 1369 manet
1967 1330 2076 1368 etiam
2096 1339 2179 1367 cum
2203 1328 2386 1374 mendicat,
2405 1335 2436 1366 et
2452 1328 2540 1374 erigi-

1509 1402 1570 1435 tur
1581 1406 1665 1434 cum
1684 1405 1768 1434 sese
1785 1395 1994 1444 deprimere
2011 1393 2156 1442 satagit,
2175 1399 2211 1430 et
2231 1403 2331 1436 eum,
2353 1402 2447 1440 quem
2465 1391 2541 1428 obti-

1511 1459 1853 1508 net,principatum,
1867 1469 1941 1496 non
1959 1458 2163 1503 hominum,
2181 1456 2244 1496 sed
2277 1456 2478 1504 principum,
2495 1455 2544 1503 qui

1512 1529 1598 1562 sunt
1624 1523 1692 1560 sub
1710 1529 1891 1571 potestate
1919 1522 2074 1560 rectoris
2101 1521 2346 1565 tenebrarum,
2362 1519 2467 1557 nullus
2489 1519 2542 1566 ipsi

1514 1593 1634 1635 potest
1648 1585 1807 1624 auferre.
1839 1585 2016 1634 Legitima
2049 1595 2108 1622 res
2132 1590 2188 1623 est
2217 1583 2431 1632 coniugium,
2450 1581 2480 1619 id
2493 1591 2546 1629 ego

1514 1650 1717 1695 conﬁteor;
1740 1648 1954 1686 Honorabile
1965 1648 2062 1686 enim
2077 1654 2126 1685 est
2139 1646 2352 1691 connubium,
2361 1651 2392 1683 et
2405 1650 2486 1682 torus
2494 1644 2546 1679 im-

1515 1713 1710 1750 mncnlatns
1730 1723 1743 1750 :
1761 1713 1986 1760 fornicatores
2015 1719 2130 1748 autem
2157 1717 2188 1749 et
2217 1709 2382 1746 adulteros
2408 1705 2552 1756 judicatit

1517 1777 1614 1815 Dens
1645 1778 1658 1824 (
1680 1777 1768 1814 Heb.
1784 1777 1844 1814 1'5.
1865 1775 1918 1825 4).
1956 1775 2028 1814 Sed
2049 1775 2112 1812 tibi
2139 1774 2212 1822 jam
2239 1783 2309 1810 non
2327 1776 2378 1810 est
2403 1771 2549 1817 integrum

1515 1840 1597 1888 jura
1625 1839 1798 1878 connubii
1825 1849 1987 1878 servare.
2024 1839 2115 1876 Eum
2151 1837 2266 1881 enim,
2287 1835 2345 1884 qui
2370 1833 2469 1872 semel
2492 1842 2551 1870 cae-

1521 1903 1603 1941 lesti
1641 1912 1778 1951 sponso
1808 1903 1958 1951 junctus
1990 1908 2076 1946 est,
2110 1902 2141 1939 si
2177 1900 2222 1938 ab
2252 1909 2296 1936 eo
2331 1897 2499 1935 divellatur
2525 1901 2554 1930 et

1519 1977 1672 2006 uxorem
1707 1966 1840 2013 ducat,
1873 1967 2093 2005 adulterium
2136 1965 2298 2003 amittere
2333 1966 2458 2000 certum
2487 1963 2554 2001 est.

1521 2030 1688 2080 quamvis
1720 2030 1854 2068 millies
1883 2029 1953 2068 hoc
1997 2030 2114 2078 ipsum
2151 2027 2290 2076 nuptias
2325 2032 2456 2067 voces;
2497 2020 2557 2056 imo

1521 2093 1560 2132 id
1597 2100 1696 2132 tanto
1725 2094 1870 2142 gravius
1899 2092 2080 2131 adulterio
2112 2097 2180 2136 est,
2207 2093 2336 2138 quanto
2363 2082 2558 2134 pmstantior

1525 2156 1623 2194 Deus
1649 2156 1813 2195 homine.
1833 2155 1888 2194 Ne
1907 2155 1989 2204 quis
2011 2161 2045 2193 te
2059 2153 2215 2202 decipiat
2233 2151 2353 2189 dicens
2373 2161 2382 2186 :
2401 2154 2529 2184 uxorem
2548 2143 2558 2164 ⁸

1523 2219 1660 2258 ducere
1688 2229 1763 2256 non
1795 2224 1896 2256 vetat
1923 2203 2035 2256 (Deus.
2064 2217 2103 2254 ld
2133 2225 2199 2264 ego
2228 2221 2363 2262 quoque
2390 2209 2481 2252 novi;
2507 2203 2560 2243 ⁵εά

1525 2282 1742 2320 adulterium
1770 2281 1971 2331 prohibuit,
2005 2280 2101 2330 quod
2132 2286 2169 2316 tu
2199 2277 2382 2315 admittere
2409 2269 2560 2309 volebas:

1525 2350 1623 2398 quod
1642 2349 1752 2395 absit,
1772 2355 1812 2387 ut
1839 2349 2010 2386 nimirum
2029 2344 2210 2385 connubio
2235 2339 2389 2392 iungaris
2404 2342 2561 2383 umquam.

1527 2411 1667 2461 Ecquid
1693 2411 1841 2450 miraris
1857 2411 1888 2449 si
1905 2410 2044 2458 nuptiae
2075 2418 2141 2456 pro
2158 2405 2330 2444 adulterio
2360 2401 2562 2449 repetantur.

1527 2477 1674 2526 quando
1702 2475 1948 2514 contemnitur
1976 2473 2099 2512 Deus?
2115 2470 2240 2510 Caedes
2270 2467 2313 2505 ad
2336 2462 2490 2514 justitiam
2515 2466 2563 2494 re-

1528 2520 1652 2588 putata
1667 2545 1737 2586 est,
1759 2543 1796 2576 et
1809 2535 2014 2574 humanitas
2033 2533 2112 2582 plus
2129 2542 2234 2580 quam
2248 2525 2464 2568 homicidium
2480 2520 2564 2559 dant-

1530 2609 1614 2640 nata
1641 2602 1728 2646 fuit;
1747 2590 1919 2649 quoniam
1951 2598 2013 2636 illa
2034 2607 2080 2635 ex
2110 2593 2286 2634 sententia
2315 2589 2389 2633 Dei,
2414 2587 2481 2624 haec
2496 2590 2566 2619 vero

1531 2667 1596 2706 illo
1626 2665 1842 2715 prohibente
1865 2661 2028 2701 exhibita
2048 2666 2117 2698 est.
2137 2659 2185 2697 Et
2214 2656 2355 2695 Phinea:
2372 2650 2500 2700 quidem
2520 2655 2567 2682 re-

1532 2711 1697 2780 putatum
1715 2734 1772 2767 est
1788 2727 1832 2765 ad
1845 2725 2038 2775 justitiam,
2055 2723 2152 2772 quod
2171 2720 2394 2760 fornicantem
2411 2711 2566 2752 mulierem

1533 2805 1616 2832 cum
1648 2797 1850 2831 scortatore
1886 2789 2130 2832 contodisset;
2163 2783 2306 2824 Saulem
2341 2787 2422 2818 vero
2451 2778 2568 2813 sanctus

1535 2857 1602 2896 Dei
1620 2854 1782 2899 Samuel,
1802 2853 1840 2891 in
1867 2852 1969 2896 ﬁetu,
1998 2852 2097 2888 luctu
2115 2855 2152 2888 et
2171 2846 2334 2896 precibus
2353 2849 2442 2888 saepe
2465 2843 2569 2884 perno-

1537 2926 1656 2963 ctans,
1677 2927 1749 2956 non
1768 2915 1887 2965 potuit
1901 2925 1921 2952 a
1939 2912 2186 2955 damnatione,
2198 2917 2304 2958 quam
2323 2905 2412 2943 Deus
2427 2899 2568 2938 adversus

1537 2984 1656 3032 ipsum
1679 2979 1997 3030 pronuntiaverat,
2017 2977 2177 3024 eripere;
2197 2972 2278 3020 quia
2297 2977 2411 3016 regem
2427 2958 2570 3004 alienige-

1537 3055 1683 3090 narum,
1705 3053 1812 3092 quem
1841 3041 2003 3079 occisum
2023 3040 2256 3086 oportuerat,
2285 3036 2408 3080 prmler
2433 3024 2486 3063 Dei
2503 3029 2570 3057 scn-

1539 3107 1692 3150 tentiam
1713 3105 1830 3142 salute
1856 3101 2019 3141 donavit.
2040 3083 2078 3138 Si
2098 3108 2186 3146 ergo
2210 3093 2406 3133 humanitas
2429 3083 2572 3150 majorem

1540 3181 1648 3220 quam
1669 3168 1788 3208 caades
1816 3165 2090 3204 damnationem
2110 3141 2237 3205 iniert,
2258 3157 2338 3206 quia
2355 3154 2423 3190 Deo
2443 3156 2503 3186 non
2519 3141 2572 3178 ob-

1542 3238 1765 3279 temperatur
1785 3243 1795 3268 :
1817 3228 1904 3276 quid
1925 3227 2059 3264 mirum
2081 3225 2111 3262 si
2129 3222 2262 3271 nuptiae
2289 3215 2474 3268 graviorem
2489 3211 2575 3252 αυθηι

1542 3295 1761 3334 adulterium
1777 3291 2050 3330 damnationem
2070 3269 2239 3331 inferant,
2261 3279 2398 3332 quando
2412 3269 2578 3319 despicitur

1543 3355 1733 3397 Christus?
1752 3354 1856 3398 Nam,
1878 3359 1918 3391 ut
1935 3353 2039 3390 initio
2055 3350 2220 3390 dicebam
2239 3359 2248 3384 :
2270 3346 2300 3384 si
2321 3342 2467 3392 privatus
2479 3339 2578 3396 esses:

1511 3450 1515 3453 .
1545 3431 1652 3460 nemo
1670 3427 1706 3458 te
1731 3418 1888 3456 deserta:
1916 3415 2058 3454 militiai
2077 3415 2285 3454 accusaret;
2305 3413 2394 3444 nunc
2411 3405 2516 3438 autem
2538 3388 2580 3427 lui

1543 3486 1636 3536 juris
1661 3495 1731 3522 non
1753 3493 1792 3520 es
1822 3481 2000 3528 amplius,
2019 3479 2081 3527 qui
2099 3482 2198 3514 tanto
2228 3465 2425 3520 imperatori
2454 3459 2582 3498 mililzll'e

1546 3551 1703 3598 cmpisti.
1721 3547 1864 3586 Etenim
1883 3545 1914 3583 si
1933 3525 2062 3582 mulier
2075 3541 2130 3578 sui
2143 3536 2304 3585 corporis
2317 3531 2511 3596 potestatem
2525 3525 2583 3584 non

1547 3614 1680 3657 habet,
1701 3611 1764 3650 sed
1783 3611 1850 3655 vir,
1869 3609 1982 3647 multo
2000 3605 2116 3653 magis
2133 3603 2193 3651 qui
2213 3601 2332 3638 vivunt
2348 3595 2382 3632 in
2399 3587 2584 3657 Chrif‘lotf“:

1547 3642 1680 3657 .........,
1701 3642 1764 3650 ,νυ
1869 3642 1978 3647 ___._-
2001 3642 2021 3644 η
2061 3642 2081 3653 υ
2144 3642 2154 3651 _

1547 3676 1712 3724 corporis
1738 3678 1954 3722 potestatem
1984 3679 2056 3706 non
2075 3666 2228 3704 habeant
2248 3661 2298 3710 (l.
2324 3657 2400 3724 Cen
2468 3642 2584 3724 “:9”:

1550 3706 1711 3724 mre..-
1739 3706 1952 3722 r--‘_-__-__,,
2254 3706 2260 3710 ,

1550 3748 1648 3775 nunc
1669 3735 1928 3777 contemnitur,
1948 3732 2025 3780 ipse
2051 3735 2106 3768 est
2123 3727 2182 3776 qui
2204 3731 2286 3762 tunc
2300 3713 2462 3768 judicabit
2479 3720 2488 3746 :
2507 3706 2586 3780 hunc.

1550 3808 1697 3846 semper
1733 3804 1880 3845 cogita,
1923 3803 2064 3832 necnon
2107 3789 2253 3828 ﬂuvium
2303 3781 2397 3819 illum
2441 3770 2586 3820 iunctim?

1596 3918 1607 3932 ι
1631 3909 1727 3944 savd.
1749 3907 1782 3940 in
1799 3905 1960 3948 margine,
1978 3906 2113 3936 uxorem
2125 3891 2307 3939 legitimam.
