3896 6168
370 385 473 441 313

367 500 616 563 Flavius,
659 498 862 570 inquit,
907 497 1083 569 igneus
1131 494 1356 550 trahebat
1406 495 1459 548 in
1514 502 1780 561 conspectu
1830 492 1940 562 ejus

367 593 527 662 (Dan.
563 591 616 646 7.
651 590 740 662 10)
775 609 788 645 :
818 592 906 662 qui
949 591 1090 647 enim
1118 589 1283 646 semel
1331 588 1435 661 igni
1481 587 1703 642 traditus
1739 586 1804 640 ab
1849 585 1942 640 illo

367 685 545 751 fuerit,
575 681 776 738 nullum
808 690 984 752 potest
1009 681 1253 752 supplicii
1281 694 1497 750 sperare
1526 677 1706 732 linem.
1734 675 1804 730 Et
1840 675 1941 730 ab-

368 776 545 832 surda:
562 775 774 846 quidem
793 775 916 830 vitae
929 773 1226 844 voluptates
1253 771 1380 826 nihil
1407 769 1473 825 ab
1492 768 1698 825 umbris
1721 776 1776 824 et
1795 783 1941 824 som—

368 869 468 923 niis
516 866 809 921 dill'erunt:
856 865 1164 935 priusquam
1213 863 1354 918 enim
1401 867 1618 930 peccata
1666 858 1732 912 ad
1781 859 1940 912 linem

366 958 718 1022 deducantur,
738 955 1020 1010 delectatio
1035 953 1317 1022 voluptatis
1337 949 1720 1020 exstinguitur;
1739 946 1942 1017 suppli-

365 1053 446 1106 cia
465 1065 592 1105 vero
610 1049 674 1104 iis
692 1043 950 1104 destinata
982 1045 1184 1100 nullum
1204 1045 1402 1100 habent
1429 1043 1732 1098 terminum.
1751 1039 1943 1096 Suavi-

367 1153 451 1198 tas
469 1141 556 1196 illa
584 1139 896 1196 brevissima
925 1147 1025 1203 est,
1051 1136 1316 1192 cruciatus
1335 1143 1586 1190 aeternus.

436 1232 592 1292 Nihil
613 1233 667 1286 in
693 1231 879 1285 mundo
917 1229 1114 1284 stabile.
1135 1258 1207 1268 —
1239 1228 1336 1282 Dic
1382 1225 1549 1293 mihi,
1593 1223 1719 1295 quid
1760 1222 1812 1279 in
1842 1222 1946 1278 hoc

366 1323 568 1381 mundo
605 1322 796 1380 stabile
841 1321 962 1378 est?
1002 1322 1084 1376 An
1129 1306 1357 1386 divitim,
1405 1333 1526 1387 qua:
1579 1331 1722 1387 stupe
1771 1332 1837 1371 ne
1878 1315 1946 1370 ad

368 1432 648 1488 vesperam
689 1414 902 1486 quidem
945 1427 1113 1484 usque
1155 1411 1411 1466 manent?
1435 1408 1571 1464 Num
1617 1407 1821 1478 gloria?
1849 1406 1944 1462 sed

364 1508 489 1563 audi
513 1508 713 1577 justum
740 1504 1024 1576 quemdam
1051 1503 1224 1558 virum
1253 1501 1551 1556 dicentem:
1592 1497 1709 1554 Vita
1732 1515 1842 1554 mea
1865 1513 1947 1551 ve-

367 1601 526 1653 locior
547 1607 621 1652 est
656 1613 858 1652 cursore
890 1594 1008 1667 (Job
1046 1594 1102 1652 9.
1138 1592 1254 1664 25).
1301 1592 1448 1648 Sicut
1486 1591 1626 1647 enim
1680 1589 1754 1644 illi
1797 1590 1951 1658 priut'

367 1703 526 1757 quam
552 1688 798 1743 steterint
826 1687 1097 1748 exsiliunt,
1129 1684 1200 1764 ita
1226 1691 1282 1739 et
1307 1682 1423 1737 brec
1452 1681 1628 1738 evolat
1663 1688 1945 1749 antequam

366 1779 565 1833 veniat.
588 1777 727 1832 Nihil
751 1777 926 1832 anima
952 1775 1237 1846 pretiosius
1260 1781 1343 1829 est
1370 1791 1384 1826 :
1413 1771 1554 1842 quod
1582 1787 1649 1826 ne
1671 1770 1704 1827 ii
1732 1771 1944 1842 quidem

365 1873 634 1944 ignorant,
665 1871 755 1940 qui
784 1869 852 1924 ad
895 1877 1195 1925 extremum
1238 1865 1556 1936 insipientia:
1594 1864 1943 1920 devenerunt.

365 1965 563 2020 Animae
579 1964 708 2020 nihil
727 1963 1030 2033 cequandum
1050 2002 1065 2026 ,
1090 1961 1164 2016 ait
1191 1958 1402 2030 quidam
1429 1964 1741 2015 exterorum
1766 1964 1944 2026 poeta.

363 2055 497 2112 Novi
526 2065 580 2111 te
605 2054 762 2126 longe
804 2052 1153 2108 inﬁrmiorem
1182 2037 1250 2107 ad
1279 2059 1549 2106 certamen
1575 2056 1761 2106 contra
1790 2046 1944 2101 mali-

363 2163 526 2218 gnum
548 2146 783 2202 evasisse
815 2162 829 2199 :
855 2143 981 2200 novi
1006 2152 1060 2198 te
1086 2143 1138 2198 in
1164 2141 1338 2198 media
1362 2141 1691 2209 voluptatum
1731 2137 1945 2193 ﬂamma

363 2241 586 2296 versari.
614 2239 720 2296 Sed
747 2240 791 2293 si
817 2238 1030 2292 inimico
1053 2235 1287 2292 dixeris:
1313 2231 1683 2306 Voluptatibus
1709 2229 1814 2286 tuis
1838 2244 1943 2286 non

361 2331 659 2391 servimus.
697 2328 933 2384 omnium
977 2326 1238 2382 malorum
1275 2333 1487 2380 tuorum
1548 2321 1782 2376 radicem
1838 2334 1944 2373 non

362 2421 684 2485 adoramus;
737 2422 782 2475 si
830 2433 1044 2473 sursum
1097 2415 1282 2472 oculos
1336 2411 1625 2477 extuleris,
1675 2409 1942 2488 ﬂammam

363 2529 509 2570 nunc
535 2513 779 2570 Salvator
805 2511 1048 2567 excutiet
1084 2523 1281 2578 eosque
1309 2507 1400 2578 qui
1438 2514 1490 2561 te
1517 2505 1568 2560 in
1601 2502 1776 2574 ignem
1810 2515 1943 2556 con-

361 2607 609 2676 iecerunt
652 2603 962 2668 comburet;
1007 2600 1103 2655 tibi
1139 2606 1323 2666 autem
1364 2597 1415 2652 in
1460 2594 1637 2658 medio
1677 2591 1940 2658 fornacis,

363 2698 584 2764 nubem,
611 2710 788 2751 rorem
814 2702 868 2751 et
892 2692 1193 2750 sibilantem
1223 2702 1406 2744 auram
1432 2686 1635 2751 mittet;
1665 2683 1734 2739 ita
1765 2691 1823 2740 ut
1847 2695 1946 2738 nec

363 2791 713 2862 cogitationes
756 2803 857 2844 nec
897 2783 1278 2842 conscientiam
1324 2789 1467 2836 tuam
1506 2778 1645 2850 ignis
1681 2775 1942 2845 attingat:

367 2891 571 2940 tantum
601 2895 672 2938 ne
700 2879 926 2948 teipsum
957 2875 1230 2934 incendas.
1262 2871 1471 2932 Atenim
1501 2869 1662 2926 urbes
1689 2863 1941 2930 munitas,

367 2989 500 3044 quas
523 2987 622 3028 nec
662 2971 764 3027 tela
805 2982 906 3026 nec
935 2965 1195 3022 machina:
1244 2959 1601 3018 obsidentium
1641 2967 1945 3025 expugnare

366 3071 687 3135 potuerant,
714 3075 858 3130 sarpe
884 3059 1040 3115 unius
1067 3057 1366 3112 duorumve
1402 3051 1594 3108 civium
1623 3049 1764 3106 intus
1793 3045 1946 3101 habi-

369 3153 591 3210 tantium
620 3151 917 3221 proditione
956 3147 1104 3204 nullo
1146 3145 1360 3218 negotio
1399 3143 1452 3198 in
1492 3156 1680 3198 manus
1710 3137 1944 3195 hostium

363 3246 717 3302 devenerunt.
747 3243 816 3299 Et
844 3255 984 3298 nunc
1003 3240 1047 3296 si
1075 3239 1218 3296 nulla
1243 3245 1296 3294 te
1333 3237 1477 3292 intus
1503 3233 1672 3304 posita
1697 3230 1946 3302 cogitatio

369 3337 578 3406 prodat,
620 3337 831 3392 etiamsi
859 3342 1140 3391 sexcentas
1187 3331 1318 3386 foris
1364 3328 1637 3386 machinas
1682 3325 1946 3395 malignus

368 3430 460 3486 ille
478 3429 792 3494 admoverit,
819 3426 871 3481 id
898 3427 1093 3481 frustra
1127 3422 1367 3479 teutabit.

438 3523 491 3578 ι.
526 3520 678 3574 Multi
700 3519 954 3574 Theodori
983 3517 1135 3571 vicem
1157 3513 1408 3569 dolebant.
1423 3544 1492 3554 —
1512 3510 1706 3567 Multos
1733 3523 1827 3578 per
1850 3506 1946 3562 Dei

369 3614 590 3684 gratiam
624 3625 952 3682 magnosque
979 3609 1122 3664 viros
1144 3607 1330 3669 habes,
1363 3605 1451 3674 qui
1479 3604 1648 3658 vicem
1681 3609 1823 3655 tuam
1853 3597 1940 3652 do-

369 3708 500 3769 lent,
526 3707 614 3776 qui
639 3715 690 3760 te
711 3703 1080 3764 cohortantur,
1109 3708 1162 3755 et
1185 3712 1281 3766 pro
1309 3697 1484 3750 anima
1510 3702 1598 3748 tua
1626 3689 1944 3752 formidant;

370 3806 612 3854 sanctum
660 3809 854 3870 nempe
898 3793 990 3847 Dei
1039 3790 1310 3846 Valerium
1337 3789 1390 3854 ί,
1441 3786 1606 3856 ipsius
1643 3779 1948 3837 omnimode

370 3889 590 3944 fratrem
634 3876 1002 3951 Florentium,
1031 3881 1356 3951 sapientem,
1405 3886 1458 3933 et
1495 3875 1708 3947 quidem
1749 3871 1949 3928 Christi

371 3979 653 4052 sapientia,
682 3975 1058 4048 Porphyrium,
1090 3973 1391 4041 multosque
1417 3969 1571 4022 alios.
1602 3966 1668 4022 Hi
1711 3963 1949 4035 quotidie

373 4073 637 4143 lugentes,
667 4069 871 4124 nullum
914 4065 1166 4138 precandi
1215 4064 1372 4118 linem
1413 4061 1630 4126 faciunt,
1669 4067 1723 4114 et
1746 4056 1950 4126 jamdiu

375 4175 550 4234 optata
577 4160 889 4232 consequuti
913 4166 1114 4222 essent,
1159 4155 1204 4212 si
1242 4154 1326 4208 vel
1353 4151 1621 4224 paululum
1672 4158 1723 4205 te
1750 4147 1950 4204 inimici

376 4255 619 4310 manibus
659 4251 973 4309 subtrahere
999 4249 1284 4304 voluisses.
1317 4243 1594 4311 Quomodo
1642 4241 1802 4311 igitur
1843 4254 1950 4294 non
1989 4299 1994 4304 ,

375 4347 663 4403 absurdum
702 4344 880 4403 fuerit.
911 4342 1036 4397 dum
1063 4340 1150 4394 alii
1198 4338 1264 4392 de
1306 4336 1476 4390 salute
1506 4344 1591 4388 tua
1627 4347 1732 4387 non
1759 4331 1952 4398 despec

375 4450 515 4505 rant,
548 4448 602 4494 et
629 4448 688 4492 ut
730 4436 1026 4492 membrum
1073 4431 1332 4500 recipiant
1375 4443 1526 4483 suum
1572 4423 1783 4480 assidue
1829 4438 1952 4493 pre-

377 4541 586 4594 cantur,
617 4539 668 4584 te
696 4527 862 4582 semel
894 4528 1100 4595 lapsum
1123 4523 1265 4578 nolle
1293 4533 1571 4589 resurgere
1592 4558 1606 4582 ,
1639 4515 1732 4571 sed
1751 4515 1950 4584 jacere,

376 4637 440 4676 ac
467 4619 850 4692 prapemodum
895 4617 1104 4672 hostem
1141 4613 1224 4668 his
1253 4611 1473 4665 vocibus
1511 4607 1780 4664 cohortari
1809 4624 1823 4660 :
1854 4603 1956 4658 Oc-

376 4715 518 4778 cide,
551 4721 789 4782 percute.
823 4725 890 4764 ne
916 4708 1141 4779 pareas?
1175 4705 1435 4775 Numquid
1460 4702 1545 4772 qui
1572 4701 1728 4763 cadit,
1757 4716 1856 4752 non
1879 4715 1958 4751 re-

378 4816 549 4876 surget
578 4805 707 4876 (Jer.
733 4804 786 4858 8.
817 4801 914 4872 5)?
945 4800 1112 4870 inquit
1135 4798 1371 4853 divinum
1402 4793 1694 4850 oraculum.
1724 4791 1801 4846 Tu
1831 4804 1958 4844 vero

380 4897 505 4950 huic
535 4908 797 4965 repugnas
821 4900 876 4949 et
899 4888 1220 4947 contradicis
1253 4906 1266 4942 :
1291 4903 1412 4941 nam
1440 4887 1644 4955 lapsum
1673 4882 1958 4952 desperare

381 4990 512 5044 nihil
538 4987 678 5041 aliud
703 4994 787 5042 est
828 4999 984 5056 quam
1017 4982 1217 5046 dicere,
1245 4979 1345 5047 Qui
1375 4977 1518 5033 cadit
1546 4993 1650 5030 non
1695 4980 1956 5043 resurget.

381 5080 480 5146 Nc,
508 5093 712 5149 quzrso,
744 5092 811 5132 ne
836 5089 1004 5144 usque
1029 5071 1165 5127 adeo
1192 5071 1417 5139 teipsum
1447 5067 1630 5132 laedas,
1662 5081 1730 5121 nc
1756 5074 1957 5118 tantum

385 5172 538 5227 nobis
559 5169 796 5224 dolorem
837 5163 1102 5220 infundas.
1134 5160 1250 5217 Non
1279 5160 1401 5214 dico
1437 5172 1598 5220 nunc,
1627 5154 1840 5226 quando
1862 5170 1958 5207 an-

384 5278 510 5317 num
535 5260 844 5315 vicesimum
891 5255 1115 5312 necdum
1146 5254 1298 5323 agis:
1341 5249 1436 5306 sed
1477 5249 1634 5304 etiam
1677 5247 1721 5300 si
1767 5246 1962 5300 multos

383 5367 557 5406 artutos
577 5365 826 5405 emensus
853 5363 1002 5404 esses
1025 5388 1039 5410 ,
1073 5355 1127 5401 et
1150 5353 1270 5416 post
1297 5350 1534 5398 exactam
1563 5341 1613 5393 in
1643 5336 1854 5393 Christo
1882 5347 1960 5390 to-

388 5454 492 5497 tam
521 5441 716 5505 vitam,
750 5440 802 5494 in
843 5447 1078 5494 extrema
1109 5441 1380 5510 senectute
1418 5431 1555 5486 hanc
1590 5444 1778 5498 passus
1817 5442 1962 5482 esses

387 5533 768 5597 calamitatem,
803 5545 869 5584 ne
899 5538 1022 5584 tunc
1052 5527 1264 5598 quidem
1292 5521 1709 5592 desperandum,
1743 5518 1834 5572 sed
1869 5533 1962 5572 co-

387 5622 660 5694 gitandum
690 5636 809 5676 esse
858 5621 924 5674 de
962 5620 1198 5680 latrone,
1231 5615 1317 5685 qui
1367 5615 1420 5667 in
1466 5627 1621 5666 cruce
1648 5607 1964 5678 justiﬁealus

457 5827 469 5856 '
509 5821 671 5884 ξ-ειτιι.²
705 5815 1004 5870 Ηῖίιὲιίνέιιηι.
1048 5825 1126 5864 nu
1167 5821 1288 5874 atas,
1323 5806 1610 5861 I‘halcrium.

1518 375 1611 431 ao
1651 371 2070 431 meoooauu
2111 334 2398 430 Laesum.
2438 375 2500 430 ιι.

3445 426 3452 434 .
3519 381 3619 436 3ιό

2047 498 2164 554 est,
2209 490 2382 561 deque
2426 491 2523 558 iis,
2573 495 2660 564 qui
2715 496 2991 554 undecima
3040 498 3169 554 hora
3220 501 3452 571 aggressi
3500 513 3623 558 sunt

2050 594 2183 650 Opus
2213 591 2265 636 et
2294 584 2462 637 totius
2479 583 2582 640 dici
2628 587 2926 642 mercedem
2956 600 3295 659 acceperunt.
3326 589 3397 646 Ut
3438 599 3616 647 autem

2048 672 2247 729 bonum
2300 689 2405 728 non
2453 685 2538 731 est
2580 691 2714 744 eos,
2767 677 2856 748 qui
2914 677 2967 732 in
3018 691 3257 735 extremo
3319 683 3440 737 vitm
3484 683 3618 754 lapsi
3657 672 3686 763 εἷ’

2049 777 2208 833 sunt,
2259 768 2544 838 desperare
2575 811 2592 838 ,
2654 771 2697 826 si
2762 778 2938 828 tamen
3006 775 3361 844 resipiscant:
3399 775 3469 830 ita
3515 794 3623 833 non

2050 865 2218 914 tutum
2265 869 2346 915 est
2394 859 2494 918 hac
2517 877 2613 931 spe
2657 864 2823 918 teneri
2869 879 2932 919 ac
2976 864 3154 920 dicere
3207 885 3220 922 :
3263 867 3360 922 llic
3407 869 3619 938 quidem

2051 948 2252 1006 interea
2310 951 2432 1005 vita:
2481 951 2841 1021 voluptatibus
2897 952 3068 1020 fruar,
3121 965 3392 1024 postremo
3440 967 3615 1016 autem

2049 1043 2196 1099 brevi
2247 1044 2430 1101 labore
2481 1046 2641 1102 totius
2685 1047 2938 1117 temporis
2986 1047 3285 1104 mercedem
3337 1049 3614 1121 accipiam.

2048 1133 2264 1190 Memini
2303 1152 2532 1206 namque
2577 1145 2629 1192 te
2653 1152 2794 1208 saepe
2839 1137 3056 1207 dixisse,
3083 1153 3202 1195 cum
3235 1140 3384 1196 multi
3413 1149 3462 1197 te
3493 1141 3620 1196 hor.

2051 1233 2287 1281 taremur
2312 1236 2368 1281 ιιι
2395 1243 2575 1283 musca
2619 1229 2980 1298 frequentares
3009 1246 3023 1283 :
3066 1229 3202 1298 Quid
3232 1247 3379 1295 vero,
3402 1233 3446 1288 si
3475 1233 3622 1289 brevi

2050 1326 2288 1388 tempore
2329 1319 2469 1373 male
2510 1319 2671 1374 vitam
2712 1319 2944 1374 obeam?
2971 1319 3238 1391 quomodo
3262 1321 3418 1376 adibo
3470 1322 3620 1378 illum

2049 1408 2137 1479 qui
2163 1407 2294 1464 dixit
2325 1426 2338 1461 :
2369 1407 2452 1463 Ne
2476 1410 2640 1463 tardes
2665 1411 2882 1465 converti
2902 1411 2972 1464 ad
3020 1410 3310 1479 Dominum,
3339 1429 3496 1484 neque
3515 1414 3623 1484 dif-

2049 1501 2183 1570 feras
2212 1501 2274 1554 de
2299 1500 2381 1554 die
2403 1502 2455 1555 in
2503 1501 2632 1555 diem
2664 1500 2868 1574 (Eccli.
2897 1503 2950 1558 5.
2977 1502 3010 1558 8
3036 1501 3056 1573 )
3087 1503 3110 1556 τ
3164 1503 3310 1558 Hanc
3349 1505 3623 1574 cogitatio-

2049 1607 2169 1646 nem
2196 1599 2398 1661 repete,
2423 1601 2475 1647 et
2496 1592 2662 1647 furem
2693 1593 2817 1648 time
2841 1611 2857 1659 ;
2887 1595 2960 1648 ita
2990 1595 3130 1649 enim
3152 1594 3394 1652 Christus
3419 1596 3620 1652 exitum

2049 1696 2112 1737 ex
2144 1682 2243 1737 hac
2262 1683 2365 1737 vita
2391 1691 2631 1740 nostrum
2645 1693 2817 1749 vocat,
2837 1699 2902 1740 eo
2925 1685 3065 1755 quod
3093 1687 3456 1757 ignorantibus
3477 1688 3620 1744 acci-

2048 1777 2158 1831 dat.
2203 1777 2399 1832 Tecum
2449 1786 2631 1850 reputa
2681 1777 2838 1852 hujus
2880 1779 3002 1833 vita:
3054 1779 3458 1844 sollicitudines,
3507 1787 3619 1836 tum

2048 1868 2264 1939 singulis
2283 1869 2543 1939 pr0prias,
2571 1879 2680 1924 tum
2709 1869 2946 1940 pluribus
2970 1885 3297 1934 communes.
3325 1870 3619 1942 principum

2047 1969 2268 2025 metum,
2293 1961 2484 2016 civium
2508 1960 2865 2028 invldiam,de
2905 1977 3112 2017 summa
3155 1977 3334 2018 rerum
3372 1961 3626 2033 frequens.

2048 2049 2363 2122 perieulum,
2396 2052 2657 2117 miserias,
2713 2052 3042 2108 adulationes
3087 2053 3326 2120 serviles,
3357 2053 3463 2110 imo
3493 2055 3622 2125 ipsis

2048 2144 2235 2210 servis,
2265 2143 2309 2201 si
2338 2144 2485 2214 probi
2502 2144 2714 2216 quidem
2735 2145 2858 2209 sint,
2890 2144 3151 2216 indignas,
3181 2146 3354 2216 cogita
3381 2145 3619 2201 laborum

2048 2237 2274 2294 fructum
2304 2237 2390 2294 hic
2423 2238 2660 2306 interire,
2717 2253 2824 2309 quo
2861 2237 2988 2308 quid
3033 2238 3386 2295 miserabilius
3423 2237 3620 2294 fuerit?

2045 2330 2192 2388 Multi
2230 2331 2387 2386 etiam
2426 2329 2662 2386 laborum
2709 2330 2934 2386 fructum
2966 2331 3239 2402 percipere
3291 2345 3396 2386 non
3434 2338 3623 2401 potue-

2045 2433 2206 2483 runt:
2238 2425 2330 2480 sed
2389 2434 2666 2495 postquam
2715 2428 2938 2494 primam
2990 2434 3200 2480 :etatem
3238 2424 3522 2480 sudoribus
3569 2434 3624 2479 et

2045 2515 2294 2586 periculis
2315 2516 2721 2585 insumpserunt,
2747 2529 2866 2570 cum
2892 2529 2951 2570 se
2979 2513 3277 2569 mercedem
3314 2498 3657 2582 accepturos.

2047 2612 2344 2679 sperarent,
2371 2604 2742 2660 abscesserunt
2777 2603 2909 2659 nihil
2938 2619 3117 2660 secum
3146 2603 3454 2660 referentes.
3490 2603 3624 2660 Nam

2047 2695 2092 2754 si
2118 2703 2384 2752 terrenum
2414 2696 2804 2765 imperatorem,
2846 2695 3004 2751 etiam
3029 2705 3149 2766 post
3177 2694 3338 2751 multa
3368 2696 3629 2766 pericula,

2047 2795 2167 2861 post
2195 2786 2415 2857 plurima
2437 2786 2576 2842 bella
2613 2786 2871 2852 confecta,
2901 2787 2987 2840 vix
3014 2785 3175 2842 audet
3202 2786 3462 2857 quispiam
3500 2799 3624 2840 cum

2048 2877 2236 2934 fiducia
2255 2877 2541 2946 respicere,
2564 2877 2830 2948 quomodo
2844 2877 3107 2933 ctelestcm
3125 2876 3271 2932 illum
3294 2877 3486 2946 poterit
3503 2877 3622 2946 quis

2047 2967 2261 3032 intueri,
2281 2968 2371 3038 qui
2391 2976 2501 3023 toto
2524 2977 2764 3036 tempore
2786 2967 2939 3023 alteri
2962 2967 3174 3033 vixerit,
3193 2966 3345 3022 alteri
3361 2967 3622 3021 militarit?

2117 3058 2172 3115 5.
2205 3058 2286 3114 An
2309 3059 2388 3114 vis
2411 3057 2478 3114 de
2526 3057 2837 3114 domesticis
2862 3057 3026 3123 curis,
3075 3057 3282 3124 uxoris,
3311 3057 3618 3122 liberorum,

2047 3149 2367 3207 famulorum
2389 3149 2644 3221 agamus?
2689 3147 2862 3206 Grave
2877 3156 2960 3204 est
2975 3162 3263 3218 pauperem
3282 3162 3502 3204 uxorem
3520 3147 3624 3201 du-

2024 3233 2210 3305 'xisse.
2229 3255 2392 3311 grave
2415 3240 2797 3310 opulentiorem
2831 3258 2845 3296 :
2875 3239 3098 3294 alterum
3141 3239 3287 3294 enim
3329 3236 3640 3304 facultates,

2047 3332 2276 3388 alterum
2310 3331 2410 3386 viri
2435 3331 2801 3386 auctoritatem
2842 3329 3248 3400 libertatemque
3271 3328 3432 3384 laedit.
3463 3327 3634 3382 Mole-

2049 3430 2188 3474 stum
2213 3428 2297 3475 est
2319 3419 2516 3474 liberos
2531 3418 2849 3488 suscepisse,
2867 3417 3145 3472 molestius
3166 3432 3270 3471 non
3289 3416 3622 3485 suscepisse:

2050 3512 2177 3569 illud
2203 3511 2346 3567 enim
2376 3519 2460 3566 est
2501 3511 2694 3565 frustra
2719 3509 2936 3563 duxisse
2967 3508 3266 3578 conjugem,
3301 3507 3402 3562 hoc
3430 3521 3626 3561 amara:

2050 3603 2289 3660 servituti
2310 3603 2604 3672 subjectum
2625 3616 2766 3657 esse.
2799 3599 3048 3671 Egrotat
3076 3615 3224 3670 puer,
3259 3599 3381 3654 hinc
3414 3613 3519 3654 non
3555 3599 3628 3654 le-

2050 3695 2131 3749 vis
2149 3693 2372 3749 formido
2401 3711 2414 3748 :
2441 3693 2752 3747 immaturus
2798 3691 3048 3758 decessit,
3092 3689 3218 3745 hinc
3242 3705 3347 3745 nou
3385 3689 3628 3745 consola-

2051 3786 2174 3842 bilis
2202 3786 2354 3842 dolor
2385 3803 2400 3841 :
2428 3785 2494 3840 ad
2519 3785 2757 3856 singulos
2776 3784 2946 3839 :etatis
2967 3783 3182 3856 gradus,
3211 3798 3356 3838 cura:
3379 3783 3446 3838 de
3474 3783 3622 3853 ipsis,

2051 3878 2437 3934 sollicitudines
2461 3887 2516 3933 et
2538 3877 2767 3933 labores.
2803 3876 2937 3944 Quid
2965 3877 3033 3931 de
3073 3875 3482 3930 domesticorum
3524 3873 3628 3928 im-

2053 3970 2315 4042 probitate
2340 3969 2623 4024 dicamus?
2652 3966 2900 4023 Hceccine
2951 3967 3055 4022 vita
3083 3975 3184 4031 est,
3213 3965 3511 4026 Theodore.
3538 3964 3628 4019 ubi

2053 4062 2226 4116 anima
2240 4075 2340 4114 una
2359 4061 2409 4115 in
2433 4068 2509 4114 tot
2527 4073 2683 4114 curas
2704 4057 3035 4123 distrahitur,
3061 4064 3139 4111 tot
3173 4056 3358 4117 servit,
3391 4063 3468 4109 tot
3502 4053 3631 4108 vivit

2055 4152 2382 4219 hominibus,
2411 4151 2510 4205 sibi
2561 4150 2882 4220 numquam?
2909 4148 3048 4204 Nihil
3069 4147 3208 4217 apud
3232 4161 3329 4204 uos
3355 4145 3631 4216 hujusmo-

2054 4243 2107 4298 di
2137 4242 2418 4312 reperitur,
2447 4241 2660 4308 dilecte,
2681 4249 2731 4296 te
2763 4249 2948 4296 testem
2988 4239 3218 4309 appello.

2128 4334 2292 4388 Nemo
2343 4333 2466 4388 liber
2509 4341 2600 4394 est,
2642 4332 2738 4386 nisi
2778 4333 2862 4396 qui
2911 4329 3106 4385 Christo
3140 4329 3273 4384 civit.
3323 4327 3436 4384 Una
3481 4325 3632 4382 Cltri-

2056 4427 2220 4480 stiauo
2249 4425 2530 4490 calamitas,
2562 4421 2722 4476 Deum
2753 4420 3023 4488 offendere.
3048 4450 3121 4460 —
3144 4419 3296 4474 Brevi
3314 4418 3512 4490 quippe
3540 4418 3630 4471 illo

2058 4526 2319 4587 tempore,
2366 4532 2472 4587 quo
2499 4531 2565 4570 ex
2588 4513 2829 4569 fluctibus
2881 4527 3154 4583 emergere
3210 4511 3444 4577 voluisti,
3496 4510 3633 4564 nosti

2058 4622 2253 4682 quanta
2278 4611 2478 4672 Iretitia,
2509 4616 2705 4677 quanto
2731 4605 2924 4677 gaudio
2951 4603 3229 4658 fruebaris.
3257 4602 3422 4657 Nemo
3443 4602 3637 4674 quippe

2062 4705 2199 4759 liber
2217 4713 2318 4764 est.
2338 4703 2438 4757 nisi
2461 4701 2547 4772 qui
2565 4699 2777 4754 Christo
2798 4698 2978 4752 vivit’:
3005 4696 3091 4752 hic
3111 4697 3361 4751 omnibus
3383 4695 3638 4750 molestiis

2062 4797 2304 4866 superior
2346 4801 2466 4850 est:
2494 4807 2556 4848 ac
2602 4791 2702 4846 nisi
2746 4791 2979 4861 seipsum
3033 4789 3226 4844 ltedere
3268 4787 3414 4852 velit,
3461 4786 3638 4842 nullus

2065 4894 2199 4949 alius
2218 4892 2269 4947 id
2291 4904 2539 4960 umquam
2564 4887 2756 4960 poterit
2779 4904 2794 4952 ;
2819 4886 2965 4940 nullo
2978 4883 3095 4955 capi
3114 4883 3419 4953 etsuperari
3443 4890 3635 4951 potest,

2064 5000 2170 5040 non
2197 4982 2538 5053 pecuniarum
2585 4980 2790 5049 jactura
2828 4977 3114 5040 cruciatur,
3165 4975 3359 5045 quippe
3386 4972 3474 5043 qui
3499 4969 3637 5025 didi-

2064 5078 2200 5133 cerit
2242 5090 2339 5130 nos
2385 5072 2516 5128 nihil
2557 5072 2610 5126 in
2648 5071 2834 5125 hunc'
2874 5067 3129 5123 mundum
3181 5065 3440 5127 attulisse,
3469 5074 3642 5128 neque

2067 5169 2189 5224 inde
2214 5165 2479 5236 quidpiam
2535 5161 2745 5217 auferre
2773 5175 2930 5231 posse
2955 5175 2969 5225 ;
3002 5173 3107 5212 non
3133 5154 3421 5210 ambitione
3446 5159 3501 5208 et
3526 5150 3643 5220 glo-

2068 5264 2160 5316 ria:
2179 5257 2426 5328 cupidine
2455 5263 2688 5319 tenetur,
2710 5267 2906 5324 gnarus
2927 5247 3384 5306 conversationem
3404 5252 3644 5296 nostram

2071 5354 2122 5406 in
2143 5350 2274 5407 caelo
2300 5364 2446 5405 esse:
2471 5363 2576 5402 non
2595 5343 2845 5401 conviciis
2873 5349 3112 5401 vexatur,
3139 5353 3244 5391 non
3271 5333 3437 5404 plagis
3460 5345 3640 5387 move-

2074 5457 2180 5510 tur;
2196 5459 2298 5498 uua
2318 5441 2618 5497 Christiano
2642 5434 2916 5492 calamitas
2939 5432 3105 5486 Deum
3127 5425 3428 5483 offendere:
3450 5431 3643 5479 caetera

2071 5552 2196 5594 vero
2217 5579 2230 5603 ,
2252 5544 2308 5590 ut
2330 5533 2729 5606 possessionum
2745 5527 3003 5642 Nam
3026 5563 3039 5584 ,
3072 5519 3256 5590 patria:
3282 5517 3647 5582 amissionem,

2098 5675 2150 5736 ’Δί
2189 5669 2528 5736 t'mis_codcx_:
2562 5674 2655 5736 Neu
2672 5669 2740 5731 est
2761 5647 3018 5736 ςηῇίςιοη
3047 5663 3115 5708 est
3141 5654 3274 5710 liber,
3296 5650 3387 5703 nisi
3419 5655 3522 5714 qut.
3550 5668 3648 5702 ma-

2074 5733 2293 5787 trimonio
2320 5726 2558 5792 ἑηυηηηὲδἶ
2579 5721 2926 5792 (ἠτίμηὙίιῇ
2968 5787 2978 5792 Δ
3011 5781 3019 5788 _
3275 5777 3297 5790 ’-

2142 5779 2161 5829 ἱ
2193 5779 2326 5856 vox,
2350 5792 2471 5840 hum
2493 5825 2504 5846 ,
2531 5790 2670 5838 deest
2698 5789 2747 5836 in
2769 5779 2914 5856 favi}?
2936 5787 2986 5830 Ct
3011 5781 3060 5832 in
3086 5796 3178 5833 uno
3201 5779 3382 5832 cedite.
