3896 6168
377 373 480 430 315

379 499 675 544 extremum
703 479 1016 552 periculum,
1047 478 1264 534 neinter
1273 476 1451 548 gravia
1471 475 1682 546 quidem
1700 483 1940 545 reputat;

378 576 620 647 quodque
644 585 829 628 omnes
854 569 1093 636 horrent,
1113 584 1302 638 nempe
1326 567 1522 622 exitum
1550 580 1614 620 ex
1637 565 1735 619 hac
1757 565 1861 618 vita
1892 565 1944 618 in

377 669 555 730 aliam,
582 664 632 718 id
661 664 709 716 ei
767 662 879 731 ipsa
937 663 1040 714 vita
1091 659 1294 712 dulcius
1337 667 1438 713 est.
1492 655 1944 724 Quemadmodum

377 756 514 812 enim
544 756 588 809 si
611 755 729 825 quis
757 755 810 808 in
827 753 934 807 alto
959 751 1176 821 scopulo
1203 750 1404 819 positus
1423 748 1805 818 contempletur
1831 762 1945 800 ma-

377 866 453 910 re.
481 859 535 904 et
564 847 916 918 navigantium
943 845 1076 898 alios
1115 859 1144 896 a
1193 842 1438 898 ﬂuetibus
1473 842 1707 911 demergi
1747 839 1943 906 videat,

375 941 506 994 alios
537 941 587 992 in
619 939 832 994 latentia
862 952 985 992 saxa
1015 935 1180 1002 allidi,
1199 935 1332 990 alios
1361 935 1465 988 alio
1481 933 1691 1004 quidem
1724 941 1946 988 conten-

379 1033 589 1094 dentes,
620 1033 754 1085 alios
781 1041 956 1086 autem
985 1041 1040 1084 ut
1085 1031 1290 1083 vinctos
1316 1029 1366 1082 vi
1414 1039 1693 1083 ventorum
1735 1028 1946 1092 abduci,

375 1123 570 1175 multos
591 1121 745 1175 undis
767 1120 939 1187 obrui,
963 1119 1096 1174 alios
1121 1134 1218 1188 pro
1256 1118 1462 1188 navigio
1505 1128 1558 1172 et
1590 1118 1949 1188 gubernaculo

374 1213 613 1266 manibus
638 1211 808 1266 solum
838 1211 931 1275 uti,
950 1211 1082 1264 alios
1103 1209 1185 1264 vel
1214 1209 1389 1263 tabula
1421 1223 1522 1262 una
1575 1207 1659 1263 vel
1684 1208 1949 1277 fragmen-

373 1313 429 1357 to
453 1303 599 1356 navis
618 1301 764 1369 ferri,
787 1301 920 1356 alios
950 1310 1186 1356 mortuos
1209 1309 1572 1371 supernatare,
1603 1299 1948 1369 multiplicem

376 1395 577 1448 scilicet
598 1403 652 1448 et
675 1393 872 1448 variam
896 1393 1248 1447 calamitatem
1279 1410 1291 1446 :
1324 1392 1395 1446 ita
1424 1400 1478 1446 et
1501 1391 1591 1460 qui
1615 1389 1828 1445 Christo
1852 1390 1950 1445 mi-

373 1487 505 1550 litat,
539 1485 783 1540 tutnultui
814 1495 868 1540 et
891 1485 1136 1540 ﬂuctibus
1166 1485 1289 1539 vitta
1336 1498 1396 1539 se
1424 1482 1746 1549 subduceris,
1777 1483 1829 1536 iu
1860 1491 1940 1537 tu-

375 1587 430 1629 to
459 1585 512 1632 et
539 1577 750 1631 excelso
770 1576 888 1630 loco
927 1574 1097 1630 sedet.
1134 1573 1270 1640 Quid
1293 1575 1433 1627 enim
1464 1572 1794 1642 tutius,quid
1823 1573 1950 1626 sub-

379 1665 556 1721 limius
601 1665 780 1729 fuerit,
810 1681 966 1735 quam
1006 1665 1214 1718 unicam
1246 1663 1446 1718 habere
1492 1663 1897 1720 sollicitudinem
1932 1682 1945 1717 :

381 1759 642 1824 Quomodo
671 1767 892 1829 Oporteat
908 1757 1105 1827 placere
1129 1755 1235 1809 Deo
1262 1756 1350 1828 (L
1383 1755 1560 1810 Thess.
1583 1757 1637 1810 4.
1661 1757 1687 1810 1
1718 1756 1779 1827 )?
1803 1754 1948 1810 Vidi-

377 1849 467 1913 sti,
498 1848 804 1914 Theodore,
835 1847 1102 1917 naulragia
1145 1861 1330 1921 eorum
1350 1847 1437 1916 qui
1469 1846 1522 1900 in
1567 1845 1669 1900 hoc
1695 1847 1827 1901 mari
1857 1861 1951 1900 na-

374 1938 654 2008 vigabant?
693 1937 1045 2005 Quamobrem
1089 1935 1210 2008 fuge
1238 1937 1256 1968 ¹
1309 1937 1563 2006 pelagus,
1613 1936 1800 1990 ﬂuctus
1851 1935 1948 1991 de-

375 2029 534 2090 clina,
553 2027 858 2097 editumque
875 2029 1048 2082 locum
1066 2041 1285 2096 occupa,
1316 2025 1401 2080 ubi
1426 2026 1666 2095 intercipi
1693 2041 1948 2096 nequeas;

372 2121 693 2175 resurrectio
737 2119 906 2173 futura
941 2128 1042 2185 est,
1073 2119 1331 2188 judicium
1381 2117 1574 2183 aderit,
1626 2116 1950 2172 horrendum

374 2218 472 2256 nos
501 2203 621 2256 hinc
646 2216 893 2272 egressos
917 2202 1146 2256 tribunal
1195 2208 1496 2270 exspectat:
1531 2199 1715 2254 Omnes
1742 2200 1948 2255 adstare

374 2301 566 2362 oportet
593 2301 707 2346 ante
749 2292 970 2346 tribunal
997 2290 1272 2355 Christiﬂ.
1290 2289 1412 2345 Cor.
1430 2288 1481 2344 5.
1503 2288 1734 2362 10).N0n
1758 2291 1949 2344 frustm

373 2398 493 2436 cum
525 2382 681 2436 minis
710 2381 1050 2435 denuntiatur
1075 2380 1316 2450 gehenna
1347 2397 1360 2433 :
1389 2374 1493 2434 non
1524 2380 1790 2435 incassum
1833 2385 1952 2433 tan-

373 2481 426 2526 ta
453 2473 603 2527 nobis
624 2483 802 2541 parata
829 2482 948 2526 sunt
977 2473 1132 2526 bona.
1159 2470 1373 2536 Umbra,
1397 2471 1504 2525 imo
1529 2471 1714 2525 umbra
1742 2469 1946 2526 inanio-

374 2579 461 2617 res
499 2574 618 2617 sunt
646 2577 734 2617 res
759 2562 977 2632 hujusce
1015 2563 1156 2624 vitae,
1184 2561 1461 2615 timoribus
1482 2561 1740 2630 plurimis,
1770 2560 1949 2615 multis

376 2657 650 2727 periculis,
703 2665 1043 2722 extremaque
1072 2653 1325 2708 servitute
1374 2651 1566 2720 plena.
1597 2650 1696 2717 Ne,
1741 2664 1945 2720 quaso,

375 2760 428 2803 et
455 2749 727 2820 praesentis
777 2756 832 2803 et
884 2747 1042 2800 futuri
1081 2745 1538 2814 smeulijacturam
1594 2741 1774 2808 facias,
1824 2757 1947 2798 cum

374 2841 534 2895 liccat
575 2849 856 2908 utrumque
903 2838 1139 2902 lucrari,
1169 2836 1216 2890 si
1260 2837 1412 2891 velis.
1454 2834 1603 2902 Quod
1643 2842 1818 2888 autem
1871 2833 1944 2902 ii,

375 2931 463 3000 qui
507 2930 558 2983 in
611 2929 821 2983 Christo
853 2929 1055 2993 vivunt,
1100 2929 1258 2981 etiam
1299 2925 1457 2995 hujus
1499 2925 1621 2979 vitae
1679 2924 1816 2978 bona
1864 2923 1949 2978 lu-

377 3030 612 3085 crentur,
635 3018 792 3074 docet
820 3018 1012 3072 Paulus
1057 3017 1141 3071 his
1192 3014 1548 3085 verbiszEgo
1596 3023 1761 3068 autem
1812 3013 1948 3068 vobis

377 3128 528 3182 parco
558 3128 576 3164 :
596 3121 651 3166 et
683 3113 870 3165 iterum
901 3127 916 3162 :
943 3109 1054 3163 Hoc
1101 3117 1268 3162 autem
1293 3108 1405 3160 dico
1433 3107 1499 3160 ad
1523 3117 1735 3160 vestram
1761 3106 1953 3160 utilita-

377 3203 526 3272 tem(l
539 3240 552 3253 .
571 3199 686 3256 Cor.
703 3202 752 3254 7.
775 3201 864 3255 28.
884 3200 972 3269 35)
985 3240 997 3252 .
1011 3199 1195 3253 Videu'
1211 3213 1328 3252 eum
1341 3197 1428 3266 qui
1443 3197 1635 3266 cogitat
1646 3210 1708 3251 ea
1725 3210 1843 3265 quae
1858 3195 1954 3250 Do-

381 3292 510 3344 mini
535 3299 676 3354 sunt,
709 3292 866 3344 etiam
897 3291 946 3343 in
991 3289 1091 3343 hoc
1139 3287 1338 3343 mundo
1367 3287 1691 3358 superiorem
1735 3287 1782 3342 ei
1807 3299 1950 3352 esse,

381 3381 469 3454 qui
488 3395 706 3436 uxorem
736 3382 925 3436 ducit?
969 3380 1253 3451 Postquam
1281 3380 1405 3436 illuc
1424 3379 1741 3450 transgressi
1788 3379 1952 3434 lueri-

453 3519 470 3549 ⁸
502 3513 640 3567 savii.
668 3523 719 3568 et
741 3529 864 3566 unus
885 3516 1060 3566 codex.
1085 3516 1212 3580 fuge,
1233 3516 1362 3578 (uae.

1829 360 2155 417 MONITI‘M.

3517 364 3620 426 3l6

2050 491 2188 543 mus,
2216 478 2392 532 nullus
2417 479 2742 550 poenitentiae
2762 480 2934 534 locus.
2959 478 3142 534 Nidus
3167 479 3367 535 athleta
3394 496 3425 536 e
3451 482 3618 536 stadio

2051 579 2313 635 egressus,
2344 576 2621 637 postquam
2654 568 2916 623 theatrum
2962 569 3193 623 solutum
3243 568 3360 631 fuit.
3411 579 3619 626 certare

2051 658 2278 726 amplius
2292 667 2484 728 potest.
2511 659 2635 713 Haec
2659 674 2869 729 semper
2891 661 3082 729 cogita,
3102 668 3157 715 et
3176 669 3387 715 acutum
3401 661 3620 732 maligni

2050 746 2278 816 gladium
2319 756 2554 813 contere,
2606 764 2712 818 quo
2734 750 2848 817 ipse
2875 750 3069 804 multos
3093 750 3362 804 interﬁcit.
3392 750 3516 806 llzec
3542 761 3622 805 est

2051 837 2352 908 desperatio
2381 879 2398 903 ,
2447 853 2564 908 quae
2601 838 2820 909 dejectis
2862 855 3010 909 spem
3058 839 3335 910 praecidit:
3367 838 3468 894 hoc
3490 840 3620 895 vali-

2051 927 2175 982 dum
2202 937 2283 982 est
2307 929 2503 984 inimici
2525 929 2708 995 telum,
2736 939 2790 984 et
2809 931 2973 985 semel
2995 939 3178 1000 captos
3204 947 3309 986 non
3328 932 3435 986 alio
3465 946 3620 1001 quam

2053 1019 2154 1075 hoc
2182 1020 2392 1075 vinculo
2423 1023 2740 1076 constrictos
2755 1021 2994 1076 detinet:
3027 1023 3188 1092 quod,
3214 1023 3259 1077 si
3281 1023 3621 1090 voluerimus,

2052 1109 2158 1164 cito
2186 1124 2282 1179 per
2310 1111 2405 1165 Dei
2429 1111 2649 1181 gratiam
2679 1111 3012 1182 confringere
3053 1114 3364 1182 poterimus.
3391 1112 3514 1169 Scio
3538 1129 3621 1168 me

2048 1199 2472 1270 justosepistola:
2525 1201 2719 1256 limites
2773 1203 3113 1258 excessisse:
3153 1203 3246 1257 sed
3270 1204 3504 1273 ignosce,
3521 1219 3620 1258 non

2053 1293 2194 1345 enim
2221 1291 2408 1346 lubens
2433 1291 2532 1347 hoc
2547 1293 2651 1363 egi,
2699 1294 2794 1348 sed
2824 1294 3020 1348 amoris
3047 1294 3352 1365 dolorisque
3402 1295 3454 1348 vi
3475 1310 3621 1350 com-

2056 1382 2278 1452 pulsus:
2307 1380 2394 1437 hic
2421 1397 2507 1436 me
2524 1383 2742 1437 allectus
2794 1382 2860 1437 ad
2909 1383 3046 1438 hanc
3093 1385 3252 1438 etiam
3291 1383 3622 1439 scribendam

2053 1473 2330 1541 epistolam
2362 1473 2663 1528 necessario
2690 1473 2920 1540 induxit,
2947 1475 3244 1528 vetantibus
3278 1474 3403 1529 iicet
3444 1475 3621 1530 multis

2053 1576 2116 1616 ac
2137 1561 2466 1617 dicentibus:
2497 1561 2682 1617 Finem
2705 1562 2786 1617 l'ac
2813 1578 2947 1618 vane
2967 1563 3262 1628 laborandi,
3294 1577 3357 1618 ac
3386 1563 3437 1617 in
3463 1567 3624 1634 petris

2054 1651 2288 1706 serendi.
2343 1652 2455 1721 Ego
2511 1662 2688 1706 autem
2741 1652 2939 1707 nemini
2988 1666 3174 1706 aurem
3224 1653 3423 1721 praebui
3454 1671 3468 1706 :
3495 1652 3622 1722 Spes

2055 1743 2196 1798 enim
2219 1750 2321 1809 est,
2343 1740 2583 1798 dicebam
2613 1742 2752 1814 apud
2788 1759 2895 1808 me,
2943 1743 3036 1798 Dei
3082 1757 3184 1813 ope
3214 1743 3393 1798 literas
3433 1743 3622 1813 aliquid

2053 1830 2358 1902 profuturas
2386 1847 2534 1897 esse;
2578 1832 2721 1902 quod
2749 1833 2794 1887 si
2821 1832 2908 1894 id.
2938 1832 3079 1902 quod
3126 1846 3193 1887 ne
3229 1832 3320 1886 ﬁat
3362 1831 3622 1902 depreca-

2053 1939 2194 1990 mur,
2218 1923 2490 1990 acciderit,
2509 1924 2562 1977 id
2589 1924 2777 1978 saltem
2803 1921 3147 1987 lucrabimur,
3177 1929 3236 1976 ut
3261 1937 3332 1978 ne
3358 1922 3623 1977 silentium

2053 2014 2208 2069 nobis
2235 2014 2364 2069 vitio
2408 2014 2543 2069 verti
2570 2016 2776 2083 possit:
2808 2028 2982 2084 neque
3009 2013 3302 2068 deteriores
3332 2013 3624 2082 naviganti-

2052 2106 2152 2162 bus
2182 2109 2401 2171 erimus,
2442 2105 2676 2175 quicum
2715 2119 2828 2160 sua:
2879 2105 3041 2159 sortis
3079 2103 3327 2159 homines
3375 2101 3625 2170 viderint,

2050 2214 2182 2271 quas
2211 2208 2323 2255 sata
2338 2200 2387 2254 vi
2415 2208 2695 2255 ventorum
2725 2200 2865 2267 navi,
2893 2200 3084 2255 tabqu
3111 2199 3396 2266 haerentes,
3427 2198 3627 2255 demis-

2052 2291 2128 2346 sis
2142 2290 2297 2358 velis,
2322 2291 2463 2362 jacta
2516 2291 2770 2358 anchora,
2794 2300 2849 2346 et
2891 2306 3182 2348 conscensa
3213 2291 3430 2363 scapha,
3456 2291 3628 2346 homi-

2053 2399 2148 2439 nes
2194 2385 2422 2454 ign0tos,
2451 2398 2516 2438 ac
2559 2399 2625 2440 ex
2666 2384 2918 2454 praesenti
2971 2384 3142 2440 solum
3184 2383 3486 2439 calamitate
3531 2383 3628 2437 sibi

2051 2476 2293 2547 cognitos
2345 2489 2562 2532 servare
2597 2475 2856 2530 nituntur.
2887 2475 3037 2543 Quod
3091 2476 3136 2530 si
3190 2475 3268 2531 illi
3320 2475 3629 2541 noluerint,

2052 2579 2212 2619 nemo
2236 2565 2530 2634 culpaverit
2564 2577 2658 2620 eos
2677 2605 2692 2631 ,
2726 2562 2868 2635 quod
2892 2573 3175 2636 pereuntes
3212 2578 3428 2619 servare
3451 2563 3629 2619 conati

2053 2656 2182 2711 sint.
2247 2655 2373 2710 Haec
2421 2664 2620 2710 nostra;
2670 2654 2933 2711 facultatis
2983 2664 3152 2711 sunt:
3182 2671 3463 2727 speramus
3527 2671 3628 2710 au-

2051 2753 2159 2801 tem
2197 2752 2249 2800 te
2278 2759 2373 2814 per
2397 2746 2492 2800 Dei
2529 2748 2750 2816 gratiam
2778 2787 2796 2813 ,
2823 2760 2942 2816 quae
2982 2747 3036 2800 in
3091 2755 3179 2801 tua
3225 2754 3489 2816 potestate
3514 2756 3629 2800 sunt

2058 2835 2418 2906 prtestiturum
2439 2851 2578 2902 esse,
2607 2835 2826 2907 foreque
2852 2847 2912 2891 ut
2956 2845 3011 2892 te
3039 2852 3250 2892 rursum
3276 2836 3551 2892 videamus
3574 2837 3626 2890 in

2058 2940 2219 2996 grege
2245 2926 2262 2957 ί
2290 2925 2489 2980 Christi
2520 2925 2800 2981 ﬂorentem
2845 2926 3216 2997 valentemque
3264 2941 3392 2982 vera
3427 2927 3630 2982 valeto.

2053 3013 2196 3081 dine,
2228 3023 2385 3084 teque
2409 3015 2566 3070 citius
2589 3015 2918 3071 orationibus
2948 3025 3251 3071 sanctorum
3277 3017 3616 3085 recipiamus,

2061 3119 2094 3160 ο
2135 3104 2386 3160 dilectum
2410 3113 2587 3176 caput.
2613 3104 2670 3161 Si
2695 3120 2852 3175 quam
2909 3109 3077 3161 nostri
3114 3107 3373 3162 rationem
3417 3106 3632 3176 habeas,

2053 3211 2225 3268 neque
2244 3198 2455 3267 penitus
2481 3211 2579 3253 nos
2604 3212 2636 3253 e
2672 3197 2926 3253 memoria
2950 3206 3040 3253 tua
3081 3198 3325 3268 eieceris,
3355 3198 3508 3253 nobis
3549 3213 3625 3252 re-

2055 3289 2290 3345 scribere
2311 3288 2582 3360 digneris;
2614 3287 2717 3344 hoc
2745 3289 2888 3345 enim
2914 3289 3073 3346 modo
3098 3305 3287 3360 magna
3313 3304 3412 3344 nos
3453 3289 3630 3345 latitia

2060 3379 2284 3436 efﬁcies.

2127 3515 2142 3546 ι
2177 3513 2316 3565 savil.
2340 3514 2390 3564 in
2413 3514 2631 3576 margine
2656 3520 2708 3566 et
2727 3524 2854 3564 unus
2875 3511 3054 3575 uidex,
3068 3508 3121 3562 in
3149 3523 3292 3580 grege
3308 3511 3528 3576 pretioso.

1841 4080 2154 4133 W<ﬁei9
