2742 4342
395 349 470 389 517

1403 317 1636 360 MONITUM.
1906 332 1909 337 ·
2511 313 2570 352 3l8

612 423 613 426 γ
1825 413 1828 417 ,

860 541 944 615 ΙΝ
997 546 1194 611 TBIA
1237 535 1712 616 SEQUENTIA
1759 529 2177 597 OPUSCULA

1279 683 1747 770 MONITUM

453 868 524 906 Res
542 870 599 904 est
613 861 820 910 explorata,
836 857 917 894 haec
936 853 1022 898 tria,
1035 851 1080 889 de
1091 845 1312 898 quibusjam
1333 840 1490 892 quaestio

400 938 471 976 est,
489 905 684 978 opuscula,
707 925 804 961 inter
821 921 963 970 priores
983 911 1239 964 Chrysostomi
1255 907 1373 947 nostri
1394 905 1490 942 fetus

400 993 556 1032 locanda
574 999 670 1034 esse,
688 995 809 1034 neque
826 983 952 1020 minus
969 977 1213 1025 conspicuum
1232 971 1377 1010 videtur
1393 967 1492 1006 edita

401 1057 519 1096 fuisse
565 1053 787 1102 priusquam
811 1047 874 1084 ille
893 1046 928 1082 in
950 1041 1208 1092 presbyterum
1236 1035 1490 1080 cooptaretur.

401 1120 552 1157 Annum
567 1093 661 1153 vero
685 1119 850 1150 statuere
873 1109 946 1156 iam
971 1107 1134 1153 oportet.
1155 1099 1308 1137 Certum
1341 1093 1493 1152 quidem

401 1189 460 1221 est
475 1181 520 1218 ad
543 1179 579 1216 id
610 1175 778 1215 muneris
796 1168 1050 1222 praestandum
1083 1165 1130 1202 ab
1150 1162 1274 1201 amico
1299 1157 1494 1196 inductum

404 1244 522 1281 fuisse
550 1221 875 1288 Chrysostomum,
905 1241 990 1270 cum
1022 1227 1171 1277 publica
1207 1221 1497 1272 magistratuum

405 1304 630 1344 auctoritate
647 1299 823 1339 monachi
842 1301 1009 1335 extrema
1025 1296 1256 1341 paterentur,
1278 1296 1324 1322 ex
1344 1281 1498 1322 sedibus

405 1375 442 1407 et
459 1367 605 1405 cellulis
629 1365 711 1402 suis
739 1362 921 1399 violenter
941 1355 1108 1396 abducti,
1128 1351 1165 1389 in
1202 1348 1325 1386 forum
1345 1341 1497 1393 raptati,

407 1429 608 1474 verberati,
627 1428 664 1465 in
689 1433 877 1464 carcerem
897 1419 1003 1458 trusi.
1023 1417 1110 1454 Haec
1133 1423 1244 1462 porro
1265 1411 1348 1448 dira
1366 1415 1502 1445 mona-

409 1495 565 1532 chorum
588 1471 736 1528 vexatio
763 1493 837 1525 tam
859 1490 1002 1532 aperta,
1022 1477 1202 1529 principis
1220 1476 1369 1513 decreto
1386 1471 1500 1514 facta,

409 1555 560 1594 nonnisi
580 1553 626 1591 ad
646 1559 792 1599 tempus
815 1543 982 1585 Valentis
999 1539 1235 1589 imperatoris
1246 1534 1374 1574 reduci
1392 1541 1504 1581 posse

409 1617 570 1660 videtur,
593 1614 656 1662 qui
673 1623 758 1650 cum
777 1611 813 1646 in
837 1607 1062 1644 Arianorum
1079 1600 1239 1638 haeresin
1267 1595 1509 1638 descivisset,

411 1681 450 1718 in
470 1661 686 1716 Catholicos
719 1682 852 1710 omnes
881 1667 1135 1719 grassabatur.
1164 1661 1348 1699 Defuncto
1379 1663 1504 1695 autem

413 1739 675 1776 Valentiniano
701 1737 830 1779 fratre,
852 1733 914 1780 pio
934 1729 1196 1774 catholicoque
1216 1722 1398 1772 principe,
1419 1729 1506 1758 eum

415 1802 509 1840 nihil
529 1799 685 1841 ulterius
704 1798 882 1835 infestum
899 1793 982 1841 ejus
996 1793 1033 1829 in
1049 1793 1200 1828 sanctos
1221 1786 1321 1823 viros
1339 1783 1507 1820 animum

415 1863 638 1907 retardaret,
651 1872 696 1899 eo
715 1858 899 1910 processit
915 1853 1086 1892 amentia:
1099 1847 1358 1887 utmonachos
1378 1853 1510 1882 omnes

417 1927 571 1965 sedibus
591 1925 680 1972 pelli
701 1907 739 1960 ei
761 1924 798 1960 in
820 1919 992 1958 militiam
1017 1912 1204 1954 conscribi
1222 1909 1391 1958 jusserit.
1411 1907 1512 1945 Obiit

418 1971 704 2028 Valentinianus
727 1995 827 2023 anno
847 1979 995 2020 Domini
1019 1977 1106 2023 ⁸574,
1131 1981 1243 2023 atque
1261 1973 1354 2010 adeo
1371 1971 1418 2008 ad
1442 1981 1513 2008 an-

418 2063 508 2090 num
540 2050 613 2088 575
639 2050 697 2086 vel
715 2047 787 2085 576
818 2043 1005 2094 quadrare
1028 2043 1188 2088 possunt
1224 2035 1262 2074 lii
1293 2041 1368 2072 tres
1391 2032 1514 2072 sancti

419 2113 584 2152 doctoris
601 2111 702 2148 libri.

469 2174 575 2211 Hanc
591 2180 715 2210 tamen
737 2167 990 2214 cbronologim
1011 2165 1197 2203 rationem
1229 2161 1372 2208 aliquot
1405 2169 1517 2208 argu-

422 2237 560 2275 mentis
569 2233 695 2281 impeti
705 2242 816 2280 posse
827 2236 932 2278 putat
943 2229 999 2266 vir
1007 2229 1054 2266 cl.
1071 2223 1516 2266 Tillemontius.Etenim,

425 2297 548 2346 inquit
563 2297 640 2340 ille,
667 2301 756 2332 tunc
770 2293 892 2332 editus
913 2291 983 2328 fuit
1002 2291 1096 2328 liber
1112 2288 1270 2337 primus,
1291 2296 1376 2324 eum
1395 2284 1520 2322 adhuc

425 2359 659 2398 daemonibus
681 2356 894 2395 sacriﬁcare
919 2354 1047 2392 liceret
1071 2365 1080 2390 :
1106 2359 1144 2389 at
1163 2349 1366 2399 postremis
1385 2347 1522 2386 Valen-

426 2420 559 2458 tiniani
587 2426 624 2456 et
655 2417 822 2455 Valentis
857 2415 968 2453 annis
1003 2412 1190 2451 sacriﬁcia
1225 2410 1442 2459 hujusmodi
1474 2408 1522 2447 ab

428 2483 560 2534 iisdem
579 2479 868 2530 imperatoribus
898 2477 1086 2526 prohibita
1111 2479 1213 2520 sunt,
1240 2473 1338 2512 unde
1353 2471 1524 2520 sequitur

427 2553 514 2584 ante
544 2555 684 2582 annum
701 2542 790 2586 ὄπ,
819 2552 894 2590 quo
916 2545 1090 2577 mortuus
1125 2543 1184 2576 est
1218 2535 1522 2578 Valentinianus,

427 2610 486 2648 vol
510 2608 556 2647 ad
577 2617 765 2646 summum
787 2615 886 2642 anno
904 2603 986 2651 ipso
1001 2602 1086 2646 574,
1100 2601 1180 2638 ιικο
1191 2599 1386 2647 scripsisse
1405 2597 1521 2646 Chry-

430 2680 654 2712 sostomum.
674 2670 754 2707 Alia
787 2668 874 2706 item
899 2666 1099 2704 dillicultas
1127 2663 1297 2712 emergit,
1319 2661 1452 2710 inquit,
1473 2670 1520 2697 ex

430 2733 689 2784 Cbrysostomi
724 2731 862 2775 verbis,
895 2729 960 2778 qui
995 2728 1086 2766 dicit
1120 2727 1217 2764 hanc
1249 2725 1520 2762 monachorum

431 2799 666 2838 vexationem
699 2795 890 2834 inductam
929 2801 1012 2830 esse
1031 2789 1100 2828 sub
1121 2789 1193 2837 piis
1218 2784 1522 2835 imperatoribus,

434 2861 612 2905 εὐσεϐῶν,
635 2869 719 2907 quae
737 2867 827 2896 sane
857 2856 938 2892 laus
957 2855 1002 2892 ad
1036 2853 1242 2897 Valentem,
1263 2851 1523 2898 imperatorem

434 2924 614 2962 Arianum
626 2918 905 2964 Catholicisque
917 2915 1121 2956 infensum,
1135 2912 1320 2959 quadrare
1332 2919 1405 2945 non
1417 2915 1528 2955 posse

435 2987 596 3024 videtur.
618 2983 788 3024 Demum,
811 2990 894 3028 qua:
922 2978 1030 3025 longe
1065 2974 1224 3024 gravior,
1250 2973 1314 3014 ait,
1336 2968 1528 3008 diﬁicultas

437 3047 598 3090 videtur,
627 3054 712 3082 cum
744 3043 1037 3090 Chrysostomus
1073 3037 1120 3074 de
1149 3033 1326 3074 curandis
1365 3031 1528 3069 ﬁliorum

439 3111 608 3148 moribus
637 3107 796 3144 Paulum
838 3103 983 3142 inducit
1020 3107 1193 3150 parentes
1227 3101 1441 3136 monentem
1471 3094 1529 3132 his

440 3172 563 3210 verbis
583 3170 751 3213 :Patres,
773 3167 924 3204 educata
947 3164 1042 3211 ﬁlios
1066 3169 1200 3199 vestros
1225 3160 1262 3196 in
1283 3156 1477 3203 disciplina
1495 3161 1529 3191 et

443 3234 665 3281 correptione
687 3229 833 3267 Domini
853 3228 922 3276 (a),
943 3228 992 3264 ita
1017 3223 1280 3274 prosequitur:
1297 3220 1338 3258 Si
1353 3220 1448 3256 enim
1465 3228 1529 3254 nos

439 3297 608 3343 jubemur
639 3292 790 3340 uigilare
811 3301 875 3338 pro
901 3289 1092 3326 animabus
1125 3279 1247 3324 eorum
1277 3291 1448 3331 tanquam
1470 3293 1531 3317 ra-

446 3358 576 3392 tionem
605 3353 799 3397 reddituri,
816 3352 930 3388 multo
950 3351 1065 3398 magis
1085 3356 1202 3397 pater,
1229 3346 1289 3394 qui
1311 3343 1448 3392 genuit,
1469 3341 1530 3390 qui

447 3419 625 3463 educavit,
653 3418 714 3464 qui
744 3427 824 3452 cum
844 3414 908 3451 illo
932 3415 1031 3450 danti
1047 3422 1185 3460 semper
1204 3416 1350 3452 manet;
1378 3406 1409 3444 si
1431 3405 1530 3443 enim

448 3483 509 3519 hic
527 3482 816 3530 Chrysostomus
835 3489 879 3516 ex
901 3489 941 3516 se
955 3484 990 3515 et
1011 3487 1056 3514 ex
1081 3484 1238 3524 persona
1257 3482 1324 3510 sua
1345 3471 1530 3517 loquatur,

448 3545 704 3592 presbyterum
736 3543 865 3580 saltem
899 3541 1014 3578 fuisse
1035 3537 1200 3586 oportuit
1224 3535 1286 3582 qui
1306 3531 1438 3570 rationi
1465 3539 1534 3578 pro

450 3607 646 3644 animabus
661 3605 854 3643 reddenda:
881 3602 1068 3640 obnoxius
1093 3604 1214 3642 esset;
1236 3597 1294 3635 sin
1309 3596 1456 3633 dicatur
1474 3593 1534 3630 hic

451 3669 760 3716 Chrysostomum
797 3665 897 3714 loqui
928 3664 966 3700 in
997 3672 1153 3709 persona
1181 3659 1301 3704 Pauli,
1323 3667 1457 3705 magna
1476 3655 1534 3692 vis

453 3732 561 3768 serici
588 3731 769 3768 inferatur
803 3736 956 3765 necesse
985 3731 1070 3762 est:
1090 3730 1377 3770 quantacunque
1410 3727 1533 3758 tamen

455 3793 503 3829 sit
533 3793 594 3830 illa
617 3793 688 3838 vis,
722 3790 863 3829 mavult
889 3785 1150 3824 Tillemontius
1186 3784 1287 3821 illam
1325 3783 1534 3829 admittere,

455 3865 567 3900 quam
604 3855 912 3903 Chrysostomum
936 3855 1024 3887 tunc
1055 3847 1312 3896 presbyterum
1334 3845 1450 3884 fuisse
1470 3856 1537 3894 pn-

455 3923 548 3954 tare.

507 4019 559 4069 (α)
587 4021 724 4069 Ephcs.
744 4031 796 4066 Vt,
815 4020 853 4058 4.

1609 835 1700 873 Mihi
1721 843 1810 872 vero
1839 832 1918 885 haec
1945 835 2162 879 argumenta
2184 838 2330 877 prersus
2349 827 2432 866 levia
2457 838 2522 867 esse
2537 830 2578 867 vi-

1563 899 1700 937 dentur
1719 910 1728 934 :
1752 907 1838 934 nam
1870 894 1969 943 quod
1991 893 2112 942 primo
2131 892 2290 936 affertur,
2309 891 2430 929 librum
2454 891 2575 940 primum

1565 964 1747 1012 scriptum
1772 961 1903 1004 fuisse,
1925 969 2009 996 cum
2039 957 2160 995 adhuc
2178 955 2395 994 daemonibus
2419 955 2577 992 sacriﬁcare

1565 1027 1709 1070 liceret,
1734 1025 1807 1062 hoc
1829 1033 1904 1062 uno
1927 1023 2010 1059 loco
2036 1019 2180 1065 nititur,
2202 1029 2300 1056 num.
2317 1019 2351 1064 Ξ,
2370 1017 2425 1055 ubi
2436 1017 2474 1055 de
2487 1027 2576 1055 mona-

1566 1090 1724 1130 chorum
1746 1085 2040 1134 exagitatoribus
2064 1083 2142 1120 haec
2163 1083 2325 1130 leguntur
2343 1091 2353 1116 :
2371 1079 2453 1124 Quid
2473 1080 2582 1124 vero,“

1569 1152 1626 1189 his
1639 1162 1778 1200 quoque
1802 1147 2032 1186 mirabiliora
2047 1145 2230 1188 didiceris,
2253 1143 2340 1190 quod
2357 1141 2474 1179 scilicet
2489 1141 2582 1176 borum

1571 1223 1738 1252 auctores
1751 1213 1803 1261 pii
1821 1211 1933 1249 uideri
1949 1209 2071 1261 uelint,
2086 1214 2120 1244 et
2135 1205 2349 1245 Christianos
2364 1215 2397 1240 se
2414 1209 2584 1249 nuncupant,

1571 1277 1722 1326 plurimi
1744 1282 1864 1313 autem
1881 1285 1924 1312 ea:
1945 1272 2018 1310 illis
2039 1260 2148 1310 etiam
2163 1269 2296 1307 initiati
2308 1267 2374 1305 sint
2389 1278 2401 1304 :
2417 1267 2478 1304 imo
2494 1276 2586 1302 eorum

1571 1341 1735 1391 quidam,
1749 1337 1896 1376 diabolo
1908 1337 2126 1374 vehementer
2135 1333 2284 1381 amante,
2295 1328 2485 1368 exsecranda
2494 1328 2588 1374 lingua

1574 1415 1642 1448 sua
1665 1403 1782 1441 dicere
1799 1412 1910 1439 ausus
1931 1400 1995 1445 sit,
2019 1396 2097 1448 [ιὸ]
2121 1407 2157 1434 se
2175 1407 2196 1432 a
2213 1395 2281 1442 ﬁde
2299 1402 2490 1430 recessurum
2499 1393 2590 1426 etde-

1574 1465 1739 1504 monibus
1753 1463 2056 1502 immolatarum:
2077 1458 2247 1506 suffocari
2263 1457 2348 1493 enim
2367 1465 2402 1492 se
2416 1451 2536 1490 videnda
2544 1450 2591 1486 lio-
2631 1479 2633 1482 ε

1577 1531 1690 1568 mines
1705 1527 1853 1572 liberos,
1873 1524 2029 1569 nobiles,
2045 1524 2224 1570 uitamque
2243 1518 2372 1556 deliciis
2387 1515 2506 1564 plenam
2515 1522 2592 1560 agere

1577 1593 1747 1637 ualentes,
1765 1591 1812 1628 ad
1833 1590 1927 1626 hanc
1953 1588 2086 1625 duram
2105 1587 2186 1623 vitae
2204 1584 2368 1620 rationem
2397 1577 2519 1616 adduci.
2531 1574 2593 1612 Non

1578 1655 1688 1693 video
1725 1660 1850 1692 autem
1883 1651 1974 1702 quid
2001 1660 2046 1688 ex
2081 1646 2290 1697 huiusmodi
2323 1642 2466 1683 hominis
2497 1637 2594 1677 furiosi

1575 1719 1676 1758 dicto
1699 1717 1831 1755 inferri
1856 1715 1988 1765 possit,
2021 1713 2100 1763 qui,
2129 1717 2170 1750 ut
2199 1721 2243 1748 ex
2267 1707 2355 1747 serie
2381 1704 2532 1750 arguitur,
2551 1701 2596 1737 in-

1577 1780 1820 1820 terminantis
1847 1779 1970 1816 solum
2000 1768 2178 1814 more'ea
2198 1782 2278 1822 quae
2307 1769 2445 1808 minime
2470 1765 2598 1802 facturus

1578 1851 1660 1882 erat
1679 1854 1720 1881 se
1743 1843 1929 1881 facturum
1951 1841 2094 1889 iactitat
2111 1852 2120 1876 :
2140 1837 2208 1876 nisi
2231 1835 2379 1873 fortasse
2399 1841 2470 1870 cum
2497 1828 2598 1875 despe-

1579 1913 1682 1946 ratos
1699 1907 1884 1956 quosdam
1917 1905 2089 1946 homines
2115 1912 2154 1940 se
2185 1897 2400 1939 daemonibus
2427 1895 2598 1932 devovenles

1581 1951 1770 2014 audimus,
1793 1969 1884 2008 hinc
1906 1977 2107 2017 arguamus
2131 1965 2165 2002 id
2192 1973 2256 2012 per
2279 1962 2370 2010 leges
2387 1951 2598 2017 publicaslici-

1582 2040 1662 2072 tum
1693 2043 1791 2071 esse.
1825 2015 2004 2079 Alioquin
2041 2033 2164 2066 autem
2197 2035 2277 2063 cum
2301 2023 2512 2070 imperatores
2527 2015 2597 2062 leget

1584 2097 1784 2146 quaspiam
1806 2075 2035 2135 emittarent,
2061 2101 2133 2128 non
2173 2088 2292 2128 statim
2314 2084 2440 2132 ubique
2455 2081 2485 2118 in
2511 2075 2598 2115 omni-

1583 2161 1730 2208 busque
1767 2157 1916 2206 imperii
1950 2157 2088 2195 ﬁnibus
2118 2165 2170 2192 ea:
2203 2149 2408 2190 obtinebant
2435 2156 2443 2180 :
2471 2148 2600 2208 saepeque

1585 2233 1746 2279 necesse
1781 2227 1863 2260 erat
1896 2226 1936 2258 ut
1966 2229 2064 2258 nova
2097 2218 2176 2266 lege
2205 2213 2334 2264 prioris
2363 2210 2444 2258 legis
2476 2200 2602 2256 lirltlilali

1587 2268 1882 2336 prospiceretur,
1906 2291 1949 2321 ut
1974 2292 2072 2330 saape
2105 2280 2228 2318 videas
2259 2278 2295 2314 in
2325 2273 2448 2312 Codice
2470 2266 2604 2305 Theodo-

1589 2351 1712 2391 Siano.

1639 2411 1748 2450 Circa
1761 2409 1851 2449 illud
1874 2415 1998 2447 autem
2016 2405 2114 2456 quod
2137 2403 2270 2442 dicitur
2289 2397 2420 2439 Valenti
2433 2387 2603 2456 imperatori

1591 2475 1716 2524 palam
1732 2473 1874 2514 Ariano
1897 2482 1972 2510 non
1991 2453 2202 2517 competere
2231 2473 2351 2502 vocem
2367 2457 2518 2507 εὐσεὸής,

1593 2511 1706 2586 quam
1739 2541 1863 2573 tamen
1898 2511 2186 2580 imperato-ribus
2217 2526 2314 2565 illius
2334 2519 2491 2569 temporis
2512 2511 2606 2586 tribuit

1594 2572 1885 2647 Chrysostomus
1905 2607 1915 2632 :
1939 2572 2075 2640 nempe
2102 2593 2199 2630 libro
2230 2589 2358 2638 primo,
2390 2593 2480 2621 num.
2505 2579 2537 2622 Ξ.
2561 2572 2606 2611 ubi

1596 2661 1648 2698 ait
1663 2641 1686 2696 ε-
1696 2658 1826 2696 Nostri
1851 2667 1935 2694 vero
1954 2653 2218 2705 (imperatores)
2245 2647 2420 2688 contraria
2439 2641 2605 2692 penitus,“

1599 2723 1684 2760 mihi
1702 2723 1776 2770 ipse
1794 2719 2007 2768 persuadeo,
2019 2724 2052 2754 et
2071 2718 2216 2762 cupiunt
2236 2720 2268 2751 et
2287 2715 2414 2760 optant.
2433 2705 2606 2750 ρυαρνοριετ

1597 2796 1727 2834 magno
1749 2791 1896 2831 stupore
1922 2782 2048 2830 plenus
2066 2791 2146 2818 sum
2167 2777 2259 2827 quod
2275 2768 2519 2823 imperatoribus
2536 2763 2606 2831 piat.”

1598 2849 1808 2896 religionem
1829 2844 2064 2887 sectantibus,
2090 2845 2130 2880 ἐν
2159 2839 2328 2888 εὐσεϐείᾳ
2353 2834 2494 2880 ζώντων,
2515 2823 2607 2864 hacin

1597 2887 1727 2950 mediis
1745 2911 1892 2948 urbibus
1911 2910 2056 2956 impune
2072 2907 2152 2953 fieri
2171 2905 2270 2941 dicas
2291 2887 2352 2938 :et
2367 2897 2450 2935 libro
2467 2887 2606 2956 scentltloi

1597 2985 1702 3012 num.
1721 2972 1744 3008 9
1765 2985 1774 3008 :
1795 2971 1892 3008 Neve
1911 2948 2014 3017 putes
2039 2948 2114 3006 hau:
2141 2965 2218 3002 ideo
2248 2961 2450 3007 contingere,
2472 2948 2546 3017 quod
2559 2949 2608 2982 ἕπε’

1596 3045 1779 3084 perlatores
1811 3044 1910 3078 piam
1945 3031 2149 3080 religionem
2181 3027 2313 3068 colant,
2349 3016 2504 3070 βασιλέων
2526 3011 2608 3080 bimo"

1598 3099 1764 3136 εὐσεϐῶν
1787 3109 1796 3133 :
1815 3095 1959 3134 etiamsi
1983 3074 2077 3131 enim
2110 3090 2298 3138 imperium
2321 3081 2508 3138 ἀδοξήσει-εί

1599 3167 1721 3197 rantes
1746 3159 1784 3195 in
1803 3156 2056 3204 infidelitatem
2077 3131 2248 3189 labantur
2267 3159 2275 3183 :
2301 3150 2400 3184 notes
2421 3136 2514 3176 velim
2529 3131 2576 3169 hic
2584 3132 2610 3200 te!

1601 3223 1690 3261 alibi
1712 3199 1926 3266 frequenter
1935 3217 2032 3266 apud
2046 3217 2366 3264 Chrysostomnm,
2384 3199 2525 3266 εὐσεᾷὡγ
2537 3200 2565 3232 el

1601 3251 1690 3261 .....,.
1712 3251 1920 3266 ..νηννηω
1935 3251 2032 3266 --ιν-μ
2053 3251 2160 3264 ,ην

1599 3283 1771 3332 εὐσεϐείᾳ
1781 3283 1945 3326 ζώντων,
1956 3291 2024 3328 pro
2038 3275 2260 3317 Christianis
2271 3277 2403 3310 tantum
2414 3260 2513 3310 accipi
2523 3271 2530 3294 ε
2539 3251 2610 3304 quod

1600 3345 1763 3383 maxime
1783 3343 1900 3391 liquet
1915 3342 1953 3379 in
1973 3341 2032 3379 his
2045 3339 2189 3378 duobus
2203 3335 2306 3378 locis;
2318 3333 2352 3370 in
2368 3329 2474 3378 primo
2490 3322 2614 3362 nam‘l'"3

1601 3408 1641 3444 ὲν
1659 3406 1830 3454 εὐσεὸείᾳ
1862 3403 2018 3450 ζῶντας,
2049 3403 2147 3451 piam
2179 3397 2374 3446 religionem
2395 3389 2543 3448 sectantes
2568 3386 2615 3422 οῐι·

1601 3467 1706 3516 ponit
1725 3446 1880 3514 rcgibus
1896 3446 2110 3507 Persarum,
2132 3461 2195 3510 qui
2215 3451 2502 3516 iuﬁdelesreraut;
2523 3446 2552 3478 in

1603 3498 1706 3516 ιη’-υ-
1725 3498 1875 3514 -νυ---ν
1896 3498 1912 3501 -
1928 3498 2022 3503 ν--ᾑ-
2037 3498 2110 3507 —-~r
2144 3498 2154 3510 ι

1603 3531 1727 3570 eundo
1751 3539 1875 3567 autem
1891 3529 2008 3565 ὄντων
2027 3524 2205 3567 εὐσεϐῶν,
2228 3521 2322 3568 piam
2337 3512 2518 3560 religionem
2526 3498 2617 3570 ςοιτη·

1605 3564 1722 3640 tibus,
1735 3564 1862 3643 palam
1866 3564 2034 3640 opponit
2053 3564 2281 3636 principibus
2301 3564 2618 3643 inﬁdelibus}???

1605 3624 1713 3640 ’σν-’ν’
1735 3624 1858 3643 ιι-η---ι
1881 3624 2029 3640 νιιια---ν
2054 3624 2103 3636 τήν
2175 3624 2186 3634 .

1604 3667 1748 3699 ratores
1764 3657 1878 3706 igitur
1892 3654 2003 3693 simul
2023 3652 2230 3693 Valentem,
2244 3643 2447 3706 Gratianum
2465 3640 2495 3670 el

1605 3691 1748 3699 μην---
1764 3691 1870 3706 τηκ-
1893 3691 1920 3693 ρ
2220 3691 2225 3693 .
2517 3691 2523 3698 .
2547 3691 2553 3694 .
2611 3691 2618 3696 .

1605 3723 1787 3760 tinianum
1823 3717 2045 3760 secundum,
2071 3712 2250 3754 εὐσεϐεῖς.
2282 3715 2343 3745 se“
2375 3700 2440 3749 Ρίίθ
2466 3691 2618 3760 [θιῳῗξῗῖ

1605 3785 1784 3827 cultores,
1803 3782 1882 3820 sive
1898 3777 2130 3817 Christianos
2143 3777 2260 3811 vocat.
2275 3768 2334 3810 Sic
2345 3763 2446 3827 etiam

1607 3812 1784 3827 .,....ν.ν.,,
1803 3812 1882 3820 -..ν
2098 3812 2124 3813 η
2565 3812 2570 3814 _

1607 3847 1878 3889 Nazianzenus,
1904 3842 2008 3880 Orat.
2031 3845 2156 3876 contra
2180 3833 2375 3872 lulianum.
2405 3812 2622 3889 Constann‘tl'lzti

1610 3871 1878 3889 μωμηυυηηο,
1906 3871 2008 3880 νη...
2185 3871 2188 3872 ,

1610 3910 1874 3958 imperatorem
1889 3903 2022 3952 εὐσεϐῆ
2036 3905 2156 3946 vocat,
2169 3893 2306 3936 scilicet
2317 3883 2558 3928 Christianum.
2569 3871 2624 3906 “5'
