2742 4342
187 290 257 329 51⁵1

187 367 303 416 probe
322 366 430 403 sciret
447 365 622 402 Arianum
640 374 785 411 semper
804 363 931 402 fuisse.
954 364 1046 401 Cum
1067 371 1190 401 autem
1209 366 1246 402 in

193 431 315 478 primo
337 429 418 466 loco
445 427 536 465 dicit
558 427 848 475 Chrysostomus
885 427 1128 474 imperatores
1161 438 1252 465 con-

191 491 305 529 traria
318 491 367 528 iis
383 500 464 537 quae
483 489 703 536 gerebantur
721 496 861 537 optare.
875 489 1016 536 adjicit,
1029 489 1080 532 ὼς
1093 490 1254 536 ἐμαυτὸν

192 550 322 593 πείθω,
337 556 375 586 ut
401 550 486 586 mihi
499 551 572 596 ipse
589 550 799 596 persuadeo,
823 561 894 597 qua
913 557 1011 587 certe
1027 550 1200 586 cautione
1215 561 1256 587 se

193 613 384 649 adversum
407 611 587 657 suspicari
611 610 840 648 testiﬁcatur.
862 609 1003 657 Itaque,
1028 621 1112 646 cum
1129 611 1200 647 hoc
1217 611 1255 646 iu

196 670 343 717 negotio
361 669 410 706 de
426 669 564 714 Ariana
584 670 715 708 haeresi
735 680 808 706 non
833 676 1020 718 ageretur,
1036 675 1148 717 atque
1180 677 1258 716 tres

192 731 444 777 imperatores,
459 731 606 770 ωηιξιεὶ
618 731 934 775 ValensArianus
951 737 1043 775 erat,
1057 732 1257 770 Christiani

191 799 310 828 tamen
334 798 472 834 essent,
492 798 641 839 stupere
671 802 712 830 se
733 793 785 829 ait
817 793 1123 840 Chrysostomus,
1144 794 1262 840 impe-

194 853 379 890 ratoribus
403 852 624 890 Christianis
643 852 857 899 hujusmodi
884 853 1050 891 facinora
1072 855 1109 890 in
1133 864 1262 892 mona-

193 915 282 952 chos
315 915 475 953 admitti.
497 915 587 952 Nam
612 915 867 961 Constantius,
893 917 1070 962 Arianus,
1091 917 1186 953 nihil
1208 916 1262 954 si-

192 976 278 1012 mile
293 987 488 1024 aggressus
508 975 642 1014 fuerat.

241 1039 348 1075 Aliud
368 1039 527 1086 denique
552 1045 826 1086 argumentum,
854 1038 951 1086 quod
969 1038 1041 1075 sibi
1063 1037 1263 1076 Tillemon-

193 1101 268 1138 tius
282 1101 424 1148 objicit,
441 1101 612 1149 quodque
625 1107 730 1148 putat
753 1101 1022 1138 validissimum
1039 1111 1136 1144 esse,
1157 1111 1264 1148 pror-

194 1173 258 1200 sus
284 1163 424 1200 nullum
447 1162 607 1199 videtur.
630 1161 721 1198 Nam
742 1172 825 1198 cum
847 1161 1151 1210 Chrysostomus,
1170 1167 1267 1208 post-

194 1235 303 1273 quam
326 1224 480 1261 Paulum
497 1225 550 1261 sic
563 1224 772 1270 loquentem
788 1223 999 1268 induxerat,
1015 1223 1160 1266 Patres,
1180 1223 1269 1259 edu-

194 1294 272 1324 cate
290 1286 386 1333 ﬁlios
404 1292 538 1322 vestras
554 1287 590 1322 in
605 1287 797 1332 disciplina
817 1293 850 1324 et
869 1287 1092 1333 correptione
1107 1279 1266 1330 Domini,
1287 1281 1309 1287 ’“

193 1350 241 1386 ita
261 1349 524 1396 prosequitur:
542 1348 582 1386 Si
612 1349 708 1385 enim
732 1359 795 1385 nos
823 1349 995 1395 jubemur
1021 1349 1172 1396 vigilare
1205 1359 1268 1394 pro

195 1412 381 1448 animabus
397 1423 516 1448 eorum
538 1417 709 1458 tauquam
737 1412 912 1448 rationem
934 1410 1126 1455 reddituri,
1151 1410 1264 1446 multo

195 1475 309 1520 magis
332 1480 448 1520 pater,
468 1473 528 1521 qui
546 1474 680 1520 genuit,
714 1473 774 1520 qui
796 1473 973 1516 educavit,
999 1474 1064 1520 qui
1092 1483 1173 1508 cum
1205 1471 1269 1507 illo

195 1537 294 1572 domi
311 1547 446 1579 semper
458 1541 589 1572 manet.
604 1535 707 1572 Pauli
721 1535 815 1572 haud
835 1535 962 1577 dubie,
980 1545 1124 1572 necnon
1141 1544 1269 1581 eorum

199 1599 336 1645 quibus
354 1597 535 1635 incumbit
550 1597 707 1634 aliorum
722 1598 829 1634 saluti
847 1597 1060 1644 advigilare,
1073 1606 1269 1644 personam

199 1663 286 1709 agit.
321 1662 418 1699 Nihil
445 1663 580 1710 quippe
602 1661 822 1701 familiarius
853 1662 920 1706 illi,
942 1661 978 1702 in
1015 1661 1074 1699 his
1111 1661 1271 1698 maxime

199 1725 315 1765 libris.
340 1736 451 1772 quam
471 1735 597 1761 eorum
622 1734 716 1771 quos
739 1723 775 1761 in
791 1723 955 1760 medium
975 1723 1126 1760 adducit
1144 1731 1272 1769 perso-

198 1798 281 1824 nam
315 1796 518 1823 assumere.
550 1787 611 1823 Sic
641 1787 735 1822 libro
757 1797 814 1828 Ill,
846 1796 950 1822 num.
977 1785 1036 1830 Η,
1073 1791 1269 1832 postquam

200 1847 419 1895 probaverat
443 1847 571 1883 iisdem
599 1846 730 1884 oﬁiciis
753 1846 934 1883 obnoxios
956 1845 1152 1882 saeculares
1173 1853 1268 1886 esse,

199 1910 331 1956 quibus
354 1909 523 1945 monachi
539 1916 657 1953 erant,
672 1908 749 1945 lirec
765 1908 913 1954 adjicit:
931 1906 1060 1954 Itaque
1077 1906 1265 1954 quoniam,

201 1980 276 2009 uta
304 1971 404 2008 nobis
437 1971 531 2008 clare
563 1972 847 2008 demonstratum
879 1977 955 2012 est,
983 1970 1110 2007 iisdem
1149 1977 1273 2006 sumus

202 2034 319 2080 ofﬁciis
333 2033 490 2076 obnoxii,
511 2031 639 2080 quibus
656 2032 836 2075 monachi,
860 2030 1062 2078 faciliorem
1079 2039 1269 2076 percurra-

204 2109 277 2132 mus
313 2098 420 2140 riam,
447 2097 493 2132 ad
521 2107 666 2142 eamque
697 2095 791 2142 ﬁlios
825 2094 1067 2131 aura/ramus.
1087 2092 1144 2129 An
1182 2091 1270 2130 hinc

205 2158 326 2196 inl‘t-rri
351 2159 467 2206 possit
489 2157 812 2206 Chrysostomum,
829 2155 894 2203 qui
915 2160 1004 2192 tunc
1025 2155 1060 2192 in
1079 2153 1270 2190 montibus

205 2228 240 2256 rt
271 2221 305 2257 in
347 2231 496 2258 sl'crssu
518 2219 678 2263 vivebat,
698 2217 913 2256 szccularem
941 2215 1073 2260 tuisse,
1099 2215 1272 2262 ﬁliosque

207 2282 430 2328 suscepisse?
460 2280 503 2318 Et
525 2291 629 2317 num.
657 2279 716 2324 l7,
746 2277 841 2326 Ergo
859 2288 922 2315 nec
956 2277 1055 2324 ﬁlios
1089 2282 1230 2313 nostros
1251 2287 1273 2311 a

208 2342 332 2378 deserti
361 2341 640 2379 commoratione
668 2346 749 2377 ante
775 2327 912 2388 tempus
940 2338 1192 2376 abducamus:
1215 2336 1276 2373 sed

208 2405 364 2442 sinamus
388 2405 600 2452 disciplinas
625 2404 735 2441 altius
759 2403 933 2451 imprimi,
953 2410 986 2438 et
1007 2400 1152 2450 plantas
1178 2399 1277 2438 radi-

210 2469 302 2504 ritms
337 2469 488 2516 ﬁrmari.
527 2467 626 2505 Nihil
663 2477 752 2504 sane
789 2463 1021 2513 frequentius
1057 2470 1127 2506 cst,
1163 2471 1275 2510 quam

209 2529 508 2577 Chrysostomum
522 2530 645 2566 videre
657 2527 768 2566 modo
781 2526 1026 2567 monentium,
1050 2535 1134 2562 mox
1147 2533 1276 2561 eorum

211 2591 344 2638 quibus
363 2592 498 2628 monita
527 2591 750 2639 diriguntur,
769 2597 968 2636 personam
989 2597 1112 2635 agere.

263 2652 385 2699 Itaque
419 2652 719 2699 Chrysostomns,
740 2652 804 2702 qui
837 2662 934 2690 anno
961 2649 1033 2688 374
1055 2648 1100 2686 ad
1132 2654 1279 2685 montes

215 2720 434 2763 srecsserat,
458 2723 540 2751 cum
566 2715 786 2752 auctoritate
817 2713 964 2762 publica
987 2710 1166 2758 exagitari
1195 2719 1276 2746 mo-

215 2787 271 2813 na:
287 2776 354 2813 hos
376 2781 412 2812 et
434 2775 582 2812 sedibus
601 2775 685 2822 pelli
705 2775 908 2818 didicisset,
927 2783 1024 2810 anno
1043 2772 1129 2817 575,
1146 2771 1201 2808 vel
1222 2781 1276 2808 sc-

215 2839 356 2886 quenti,
376 2837 484 2875 amici
504 2844 631 2886 rogatu
656 2837 724 2874 hos
745 2836 857 2874 libros
877 2836 1046 2884 scripsit;
1065 2836 1100 2872 in
1117 2843 1279 2884 quorum

218 2901 336 2950 primo
368 2899 475 2944 docet
509 2905 690 2949 quantum
713 2897 784 2935 sibi
813 2897 969 2947 periculi
991 2897 1197 2940 altrahaut,
1218 2895 1280 2942 qui
1340 2937 1342 2939 _

1172 286 1402 330 MONITUM.

2322 292 2394 331 518

1327 373 1477 404 sanctos
1494 374 1529 404 et
1547 367 1608 404 Dei
1628 369 1768 406 amicos
1795 377 2024 417 oppugnant,
2049 368 2209 406 ostendit
2231 380 2295 407 eos
2321 381 2395 408 non

1325 429 1397 476 piis
1415 428 1520 471 viris,
1540 429 1601 466 sed
1625 430 1863 477 sibimetipsis
1887 440 2020 467 nocere
2039 441 2048 466 :
2070 429 2180 477 idque
2202 430 2399 467 conﬁrmat

1327 490 1496 537 exemplo
1518 489 1747 533 .Iudzeorum,
1766 491 1846 537 qui,
1862 491 2037 536 quoniam
2064 489 2253 528 Christum
2279 495 2398 529 morte

1328 549 1527 588 aﬂ'ccerant
1544 550 1806 597 apostolosque
1839 555 2076 593 vexaverant,
2103 550 2140 586 in
2164 561 2228 588 eas
2247 551 2398 588 calami-

1329 618 1424 650 tates
1445 611 1652 649 inciderunt
1665 623 1760 658 quas
1779 611 1963 658 Iosephus
1984 617 2268 649 commemorat.
2283 611 2400 659 llujus

1331 683 1442 721 porro
1463 673 1658 720 scriptoris
1673 673 1818 720 insigne
1841 671 2088 720 fragmentum
2103 671 2230 719 refert,
2249 679 2285 710 ct
2305 680 2402 720 post-

1331 745 1442 782 quam
1467 734 1630 771 ostendit
1647 734 1797 781 quantis
1817 744 1858 771 se
1888 733 2064 781 periculis
2088 734 2253 771 eximant
2275 735 2337 781 qui
2356 745 2401 772 ex

1333 795 1462 832 mundi
1503 795 1693 832 consortio
1736 795 1938 838 secedunt,
1974 794 2029 832 sic
2063 794 2199 831 librum
2241 795 2402 842 primum

1333 858 1487 895 claudit.

1382 918 1421 956 In
1440 919 1602 958 secundo
1622 919 1717 956 libro
1746 924 1889 966 patrem
1912 917 2113 958 inﬁdelem.
2132 918 2211 955 sive
2238 919 2402 956 nondum

1335 983 1547 1020 credentem
1567 982 1604 1019 in
1627 981 1835 1028 Christum,
1864 981 1973 1030 cujus
2006 981 2122 1018 lilium
2154 981 2404 1018 Christianam

1336 1045 1550 1091 religionem
1580 1043 1830 1090 amplexatum
1851 1043 1888 1080 in
1913 1049 2074 1081 montem
2109 1043 2308 1080 recessisse
2327 1052 2408 1080 mo-

1336 1107 1618 1152 nachorumque
1641 1105 1753 1141 vitam
1787 1105 1997 1152 suscepisse
2033 1104 2150 1152 ﬁngit,
2175 1103 2406 1152 alloquitur:

1338 1168 1587 1215 humanisque
1606 1167 1810 1204 ratiociniis
1822 1173 1933 1214 atque
1943 1167 2122 1214 exemplis
2133 1173 2296 1204 veterum
2313 1165 2411 1203 Gras-

1337 1240 1466 1266 corum
1486 1229 1620 1276 probat
1644 1239 1744 1273 eum,
1766 1228 1830 1275 qui
1857 1227 1980 1264 omnia
2013 1227 2182 1274 despicit,
2208 1238 2292 1265 vere
2313 1226 2410 1263 divi-

1337 1299 1411 1329 tem
1431 1301 1529 1333 esse,
1546 1290 1756 1337 virtuteque
1777 1290 1970 1327 clariorem
1995 1289 2111 1334 eﬁici,
2135 1299 2245 1336 quam
2277 1287 2410 1335 opibus

1337 1353 1560 1395 cﬂiceretur,
1583 1358 1695 1400 atque
1711 1362 1731 1388 a
1751 1352 1902 1389 nemine
1923 1351 2004 1388 ltedi
2020 1360 2142 1397 posse.
2166 1349 2269 1386 Licet
2287 1354 2411 1386 autem

1338 1414 1429 1452 illud
1453 1413 1626 1462 ﬁngentis
1661 1423 1764 1450 more
1795 1417 1993 1460 proponat,
2015 1410 2051 1447 iu
2081 1410 2155 1446 ﬁne
2177 1415 2298 1446 tamen
2325 1408 2409 1445 libri

1339 1478 1404 1517 ait.
1425 1477 1588 1514 amicum
1611 1475 1681 1513 sibi
1700 1474 1818 1512 fuisse
1831 1473 1968 1512 ethnici
1985 1472 2052 1510 viri
2077 1472 2211 1516 ﬁlium,
2227 1471 2307 1518 qui,
2325 1480 2411 1507 cum

1339 1537 1588 1576 Christianam
1625 1536 1897 1584 philosophiam
1922 1535 2115 1582 amplexus
2135 1539 2248 1577 esset,
2272 1538 2411 1580 patrem

1317 1651 1320 1654 ί
1339 1609 1380 1636 se
1401 1599 1527 1643 minis,
1547 1599 1706 1636 vinculis
1731 1598 1890 1645 aliisque
1914 1596 2092 1635 aerumnis
2110 1595 2155 1633 ad
2175 1595 2334 1642 priorem
2356 1593 2411 1630 vi-

1342 1665 1416 1697 tam
1439 1669 1614 1697 revocare
1633 1667 1845 1702 conantem,
1862 1659 2012 1696 demum
2040 1656 2250 1696 constantia
2277 1665 2344 1692 sua
2367 1664 2416 1692 eo

1342 1721 1555 1764 adduxerit,
1581 1727 1622 1757 ut
1655 1721 1805 1759 demum
1841 1719 2066 1767 palinodiam
2105 1723 2269 1761 caneret,
2302 1722 2415 1764 atque

1338 1783 1458 1820 ﬁlium
1491 1783 1596 1822 illum
1628 1782 1779 1820 caeteris.
1807 1781 2032 1824 anteferret,
2065 1780 2142 1817 imo
2179 1779 2297 1826 patris
2331 1779 2416 1816 loco

1340 1845 1507 1883 haberet.

1389 1908 1429 1943 ln
1448 1907 1558 1946 tertio
1581 1907 1689 1954 longe
1707 1905 1902 1955 prolixiori
1917 1905 2085 1942 oratione
2108 1910 2248 1952 patrem
2272 1901 2414 1938 ﬁdelem

1324 2015 1328 2020 I
1337 1971 1558 2018 alloquitur,
1575 1976 1777 2016 monetque
1797 1978 1844 2007 ne
1876 1967 1991 2004 ﬁlium
2027 1965 2201 2004 secedere
2230 1963 2415 2001 volentem

1339 2044 1361 2071 a
1383 2033 1566 2073 sententia
1583 2031 1758 2076 deducat,
1778 2036 1857 2067 tum
1885 2034 2081 2076 parentum
2111 2027 2296 2065 incuriam
2315 2025 2415 2063 circa

1340 2096 1503 2139 ﬁliorum
1534 2094 1692 2137 salutem
1723 2093 1952 2138 insectatur;
1975 2098 2117 2140 quanta
2151 2100 2296 2127 morum
2331 2098 2416 2126 cor-

1341 2158 1468 2205 ruptio
1490 2157 1678 2195 civitatem
1698 2155 1880 2211 invaserit
1896 2153 2114 2202 παθητικῶς
2131 2151 2307 2190 describit
2324 2160 2334 2186 :
2357 2149 2418 2186 vix

1326 2233 1453 2271 posse
1477 2223 1530 2262 ait
1548 2222 1706 2260 salutem
1726 2221 1850 2260 curari
1871 2221 1908 2258 in
1929 2226 2032 2258 tanta
2047 2218 2222 2256 vitiorum
2245 2216 2417 2255 colluvie.

1328 2283 1490 2322 Laudat
1504 2283 1775 2320 monachorum
1800 2282 1932 2324 vitam,
1948 2281 2218 2327 historiamque
2238 2278 2345 2316 altert
2359 2278 2421 2326 ju-

1345 2346 1452 2384 Venis
1473 2355 1495 2382 a
1518 2344 1689 2382 solitario
1717 2343 1755 2380 in
1788 2345 1880 2380 urbe
1899 2342 2075 2386 educati;
2108 2351 2260 2388 remque
2291 2345 2419 2377 notatu

1345 2409 1495 2456 dignam
1514 2407 1638 2451 docet,
1661 2414 1798 2452 nempe
1821 2404 2073 2442 Antiochenos
2096 2402 2194 2439 ﬁlios
2216 2410 2306 2438 suos
2327 2401 2420 2438 ado-

1347 2470 1530 2508 lesuantes
1560 2467 1606 2504 ad
1637 2465 1863 2504 monasteria
1896 2463 2043 2501 mittere
2073 2462 2328 2505 consuevissc,
2364 2467 2419 2506 ut,

1334 2540 1542 2582 postquam
1563 2531 1602 2568 in
1617 2530 1756 2568 virtute
1775 2529 1984 2577 pietateque
1995 2525 2110 2574 probe
2123 2524 2312 2562 exercitati
2325 2523 2420 2562 fuis—

1347 2604 1446 2640 sent,
1465 2595 1620 2632 domum
1648 2597 1872 2641 repeterent.

1398 2658 1475 2696 Hos
1497 2668 1610 2706 porro
1631 2656 1746 2694 libros
1767 2655 1921 2692 Latinos
1949 2653 2090 2691 fecerat
2109 2649 2330 2688 Ambrosius
2349 2648 2420 2686 Ca-

1349 2721 1606 2760 maldulensis.
1624 2719 1761 2756 Verum
1781 2718 1868 2766 quia
1890 2714 2146 2763 interpretatio
2159 2712 2242 2759 ejus
2259 2710 2421 2758 plerum-

1350 2797 1423 2834 que
1439 2783 1684 2832 paraphrasin
1718 2780 1831 2829 sapit,
1855 2788 1988 2816 novam
2014 2777 2098 2814 ideo
2115 2773 2316 2824 parandam
2339 2781 2421 2810 esse

1349 2846 1491 2897 putari.
