2742 4342
353 325 422 364 512

365 457 458 475 τε

459 439 2314 472 W

825 314 864 352 S.
894 301 1092 352 ιῦΑΝΝιδ
1115 308 1452 350 CHRYSOSTOMI
1479 307 1698 346 ABCHIEP.
1725 304 2099 346 CONSTANTINOP.
2467 313 2520 350 320

2320 440 2520 452 *——————,,,,,
2461 451 2470 452 κ

2378 451 2519 462 -κ-

471 691 1248 807 ADVERSUS
1337 680 2468 796 OPPUGNATORES

609 1036 850 1091 EOBUM
895 1035 1036 1120 QUIV
1065 1031 1157 1084 AD
1199 1023 1658 1082 MONASTICAM
1708 1016 1936 1076 VlTAM
1976 1011 2356 1070 INDUCUNT.

437 1540 469 1576 I.
497 1537 588 1574 Cum
603 1531 777 1581 templum
793 1531 880 1569 Illud
895 1529 1252 1576 aerusutytttttattum,
1264 1524 1360 1572 quod
1374 1522 1469 1561 tuui-

389 1599 436 1637 tis
455 1597 559 1635 annis
578 1595 656 1633 solo
675 1597 856 1642 aequatum
883 1591 1068 1638 jacuerat,
1087 1598 1108 1624 a
1125 1587 1297 1624 diuturna
1315 1583 1469 1633 captivi—

396 1667 468 1698 tate
486 1658 620 1697 reversi
635 1655 778 1694 Hebraei
797 1655 1000 1692 instaurare
1015 1655 1190 1699 cuperent
1205 1647 1262 1699 (2,
1279 1647 1403 1686 Eum:
1417 1647 1454 1695 ι)
1464 1677 1475 1694 ,

392 1729 469 1757 tum
481 1718 625 1756 barbari
636 1717 780 1765 quidam
796 1722 834 1754 et
847 1716 1026 1752 immanes
1039 1711 1218 1754 homines,
1229 1718 1348 1756 neque
1360 1707 1472 1745 Deum

389 1779 621 1830 reveriti,cui
638 1779 812 1826 templum
833 1777 884 1814 illi
907 1777 920 1798 ⁵
937 1779 1144 1818 erexerant,
1157 1781 1276 1819 neque
1289 1771 1393 1808 fracti
1412 1769 1472 1806 illa

391 1843 578 1880 hominum
594 1841 800 1879 calamitate
813 1868 824 1884 ,
843 1849 864 1876 a
883 1847 953 1885 qua
972 1845 1056 1873 sero
1073 1834 1219 1872 tandem
1236 1833 1298 1870 vix
1315 1842 1356 1870 se
1372 1842 1476 1870 rece-

393 1910 535 1954 perant,
557 1913 676 1951 neque
696 1901 863 1950 supplicii
890 1896 1099 1945 hujusmodi
1117 1894 1340 1932 facinoribus
1358 1903 1380 1930 a
1397 1893 1476 1931 Deo

387 1955 553 2013 deputati
563 1970 661 2002 metu
675 1962 842 2007 cohibiti,
854 1961 973 2008 primo
986 1957 1132 2006 quidem
1146 1967 1212 2004 per
1221 1965 1261 1993 se
1271 1965 1336 1993 eos
1347 1965 1368 1992 a
1381 1961 1477 1993 stru-

393 2035 494 2065 ctura
501 2035 673 2064 coercere
683 2023 889 2062 nitebantur
901 2032 910 2057 :
923 2030 1004 2058 cum
1016 2025 1136 2056 autem
1148 2017 1237 2054 nihil
1244 2017 1476 2064 proficerent,

395 2089 516 2126 missis
541 2087 587 2124 ad
617 2096 740 2134 regem
769 2094 875 2122 suum
905 2083 1047 2126 literis,
1085 2078 1216 2127 quibus
1240 2087 1320 2116 eam
1351 2077 1477 2116 urbem

396 2151 612 2188 defectionis
623 2156 873 2193 novarumque
889 2153 1012 2182 rerum
1029 2141 1244 2187 studiosam,
1260 2151 1304 2179 ac
1317 2140 1401 2178 belli
1415 2151 1478 2178 cu—

397 2212 518 2259 pidam
533 2209 776 2258 appellabant,
796 2206 950 2245 suadent
968 2205 1018 2249 ei,
1035 2209 1075 2241 ut
1091 2203 1160 2241 sibi
1177 2203 1340 2250 ejusdem
1354 2201 1480 2250 prohi-

399 2273 506 2311 bendi
527 2271 672 2308 aediiicii
690 2269 844 2306 facultas
860 2267 981 2306 detur.
1007 2267 1251 2314 Qua-accepta
1269 2270 1450 2314 potestate
1463 2292 1476 2312 ,

399 2342 528 2381 magna
542 2331 705 2379 equitum
723 2340 834 2368 manu
850 2329 948 2367 viros
965 2327 1100 2373 adorti,
1114 2337 1207 2375 opus
1223 2326 1313 2364 illud
1327 2326 1371 2364 ad
1385 2331 1479 2365 tem-

400 2405 468 2443 pus
493 2393 681 2432 intermitti
707 2396 904 2440 coegerunt
923 2402 934 2428 :
955 2391 970 2412 '
989 2395 1028 2428 et
1050 2389 1137 2428 elati
1162 2399 1206 2426 ea
1229 2388 1406 2434 victoria,
1433 2387 1480 2425 de

383 2467 471 2505 .qua
487 2456 610 2504 lugere
623 2455 834 2500 debuerant,
847 2453 1106 2502 gloriabantur,
1122 2450 1367 2499 putabantque
1383 2449 1480 2487 hunc

384 2553 386 2556 .
400 2530 484 2557 esse
498 2519 709 2556 insidiarum
723 2526 872 2554 suarum
889 2515 1099 2554 terminum.
1118 2515 1166 2552 At
1181 2520 1262 2552 erat
1273 2513 1360 2551 illud
1373 2522 1481 2550 exor-

403 2581 504 2619 dium
522 2581 735 2628 initiumque
753 2589 896 2623 eorum,
917 2587 998 2626 qua:
1013 2587 1054 2614 se
1069 2586 1154 2614 mox
1172 2576 1340 2614 invasura
1358 2580 1478 2621 erant,

403 2645 580 2682 malorum
601 2655 612 2682 :
636 2653 726 2691 opus
746 2641 844 2679 enim
863 2639 952 2678 illud
970 2639 1240 2688 perficiebatur,
1259 2648 1304 2676 ac
1321 2637 1480 2685 denique

405 2707 616 2754 praclarum
634 2709 779 2742 nactum
795 2709 854 2742 est
870 2703 991 2740 tinem.
1012 2701 1104 2738 Tum
1127 2701 1178 2738 illi
1196 2700 1426 2744 didicerunt,
1437 2708 1480 2737 ac

405 2779 470 2816 per
487 2769 567 2807 illus
597 2767 780 2812 universi,
797 2777 870 2804 non
893 2775 977 2804 cum
1006 2763 1214 2802 hominibus
1238 2763 1333 2800 bella
1351 2772 1482 2810 gerere

405 2831 648 2868 Mithridatem
666 2830 784 2876 illum,
801 2829 858 2866 vel
872 2829 982 2866 alium
1000 2825 1221 2875 quempiam,
1238 2825 1299 2872 qui
1314 2825 1399 2862 boni
1414 2824 1482 2862 ali-

405 2892 492 2940 quid
505 2902 612 2939 agere
629 2892 858 2928 instituentes
877 2890 1044 2926 homines
1062 2891 1264 2936 Oppugnet;
1283 2885 1348 2924 sed
1362 2885 1481 2934 potius

407 2966 490 2992 cum
515 2956 594 3004 ipso
613 2955 712 2999 Deo,
739 2953 800 3001 qui
832 2963 896 3000 per
923 2952 1004 2988 illos
1028 2951 1240 2988 honoratur.
1269 2949 1339 2994 Qui
1358 2955 1480 2986 autem

409 3017 484 3053 Deo
497 3016 631 3054 bellum
648 3018 783 3058 movet,
801 3022 997 3060 numquam
1015 3016 1134 3058 potest
1148 3009 1286 3048 bonum
1303 3009 1391 3046 belli
1417 3019 1482 3046 ex-

408 3078 497 3114 itum
514 3077 672 3114 hahere:
691 3076 755 3114 sed
770 3075 802 3113 is
827 3074 973 3122 quidem
993 3073 1094 3110 initio
1112 3071 1282 3110 facinoris
1301 3071 1390 3108 nihil
1408 3069 1482 3108 for-

410 3144 508 3176 tasse
535 3139 689 3186 patietur
719 3136 832 3181 ntali;
864 3135 896 3172 si
931 3141 1050 3172 tamen
1082 3144 1155 3172 non
1188 3133 1372 3181 patiatur,
1407 3131 1483 3170 Deo

410 3199 510 3236 illum
545 3205 698 3236 vocante
734 3197 782 3235 ad
815 3197 1084 3244 paenitentiam,
1117 3202 1228 3244 atque
1260 3195 1483 3234 concedente

411 3265 451 3295 ut
467 3259 569 3306 quasi
593 3269 638 3296 ex
665 3259 840 3296 ebrietate
867 3257 1022 3304 quadam
1053 3257 1261 3306 resipiscat;
1285 3256 1344 3294 sin
1360 3260 1482 3292 autem

413 3322 449 3357 iu
470 3321 626 3358 amentia
654 3331 717 3358 sua
749 3320 948 3368 perstiterit
965 3348 976 3364 ,
1001 3321 1090 3358 nihil
1119 3331 1166 3360 ex
1191 3320 1397 3368 huiusmodi
1419 3319 1482 3356 Dei

368 3414 378 3431 ,
415 3382 605 3419 clementia
644 3387 682 3418 et
721 3382 893 3429 patientia
935 3382 1122 3428 lucratus,
1159 3388 1313 3420 cancros
1353 3380 1482 3418 Saltem

413 3444 608 3482 admodum
645 3444 808 3491 juvabit,
851 3444 1028 3492 supplicio
1067 3455 1134 3482 suo
1175 3444 1401 3486 admonens,
1437 3451 1484 3478 ne

413 3511 541 3544 contra
578 3507 689 3544 Deum
727 3517 899 3554 umquam
936 3507 1070 3544 bellum
1101 3512 1257 3555 gerant,
1295 3503 1390 3553 quod
1424 3503 1484 3540 in-

413 3569 545 3606 victam
567 3567 664 3604 illam
681 3578 826 3604 manum
839 3579 945 3606 nemo
957 3569 1116 3616 effugere
1129 3568 1262 3606 valeat.
1276 3566 1401 3602 Tantm
1416 3565 1483 3612 igi-

415 3639 473 3668 tur
491 3631 572 3668 illos
590 3631 709 3669 statim
725 3631 889 3669 invasere
905 3631 1043 3678 clades,
1061 3637 1102 3668 ut
1119 3628 1364 3678 magnitudine
1383 3624 1482 3664 cala-

457 3736 470 3758 ¹
493 3738 542 3771 sic
556 3740 628 3771 IS.
643 3737 710 3771 duo
734 3741 770 3772 et
789 3737 886 3772 Savil.
913 3737 966 3772 ad.
992 3745 1097 3778 marg.
1127 3735 1220 3776 Editi,
1237 3732 1348 3774 illud;
1377 3731 1485 3765 minus

415 3783 590 3869 Ὕῗιίυὲ
607 3821 737 3869 unum
765 3819 892 3869 legisse
912 3819 1041 3869 γίάεείειτ
1065 3817 1250 3869 imiimi?“
1270 3813 1483 3869 932512.193

417 3862 590 3907 vertitng
605 3862 682 3907 elati
695 3871 736 3896 ea
748 3855 882 3907 υἱςῖὸνὶα
894 3860 1116 3907 gloriabantur:
1134 3867 1146 3892 :
1169 3866 1238 3907 qm,
1254 3855 1391 3907 sint].th
1406 3855 1486 3907 imis

419 3901 526 3946 turdis
537 3895 877 3946 Ῑᾳῇωειρῇηῃεηέξετθξε
887 3895 1046 3946 (iungere
1061 3895 1252 3946 debuerant,
1260 3895 1346 3946 (stitit
1354 3895 1485 3946 poathan

420 3913 526 3946 τᾳηιιδ
537 3913 661 3942 11118181,
764 3913 877 3941 tutere
887 3913 926 3936 ac
937 3913 1046 3942 tuque
1061 3913 1252 3937 αευιισηιηι,
1260 3913 1340 3930 num
1354 3913 1485 3939 [Iustum-

420 3942 578 3992 iuuandi.
596 3913 789 3992 ἠρίίᾝὰ
805 3949 912 3992 arm
927 3944 960 3992 in
970 3937 1215 3992 'omntnusrtum
1229 3940 1327 3973 Editts
1339 3943 1407 3972 tum
1421 3942 1486 3971 Ma-

421 3983 591 4022 nuscrint'u
608 3983 692 4019 aliud
709 3990 906 4026 exprimunt.
919 3990 955 4018 ut
971 3993 1030 4017 nos
1045 3982 1184 4016 edimus.

1541 1539 1676 1559 ιιηιειιιδ
1695 1533 1824 1557 omines
1842 1529 1930 1555 anas
1946 1520 2167 1554 calamitates
2189 1515 2396 1562 obtegerent.
2415 1513 2483 1549 Post
2499 1523 2550 1549 ca:-

1542 1581 1608 1620 des
1622 1581 1720 1620 enim
1736 1586 1774 1618 et
1797 1579 1956 1618 infinitas
1975 1583 2126 1625 strages,
2141 1587 2228 1626 quas
2247 1576 2328 1613 olim
2343 1575 2384 1612 ab
2401 1585 2436 1611 se
2451 1574 2542 1611 coerci

1542 1649 1662 1682 torum
1678 1641 1885 1680 Iudaeorum
1905 1649 2034 1678 manus
2047 1643 2291 1688 pet-petrarum
2302 1665 2312 1682 ,
2325 1646 2478 1674 caesorum
2493 1645 2554 1672 san-

1543 1706 1652 1754 guine
1662 1711 1757 1743 terra
1771 1703 1816 1741 ad
1830 1703 1982 1741 multam
1995 1711 2108 1750 usque
2117 1699 2380 1749 profunditatem
2398 1695 2557 1734 madefacta

1545 1773 1636 1814 erat,
1656 1767 1794 1814 lulique
1807 1765 2002 1814 plurimum
2023 1774 2069 1802 ex
2085 1773 2130 1802 eo
2145 1772 2288 1802 crurore
2305 1759 2509 1810 gignebatur:
2525 1767 2558 1795 et

1545 1829 1758 1877 corporibus
1776 1834 1897 1866 autem
1918 1837 2092 1876 equorum
2107 1831 2143 1864 et
2157 1825 2335 1864 hominum
2351 1820 2446 1860 simul
2457 1818 2559 1862 mittis,

1545 1897 1654 1940 atque
1673 1901 1717 1928 ex
1730 1890 1942 1928 vulneribus
1959 1899 1999 1928 se
2016 1889 2168 1928 invicem
2189 1884 2415 1935 tangentibus,
2428 1887 2509 1920 tanta
2521 1881 2560 1916 vit

1545 1955 1722 1992 vermium
1741 1953 1903 1992 ebullivit
1915 1981 1927 2000 ,
1949 1959 1988 1990 ut
2005 1963 2087 1991 cum
2113 1958 2205 1990 terra
2223 1947 2434 1988 multitudine
2447 1944 2562 1984 cadave-

1547 2027 1629 2056 rum
1646 2017 1864 2066 operiretur,
1885 2015 1962 2054 hzec
1984 2015 2158 2053 cadavera
2175 2021 2296 2051 rursus
2309 2008 2472 2049 vermibus
2485 2005 2564 2044 oblc-

1548 2085 1733 2129 gerentur.
1756 2078 1914 2116 Dixisset
1933 2076 2094 2126 profecto
2109 2076 2168 2124 qui
2188 2083 2345 2121 campum
2371 2071 2460 2108 illum
2479 2066 2564 2129 vidis-

1548 2128 1630 2188 set,
1648 2151 1722 2179 non
1739 2140 1922 2180 substrata
1935 2148 2101 2187 corpora,
2120 2137 2182 2176 sed
2200 2137 2312 2174 fontes
2327 2143 2400 2172 esse
2415 2128 2566 2180 quamplu-

1549 2205 1687 2250 rimos,
1707 2203 1778 2242 hoc
1797 2202 2018 2241 insectorum
2041 2211 2156 2250 genus
2179 2197 2370 2248 largissime
2391 2193 2568 2232 fundentes:

1549 2266 1642 2304 adeo
1661 2266 1762 2304 omni
1779 2265 2013 2304 inundatione
2032 2262 2275 2302 vehementius
2293 2271 2334 2298 ex
2349 2255 2514 2307 putredine
2525 2251 2569 2289 illa

1549 2331 1771 2370 scaturiebat
1789 2329 1917 2378 ingens
1935 2329 1994 2367 illa
2011 2326 2186 2366 vermium
2211 2325 2324 2373 c0pia.
2350 2323 2453 2368 Atque
2468 2316 2497 2354 id
2513 2325 2568 2352 non

1549 2403 1617 2442 per
1633 2393 1760 2430 decem
1777 2391 1856 2429 dies
1871 2419 1882 2437 ,
1907 2396 1970 2429 aut
1987 2389 2124 2438 viginti,
2145 2388 2206 2426 sed
2227 2397 2288 2435 per
2307 2383 2477 2432 plurimum
2495 2385 2568 2442 tent-

1551 2436 1650 2503 poris
1676 2452 1812 2491 factum
1831 2436 1900 2499 est.
1919 2451 1967 2488 Et
1992 2436 2037 2489 ea
2053 2448 2197 2498 quidem
2215 2457 2291 2495 qua:
2309 2444 2361 2481 hic
2377 2441 2446 2480 istis
2461 2436 2570 2476 accide-

1548 2521 1659 2562 runt,
1678 2513 1855 2563 ejusmodi
1875 2512 2002 2556 fuere;
2023 2521 2105 2560 quae
2120 2519 2206 2548 vero
2229 2508 2307 2546 illos
2333 2506 2365 2542 in
2389 2503 2490 2563 futuro
2513 2505 2570 2535 nta-

1551 2559 1656 2623 nent,
1673 2559 1782 2623 longe
1798 2579 1884 2611 sunt
1901 2573 1957 2610 his
1975 2559 2172 2610 acerbiora.
2188 2568 2307 2616 Neque
2321 2565 2408 2602 enim
2424 2559 2507 2598 inille
2520 2565 2570 2623 an:

1553 2641 1630 2685 nis,
1644 2615 1711 2675 aut
1728 2615 1853 2675 decem
1873 2634 2030 2673 millibus
2043 2662 2054 2679 ,
2083 2638 2146 2670 aut
2169 2631 2225 2669 bis
2244 2615 2337 2668 terve
2354 2623 2484 2664 totidem
2497 2647 2509 2685 _,
2524 2615 2571 2654 sed

1551 2681 1703 2740 infinitis
1721 2697 1864 2735 saeculis
1879 2696 2036 2733 animata
2053 2700 2138 2732 tunc
2157 2701 2303 2739 corpora
2321 2685 2480 2726 cruciatus
2496 2681 2572 2717 inex-

1554 2759 1809 2810 p'ticabilesque
1820 2757 1966 2795 dolores
1979 2755 2218 2794 sustinebunt.
2236 2751 2281 2789 Et
2295 2750 2368 2786 haec
2379 2751 2509 2790 utraque

1551 2809 1604 2862 vit
1619 2823 1744 2861 beatus
1763 2821 1888 2866 Isaias,
1903 2819 2004 2856 novit
2025 2823 2062 2856 et
2072 2815 2285 2855 mirabilium
2301 2810 2460 2848 visionum
2473 2809 2557 2866 specu

1552 2887 1646 2925 lator
1667 2883 1862 2928 Ezechiel,
1876 2863 1945 2930 qui
1963 2879 2167 2928 ltujusmodi
2188 2876 2362 2914 hominum
2380 2875 2487 2930 pinnas
2501 2863 2574 2930 inte:

1552 2959 1593 2988 se
1615 2947 1874 2987 distribuentes
1921 2920 2024 2982 alter.
2032 2941 2240 2992 praesentis,
2265 2937 2352 2975 alter
2369 2929 2464 2970 futuri
2479 2920 2571 2964 saeculi

1552 3013 1727 3063 supplicia
1746 3015 1976 3050 enarraruut.

1661 3075 1810 3123 Quidam
1829 3073 2014 3110 monachos
2029 3074 2197 3108 claudas
2221 3069 2348 3103 verum.
2366 3078 2410 3123 —_-
2431 3055 2574 3123 58°31)

1602 3109 1638 3115 __
1663 3109 1806 3123 ,ι-,ηηη
1831 3109 1846 3110 η
1871 3109 1874 3110 ,
1900 3109 1904 3110 ,

1553 3140 1634 3178 hazc
1659 3148 1732 3176 non
1753 3137 1834 3174 sine
1857 3144 1966 3172 causa
1995 3130 2216 3174 memoravi,
2247 3125 2308 3163 sed
2335 3121 2409 3170 quia
2433 3109 2574 3178 accedi

1553 3200 1699 3250 quidam
1719 3198 1884 3236 nuntium
1903 3196 2024 3233 attulit
2047 3194 2192 3242 plenum
2207 3171 2464 3250 amaritudinis,
2481 3171 2573 3250 Ἓξ·

1554 3235 1648 3309 ollim,
1667 3261 1893 3311 ingentisque
1917 3258 2091 3296 adversus
2119 3255 2230 3292 Deum
2246 3235 2575 3311 contumelim:£:l:5‘

1557 3293 1755 3364 dam’enim
1782 3293 1865 3358 esse
1894 3319 2060 3356 homines
2093 3316 2166 3358 ait,
2184 3311 2244 3360 qui
2271 3307 2434 3364 ιιοάὶαιιιέ
2454 3293 2574 3364 "tie":

1653 3356 1964 3421 illi—olimvbarbari
1979 3407 1990 3425 ,
2011 3356 2400 3434 admittere-auderent;
2417 3356 2578 3434 initi???

1557 3417 2012 3496 inQui'Jnfééoﬁuapée
2029 3440 2089 3488 qui
2117 3432 2346 3496 Philmp'“?

1556 3480 1744 3558 iisan;
1755 3480 1923 3544 ..είοτές
1939 3480 2208 3549 satiusque
2220 3480 2404 3558 εέρέεηξετθν
2420 3480 2578 3558 τηξξ¹ἱῗῖ3ῗῖῖ

1556 3538 2005 3610 :dd-itiswmitt-iswvetare:
2016 3538 2068 3601 ne
2085 3538 2168 3610 quid
2174 3538 2276 3606 piam-
2285 3544 2472 3600 hujusmodi

1557 3641 1727 3679 umquam
1747 3630 1932 3668 hominem
1949 3602 2114 3664 doceant.
2147 3602 2210 3658 llis
2235 3613 2362 3654 auditis
2369 3639 2379 3654 ,
2399 3602 2578 3679 “afui:

1559 3656 1618 3670 um
1646 3656 1727 3668 ιιι...
1950 3656 2113 3664 υν-,..-.-.
2147 3656 2156 3658 ν
2199 3656 2204 3657 ,

1557 3656 1710 3732 clamavi
1731 3719 1742 3737 ,
1769 3697 1806 3730 et
1830 3695 2034 3728 narrantem
2061 3693 2157 3730 ωερε
2179 3678 2400 3737 percontatus
2425 3656 2579 3737 sum-ill:

2039 3723 2304 3794 Apaigciinquil
2320 3735 2399 3776 ille;
2417 3723 2579 3768 “"m‘lmm

1602 3867 1611 3871 '
1637 3867 1755 3885 υυυδι,
1787 3867 1902 3878 "an...
1919 3867 1928 3882 ι
1947 3867 1979 3872 ---
2010 3867 2088 3870 --εκ
2165 3875 2170 3881 _
2324 3867 2330 3872 .

1558 3892 1642 3924 hanc
1667 3897 1782 3924 vocem
1813 3887 1942 3924 ferunt,
1974 3885 2077 3924 recte.
2106 3868 2330 3924 Nilttlapudml

1559 3915 1681 3974 suis
1689 3915 1922 3974 manus:
1933 3915 2156 3974 '(I.ua,',"_.!‘_‘._‘i‘£'.
2165 3915 2522 3974 ’Ἦὲἷῗέξῖῗῖἕῖνὲῢὲἶῗῖἶ

1559 3949 2182 4012 ῗνῖἀξηὲἶὲρἘῶἶὶἶδέιὶὶῐηι.,
2195 3953 2342 3988 tsidorunt
2357 3949 2454 3978 Pctus.
