2742 4342
404 184 478 224 323

405 259 544 312 jussis-ti
565 254 709 306 penitus
726 255 998 296 exsequemur:
1019 249 1162 280 tantum
1181 239 1273 277 nihil
1290 235 1389 275 aliud
1413 236 1487 284 jam

407 297 516 360 dictis
529 297 695 363 adﬁcias,
711 311 776 352 sed
793 309 980 356 digressus
993 313 1146 353 precare
1160 309 1214 348 ut,
1229 309 1384 342 excussa
1401 297 1492 335 milii

410 379 579 420 inmroris
608 373 763 416 nebula,
785 368 982 418 quamdam
1005 377 1028 404 a
1052 365 1147 410 Deo,
1165 363 1228 412 qui
1243 363 1492 410 impugnatur,

912 169 953 206 S.
979 163 1171 204 JOANNIS
1195 155 1518 200 CHRYSOSTOIII
1544 153 1764 194 AKCHIEP.
1791 150 1995 190 CONSTAN

1494 155 1518 194 ll
1544 153 1764 194 AKCHIEP.
1791 148 2150 190 CONSTANTINOP.
2521 158 2577 197 3-34

1566 233 1703 279 Paulo,
1725 231 1812 280 quid
1831 241 1903 268 non
1924 229 2044 267 damni
2075 229 2214 267 necanti
2237 228 2384 268 Neroni?
2409 243 2510 273 nonne
2530 237 2580 276 ille

1565 291 1713 340 quidem
1733 295 1773 326 ut
1806 288 1957 336 angelus
1989 287 2119 334 ubique
2143 293 2312 324 terrarum
2337 288 2579 332 celebraturidc

1567 353 1808 404 praesentibus
1844 351 1942 390 enim
1993 356 2130 387 tantum
2159 349 2304 397 loquor;
2329 349 2384 388 ille
2407 361 2483 389 vero
2509 360 2582 391 tani-

409 451 516 490 uperu
527 445 732 484 consequar
745 411 988 476 adimedelam
1001 411 1232 466 inimicorum
1245 425 1338 472 ejus.
1355 423 1394 460 ιιι
1409 431 1497 460 vero
1569 429 1677 468 quam
1705 421 1898 464 corruptor
1925 413 2136 461 daemonque
2165 411 2260 450 ferox
2283 411 2370 460 apud
2392 423 2500 452 omnes
2513 417 2584 454 male

410 502 512 540 dabit
529 497 630 538 haud
645 496 779 541 dubie,
793 495 958 532 clemens
977 501 1063 529 cum
1079 490 1152 535 sit,
1171 498 1216 526 ac
1233 491 1390 524 mortem
1409 493 1498 532 pec—

412 562 548 602 catoris
568 560 682 605 nolit,
708 557 774 596 sed
801 562 842 594 ut
858 559 1095 593 convertatur
1120 557 1159 589 et
1175 550 1288 587 vivat.
1307 547 1371 585 Sic
1399 546 1461 584 illo
1479 555 1501 582 a

415 636 476 664 me
502 623 654 662 diruisse
667 649 678 666 ,
705 620 785 658 haec
801 618 962 656 scribere
983 625 1065 652 sum
1088 621 1296 662 aggressus.
1310 608 1456 648 Ateuim
1472 607 1504 644 si

417 689 488 726 hoc
506 693 647 725 tantum
666 683 752 721 mali
769 681 940 724 adesset,
959 676 1057 726 quod
1073 675 1190 713 sancti
1208 673 1274 712 Dei
1287 678 1326 710 et
1342 669 1504 708 admira-

417 751 514 788 biles
540 747 610 785 viri
634 749 892 794 raptarentur,
923 739 1220 786 laniarenturque
1241 735 1288 772 ad
1311 732 1508 772 tribunalia

421 810 610 861 pertracti,
631 805 815 847 verberati
831 811 870 843 et
885 804 956 842 alia
977 802 1097 852 passi,
1115 810 1198 849 quae
1213 807 1326 846 supra
1341 794 1508 834 narravi-

422 885 519 919 mus,
538 872 751 919 nullumque
768 868 856 906 hinc
872 867 1049 905 damnum
1069 864 1108 902 in
1125 871 1254 900 eorum
1269 864 1509 898 convertere-

423 945 484 976 tur
496 940 620 984 caput,
639 933 703 982 qui
723 932 810 970 talia
827 932 1100 978 perpetrarunt,
1121 931 1262 962 tantum
1279 921 1387 960 abest
1405 926 1446 958 ut
1463 919 1512 958 de

424 999 540 1050 gestis
559 998 721 1036 dolerem
733 1022 744 1040 ,
765 999 806 1032 ut
823 993 937 1041 etiam
953 991 1001 1028 de
1015 988 1145 1027 iisdem
1163 985 1321 1024 riderem
1335 991 1514 1032 perquam

428 1044 661 1100 suavissime.
676 1057 769 1096 Nam
788 1063 826 1094 et
844 1054 1002 1092 infantes
1015 1050 1158 1100 quoties
1174 1047 1255 1086 sine
1270 1057 1338 1084 suo
1353 1044 1515 1094 periculo

429 1123 641 1174 percutiunt
656 1126 808 1163 matres,
819 1117 936 1155 risum
953 1115 1028 1152 illis
1043 1115 1194 1150 movent
1205 1108 1514 1157 copiosissimum,

431 1169 607 1235 tantoque
626 1184 806 1231 majorem
824 1179 1049 1227 voluptatem
1067 1175 1228 1224 pariunt,
1249 1177 1386 1220 quanto
1402 1169 1518 1208 vehe-

435 1251 616 1290 mentiore
629 1257 712 1286 cum
728 1243 915 1284 iracundia
929 1242 966 1280 id
980 1240 1150 1285 fecerint,
1166 1239 1215 1276 ita
1232 1243 1273 1274 ut
1287 1235 1520 1274 effundantur

434 1322 601 1362 peueque
623 1310 878 1356 dirumpautur
897 1306 999 1343 risu:
1019 1303 1077 1340 sin
1101 1310 1189 1339 vero
1212 1300 1298 1336 dum
1327 1297 1364 1336 id
1386 1296 1522 1346 jugiter

437 1361 558 1416 infans
571 1385 614 1413 ac
630 1372 786 1412 validius
797 1370 897 1416 facit,
913 1367 1126 1406 vulneretur
1136 1362 1348 1412 aliquando,
1364 1361 1440 1398 sive
1453 1369 1523 1397 acu

435 1441 534 1478 circa
553 1447 683 1475 zonam
698 1434 831 1472 tunicae
845 1431 974 1469 matris
990 1429 1116 1472 affixa,
1131 1427 1210 1464 sive
1227 1424 1331 1462 radio
1345 1421 1523 1460 maternis

439 1500 650 1550 pectoribus
668 1506 831 1546 appenso
849 1493 1014 1532 ferientis
1031 1499 1180 1528 manum
1193 1487 1399 1535 excipiente
1414 1497 1425 1522 :
1439 1490 1526 1522 tunc

437 1549 553 1608 certe,
575 1570 661 1601 tunc
674 1562 788 1598 misso
801 1558 892 1603 risu,
907 1555 1060 1604 majore,
1079 1562 1188 1601 quam
1207 1551 1238 1588 is
1255 1549 1317 1598 qui
1331 1556 1527 1597 percussus

440 1634 512 1672 est,
537 1607 599 1663 illa
615 1624 743 1662 dolore
761 1620 920 1659 afficitur
937 1631 946 1656 :
961 1623 998 1656 et
1015 1615 1162 1654 interim
1180 1618 1284 1651 curat
1300 1611 1456 1654 vulnus,
1481 1607 1528 1646 de

442 1695 578 1728 caetero
599 1693 720 1724 autem
741 1682 948 1732 ingentibus
961 1679 1070 1717 minis
1085 1682 1184 1714 vetat
1201 1685 1247 1712 ne
1265 1673 1350 1711 talia
1367 1677 1464 1720 agat,
1481 1679 1530 1708 ne

445 1752 540 1789 forte
559 1751 680 1788 simile
706 1747 892 1796 quidpiam
910 1744 1082 1792 patiatur.
1101 1740 1176 1778 Nos
1200 1739 1325 1786 itaque
1350 1736 1452 1784 paria
1473 1734 1531 1772 fe-

445 1815 638 1858 cissemus,
659 1813 690 1850 si
711 1811 890 1860 puerilem
909 1804 1120 1854 hujusmodi
1135 1801 1360 1840 iracundiam
1381 1798 1532 1847 conspi-

444 1886 638 1920 ceremus,
659 1881 722 1912 aut
739 1884 823 1912 esse
842 1873 937 1910 hanc
956 1868 1148 1907 infantium
1175 1865 1334 1914 plagam,
1356 1873 1439 1912 qua:
1459 1872 1533 1900 non

449 1949 617 1989 magnam
635 1939 723 1987 ipsis
740 1936 940 1986 perniciem
956 1931 1122 1970 inferret.
1139 1927 1319 1974 Quoniam
1343 1934 1431 1964 vero
1451 1930 1536 1973 post

447 2004 633 2044 modicum
656 2003 821 2050 elapsum
839 2006 998 2047 tempus,
1018 1993 1184 2044 quamvis
1204 2003 1300 2031 nunc
1317 1991 1440 2030 furore
1453 2001 1537 2030 cor-

449 2070 545 2117 repti
564 2068 600 2106 id
614 2078 688 2106 non
703 2067 876 2110 sentiant,
891 2063 1042 2106 flebunt,
1060 2059 1262 2108 ejulaburtt,
1283 2055 1538 2095 lamentabun-

451 2140 524 2176 tur,
539 2143 612 2168 nou
633 2131 694 2168 tali
713 2123 800 2166 fletu
815 2127 912 2174 quali
929 2123 1100 2166 infantes,
1117 2121 1182 2160 sed
1197 2121 1233 2158 in
1252 2119 1414 2158 tenebris
1429 2123 1536 2156 exte-

453 2193 610 2230 rioribus
646 2196 686 2228 et
719 2191 756 2226 in
793 2189 877 2236 igne
912 2184 1198 2232 inexstinguibili
1231 2194 1240 2219 :
1274 2182 1430 2230 idipsum
1459 2180 1536 2228 jam

453 2253 630 2290 faciamus
647 2250 744 2298 quod
757 2256 908 2292 matres,
928 2247 1001 2285 hoc
1020 2252 1158 2283 tantum
1183 2243 1394 2282 discrimine
1410 2269 1421 2288 ,
1439 2240 1538 2290 quod

456 2325 530 2353 non
543 2325 628 2352 cum
647 2312 756 2350 minis
777 2317 815 2349 et
831 2309 1064 2349 contumeliis
1083 2314 1123 2346 ut
1147 2307 1236 2351 illae,
1263 2305 1327 2344 sed
1354 2305 1488 2342 blande
1502 2309 1540 2341 et

455 2389 540 2418 cum
565 2378 716 2416 lenitate
733 2375 848 2414 multa
868 2373 1028 2412 infantes
1047 2370 1257 2420 hujusmodi
1283 2369 1538 2416 alloquamur:

457 2439 754 2490 quandoquidem
783 2437 875 2474 nihil
905 2435 992 2474 hinc
1020 2434 1146 2472 damni
1177 2432 1313 2472 sanctis
1338 2431 1448 2476 viris,
1475 2429 1541 2468 sed

457 2513 598 2543 merces
613 2501 796 2551 copiosior
813 2499 1002 2547 majorque
1024 2497 1154 2535 fiducia
1169 2496 1324 2534 accedit.
1342 2494 1380 2532 Si
1394 2493 1542 2542 quidem

457 2567 578 2606 futura
596 2566 693 2604 bona
705 2571 1052 2606 commemoremus,
1066 2559 1262 2598 admodum
1283 2557 1379 2596 forte
1399 2557 1541 2595 ridebi-

459 2631 522 2677 tis,
541 2629 675 2679 quippe
691 2627 752 2676 qui
773 2625 982 2674 hujusmodi
1004 2625 1080 2662 risu
1100 2633 1247 2671 semper
1275 2621 1396 2659 ridere
1422 2619 1544 2658 solea-

460 2695 510 2732 tis
528 2707 538 2731 :
553 2699 592 2730 at
610 2691 874 2740 praesentibus,
897 2688 1043 2726 etiamsi
1062 2687 1196 2724 millies
1210 2686 1298 2724 risui
1313 2684 1449 2722 addicti
1467 2683 1547 2722 fue-

460 2757 556 2800 ritis,
579 2755 688 2792 fidem
709 2763 782 2792 non
801 2751 998 2801 negabitis;
1027 2760 1095 2788 nec
1119 2750 1150 2787 si
1180 2748 1370 2786 volueritis
1397 2746 1546 2796 quidem

463 2819 642 2866 poteritis,
661 2817 772 2854 rebus
786 2825 920 2863 nempe
933 2813 1023 2862 ipsis
1037 2818 1163 2850 contra
1178 2810 1438 2849 clamantibus.

513 2882 757 2920 Persecutorea
781 2891 851 2916 non
869 2878 1013 2923 sanctis,
1033 2876 1095 2914 sed
1109 2875 1174 2914 sibi
1183 2880 1320 2912 nocent.
1335 2872 1548 2920 Exemplum

470 2945 623 2982 Neronia
645 2949 678 2980 et
699 2941 820 2979 Pauli.
848 2962 898 2969 —
913 2940 1097 2978 Neronem
1132 2947 1280 2985 prorsus
1310 2935 1465 2974 audistis
1490 2934 1548 2972 vi-

467 3017 548 3044 rum
567 3015 700 3053 nempe
713 3015 763 3042 ex
783 3002 932 3040 lascivia
949 3001 1144 3046 famosum,
1163 3000 1223 3047 qui
1245 2999 1385 3047 primus
1401 3003 1440 3036 et
1451 2997 1551 3034 solus

469 3070 505 3106 in
526 3074 628 3106 tanto
647 3066 802 3116 imperio
829 3074 944 3102 novos
963 3062 1140 3110 quosdam
1159 3061 1395 3109 impudicitia;
1415 3065 1454 3098 et
1473 3067 1550 3096 tur-

469 3132 646 3180 pitudinis
681 3129 812 3168 modos
843 3127 1088 3175 excogitavit:
1108 3125 1168 3164 hic
1195 3127 1318 3173 itaque
1345 3123 1442 3162 Nero
1468 3124 1552 3160 hea-

471 3205 548 3232 tum
562 3195 730 3240 Paulum,
751 3191 856 3240 cujus
874 3197 1039 3238 tempore
1057 3189 1258 3238 regnabat,
1277 3188 1326 3226 de
1343 3187 1473 3225 iisdem
1492 3195 1552 3222 ac-

471 3267 618 3304 cusans,
639 3257 686 3294 de
698 3256 830 3304 quibus
846 3264 912 3292 vos
930 3254 998 3302 ipsi
1014 3259 1161 3291 sanctos
1178 3253 1278 3290 viros
1304 3250 1522 3290 insimulatis
1542 3261 1552 3286 :

474 3321 641 3368 pellicem
655 3320 752 3358 enim
769 3317 863 3366 ejus,
879 3327 988 3366 quam
1008 3317 1070 3356 ille
1083 3317 1287 3365 deperibat,
1307 3325 1390 3353 cum
1411 3314 1457 3352 ad
1471 3313 1556 3350 fidei

473 3381 678 3419 doctrinam
695 3379 985 3428 amplectendam
1007 3379 1224 3426 induxisset,
1244 3378 1291 3416 ab
1310 3378 1464 3425 impuro:
1477 3375 1556 3422 ejus

473 3443 661 3482 consortio
691 3443 839 3480 monitis
871 3442 948 3480 suis
982 3442 1134 3481 abduxit
1159 3453 1170 3480 :
1191 3443 1294 3487 haec,
1313 3441 1484 3488 inquam,
1506 3438 1556 3475 illi

475 3505 628 3544 crimina
649 3505 825 3554 objiciens
839 3534 852 3552 ,
874 3516 917 3544 ac
948 3511 1198 3554 corruptorem
1215 3531 1226 3549 ,
1246 3503 1474 3540 seductorem
1489 3527 1500 3544 ,
1521 3505 1560 3536 et

479 3569 536 3606 his
557 3568 737 3606 similibus
771 3568 977 3606 nominibus
997 3595 1010 3613 ,
1028 3577 1111 3616 qua:
1154 3576 1220 3603 vos
1239 3563 1349 3602 modo
1368 3561 1556 3610 profertis,

477 3631 632 3670 Paulum
649 3631 852 3679 appellans,
874 3631 992 3679 primo
1020 3630 1140 3677 ipsum
1159 3630 1197 3665 in
1213 3626 1359 3664 vincula
1377 3622 1557 3670 conjecit;

477 3705 562 3732 cum
583 3702 704 3732 autem
723 3701 762 3732 ut
782 3695 910 3742 puellae
929 3693 1064 3731 monita
1085 3692 1174 3729 dare
1191 3690 1377 3728 desineret
1390 3686 1459 3735 ipsi
1476 3695 1561 3733 per-

479 3758 634 3796 suadere
651 3769 722 3795 nou
743 3763 880 3806 posset,
898 3755 1042 3794 necavit
1057 3753 1217 3791 tandem.
1237 3752 1331 3798 Quid
1346 3751 1455 3798 igitur
1474 3748 1562 3786 hinc

481 3819 604 3858 damni
625 3820 693 3858 fuit
709 3821 805 3858 male
822 3819 965 3862 affecto,
985 3816 1118 3865 quidve
1133 3813 1370 3852 emolumenti
1389 3811 1562 3849 facinoris

483 3882 764 3933 auctori?-lmo
795 3893 909 3923 vero.
938 3880 1023 3928 quid
1067 3887 1138 3916 non
1169 3875 1405 3916 emolumenti
1439 3873 1560 3912 occiso

1571 480 1698 520 audit?

1621 544 1660 581 4.
1678 543 1729 580 Ea
1740 551 1828 579 vero
1841 549 1923 588 qua:
1939 537 1984 576 ad
1995 537 2152 576 futuram
2165 535 2270 572 vitam
2285 535 2460 584 pertinent,
2475 539 2588 577 etiamsi

1575 616 1644 645 vos
1660 615 1734 643 non
1751 603 1928 648 credatis,
1944 606 2092 649 propter
2107 598 2292 636 credentes
2309 604 2416 636 tamen
2429 609 2592 638 memorare

1577 679 1728 710 necesse
1746 674 1828 713 est;
1849 673 2067 714 quamquam
2085 672 2130 700 ex
2147 661 2190 699 iis
2201 671 2298 708 ,qua:
2315 670 2425 698 coram
2443 668 2530 706 sunt,
2542 673 2592 699 vos

1579 735 1690 772 etiam
1709 732 1782 770 illis
1799 729 1952 768 credere
1971 725 2202 765 debueratis:
2224 733 2343 760 verum
2359 733 2484 771 quoquo
2498 725 2592 761 animo

1581 797 1660 845 ipsa
1678 792 1908 843 acceperitis,
1929 791 2096 829 dicentur
2113 798 2133 824 a
2147 786 2263 832 nobis,
2277 795 2340 824 nec
2352 786 2592 824 occultabantur.

1582 861 1756 908 Quaenam
1777 857 1888 905 igitur
1905 855 1966 893 illa
1984 851 2123 891 erunt?
2142 850 2245 888 Miser
2263 849 2334 896 ille,
2351 849 2511 897 squalidus
2523 878 2531 894 ,
2543 851 2591 887 tri-

1585 924 1654 962 stis
1670 951 1682 968 ,
1703 919 1900 970 ignominia
1929 918 2081 956 obrutus
2107 920 2143 952 et
2161 913 2326 961 caligine,
2344 912 2490 950 demissis
2509 913 2592 950 oculis

1585 984 1788 1025 abducetur
1804 993 1864 1030 eo,
1889 981 1951 1019 ubi
1977 979 2112 1018 vermis
2133 977 2192 1026 qui
2224 986 2294 1014 non
2322 976 2468 1020 moritur,
2485 981 2514 1012 et
2527 975 2594 1022 ignis

1587 1047 1649 1097 qui
1679 1056 1754 1084 non
1780 1043 2021 1092 exstinguitur
2044 1050 2055 1078 :
2089 1039 2216 1077 beatus
2251 1047 2335 1074 vero
2365 1036 2478 1074 Paulus
2500 1046 2597 1083 magna

1588 1121 1673 1150 cum
1701 1109 1833 1148 ﬁducia
1851 1107 1898 1146 ad
1924 1107 2041 1155 ipsum
2057 1100 2437 1148 adstabitlmperatoris
2453 1099 2598 1144 thronum,

1589 1172 1786 1222 splendore
1806 1169 1970 1218 fulgens,
1991 1173 2162 1214 tantaque
2189 1163 2336 1200 amictus
2363 1162 2460 1210 gloria
2474 1189 2484 1207 ,
2499 1166 2530 1198 ut
2550 1171 2603 1197 nec

1591 1233 1732 1282 angelis
1748 1242 1817 1270 nec
1841 1228 2070 1277 archangelis
2089 1225 2235 1264 inferior
2255 1225 2312 1269 sit,
2334 1228 2514 1270 tantamque
2529 1232 2603 1258 mer-

1583 1297 1720 1336 cedem
1749 1295 1924 1344 recipiet,
1946 1297 2117 1340 quantam
2137 1288 2295 1336 recipere
2321 1297 2380 1334 par
2395 1291 2444 1323 est
2460 1285 2605 1322 hominem

1593 1361 1657 1410 qui
1675 1371 1742 1408 pro
1761 1359 1840 1397 Deo
1857 1357 2010 1406 ejusque
2029 1353 2168 1403 placitis
2195 1363 2322 1400 corpus
2341 1351 2352 1372 ¹
2372 1357 2466 1398 atque
2486 1349 2608 1386 animam

1595 1435 1699 1464 suam
1731 1421 1935 1460 tradiderit.
1957 1419 2010 1456 Ita
2030 1418 2126 1456 enim
2147 1427 2188 1454 se
2209 1425 2266 1453 res
2286 1413 2386 1451 habet
2403 1423 2410 1448 :
2429 1415 2533 1459 parata
2548 1410 2610 1458 qui-

1595 1487 1682 1525 dem
1695 1490 1752 1524 est
1769 1485 1828 1529 iis,
1846 1483 1909 1531 qui
1926 1482 2020 1520 bona
2041 1479 2208 1528 egerint,
2225 1477 2346 1525 ingens
2362 1473 2537 1515 retributio,
2553 1480 2612 1507 nia-

1597 1548 1658 1597 jor
1693 1553 1816 1585 autem
1845 1555 1890 1584 ea
1940 1550 1998 1582 est
2033 1548 2142 1589 atque
2177 1539 2336 1582 auctior,
2367 1535 2494 1584 quoties
2517 1533 2537 1570 ii
2563 1532 2610 1579 qui

1600 1593 1696 1650 bona
1725 1613 1924 1658 operantur
1943 1635 1954 1652 ,
1997 1603 2155 1654 pericula
2195 1599 2474 1650 ignominiamque
2497 1593 2612 1632 multum

1601 1655 1770 1714 adierint.
1809 1669 1960 1710 Etiamsi
2004 1668 2139 1706 bonum
2187 1672 2275 1712 opus
2309 1659 2434 1709 aequale
2463 1657 2502 1694 sit
2527 1655 2555 1692 in
2581 1664 2616 1689 co

1602 1738 1667 1788 qui
1707 1736 1788 1775 sine
1830 1734 1956 1772 labore
1981 1761 1992 1779 ,
2029 1736 2066 1769 et
2099 1729 2136 1766 in
2173 1737 2216 1766 eo
2258 1725 2316 1774 qui
2353 1731 2429 1761 cum
2463 1718 2564 1756 labore
2589 1715 2616 1750 id

1603 1797 1814 1850 perfecerit,
1831 1798 1992 1835 honores
2006 1802 2126 1832 tamen
2139 1797 2176 1830 et
2191 1798 2329 1828 corona:
2340 1795 2435 1834 pares
2451 1791 2510 1819 non
2523 1783 2617 1816 erunt.

1604 1844 1696 1901 Nam
1715 1867 1753 1900 et
1781 1861 1818 1898 in
1845 1859 1946 1898 bello
1964 1861 2160 1896 coronatur
2185 1850 2324 1901 quidem
2348 1848 2376 1885 is
2401 1844 2456 1893 qui
2477 1848 2616 1888 tropa.qu

1607 1925 1724 1964 erexit
1745 1935 1756 1970 ;
1789 1923 1905 1961 multo
1938 1920 2054 1968 magis
2087 1925 2206 1956 tamen
2236 1915 2267 1951 is
2283 1911 2340 1960 qui
2357 1908 2487 1970 vulnera
2509 1911 2568 1951 pm
2588 1909 2618 1970 ξε

1607 1989 1691 2034 fert,
1711 1961 1777 2036 pm
1795 1996 1877 2035 quae
1899 1961 2078 2032 tropzeum
2105 1984 2264 2018 erectum
2282 1981 2348 2013 est.
2365 1968 2449 2016 Quid
2471 1972 2567 2004 autem
2579 1961 2620 2036 .de

1608 2025 1820 2092 viventibus.
1833 2051 1963 2099 loquor
1979 2077 1989 2094 ,
2007 2045 2152 2096 quando
2171 2050 2207 2082 et
2231 2042 2256 2080 ii
2281 2039 2338 2088 qui
2365 2036 2427 2074 hoc
2441 2036 2557 2070 tantum
2571 2025 2617 2063 dc-

1609 2117 1743 2156 derunt
1766 2097 1912 2154 virtutis
1928 2111 2117 2154 indicium,
2135 2114 2174 2146 ut
2201 2107 2238 2144 in
2260 2102 2351 2143 bello
2367 2097 2492 2137 fortiter
2507 2099 2619 2130 occum-

1609 2181 1754 2225 berent,
1773 2179 1939 2227 nihilque
1955 2177 2037 2226 plus
2057 2168 2288 2212 emolumenti
2313 2165 2386 2204 suis
2402 2157 2618 2227 praestiterat“:

1611 2252 1796 2294 tamquam
1816 2216 2022 2282 servatores
2051 2244 2088 2277 et
2113 2234 2253 2286 patroni
2281 2241 2344 2280 per
2369 2233 2467 2294 totum
2485 2216 2624 2294 (impiam

1612 2277 1846 2348 celebrantur
1861 2306 1878 2344 ?
1896 2303 2042 2343 tametsi
2059 2277 2127 2338 vos
2142 2299 2219 2336 haec
2237 2291 2398 2344 ignoratis
2417 2315 2427 2333 ν
2441 2283 2515 2324 risui
2531 2277 2624 2349 elflf'

1612 2371 1708 2410 liciis
1726 2380 1874 2418 semper
1890 2366 2016 2406 dediti.
2037 2361 2142 2410 Quod
2160 2361 2189 2398 si
2207 2338 2352 2407 gentiles
2368 2349 2524 2389 homines,
2541 2338 2624 2378 nihil-

1607 2437 1686 2484 que
1701 2443 1830 2472 sanum
1847 2430 2060 2471 sentientes,
2080 2425 2116 2464 id
2133 2417 2327 2468 conspicari
2341 2413 2512 2476 potuerunt
2523 2434 2532 2451 ν
2549 2410 2624 2484 5"":

1614 2468 1760 2544 illisque
1795 2492 1994 2532 honoribus
2025 2483 2236 2538 prosequuti
2259 2485 2340 2518 sunt
2356 2485 2436 2518 eos.
2457 2468 2508 2519 (illi
2532 2470 2626 2544 ῐποξθ

1616 2533 1800 2603 obierunt,
1826 2555 1988 2602 nihilque
2005 2533 2248 2600 prastiterunt
2275 2536 2558 2603 amplius-quanto

1617 2623 1672 2670 gis
1686 2621 1853 2659 Christus
1873 2617 1943 2654 hoc
1960 2615 2082 2658 faciet,
2105 2611 2166 2660 qui
2181 2615 2320 2654 semper
2335 2608 2370 2640 et
2382 2597 2571 2670 ultiqueleoi
2581 2593 2626 2670 (1:1:

1617 2652 1768 2732 prepter
1795 2691 1836 2718 se
1867 2677 2029 2727 pericula
2066 2670 2224 2715 adeunt,
2259 2658 2455 2728 largissimis
2489 2652 2626 2732 diutinis"?

1645 2715 1760 2730 "r"'
1795 2715 1832 2718 η
1869 2715 1879 2727 .

1619 2715 1780 2796 praemiis
1800 2739 1976 2790 superat?
1997 2739 2122 2785 Neque
2147 2733 2241 2772 enim
2260 2715 2626 2796 persequultilonjligiﬂ

1621 2764 1780 2796 primum:
1800 2764 1948 2790 θυιιειαι
1964 2764 1972 2776 ς
1997 2764 2122 2785 neque
2147 2764 2241 2772 νη...
2263 2764 2312 2778 ..-ν
2373 2764 2382 2773 ,

1621 2816 1712 2853 tm,
1731 2812 1794 2844 aut
1810 2802 2038 2847 verberibus,
2054 2804 2116 2837 aut
2133 2792 2349 2835 carceribus,
2365 2782 2570 2853 οξτάὶὺυείιιξῗι

1624 2839 1793 2853 η--τ--ν
1819 2839 1992 2842 --ητηη
2030 2839 2038 2847 .
2540 2839 2546 2842 _

1624 2870 1734 2909 etiam
1755 2864 1988 2906 contumeliis
2005 2857 2291 2903 conviciosisque
2305 2847 2430 2890 verbis,
2445 2839 2628 2909 minuet-If."

1624 2893 1734 2909 ῦιΙΙΙΙΙΙ
1755 2893 1988 2906 υνιιιυιι-υιιιν
2006 2893 2072 2900 νυ-.
2084 2893 2200 2898 .--_--,
2234 2893 2246 2903 Δ
2598 2893 2603 2895 1

1622 2932 1696 2970 suit
1713 2929 1886 2967 maxima.
1901 2925 2000 2964 Beati
2019 2923 2130 2966 enim,
2150 2917 2277 2966 inquit,
2293 2911 2380 2950 eritis
2391 2916 2460 2970 cum
2475 2909 2523 2968 to"

1625 2993 1792 3037 homines,
1802 2997 1833 3028 et
1842 3001 1920 3026 cum
1928 2984 2160 3036 reparaverint
2169 2984 2242 3024 uas,
2255 2982 2284 3014 et
2294 2957 2633 3037 exprobramin‘ﬁf'f:

1625 3014 1792 3037 ηυιηιηιςο,
1802 3014 1833 3028 ιο
1842 3014 1920 3026 νυνι·
1928 3014 2020 3036 σιν...
2030 3014 2100 3022 “vv.
2111 3014 2158 3020 η--
2172 3014 2184 3018 Ὗ
2193 3014 2203 3016 _
2214 3014 2221 3016 ἡ
2232 3014 2242 3024 ⁷
2336 3014 2343 3020 1
2562 3017 2568 3024 .
2584 3015 2590 3022 Ι

1624 3058 1733 3096 cerint
1758 3066 1882 3092 nomen
1899 3058 2048 3090 vestrum
2062 3054 2235 3094 tamquam
2252 3039 2388 3079 malum,
2403 3031 2521 3093 ρτρριςτ
2534 3014 2633 3096 ξ

1625 3081 1732 3096 tm...
1758 3081 1882 3092 ...,....,..
1902 3081 2047 3090 .--η-..η
2062 3081 2149 3094 ψη
2435 3081 2440 3082 γ
2497 3086 2504 3093 ¹

1625 3120 1786 3160 hominis.
1803 3116 1958 3155 Gaudete
1969 3115 2005 3150 in
2011 3113 2074 3150 illa
2084 3110 2140 3147 die
2149 3114 2180 3145 et
2191 3103 2353 3144 exsatiate
2385 3095 2533 3160 flii“

1625 3141 1956 3222 ίῖἔὲξῗέἶὲηᾨῖῗὲὲῖ
1970 3141 2290 3220 Iret-.11....
2309 3163 2344 3199 θ.
2361 3157 2417 3222 es.
2434 3150 2476 3189 es
2485 3141 2581 3222 tif}.
2591 3141 2637 3222 ξς

1628 3206 1736 3222 um...
1766 3206 1874 3218 ηιμ..-
1905 3206 1953 3216 ν...
2053 3206 2142 3211 η---
2175 3206 2187 3220 κ

1628 3255 1686 3286 tur
1703 3251 1741 3284 et
1762 3244 1835 3292 pati
1861 3247 1900 3280 et
1929 3239 2056 3277 audire
2076 3234 2194 3278 male,
2224 3206 2636 3293 patientibus

1629 3271 1678 3286 ιυΙ
1703 3271 1741 3284 νυ
1787 3271 1835 3280 ιι..
1862 3271 1900 3280 ν,
1929 3271 2055 3277 _____'
2078 3271 2122 3272 an
2185 3271 2194 3278 '
2227 3271 2237 3277 -

1629 3271 1811 3349 dicntih'us
1844 3302 2052 3343 mercedem
2083 3301 2214 3345 auget,
2235 3290 2294 3340 qui
2325 3271 2638 3354 impedi-tn

1630 3331 1811 3349 ιιιυιιιιυυδ
1844 3331 2052 3343 ιιιυιννι-νιι-
2083 3331 2213 3345 ν-υν,
2247 3331 2258 3340 ι

1630 3374 1814 3423 patiantur
1847 3373 1885 3406 et
1911 3366 2008 3404 male
2039 3361 2208 3402 audiant,
2237 3362 2307 3423 non
2339 3349 2424 3415 hos.
2442 3331 2613 3423 i132;

1631 3391 1808 3423 patrantur
1847 3391 1885 3406 ει
1913 3391 2008 3404 Ιιιιιιν
2039 3391 2208 3402 ..ιω---.η
2238 3391 2245 3392 κ
2381 3408 2388 3415 ,
2499 3396 2505 3403 .
2577 3391 2641 3421 oc“.

1630 3437 1726 3476 male
1742 3434 1878 3472 faciunt
1894 3435 1931 3468 et
1945 3429 2072 3466 dicunt
2085 3453 2097 3470 ,
2113 3423 2225 3472 juvat.
2244 3415 2318 3476 Eos
2336 3415 2431 3476 enim,
2441 3399 2641 3476 pit-ltili“?

2143 3451 2254 3512 linem
2272 3475 2366 3512 illam
2382 3455 2560 3505 mercedem
2575 3451 2642 3512 inf“

2301 3505 2474 3574 materiam
2494 3513 2566 3564 ipsis
2580 3505 2643 3576 alis:

2326 3601 2426 3635 causa
2461 3585 2528 3622 haec
2563 3574 2645 3635 clla“:

2301 3629 2410 3698 iuverat
2423 3663 2432 3695 ;
2451 3654 2521 3696 qua:
2542 3629 2645 3698 scilio't

2518 3693 2647 3740 ﬁduciam

1633 3560 1744 3606 cidit,
1763 3564 1800 3596 et
1817 3555 1937 3606 gaudii
1963 3545 2283 3606 exsultationisque

1633 3624 1730 3661 tulit.
1764 3619 1940 3668 Quocirca
1977 3616 2107 3654 horum
2141 3605 2284 3656 quidem

1635 3688 1744 3726 silere
1761 3692 1797 3723 et
1814 3685 1981 3721 omittere
1999 3677 2111 3715 satius
2131 3671 2282 3709 fortasse

1635 3750 1724 3800 ipsis
1745 3757 1894 3796 magnas
1913 3745 2088 3782 bonorum
2108 3732 2250 3773 divitias
2269 3724 2420 3772 majore"

1685 3880 1698 3902 ⁸
1722 3881 1836 3917 Deest,
1849 3879 1980 3916 corpus,
1993 3870 2026 3902 iu
2037 3864 2164 3899 duobus
