2742 4342
256 207 326 244 525

253 283 505 332 procurabant.
522 284 653 323 Verum
683 284 765 332 quia
777 290 913 323 ‘sumus
943 286 1096 324 invicem
1127 287 1288 324 membra
1305 315 1314 333 ,

240 347 318 383 'ctsi
335 345 402 393 ipsi
419 347 569 394 gratiam
599 346 778 394 abnegent
790 375 800 392 ,
819 357 890 384 non
907 348 1074 386 convenit
1093 348 1140 384 ita
1155 346 1294 385 affectis
1307 377 1316 394 ,

252 413 290 444 ut
307 418 373 444 nos
391 417 513 445 sumus
526 435 536 451 ,
559 408 664 445 unius
681 409 834 445 membri
851 419 974 446 curam
997 409 1143 455 habere,
1163 410 1317 448 alterum

251 469 440 516 negligere.
457 469 617 516 Namque
639 469 711 507 illis
731 470 802 507 alia
828 471 1039 507 meritorum
1067 471 1208 508 occasio
1232 482 1317 518 sup-

249 536 364 576 petet,
377 530 525 568 etiamsi
545 540 638 568 nunc
655 530 759 568 malis
778 541 848 568 non
867 531 1070 569 afﬁciantur
1087 544 1098 577 ;
1129 532 1207 570 istis
1229 543 1316 570 vero

247 591 314 629 nisi
331 593 376 629 ab
401 593 468 629 hac
487 603 604 640 pugna
617 592 822 631 destiterint
837 622 846 638 ,
869 595 964 632 nulla
983 595 1058 642 jam
1089 595 1215 633 salutis
1231 606 1316 643 spes

246 653 470 701 relinquitur.
487 655 610 702 Itaque
628 655 701 692 illis
715 643 874 702 omissis,
893 657 1022 694 vestris
1039 659 1148 696 rebus
1171 658 1313 703 insisto,

245 725 401 763 rogoque
420 726 458 754 et
473 719 625 756 obsecro
652 718 756 756 nobis
784 719 1011 758 hortantibus
1028 720 1312 768 obtemperetis,

244 788 311 815 nec
328 785 454 815 contra
471 789 536 816 vos
553 779 650 827 ipsos
668 780 823 828 gladium
852 781 1048 828 impellatis
1063 811 1072 827 ,
1093 793 1161 820 nec
1189 788 1314 820 contra

245 839 408 876 stimulos
435 840 628 878 calcitretis
647 852 658 886 ;
681 853 748 888 ne,
772 842 855 880 dum
878 843 1010 890 putatis
1029 843 1195 881 homines
1219 854 1314 881 mm-

243 911 324 938 rore
340 901 484 940 afﬁcere
501 932 510 947 ,
527 903 698 951 Spiritum
717 911 880 943 sanctum
901 907 964 944 Dei
981 908 1214 945 contristetis.
1230 908 1314 946 Scio

239 963 335 999 enim
367 973 410 1000 ac
443 975 653 1011 persuasum
689 966 830 1011 habeo,
869 978 934 1004 vos
968 969 1185 1006 sententiam
1219 969 1313 1008 hanc

240 1030 398 1060 nostram
415 1053 424 1069 ,
447 1026 514 1062 etsi
545 1035 617 1064 non
647 1027 782 1073 modo,
809 1034 908 1066 certe
941 1037 1065 1077 postea
1097 1031 1313 1078 probaturos

237 1094 332 1122 esse.
363 1085 439 1123 Hoc
469 1093 586 1124 autem
607 1089 690 1125 volo
710 1099 775 1126 vos
799 1101 895 1128 nunc
922 1098 1116 1139 priestare,
1138 1104 1184 1130 ne
1211 1101 1310 1141 post-

239 1147 384 1185 modum
406 1149 537 1187 frustra
567 1149 720 1188 faciatis.
739 1152 922 1200 Siquidem
943 1153 1046 1192 dives
1077 1155 1138 1192 ille
1163 1166 1245 1192 eum
1275 1157 1310 1194 in

239 1209 306 1247 hac
323 1211 395 1248 vita
413 1217 532 1257 esset,
553 1213 749 1260 praphetas
761 1243 771 1260 ,
792 1215 927 1262 legem,
944 1227 1141 1264 eorumque
1159 1219 1307 1262 monita,

239 1281 304 1317 pro
319 1271 447 1309 fabulis
466 1278 502 1310 et
519 1273 766 1312 deliramentis
784 1277 972 1323 reputabat
988 1290 996 1314 :
1015 1288 1096 1315 cum
1129 1285 1246 1316 autem
1265 1290 1310 1317 eo

237 1331 498 1377 abscessisset,
517 1335 607 1372 adeo
637 1336 673 1373 in
700 1337 936 1376 admiratione
963 1346 1070 1387 atque
1103 1340 1241 1378 honore
1266 1351 1308 1378 ea

237 1394 372 1430 monita
403 1395 548 1442 habuit,
581 1403 621 1434 ut
648 1407 730 1435 cum
765 1399 871 1446 plane
901 1401 1118 1449 intelligeret
1151 1403 1242 1439 nihil
1269 1413 1309 1440 se

234 1456 414 1493 commodi
441 1467 486 1494 ex
517 1457 595 1504 ejus
625 1459 790 1497 laudibus
815 1463 988 1510 consequi
1009 1473 1139 1510 posse,
1157 1465 1310 1512 patriar-

235 1517 343 1554 cham
373 1525 536 1566 rogaret,
560 1527 600 1556 ut
629 1521 787 1568 aliquem
831 1525 990 1562 mitteret
1026 1535 1072 1562 ex
1114 1525 1247 1562 inferis.
1270 1526 1306 1563 in

227 1572 394 1624 terram,
428 1581 488 1627 qui
518 1581 618 1618 istaec
645 1585 900 1630 annuntiarct,
931 1587 1068 1624 veritus
1101 1588 1240 1626 scilicet
1261 1600 1308 1628 ne

237 1641 390 1689 idipsum
411 1643 459 1679 illi
480 1652 702 1691 paterentur,
723 1652 830 1694 atque
849 1648 1052 1697 Scripturas
1069 1650 1208 1690 divinas
1226 1653 1308 1690 irri-

235 1703 365 1742 dentes
381 1733 392 1751 ,
413 1713 498 1744 tunc
516 1717 579 1744 eas
595 1708 872 1756 admirarentur,
895 1722 976 1750 cum
1005 1723 1050 1750 ex
1077 1725 1118 1752 ea
1145 1715 1305 1754 admira-

236 1767 333 1804 tione
352 1768 442 1804 nihil
463 1771 697 1808 emolumenti
721 1773 894 1820 consequi
913 1775 1088 1812 valerent.
1111 1776 1156 1812 Et
1183 1783 1302 1815 tamen

232 1827 294 1865 ille
313 1828 400 1866 nihil
421 1829 492 1867 tale
509 1837 654 1878 egerat,
672 1833 780 1884 quale
797 1844 860 1871 vos
877 1836 981 1882 agitis
1009 1846 1020 1874 :
1041 1837 1109 1874 etsi
1129 1837 1223 1874 enim
1243 1838 1302 1876 ille

234 1889 322 1928 nihil
341 1901 384 1928 ex
405 1893 479 1930 suis
493 1892 630 1930 Lazaro
650 1895 870 1942 impertivit,
893 1907 962 1935 non
984 1904 1104 1936 tamen
1129 1909 1193 1937 eos
1209 1927 1220 1945 ,
1240 1901 1300 1948 qui

219 1953 268 1990 ~id
288 1964 395 2002 agere
413 1955 568 2002 vellent,
587 1957 784 2004 prohibuit,
802 1965 866 1996 aut
885 1961 1030 2007 repulit,
1047 1967 1088 1998 ut
1107 1962 1216 2000 modo
1235 1973 1300 2000 vos

231 2015 360 2054 facitis.
381 2017 505 2065 Neque
521 2017 604 2055 hinc
618 2019 726 2056 modo
741 2019 841 2056 illum
865 2021 1077 2060 crudelitate
1094 2024 1271 2071 superatis
1288 2053 1298 2069 ,

231 2079 294 2116 sed
311 2079 454 2118 aliunde
471 2091 626 2128 quoque.
649 2081 751 2119 Sicut
771 2083 866 2120 enim
899 2095 971 2122 non
995 2087 1132 2132 aequale
1162 2087 1301 2124 facinus

231 2146 287 2177 est
315 2142 404 2179 nihil
423 2152 529 2190 agere
546 2143 646 2187 boni,
666 2149 704 2180 et
723 2143 814 2181 alios
833 2145 895 2192 qui
915 2145 951 2182 id
966 2147 1080 2184 velint
1096 2147 1270 2194 impedire
1289 2160 1298 2186 :

229 2203 282 2240 sic
297 2215 368 2241 non
389 2206 462 2252 pari
483 2206 518 2242 in
534 2205 648 2253 gradu
663 2207 810 2253 ponitur
827 2207 908 2244 cibo
928 2218 1105 2256 corporeo
1121 2210 1298 2258 indigere,

229 2272 265 2301 et
289 2275 370 2303 eum
396 2267 454 2313 qui
489 2267 524 2303 in
558 2267 695 2314 ingenti
734 2268 972 2316 philosophia:
1006 2271 1158 2318 penuria
1179 2272 1298 2319 jacet,

231 2327 419 2372 prohibere
437 2338 481 2365 ne
499 2327 546 2364 ab
563 2329 645 2366 aliis
672 2336 854 2376 pascatur.
885 2330 1126 2376 Quamobrem
1160 2332 1300 2370 duabus

229 2399 274 2425 ex
294 2391 452 2436 partibus
468 2391 663 2429 immanem
685 2393 786 2430 illum
813 2393 960 2431 divitem
983 2395 1182 2442 superatis,
1202 2395 1299 2442 quod

229 2461 358 2499 nempe
375 2453 462 2490 alios
477 2454 699 2500 prohibeatis
717 2455 849 2493 famem
871 2456 1115 2503 exstinguere,
1132 2456 1298 2504 quodque

228 2523 311 2548 cum
341 2515 494 2552 animam
524 2518 710 2564 praefocari
735 2518 887 2556 videatis
903 2547 914 2564 ,
937 2524 1072 2556 tantam
1097 2519 1298 2557 cxhibeatis

237 2573 547 2614 inburnanitatem.
567 2579 642 2616 Hoc
675 2586 712 2617 et
743 2581 857 2618 Judaei
889 2581 974 2618 olim
1004 2581 1193 2618 fecerunt:
1213 2593 1296 2618 nam

231 2637 415 2683 apostolos
434 2640 669 2686 prohibebant
687 2654 733 2680 ne
753 2644 962 2682 hominibus
979 2645 1147 2682 salutaria
1169 2645 1296 2692 loque-

230 2706 369 2737 rentur.
387 2701 434 2738 At
451 2712 513 2738 vos
540 2703 612 2740 illis
629 2704 734 2741 etiam
765 2707 962 2744 deteriores
988 2708 1089 2745 estis.
1114 2708 1166 2744 Illi
1200 2708 1296 2746 enim

227 2771 311 2798 cum
341 2771 382 2800 se
411 2763 574 2802 inimicos
591 2765 858 2813 proﬁterentur,
877 2770 930 2806 sic
948 2771 1069 2807 omnia
1090 2771 1152 2808 illa
1183 2770 1294 2808 facie-

229 2822 314 2860 bant
337 2836 346 2860 :
368 2834 432 2862 vos
451 2831 570 2862 autem
601 2828 771 2865 ementita
803 2831 1000 2869 amicorum
1032 2837 1207 2881 persona,
1227 2834 1296 2870 ini-

229 2887 341 2924 micos
364 2898 426 2926 vos
441 2889 634 2928 exbibetis.
647 2890 698 2928 llli
713 2899 856 2930 sanctos
871 2895 1054 2942 apostolos
1066 2897 1293 2943 verberibus,

226 2951 482 2998 contumeliis,
513 2952 710 3000 ignominia
760 2955 981 3004 all'ecerunt,
1013 2961 1294 3009 praestigiatores

228 3023 291 3050 eos
317 3008 423 3062 atque
455 3015 666 3055 seductores
685 3019 919 3066 appellantes.
940 3021 1072 3060 Verum
1090 3008 1172 3062 illos
1196 3029 1294 3062 tanta

231 3074 316 3113 ultio
333 3077 534 3125 corripuit,
557 3084 596 3116 ut
614 3080 712 3117 nulla
729 3081 916 3120 calamitas
939 3086 1054 3132 possit
1071 3096 1198 3124 eorum
1215 3088 1293 3124 cla-

228 3136 331 3175 dibus
353 3142 572 3188 eomparari.
588 3142 678 3180 Nam
697 3143 804 3192 primi
824 3152 861 3183 et
886 3149 954 3185 soli
981 3160 1025 3186 ex
1043 3151 1141 3187 omni
1172 3151 1294 3190 homi-

229 3209 312 3237 num
335 3212 464 3249 genere
503 3215 544 3242 ea
569 3207 665 3254 passi
685 3215 768 3245 sunt
785 3236 794 3253 ,
816 3219 896 3257 qua:
919 3213 1038 3250 nullus
1072 3215 1164 3252 alius
1183 3216 1210 3252 ί.
1229 3217 1294 3253 At-

227 3271 295 3324 que
311 3262 435 3301 horum
455 3266 526 3304 lide
540 3267 670 3316 dignus
685 3271 788 3308 testis
802 3277 856 3309 est
876 3272 1054 3320 Christus,
1071 3277 1130 3324 qui
1152 3277 1204 3315 sic
1219 3279 1292 3317 ait:

227 3323 302 3362 Erit
321 3329 493 3366 tribulatio
514 3343 640 3380 magna
656 3361 666 3378 ,
685 3335 798 3381 qualis
811 3347 880 3373 non
905 3338 971 3385 fuit
995 3339 1038 3375 ab
1057 3323 1154 3376 initio
1172 3342 1293 3378 mundi

227 3397 330 3431 usque
344 3401 433 3426 nunc
446 3419 456 3435 ,
475 3402 581 3439 neque
597 3401 712 3442 postea
729 3397 794 3433 erit
813 3397 956 3445 (Matth.
973 3399 1035 3436 24.
1049 3401 1125 3450 21).
1140 3403 1190 3440 Ea
1212 3405 1294 3451 qui-

224 3449 306 3487 dem
324 3453 442 3488 omnia
459 3480 469 3498 ,
493 3465 572 3500 qua:
589 3456 639 3493 illi
658 3460 754 3504 passi
781 3467 892 3505 sunt,
911 3465 1079 3510 prosequi
1094 3475 1166 3502 non
1187 3449 1294 3514 hujus

227 3518 280 3548 est
298 3516 472 3558 temporis
496 3527 504 3551 :
526 3527 637 3564 pauca
657 3527 775 3558 tamen
795 3533 840 3560 ex
858 3524 980 3560 multis
1003 3529 1208 3566 necessario
1235 3530 1292 3568 di-

227 3575 336 3612 cenda
353 3583 452 3615 sunt.
469 3577 599 3616 Verbis
619 3587 740 3619 autem
751 3591 833 3620 utar
853 3596 925 3624 non
953 3588 1042 3624 meis
1056 3616 1066 3632 ,
1093 3591 1157 3627 sed
1179 3592 1294 3640 (Iose-

228 3636 438 3701 philJudzei
457 3668 466 3684 ,
489 3641 550 3688 qui
584 3653 664 3680 eam
693 3644 882 3684 historiam
915 3650 1058 3698 scripsit
1087 3636 1291 3701 diligenter.

229 3699 317 3744 Quid
328 3711 412 3749 ergo
427 3703 476 3740 ait
489 3703 575 3742 ille?
587 3704 675 3742 Cum
689 3716 894 3747 enarrasset
908 3711 1092 3750 incensum
1104 3699 1292 3764 templum,

228 3771 407 3812 novasque
425 3767 440 3788 ³
461 3767 542 3804 illas
561 3769 786 3808 calamitates
814 3773 1054 3822 enuntiasset,
1073 3778 1125 3816 sic
1147 3779 1262 3828 pergit
1281 3792 1291 3818 :

269 3853 282 3904 ξ
304 3858 374 3904 Quo
388 3861 458 3892 Mss.
473 3860 638 3904 omittunt,
653 3870 728 3903 qum
741 3863 849 3899 nullus
863 3865 958 3901 alitts.

268 3895 283 3916 ι
304 3897 350 3930 Sic
362 3897 454 3941 juxta
468 3901 562 3937 Savll.
578 3908 612 3938 In
627 3895 675 3946 is},
691 3895 973 3954 consuestis,
989 3919 1096 3948 noras.

752 208 993 248 ADVERSUS
1018 209 1386 250 OPPUGNATORES
1412 212 1535 250 VITIE
1560 212 1763 254 MONAST.
1792 216 1878 254 LIB.
1905 216 1932 256 Ι.

2387 223 2456 260 32⁵6

1441 289 1478 325 5.
1496 288 1542 325 Et
1560 291 1722 338 templum
1739 293 1876 338 quidem
1897 293 1960 330 hoc
1977 293 2010 330 in
2029 300 2118 331 statu
2134 305 2206 332 erat
2222 309 2233 341 ;
2253 309 2367 336 eorum
2384 311 2460 338 vero

1389 351 1448 396 qui
1463 361 1524 398 per
1540 351 1709 388 civitatem
1727 356 1820 402 [ante
1839 355 2090 400 occumbebant,
2109 357 2244 404 inﬁnita
2260 372 2342 406 pene
2359 365 2461 400 cade-

1389 413 1444 449 bat
1463 413 1646 450 multitudo
1659 442 1670 460 ,
1687 422 1798 463 atquex
1811 416 2058 454 inenarrabiles
2076 421 2311 468 contingebant
2329 425 2457 462 clades.

1389 473 1484 510 Nam
1515 487 1575 522 per
1593 477 1748 524 singulas
1769 477 1889 514 dantes
1905 507 1915 523 ,
1945 479 2054 516 sicubi
2079 480 2230 518 ciborum
2262 483 2314 520 vel
2342 485 2462 522 umbra

1386 533 1497 580 esset,
1522 536 1648 573 bellant
1667 537 1811 584 aderat,
1834 551 1874 576 ac
1899 540 1952 576 uel
1975 541 2172 578 amicissimi
2195 551 2312 580 mutuo
2341 557 2462 584 manus

1387 597 1630 643 conserebant,
1653 611 1694 635 ac
1719 601 1842 637 misera
1873 602 1936 638 illa
1955 603 2079 640 anian
2097 605 2219 640 viatica
2240 605 2459 653 diripiebant.

1388 659 1445 696 Ne
1462 661 1682 698 morientibus
1701 663 1836 710 quidem
1855 665 1946 712 quod
1966 667 2038 702 cibo
2069 667 2260 716 indigerent
2289 670 2376 715 ﬁdes
2396 672 2461 707 Ita-

1386 722 1526 759 bebatur
1540 735 1554 761 :
1571 724 1632 760 sed
1648 736 1704 761 eos
1721 737 1854 774 quoque
1867 727 1924 775 qui
1941 729 2161 776 cxspirabant
2179 759 2188 773 ,
2212 731 2361 769 latrones
2381 745 2462 780 per-

1387 785 1626 822 scrutabantur
1643 813 1653 829 ,
1673 798 1717 823 ne
1736 788 1811 834 quis
1839 789 1928 835 forte
1947 790 2108 826 simulata
2127 799 2234 828 morte
2253 793 2365 830 cibum
2385 794 2462 831 sinu

1386 847 1582 884 occultaret.
1595 848 1667 884 Alii
1683 860 1761 886 vero
1782 849 1874 897 fame
1881 851 2028 896 hiantes,
2045 859 2217 900 tamquam
2233 855 2344 891 rabidi
2361 867 2462 892 canes

1385 916 1495 948 mente
1527 911 1703 956 destituti,
1734 913 1937 960 insaniaque
1973 916 2146 963 correpti,
2169 916 2338 953 ebriorum
2367 929 2460 954 more

1381 973 1419 1010 in
1442 975 1528 1010 ostia
1545 975 1776 1024 impingebant
1797 987 1810 1013 :
1830 988 1870 1013 ac
1887 977 2123 1024 desperatione
2150 979 2264 1022 ducti,
2282 981 2367 1016 hora
2390 991 2459 1016 una

1383 1036 1434 1072 bis
1453 1044 1540 1074 terve
1559 1038 1594 1073 in
1611 1039 1767 1075 caindent
1793 1039 1934 1076 domum
1960 1041 2205 1089 irruntpebant.
2233 1041 2359 1079 Omnia
2377 1054 2456 1080 vero

1383 1099 1539 1136 dentibus
1565 1101 1738 1149 subigebat
1758 1103 1903 1150 penuria
1919 1131 1928 1147 ,
1949 1109 1980 1139 et
2000 1115 2039 1139 ea
2058 1115 2134 1151 (μηδ’
2150 1117 2192 1141 ne
2210 1105 2456 1142 sordidissimis

1381 1163 1518 1208 quidem
1544 1162 1722 1199 brutorunt
1751 1165 1977 1201 animantium
2007 1167 2084 1202 usui
2109 1175 2204 1203 erant
2233 1168 2428 1216 colligentes
2445 1197 2455 1213 ,

1381 1223 1482 1260 edere
1498 1235 1566 1260 non
1581 1224 1793 1262 dubitabant.
1807 1226 1838 1262 Α
1855 1227 2001 1275 cingulis
2018 1228 2123 1275 igitur
2137 1234 2166 1264 ct
2182 1240 2202 1264 a
2223 1229 2459 1268 calceamentis

1381 1291 1551 1332 postremo
1569 1298 1636 1322 non
1652 1287 1877 1332 abstinebant,
1897 1289 2067 1338 scutisque
2083 1290 2236 1326 detracta
2250 1291 2343 1326 coria
2359 1303 2455 1327 man-

1380 1347 1516 1384 debant.
1540 1348 1630 1385 Esca
1648 1356 1760 1386 autem
1793 1351 1998 1398 quibusdam
2017 1359 2114 1388 erant
2145 1353 2226 1400 [mni
2244 1353 2348 1390 laceri
2373 1354 2455 1390 reli-

1378 1411 1467 1458 quid:
1483 1421 1495 1448 :
1513 1419 1738 1460 purgamenta
1765 1413 1844 1450 item
1863 1415 2022 1450 nonnulli
2040 1416 2248 1464 colligentes,
2271 1417 2450 1467 minimum

1379 1483 1495 1509 eorum
1509 1474 1643 1522 pondus
1655 1481 1802 1522 quatuor
1817 1477 1929 1512 atticis
1944 1477 2194 1514 vendebant.Et
2209 1478 2290 1524 quid
2307 1489 2392 1524 opus
2407 1484 2456 1515 est

1379 1537 1481 1584 famis
1507 1537 1757 1584 improbitatem
1775 1539 1811 1575 in
1842 1539 1940 1576 rebus
1960 1540 2120 1576 inanimis
2153 1541 2331 1588 persequi?
2361 1540 2448 1578 Rem

1377 1605 1582 1637 narraturus
1609 1612 1712 1648 sum,
1733 1602 1868 1650 qualem
1886 1613 1948 1638 nec
1970 1603 2064 1650 apud
2093 1603 2230 1640 Gra’cos
2265 1615 2326 1640 nec
2361 1605 2454 1652 apud

1377 1662 1540 1700 barbaros
1559 1665 1741 1712 contigisse
1774 1672 1982 1702 memoratur
2005 1677 2172 1713 usquam,
2194 1667 2287 1702 dictu
2307 1666 2451 1702 [torren-

1375 1726 1456 1762 dam
1471 1755 1482 1772 ,
1501 1733 1602 1774 atque
1621 1727 1850 1764 incredibilem
1871 1728 2004 1764 auditu.
2035 1728 2128 1764 Sane
2147 1739 2210 1774 ego
2245 1740 2286 1765 ne
2315 1728 2446 1765 viderer

1376 1794 1534 1836 portenta
1549 1789 1742 1836 conﬁngere
1761 1790 1886 1836 futuris
1907 1789 2121 1834 hominibus,
2146 1790 2343 1838 ltujusmodi
2358 1791 2452 1826 calu-

1371 1853 1524 1887 mitatem
1557 1840 1698 1888 libenter
1730 1851 1931 1896 tacuissent,
1966 1852 2033 1887 nisi
2065 1851 2262 1887 innumeros
2295 1853 2370 1900 ejus
2400 1852 2452 1888 rei

1373 1919 1470 1950 testes
1506 1913 1662 1949 haberem
1686 1923 1698 1949 :
1729 1919 1958 1960 pra'tereaque
1992 1913 2114 1960 patria:
2145 1912 2350 1948 levissimam
2369 1923 2450 1959 gra-

1373 1975 1454 2011 tia-m
1485 1977 1672 2024 referrent,
1694 1975 1725 2010 si
1753 1985 1828 2020 qua:
1857 1973 1971 2021 rcipsa
1992 1984 2094 2019 passa
2113 1979 2186 2018 est,
2209 1984 2248 2009 ca
2276 1973 2451 2010 narrando

1371 2038 1630 2085 supprimerent.
1650 2037 1780 2074 Mulier
1797 2036 1954 2082 quwdam
1972 2047 2014 2072 ea:
2029 2037 2071 2072 iis
2085 2064 2093 2079 ,
2111 2047 2187 2084 qua:
2213 2037 2306 2072 ultra
2323 2035 2450 2072 Jorda~

1371 2110 1446 2136 nem
1465 2100 1656 2136 incolebant
1673 2129 1682 2144 ,
1706 2098 1822 2136 Maria
1855 2098 2015 2143 nomine,
2037 2104 2135 2146 patre
2163 2098 2332 2138 Eleazaro
2347 2128 2356 2144 ,
2376 2099 2448 2136 vico

1369 2157 1632 2207 Bethezo,quod
1648 2159 1826 2208 signiﬁcat
1840 2159 1990 2198 domum
2004 2158 2168 2208 hyssopi,
2180 2170 2305 2205 genere
2317 2166 2348 2196 et
2367 2161 2448 2196 diui-

1370 2223 1426 2258 tiis
1455 2223 1620 2270 insignis,
1655 2233 1733 2258 cum
1763 2221 1894 2267 reliqua
1939 2221 2160 2258 multitudine
2196 2221 2449 2268 Jcrosolymam

1369 2284 1569 2331 confugerat
1586 2311 1596 2328 ,
1615 2283 1784 2330 simulque
1803 2283 2033 2320 obsidebatur.
2057 2283 2173 2328 liuius
2191 2295 2324 2320 omnem
2341 2284 2448 2320 aliam

1369 2345 1596 2381 substantiam
1613 2345 1750 2393 tyranni
1771 2345 1987 2393 diripucrmtt
2003 2373 2012 2387 ,
2029 2353 2191 2393 quantum
2213 2357 2256 2383 ea:
2273 2345 2396 2383 Persea
2413 2347 2450 2382 in

1372 2405 1496 2442 Urbem
1529 2413 1819 2454 transportaverat
1841 2418 1854 2444 ε
1868 2407 2030 2455 reliquias
2049 2414 2162 2444 autent
2195 2409 2449 2445 reconditarum

1368 2481 1504 2514 rerum,
1524 2477 1556 2506 et
1575 2471 1603 2506 si
1624 2471 1707 2517 quid
1726 2471 1762 2507 in
1787 2471 1898 2506 cibum
1917 2479 2169 2519 prtepararetur
2185 2500 2194 2515 ,
2221 2471 2371 2518 quotidie
2396 2471 2448 2506 ir-

1367 2539 1562 2578 rumpentcs
1589 2533 1751 2570 satellites
1769 2533 1989 2578 diripiebant.
2011 2531 2099 2570 Dira
2123 2541 2235 2569 autem
2257 2533 2450 2581 indignatio

1368 2594 1610 2632 mulierculam
1629 2596 1742 2640 subiit,
1764 2607 1804 2632 at:
1820 2596 1996 2644 prwdoncs
2017 2607 2108 2645 sccpe
2128 2597 2288 2633 conviciis
2310 2603 2340 2633 ct
2371 2608 2447 2632 ma-

1368 2657 1500 2695 ledictis
1527 2658 1724 2703 insectans,
1759 2659 1794 2694 in
1826 2659 1974 2706 scipsam
2010 2659 2216 2695 concitabat.
2246 2658 2331 2694 Cum
2369 2669 2450 2694 vero

1367 2720 1482 2757 nullus
1503 2727 1563 2756 aut
1582 2722 1635 2756 ira
1653 2727 1830 2768 correptus
1843 2749 1852 2766 ,
1870 2726 1930 2756 aut
1945 2721 2018 2768 ejus
2035 2721 2191 2757 misertus
2205 2749 2215 2765 ,
2245 2720 2357 2768 ipsam
2389 2720 2448 2756 in-

1367 2783 1534 2830 terﬁceret
1554 2811 1563 2826 ,
1587 2783 1727 2830 ipsaque
1759 2783 1851 2819 cibos
1883 2782 1970 2819 alios
1999 2783 2151 2818 invenire
2173 2781 2366 2825 laboraret,
2407 2793 2449 2818 ac

1367 2847 1501 2893 penitus
1519 2845 1654 2894 diﬁiciIe
1674 2851 1759 2882 esset
1777 2846 1856 2893 jam
1885 2845 2061 2893 quidpiam
2079 2845 2250 2890 invenire,
2274 2847 2448 2893 fatuesque

1364 2922 1428 2957 per
1443 2911 1573 2947 viscera
1591 2917 1621 2948 et
1642 2911 1810 2948 medullas
1834 2917 1998 2958 serperet,
2021 2910 2177 2958 fameque
2201 2911 2446 2947 vehementiore

1364 2973 1418 3010 ira
1435 2979 1595 3010 wstuaret
1611 3001 1620 3016 ,
1640 2973 1821 3011 consilium
1847 2974 1997 3010 dictante
2019 2973 2256 3020 indignatione
2281 2983 2358 3007 cum
2390 2981 2448 3006 ne-

1364 3037 1519 3072 cessitate
1544 3037 1746 3084 conjuncta,
1773 3037 1808 3072 in
1834 3043 1994 3074 naturam
2024 3037 2136 3082 ipsam
2168 3035 2330 3077 vertitur,
2349 3038 2380 3069 et
2399 3033 2446 3080 ﬁ-

1365 3098 1449 3133 lium
1463 3097 1549 3146 (erat
1565 3098 1690 3145 quippe
1709 3099 1762 3135 illi
1777 3098 1939 3145 parvulus
1957 3097 2278 3144 luctens)arripiens
2293 3106 2305 3132 :
2322 3093 2445 3139 Miser,

1365 3160 1474 3208 inquit
1493 3188 1502 3203 ,
1526 3161 1667 3207 pucrule
1685 3190 1694 3205 ,
1713 3161 1750 3198 in
1769 3160 1871 3206 bello,
1894 3161 1930 3196 in
1951 3161 2042 3208 {ante
2067 3165 2098 3196 et
2121 3159 2286 3196 seditione
2305 3187 2314 3202 ,
2339 3157 2394 3194 cui
2414 3164 2447 3194 te

1365 3221 1505 3258 servabo
1521 3223 1538 3258 Ρ
1556 3235 1578 3259 a
1598 3223 1778 3267 Romanis,
1801 3223 1830 3260 si
1850 3223 2031 3260 vixerimus
2045 3251 2054 3266 ,
2074 3221 2218 3258 servitus
2235 3231 2296 3256 nos
2316 3226 2446 3264 manet,

1367 3286 1563 3322 servitutem
1576 3287 1754 3323 antevertit
1768 3288 1925 3335 fantes,et
1943 3286 2095 3333 utrisque
2103 3285 2260 3322 swviores
2277 3283 2445 3320 seditiosi.

1365 3347 1492 3397 Perge,
1513 3349 1598 3384 mihi
1609 3349 1702 3386 cibus
1721 3349 1980 3393 esto,seditiosis
1999 3347 2166 3396 Erinnys,
2180 3347 2308 3384 ntundo
2323 3345 2442 3394 fabula

1363 3423 1442 3460 quae
1465 3412 1541 3448 sola
1579 3411 1670 3448 deest
1697 3411 1950 3447 calamitatibus
1981 3410 2198 3446 Judworum.
2240 3409 2305 3445 llis
2344 3407 2444 3443 dictis

1365 3476 1478 3522 filium
1495 3479 1604 3517 necat,
1625 3475 1738 3521 coquit
1759 3481 1877 3520 postea
1893 3503 1903 3518 ,
1924 3474 2064 3522 ejusque
2083 3473 2264 3508 dimidium
2281 3467 2441 3507 comedit.

1365 3539 1528 3585 reliquias
1543 3549 1619 3574 vero
1634 3539 1822 3574 occultatas
1838 3537 2006 3575 servabat.
2025 3536 2161 3572 Adsunt
2177 3533 2335 3570 continuo
2351 3531 2443 3566 sedi-

1365 3600 1466 3644 tiosi,
1487 3600 1619 3647 nefario
1649 3600 1770 3636 nidore
1793 3600 1956 3647 pertracti
1971 3627 1981 3643 ,
2003 3599 2244 3640 minanturque
2274 3595 2415 3626 mortem
2430 3618 2438 3631 .

1365 3663 1430 3698 nisi
1448 3661 1538 3709 quod
1566 3669 1745 3709 paraverat
1765 3665 1949 3710 proferret.
1971 3660 2014 3695 At
2037 3657 2099 3692 illa
2117 3665 2194 3690 cum
2213 3658 2343 3699 partem
2371 3651 2441 3686 illis

1365 3723 1487 3762 bonum
1509 3736 1658 3762 servasse
1683 3737 1718 3762 se
1738 3726 1878 3768 diceret,
1899 3721 1970 3758 nati
1999 3717 2162 3764 reliquias
2185 3714 2332 3760 aperuit.
2352 3712 2439 3748 Tum

1363 3787 1444 3824 illos
1464 3788 1578 3824 statim
1598 3789 1720 3823 horror
1751 3785 1938 3830 ruentisque
1967 3785 2088 3823 δωρον
2115 3774 2291 3821 σεσαραυίί
2310 3801 2320 3816 ο
2339 3780 2370 3809 ετ
2395 3774 2439 3808 ηά

1364 3850 1468 3886 talem
1485 3856 1660 3898 aspectum
1677 3849 1774 3896 quasi
1807 3844 1894 3882 a'nei
1918 3840 2022 3887 deﬁxi
2042 3842 2216 3874 steterunt.
2247 3833 2318 3870 Illa
2335 3845 2413 3898 vero
2426 3862 2436 3877 ,

1367 3913 1482 3959 Meus,
1504 3913 1626 3957 inquit,
1645 3917 1693 3948 est
1717 3910 1810 3957 ﬁlius
1827 3904 2009 3954 genuinus,
2029 3910 2180 3948 opusque
2195 3909 2318 3935 meum.
2339 3897 2439 3936 Com—

1598 4019 1614 4032 1
