2742 4342
319 205 399 253 ,327

329 367 398 398 res,
418 354 472 390 vel
501 357 612 387 matre
635 347 942 385 misericordiores.
968 345 1070 391 Quod
1097 345 1128 382 si
1165 355 1226 382 vos
1255 345 1414 393 pietatem

331 417 456 462 colitis,
476 414 690 460 hostiumque
705 421 816 447 meam
834 409 1040 446 aversamini
1051 419 1064 445 :
1082 419 1143 457 ego
1158 408 1296 456 quidem
1315 407 1418 444 diuti-

331 479 424 514 dium
451 475 683 520 manducavi,
701 473 860 523 quodque
887 471 1056 520 reliquum
1085 478 1132 510 est
1149 471 1235 508 mihi
1263 476 1416 507 maneat.

334 540 419 576 Post
431 539 504 576 hac
517 539 570 576 illi
578 537 714 585 quident
728 542 908 574 trementes
923 536 1100 580 exierunt,
1119 535 1183 571 hac
1199 545 1270 571 una
1286 540 1420 570 tantum

332 604 366 638 in
385 612 423 638 re
441 601 644 646 timidiores,
654 611 796 648 eamque
816 599 874 636 vix
890 609 1005 636 eseam
1024 599 1035 620 ί
1066 597 1170 634 matri
1180 596 1418 634 concedentes.

335 663 438 700 Tanti
459 664 582 701 statim
613 663 780 712 facinoris
800 663 896 711 fama
929 661 1012 698 urbs
1033 666 1104 697 tota
1131 660 1261 707 repleta
1283 666 1360 703 est,
1382 669 1423 695 ac

335 737 408 768 orte
426 725 539 763 oculis
559 725 692 774 singuli
707 736 784 761 eam
800 723 1040 760 calamitatem.
1052 729 1230 770 ponentes,
1245 733 1313 758 non
1327 731 1424 757 secus

335 799 376 824 ac
401 788 432 825 si
461 787 529 836 ipsi
550 787 708 836 fecissent
733 785 1057 824 exhorreseebant’.
1077 784 1146 830 Qui
1168 786 1260 833 [ante
1289 783 1426 819 crucia-

325 852 464 888 ‘bantur
481 858 626 888 mortem
644 849 870 898 expetebant,
891 848 1074 896 beatosque
1094 845 1329 896 prazdieabant
1346 856 1402 882 eos
1415 873 1426 890 ,

339 916 398 963 qui
419 916 484 952 hac
503 926 542 952 re
561 914 716 951 nondum
736 913 872 957 audita,
893 913 1012 960 hisque
1031 923 1102 948 non
1119 909 1310 958 conspectis
1329 909 1430 945 malis

341 966 571 1015 decesserant.
584 976 660 1014 Cito
677 977 726 1013 ad
741 975 919 1012 Romanos
931 974 1066 1023 perlata
1081 980 1130 1010 est
1148 974 1222 1010 hazc
1236 971 1430 1008 calamitas.

338 1040 404 1077 Ea:
436 1041 478 1077 iis
499 1040 561 1076 alii
589 1051 659 1076 non
676 1039 887 1083 credebant,
919 1037 981 1073 alii
999 1037 1270 1078 miserebantur,
1293 1032 1434 1082 plurimi

343 1113 420 1139 vero
436 1105 472 1138 in
493 1102 606 1148 majus
621 1101 732 1150 gentis
750 1100 869 1138 odium
888 1095 1270 1147 exarseruntUoseph.
1284 1096 1327 1133 de
1335 1094 1434 1132 Bello

347 1164 498 1202 Iudaico
514 1193 524 1210 ,
546 1163 606 1201 lib.
629 1165 665 1202 6.
687 1175 718 1200 e.
736 1164 772 1201 .7.
793 1169 825 1200 et
844 1163 898 1211 8).

395 1227 431 1264 6.
450 1225 534 1263 ’Non
555 1225 642 1272 ﬁdes
657 1225 761 1262 modo
775 1253 784 1270 ,
805 1224 866 1262 sed
886 1223 954 1260 vita
972 1223 1060 1260 b0na
1078 1221 1332 1270 requiritur.—
1351 1219 1438 1256 Ηωο

349 1289 534 1336 multoque
555 1287 612 1324 his
631 1286 810 1324 atrociora
838 1285 1091 1334 patiebantur,
1120 1294 1192 1321 non
1213 1281 1324 1320 modo
1355 1281 1440 1329 quia

351 1352 534 1389 Christum
555 1349 657 1388 cruci
689 1349 904 1394 allixerant,
937 1346 1000 1384 sed
1019 1347 1102 1395 quia
1133 1351 1216 1394 post
1234 1345 1322 1382 lucc
1349 1353 1440 1391 apo-

351 1415 466 1453 stolos
497 1425 540 1452 ea
573 1414 670 1462 loqui
697 1412 968 1461 prohibebant,
999 1421 1081 1459 quae
1106 1409 1152 1450 ad
1187 1409 1343 1446 salutem
1373 1417 1442 1444 uo-

352 1483 466 1514 stram
482 1476 718 1524 pertinerent.
738 1475 843 1520 Quod
863 1484 952 1512 sane
981 1473 1109 1510 beatus
1136 1472 1270 1510 Paulus
1301 1469 1444 1508 crimini

355 1540 478 1584 dans,
499 1539 578 1576 hate
613 1538 684 1577 illis
719 1538 814 1575 utala
846 1536 1133 1585 praenuntiavit:
1159 1535 1318 1573 Pervenit
1354 1537 1446 1572 enim

357 1615 461 1653 super
478 1614 535 1640 eos
551 1605 604 1640 ira
624 1603 672 1640 in.
680 1603 785 1650 ﬁnem
804 1601 854 1650 (l.
882 1600 1005 1638 Thess.
1027 1600 1065 1638 2.
1087 1599 1160 1649 16).
1178 1600 1223 1637 Ει
1239 1599 1325 1648 quid
1353 1599 1446 1645 haec,

357 1666 510 1711 dicent,
539 1666 586 1702 ad
623 1665 720 1702 nos?
752 1675 825 1702 non
853 1664 952 1702 enim
984 1663 1066 1700 illos
1086 1672 1106 1699 a
1126 1662 1196 1700 [ide
1214 1661 1448 1707 abducimus,

361 1737 478 1774 neque
498 1737 518 1762 a
534 1727 804 1773 praedicatione.
827 1727 875 1763 At
895 1726 994 1774 quid,
1013 1735 1153 1773 quaeso,
1177 1725 1267 1762 fides
1288 1723 1452 1762 conferet

363 1789 602 1827 emolumenti
620 1816 630 1832 ,
647 1789 678 1824 si
700 1789 772 1824 vita
792 1799 880 1835 pura
899 1799 970 1824 non
991 1787 1124 1825 fuerit?
1145 1787 1277 1824 Verum
1296 1788 1375 1824 haec
1390 1797 1454 1824 vos

364 1852 457 1889 forte
491 1850 690 1899 ignoratis,
721 1850 853 1898 quibus
893 1855 1016 1886 nostra
1047 1849 1169 1886 omnia
1199 1848 1320 1897 ignota
1355 1855 1452 1886 sunt.

367 1915 444 1963 Ego
464 1920 586 1952 autem
604 1913 708 1951 vobis
725 1913 861 1950 Christi
881 1913 1082 1950 sententias
1102 1913 1327 1950 euumeraho
1351 1925 1360 1950 ε
1389 1913 1455 1950 ob-

367 1979 522 2017 servetis
551 1977 659 2016 velim
680 1986 929 2025 numquamne
949 1975 996 2013 de
1026 1975 1100 2012 vita
1121 1975 1329 2024 requiratur
1343 2003 1353 2020 ,
1392 1975 1456 2014 sed

371 2053 438 2090 pro
458 2041 528 2079 fide
549 2047 688 2078 tantum
721 2047 759 2078 et
789 2039 1020 2088 dogmatibus
1055 2039 1233 2087 supplicia
1263 2041 1458 2078 constituta

368 2105 456 2142 sint.
477 2105 570 2142 Cum
586 2103 684 2142 enim
704 2103 741 2140 in
756 2110 920 2140 montem
939 2101 1188 2146 ascendisset,
1208 2102 1335 2140 videns
1355 2103 1460 2140 innu-

372 2177 508 2202 meram
524 2165 840 2202 circumﬂuentem
853 2164 1138 2208 multitudinem,
1157 2165 1355 2212 prmmissis
1381 2166 1461 2204 aliis

373 2229 544 2274 monitis,
565 2228 708 2266 dicebat
725 2239 733 2264 :
754 2227 838 2264 Non
856 2228 967 2264 omnis
987 2229 1044 2274 qui
1063 2227 1146 2264 dicit
1165 2227 1272 2272 mihi,
1287 2227 1460 2274 Domine,

376 2291 540 2334 Domine,
578 2291 720 2327 intrabit
758 2291 795 2328 in
826 2301 970 2340 regnum
989 2291 1174 2334 ca‘lorum,
1203 2291 1264 2327 sed
1296 2291 1355 2338 qui
1379 2291 1463 2338 facit

379 2355 592 2394 voluntatem
613 2354 733 2392 Patris
757 2355 838 2392 mei.
861 2355 966 2400 Item,
987 2352 1092 2391 Multi
1111 2353 1223 2390 dicent
1241 2354 1326 2390 mihi
1354 2355 1390 2390 in
1409 2354 1466 2392 die

377 2418 440 2456 illa
451 2417 478 2462 ³,
491 2429 604 2455 nonne
626 2418 662 2454 in
680 2418 816 2454 nomine
833 2423 891 2454 tuo
915 2417 1207 2466 prophetavimus,
1221 2423 1252 2454 et
1274 2417 1309 2454 in
1328 2417 1466 2454 nomine

379 2489 436 2518 tuo
457 2481 628 2518 dwmonia
651 2481 825 2528 ejecimus,
848 2487 879 2518 et
893 2481 928 2518 in
943 2481 1081 2518 nomine
1103 2487 1160 2518 tuo
1179 2481 1320 2518 virtutes
1339 2481 1467 2520 multas

380 2544 547 2594 fecimus?
557 2543 604 2581 Et
620 2551 702 2582 tunc
719 2543 906 2592 confitebor
926 2544 1021 2582 illis:
1037 2543 1196 2580 Recedite
1207 2555 1228 2580 a
1244 2555 1297 2581 me
1309 2545 1369 2592 qui
1386 2555 1468 2592 ope-

378 2606 505 2643 rantini
515 2607 753 2655 iniquitatem:
765 2619 833 2644 non
847 2607 991 2644 noviuos
1003 2605 1148 2656 (Matth.
1165 2607 1201 2643 7.
1219 2605 1364 2654 21-25).
1376 2607 1467 2644 Eum

380 2680 465 2708 vero
479 2671 539 2718 qui
557 2670 656 2708 audit
671 2680 862 2708 sermones
878 2671 990 2718 ipsius
1003 2698 1014 2716 ,
1030 2676 1068 2708 et
1087 2680 1159 2708 non
1182 2670 1268 2708 facit
1280 2698 1291 2716 ,
1312 2670 1469 2708 similem

380 2743 462 2771 esse
475 2733 566 2770 dixit
587 2733 725 2770 homini
752 2733 872 2778 fatuo,
888 2732 1038 2770 domum
1057 2743 1158 2769 suam
1181 2743 1292 2780 super
1317 2741 1468 2769 arenam

382 2795 590 2842 mdiﬂcanti,
611 2797 672 2845 qui
691 2805 772 2833 eam
803 2795 1012 2834 ﬂuminibus
1028 2823 1038 2841 ,
1059 2795 1190 2842 pluviis
1221 2801 1258 2833 et
1276 2795 1394 2833 ventis
1416 2794 1467 2832 fa-

383 2859 451 2897 cile
467 2859 681 2898 diruendam
700 2866 816 2908 parat.
832 2859 928 2897 ltem
952 2869 1034 2897 cum
1058 2860 1094 2896 in
1127 2859 1199 2896 alio
1219 2859 1300 2897 loco
1327 2859 1471 2897 concio-

386 2929 534 2961 naretur
551 2935 560 2960 :
575 2924 690 2970 Sicut,
711 2924 840 2971 inquit,
863 2923 1080 2971 piscatores,
1103 2933 1188 2960 cum
1206 2934 1374 2971 sagenam
1402 2929 1473 2960 tra-

387 2986 536 3032 xerint,
564 2985 818 3033 malospiSCes
849 2985 1046 3032 abjiciunt,
1067 2986 1115 3022 ita
1145 2985 1217 3022 erit
1235 2987 1268 3022 in
1297 2985 1355 3022 illa
1384 2985 1472 3031 die,

387 3047 524 3096 angelis
541 3058 607 3085 eos
626 3057 755 3085 omnes
780 3047 842 3095 qui
872 3047 1102 3094 peccaverint
1130 3046 1166 3083 in
1195 3047 1380 3084 fornacem
1416 3047 1474 3094 ja-

389 3112 569 3150 cientibus
597 3113 742 3161 (Matth.
775 3113 833 3150 15.
854 3112 943 3160 47).
967 3111 1018 3149 De
1045 3110 1233 3159 ﬂagitiosis
1259 3121 1404 3158 quoque
1441 3116 1478 3148 et

392 3175 542 3222 impuris
570 3175 778 3214 hominibus
814 3175 967 3223 loquens
995 3174 1167 3212 dicebat:
1192 3173 1284 3210 Illuc
1309 3174 1447 3210 abibunt
1465 3201 1476 3218 ,

392 3236 448 3271 ubi
468 3237 590 3272 vermis
608 3237 667 3283 qui
685 3247 752 3272 non
769 3237 915 3273 moritur
931 3265 940 3281 ,
962 3243 993 3273 et
1010 3236 1100 3284 ignis
1119 3235 1178 3282 qui
1193 3245 1264 3271 non
1291 3235 1480 3283 exstingui-

395 3305 450 3334 tur
467 3298 596 3346 (Μαι-ε.
612 3299 648 3336 9.
664 3300 741 3347 42).
763 3301 808 3336 Et
821 3310 981 3343 rursum,
999 3301 1089 3345 Rex,
1100 3300 1228 3347 inquit,
1243 3300 1322 3348 fecit
1343 3299 1480 3346 nuptias

393 3361 469 3407 ﬁlio
481 3368 590 3405 suo,ct
608 3374 686 3398 cum
701 3363 836 3400 vidisset
850 3363 1019 3400 hominem
1037 3364 1193 3401 vestitum
1210 3364 1356 3400 uestibus
1369 3363 1482 3400 sordi-

397 3424 464 3470 dis,
477 3425 524 3460 ait
537 3425 583 3460 ad
597 3436 674 3461 eum
685 3435 698 3460 :
710 3425 840 3471 Amice,
855 3427 1025 3474 quomodo
1047 3427 1113 3464 huc
1127 3427 1263 3464 intrasti
1276 3437 1346 3463 non
1355 3426 1482 3462 habens

399 3494 522 3525 uestem
541 3486 731 3534 nuptialem
744 3487 814 3524 2A!
831 3488 1078 3526 illeobmatuit.
1100 3489 1196 3528 Tune
1213 3489 1300 3526 dixit
1318 3489 1482 3526 ministris

399 3552 470 3588 suis
488 3563 501 3588 :
526 3550 661 3599 Ligatis
683 3550 840 3587 manibus
859 3557 890 3586 et
917 3552 1058 3598 pedibus
1087 3553 1177 3600 ejus,
1199 3553 1312 3600 ejicite
1329 3551 1430 3588 illum
1446 3551 1483 3588 in

403 3616 559 3654 tenebras
577 3615 761 3652 exteriores
794 3613 938 3662 (Matth.
959 3613 1020 3650 22.
1039 3613 1094 3662 2).
1117 3614 1314 3662 lmpudicis
1336 3642 1346 3657 ,
1367 3621 1405 3650 ut
1425 3613 1484 3650 di-

401 3687 499 3718 ctum
519 3685 601 3724 est,
633 3683 671 3716 et
703 3677 891 3725 ﬂagitiosis
925 3675 1002 3713 haec
1033 3677 1287 3714 comminatur.
1317 3676 1484 3724 Virgines

403 3744 489 3780 item
508 3771 518 3787 ,
541 3753 622 3791 qua:
655 3751 676 3778 a
706 3739 829 3788 sponsi
862 3737 1022 3775 thalamo
1051 3737 1210 3775 exclusa:
1241 3737 1388 3776 fuerunt
1406 3766 1416 3785 ,
1438 3739 1486 3776 ob

458 3815 579 3857 tsmt.
597 3821 633 3852 et
651 3817 718 3851 duo
733 3821 807 3850 Mss.
823 3815 961 3855 habent,
976 3821 1095 3857 easque
1117 3811 1204 3847 solas
1219 3811 1368 3850 delicias.

412 3898 419 3906 ,
457 3856 471 3876 ³
485 3858 598 3906 uorat.
611 3869 656 3895 ex
673 3860 764 3906 edito
778 3858 934 3906 Josephi:
951 3865 1017 3891 non
1029 3856 1124 3892 secus
1136 3863 1178 3890 ac
1193 3863 1305 3891 coram
1317 3857 1398 3902 ipsis
1411 3858 1484 3896 luce

409 3900 554 3934 inaudita
568 3906 700 3942 patrata
714 3900 850 3944 fuissent

453 3924 557 3980 ῗῦὶῗὸ
569 3924 862 3980 autem:
877 3941 1027 3986 Domine,
1045 3939 1193 3978 Domine.

833 207 871 245 S.
900 203 1087 244 ιοΑΝκιε
1101 200 1429 241 CHRYSUSTOMI
1456 203 2060 245 ARCﬂlEP."GONSTANTlNOP.

327 294 528 338 edite,nam
542 287 673 332 etipsa
693 283 829 320 comedi
845 293 857 318 :
883 293 926 318 ne
952 281 1027 319 sitis
1047 281 1100 318 vel
1117 279 1407 317 muliere-mollio-
1446 293 1448 295 ν

2450 209 2510 247 323

1489 281 1739 321 crudelitatem
1757 290 1794 322 et
1813 283 2108 322 inhumanitatem
2127 284 2200 321 haec
2227 293 2333 332 passm
2356 291 2440 322 sunt.
2458 286 2514 324 Alii

1486 353 1614 382 rursus
1629 345 1758 383 eadem
1784 345 1830 383 de
1843 356 1953 383 causa
1973 352 2056 385 eunt
2078 345 2114 384 in
2135 347 2246 396 ignem
2259 356 2440 393 arentum,
2460 351 2512 394 qui

1489 411 1715 451 pra’paratus
1729 411 1782 442 est
1800 403 1944 442 diabolo
1960 414 1993 442 et
2015 406 2145 453 angelis
2155 408 2245 454 ejus.
2275 407 2318 444 Et
2343 408 2364 444 ii
2381 419 2518 456 quoque,

1489 467 1560 520 qui
1568 473 1706 504 temere
1723 471 1761 504 et
1777 467 1855 504 sine
1865 476 1974 504 causa
1991 467 2194 515 loquuntur,
2207 467 2522 508 eondemnabuntur.

1493 530 1550 568 Ea:
1563 531 1672 568 verbis
1696 530 1824 580 quippe
1843 531 1910 566 tuis
1926 557 1936 576 ,
1957 531 2029 573 ait,
2057 530 2313 578 justificabcris,
2331 538 2410 569 etes
2429 533 2528 571 oet-bis

1493 595 1561 632 tuis
1595 595 1607 616 ί
1635 593 1916 632 condemnaberis
1949 592 2094 641 (Matth.
2124 592 2182 630 12.
2213 593 2286 642 37).
2319 594 2446 642 Ergone
2473 596 2526 634 tibi

1495 657 1662 694 videmur
1694 657 1826 694 frustra
1861 657 1909 694 de
1938 657 2009 693 vita
2039 656 2186 700 timere,
2217 666 2436 705 magnamque
2463 659 2529 705 ejus

1497 718 1738 766 pltilosopliim
1752 719 1881 766 partis,
1893 728 1974 766 qua:
1992 717 2289 763 mores-instituit,
2302 718 2458 756 rationem
2468 720 2530 756 ha-

1499 781 1616 819 bere?
1633 781 1673 818 Id
1692 788 1793 820 certe
1811 791 1884 818 non
1901 786 1986 828 puto
2005 792 2014 816 :
2036 779 2104 817 nisi
2122 779 2270 817 fortasse
2285 779 2448 817 Christum
2465 780 2531 818 hec

1501 843 1622 880 omnia
1642 843 1769 891 hisque
1791 842 1893 890 plura
1913 849 2050 880 temere
2067 841 2198 879 dixisse
2210 841 2355 889 jactiws.
2369 842 2436 880 Non
2455 843 2534 879 enim

1503 905 1561 942 hic
1581 907 1704 943 omnia
1735 903 2041 951 complectimur:
2064 903 2159 951 quod
2186 903 2253 940 nisi
2283 903 2406 951 pigeret
2423 904 2533 940 oratio-

1505 979 1588 1006 nem
1616 967 1790 1016 prolixius
1811 966 2007 1004 extendere
2020 995 2030 1011 ,
2046 971 2082 1003 et
2101 975 2145 1003 ex
2164 965 2338 1013 prophetis
2347 970 2380 1002 ct
2394 975 2432 1002 ex
2451 965 2534 1002 beato

1505 1032 1618 1070 Paulo
1638 1038 1674 1068 et
1706 1041 1752 1068 ex
1766 1030 1848 1068 aliis
1863 1029 2036 1078 apostolis
2058 1029 2256 1066 docuisscm
2273 1034 2425 1076 quantam
2440 1027 2535 1064 hacin

1507 1101 1610 1142 parte
1625 1104 1750 1132 curam
1771 1093 1936 1142 posuerit
1965 1092 2074 1130 Deus.
2092 1091 2223 1129 Verum
2243 1089 2315 1127 hac
2331 1089 2470 1126 arbitror
2493 1099 2536 1125 sa-

1509 1159 1556 1196 tis
1575 1167 1679 1196 csse:
1697 1157 1772 1195 imo
1792 1166 1860 1194 nec
1886 1155 1949 1193 illa
1969 1155 2088 1192 solum
2104 1154 2235 1197 omnia.
2255 1153 2316 1190 sed
2332 1152 2382 1189 vel
2400 1151 2538 1199 exiguam

1510 1232 1636 1259 eorum
1676 1227 1830 1270 partem.
1863 1220 1954 1257 Cum
1985 1218 2082 1256 enim
2118 1218 2210 1255 Deus
2251 1215 2376 1264 aliquid
2408 1214 2538 1263 profert,

1511 1285 1655 1323 etiamsi
1672 1283 1785 1322 semel
1805 1283 1916 1328 dicat,
1938 1282 1988 1318 ita
2007 1281 2040 1318 id
2055 1279 2151 1329 quod
2182 1279 2307 1316 dicitur
2331 1276 2540 1324 accipiendum

1513 1353 1570 1385 est
1596 1357 1640 1384 ac
1669 1347 1699 1384 si
1727 1356 1825 1394 saepe
1841 1345 2011 1382 dixisset.

1564 1411 1600 1447 7.
1620 1409 1714 1455 Quid
1730 1409 1852 1457 igitur,
1876 1407 2020 1454 inquies
2038 1434 2048 1451 ,
2071 1405 2130 1452 qui
2149 1403 2245 1441 domi
2265 1407 2398 1439 manent
2413 1410 2474 1437 non
2492 1409 2542 1446 po-

1516 1479 1640 1510 terunt
1653 1483 1695 1510 ea
1711 1470 1901 1520 perﬁcere,
1917 1480 1998 1518 qua:
2009 1468 2077 1506 nisi
2095 1466 2330 1515 perﬁciantur,
2344 1470 2463 1500 tantum
2478 1471 2548 1508 sup-

1518 1537 1616 1586 plicii
1634 1535 1810 1586 pariunt?
1827 1533 1966 1571 Vellent
1977 1531 2147 1580 equidem
2163 1530 2252 1577 ipse,
2265 1538 2329 1566 nec
2343 1527 2450 1564 minus
2463 1534 2549 1571 quam

1522 1584 1602 1643 vos,
1625 1584 1699 1636 imo
1713 1584 1831 1636 multo
1849 1596 1965 1644 magis
1982 1623 1992 1641 ,
2021 1605 2064 1632 ac
2085 1593 2288 1641 frequenter
2313 1588 2420 1636 optavi
2447 1596 2549 1624 mona-

1521 1664 1716 1702 steriorum
1739 1660 1993 1698 necessitatem
2011 1657 2098 1701 tolli,
2131 1666 2173 1693 ac
2199 1660 2328 1692 tantum
2348 1652 2433 1698 leges
2445 1648 2550 1696 etjura

1523 1728 1660 1775 optima
1679 1725 1716 1762 in
1733 1723 1941 1763 civitatibus
1968 1721 2089 1758 Valere
2109 1747 2119 1764 ,
2141 1724 2180 1756 ut
2197 1714 2326 1754 nemini
2340 1714 2408 1762 jam
2423 1721 2499 1759 opus
2514 1710 2551 1746 sit

1525 1790 1569 1827 ad
1585 1788 1820 1827 solitudinem
1839 1785 2035 1834 confugere
2063 1795 2072 1820 :
2095 1780 2261 1831 quoniam
2279 1787 2360 1816 vero
2373 1775 2477 1813 omnia
2493 1781 2556 1809 sus-

1526 1852 1644 1899 deque
1655 1851 1730 1898 jam
1743 1859 1863 1894 versa,
1886 1848 2048 1896 ipsaque
2065 1845 2230 1882 civitates
2243 1870 2252 1887 ,
2276 1841 2316 1878 in
2331 1838 2448 1887 quibus
2463 1834 2555 1899 tribu-

1529 1897 1623 1951 nalia
1639 1897 1818 1960 etleges,
1842 1909 1981 1958 ingenti
2008 1907 2196 1955 iniquitate
2226 1909 2263 1942 et
2289 1902 2414 1940 scelere
2431 1897 2556 1960 impleta:

1529 1982 1627 2020 sunt,
1646 1974 1806 2012 solitudo
1835 1979 1960 2011 autem
1992 1970 2194 2009 uberrimos
2215 1962 2437 2016 philosophia:
2450 1959 2560 1996 Fructus

1531 2041 1689 2087 emittit;
1711 2039 1875 2088 profecto
1888 2049 1965 2076 non
1984 2037 2036 2074 illi
2051 2037 2132 2084 jure
2159 2044 2180 2070 a
2209 2029 2308 2069 vobis
2323 2028 2356 2066 in
2373 2026 2491 2088 crimen
2507 2030 2560 2088 to:

1531 2111 1662 2144 centur
1711 2085 1775 2152 qui
1791 2102 1882 2140 alios
1908 2101 1954 2138 ab
1977 2100 2046 2136 hac
2066 2095 2223 2146 procella
2242 2099 2278 2130 et
2299 2089 2426 2129 turbine
2442 2085 2562 2152 liberari

1535 2144 1906 2216 cupientesleripiunt
1923 2191 1934 2209 ,
1955 2169 1992 2200 et
2013 2144 2308 2205 eid—tranquillum
2324 2144 2564 2216 po-rtumu'lledu-

1533 2208 1644 2274 cunt;
1667 2227 1732 2266 sed
1749 2208 1871 2275 potius
1894 2225 1971 2270 illi,
2000 2223 2062 2272 qui
2081 2221 2244 2260 civitates
2262 2213 2411 2263 singulas
2434 2208 2567 2278 philm'

1536 2292 1630 2340 phiae
1650 2291 1703 2329 sic
1721 2290 1838 2328 invias
1849 2295 1886 2326 et
1902 2297 2032 2336 parum
2051 2285 2198 2323 idoneas
2217 2279 2436 2340 fecerunt,qut
2452 2278 2566 2340 qui“?

1538 2337 1650 2391 lutem
1673 2353 1849 2398 consequi
1868 2351 1996 2388 volunt
2019 2376 2028 2392 ,
2049 2345 2260 2386 solitudines
2275 2337 2395 2379 sectari
2411 2337 2566 2398 εοεηηξυτ·

1539 2419 1603 2456 Dic
1621 2417 1718 2455 enim
1741 2415 1828 2454 mihi
1849 2443 1859 2460 ,
1889 2415 1918 2452 si
1938 2413 2019 2461 quis
2039 2411 2074 2448 in
2096 2415 2201 2447 nocte
2225 2403 2338 2444 media
2362 2403 2488 2461 arrepta
2505 2392 2570 2430 ἷθεο

1537 2482 1687 2520 domum
1705 2459 1928 2517 incendisset
1943 2459 2109 2524 magnam
2127 2468 2394 2513 hominibusque
2409 2459 2566 2524 mplcmmf

1539 2552 1580 2584 ut
1594 2546 1690 2582 intus
1711 2540 1978 2580 dormientibus
1996 2523 2226 2576 insidiaretur
2238 2560 2248 2578 ,
2268 2536 2380 2568 utrum
2398 2523 2564 2592 dicereut“

1541 2608 1748 2657 improbum
1784 2615 1864 2643 esse
1881 2631 1892 2648 ,
1909 2611 2050 2641 eumne
2081 2599 2142 2648 qui
2169 2595 2382 2657 dormientes

1541 2650 1754 2717 tedibusque
1774 2667 1846 2704 illis
1861 2666 2037 2704 educeret
2053 2691 2062 2709 .
2082 2673 2128 2700 an
2147 2669 2228 2699 eum
2245 2656 2302 2705 qui
2313 2653 2357 2691 ab
2370 2650 2569 2717 initiatum-II“

1542 2735 1642 2773 dium
1663 2711 1861 2771 eicitasset
1880 2758 1890 2775 ,
1911 2735 1949 2766 et
1973 2728 2160 2765 intantam
2180 2719 2418 2761 necessitatem
2431 2717 2495 2777 teut
2511 2711 2568 2777 89ξῖ

1641 2795 1857 2834 educentem
1875 2771 1957 2830 illos
1980 2789 2182 2838 redegisset
2198 2781 2315 2831 tQuid
2334 2778 2453 2838 igitur,
2470 2771 2496 2838 fi
2510 2771 2572 2838 illi"

1545 2858 1738 2910 tyrannide
1757 2865 1970 2904 oppressam
1988 2833 2168 2891 civitatem
2182 2878 2192 2895 ,
2224 2833 2577 2910 esril'jdimfif’f’ﬂ:

1546 2896 1636 2966 tem,
1653 2926 1691 2958 et
1713 2896 1958 2957 seditionibus
1975 2916 2145 2964 agitatam
2165 2910 2305 2950 videns,
2329 2904 2370 2966 iis
2385 2896 2575 2966 quibltsffj

1547 2989 1605 3023 set
1622 2949 1874 3032 persuaderet,
1907 2986 1948 3016 ut
1971 2946 2099 3016 rzlicta
2119 2973 2272 3012 civitate
2303 2946 2576 3032 reciperc“_“5ff

1548 3022 1726 3086 montium
1747 3045 1918 3090 vertices,
1933 3044 2050 3091 iisque
2065 3039 2112 3077 ad
2123 3044 2304 3076 secessum
2317 3022 2578 3092 adlumcf'qcﬂf

1548 3111 1661 3150 ferret
1681 3122 1690 3147 :
1713 3119 1822 3157 quem
1839 3108 1875 3144 in
1895 3106 2035 3144 crimen
2059 3099 2235 3141 vocares?
2264 3102 2388 3157 eumne
2405 3078 2578 3157 ειυῖ

1547 3172 1710 3223 jusmodi
1726 3147 1896 3209 Itumultu
1925 3169 1962 3206 in
1982 3164 2278 3214 tranquillitatem
2295 3155 2448 3223 homines

1553 3207 1648 3275 state
1661 3237 1817 3284 iactatos
1831 3233 2089 3275 transtulisset,
2101 3240 2151 3267 an
2169 3235 2252 3264 eum
2266 3219 2331 3294 'qui
2350 3207 2581 3294 naufragi":

1553 3273 1815 3348 prazparasset?
1845 3295 1943 3333 Cave
1968 3294 2065 3331 enim
2085 3297 2186 3339 putes
2205 3285 2350 3324 meliore

1553 3333 1732 3399 bunianas
1743 3359 1818 3406 jam
1833 3367 1930 3403 esse,
1948 3366 2056 3404 quam
2071 3353 2252 3391 civitatem
2267 3337 2442 3418 lymfm‘ie
2459 3333 2583 3418 off;

1553 3435 1656 3469 sam;
1673 3433 1800 3460 verum
1819 3422 1854 3459 in
1876 3421 1984 3467 longe
2001 3415 2185 3456 deteriori.
2208 3414 2284 3450 Non
2303 3406 2393 3446 enim
2411 3401 2515 3471 hortle

1555 3456 1632 3462 η---
1647 3456 1656 3469 ,
1681 3456 1800 3460 ._-__-_
2575 3462 2585 3471 _

1555 3487 1698 3526 dmmon
1724 3485 1870 3534 quidam
1891 3481 2149 3530 nequissimus,
2170 3479 2347 3520 tamquam
2365 3463 2518 3534 illi“???
2532 3456 2588 3534 Lm“

1555 3551 1673 3589 manis
1687 3578 1696 3594 .
1723 3518 1806 3586 clum
1827 3554 1900 3584 tota
1916 3555 1980 3583 sua
2003 3543 2177 3592 phalange
2196 3536 2393 3574 universum
2411 3518 2589 3605 ol‘ltimv‘lg

1557 3623 1695 3662 cupans
1715 3640 1724 3656 ,
1749 3611 1786 3649 in
1813 3611 1992 3648 humanas
2017 3605 2158 3642 animas
2192 3585 2590 3667 grassatur':‘l:|:en:;:i':

1557 3645 1661 3726 quasi
1679 3687 1722 3714 ex
1741 3686 1826 3714 arce
1846 3672 2018 3722 quadam,
2039 3661 2256 3706 exsecranda
2269 3663 2306 3696 et
2319 3645 2590 3733 sceletfam‘ilrgi'.

1559 3713 1619 3780 die
1638 3745 1818 3789 praecepta
1839 3735 2050 3775 hominibus
2064 3727 2196 3769 emittit
2211 3753 2230 3794 χ
2241 3732 2309 3760 ηοη

1559 3770 1698 3843 ιίῐηὲηε
1717 3770 1833 3840 solum
1851 3828 1862 3846 ,
1898 3807 1972 3836 non
1999 3801 2169 3844 pecunias
2185 3787 2326 3826 mittens
2342 3770 2572 3846 terentesn-1:?

1560 3868 1681 3908 caedes
1699 3872 1916 3916 perpetrans
1932 3863 2092 3910 iniquas,
2113 3863 2236 3895 verum
2256 3849 2310 3886 his
2323 3845 2424 3890 ¹⁰¹¹⁸θ
2439 3833 2592 3884 gramm,

1605 3948 1617 3969 ι
1641 3945 1786 3986 Quidam.
1803 3947 1834 3978 et
1849 3950 1892 3978 ea:
1908 3939 2058 3984 operibus
2073 3935 2138 3974 tuis
