3896 6168
349 361 454 416 5¹ὶ9

351 489 544 544 nempe
593 473 932 544 conjunctam
984 477 1151 532 semel
1200 478 1309 534 Deo
1347 478 1583 534 animam
1637 483 1655 515 ι
1708 481 1780 534 ab
1817 476 1935 548 ejus

346 566 622 623 consortio
644 566 916 622 abducens
945 609 962 633 ,
993 568 1312 641 tradensque
1343 569 1565 641 impuris
1592 569 1706 625 suis
1731 570 1935 624 satelli-

347 657 510 722 tibus,
544 658 753 728 illisque
781 658 948 728 ipsam
978 659 1246 717 substerni
1277 675 1498 731 cogens,
1530 661 1620 731 qui
1653 669 1931 731 postquam

346 765 465 804 eam
488 749 656 804 semel
685 749 1155 819 apprehenderint,
1189 752 1258 806 ita
1290 754 1513 821 turpiter
1539 767 1660 807 cum
1690 752 1776 807 illa
1805 766 1936 806 con-

347 840 694 911 grediuntur,
745 842 816 895 ita
838 844 1256 908 continneliose,
1288 853 1348 898 ut
1395 859 1490 912 par
1514 852 1597 898 est
1625 841 1803 898 facere
1832 858 1928 898 ne-

345 932 635 1002 quissimos
658 932 931 988 daemonas
960 934 1311 991 vehementer
1348 951 1413 992 ac
1435 951 1556 991 cum
1585 935 1764 990 furore
1808 951 1932 1005 per-

349 1025 544 1080 niciem
575 1026 1028 1096 ignominiamque
1052 1037 1286 1082 nostram
1321 1036 1649 1098 expetentes.
1672 1026 1932 1082 Nudatam

347 1121 547 1189 quippe
576 1120 720 1174 illam
747 1120 996 1176 omnibus
1011 1120 1261 1176 virtutum
1281 1120 1626 1187 indumentis,
1655 1121 1935 1174 vitiorum-

347 1227 451 1281 que
475 1212 663 1282 pannis
687 1213 934 1284 amictam
955 1255 970 1279 ,
1002 1213 1254 1281 sordidis,
1296 1213 1581 1269 conscissis
1607 1227 1671 1268 ac
1690 1212 1890 1267 fmtidis
1913 1253 1930 1278 ,

351 1307 462 1375 ipsa
490 1305 728 1360 nuditate
747 1307 1036 1376 turpiorem
1053 1309 1420 1374 constitutam,
1445 1307 1697 1376 omnique
1721 1304 1934 1374 propria

350 1397 450 1452 sibi
506 1397 837 1452 immunditia
885 1399 1144 1468 repletam
1176 1413 1282 1453 non
1331 1407 1546 1454 cessant
1597 1396 1936 1453 contumeliis

350 1505 596 1545 onerare.
629 1490 811 1560 Neque
837 1491 978 1546 enim
1010 1490 1170 1546 ullam
1193 1499 1389 1545 norunt
1417 1489 1729 1546 cxsecrandi
1753 1495 1807 1544 et
1833 1487 1935 1542 ini-

350 1583 440 1652 qui
481 1583 784 1653 hujusmodi
817 1586 1130 1640 concubitus
1173 1583 1495 1646 satietatem,
1540 1581 1632 1636 sed
1663 1580 1933 1636 ebriorum

352 1669 539 1732 instar,
569 1668 803 1737 quicum
833 1683 894 1722 se
917 1683 1064 1724 mero
1095 1667 1568 1736 ingurgitaverint,
1607 1673 1732 1718 tunc
1768 1663 1936 1733 magis

349 1756 724 1822 exardescunt,
753 1758 832 1812 sic
853 1765 906 1810 et
928 1756 978 1811 hi
1002 1772 1209 1826 quoque
1228 1767 1352 1811 tunc
1383 1756 1619 1811 maxime
1643 1755 1932 1820 insaniunt,

352 1853 505 1922 eique
533 1861 586 1906 et
614 1851 984 1906 vehementius
1008 1859 1062 1905 et
1102 1849 1333 1905 ferocius
1368 1850 1657 1914 insultant,
1702 1863 1823 1902 cum
1849 1847 1935 1902 illa

353 1943 500 1997 abusi
531 1951 691 2008 sunt,
721 1941 1086 1996 confodientes
1115 1956 1240 2022 eam.
1255 1955 1470 2010 semper
1489 1955 1551 1994 ac
1583 1937 1894 1993 mordentes
1917 1979 1933 2004 ,

353 2051 615 2105 suumque
643 2035 692 2089 in
719 2049 835 2089 eam
860 2035 1003 2087 virus
1028 2031 1383 2097 elfundentes,
1413 2031 1668 2100 necprius
1685 2030 1937 2084 desinen-

353 2140 454 2194 tes,
481 2144 640 2199 quam
671 2143 790 2182 eam
822 2127 872 2180 in
905 2141 1057 2180 suum
1085 2133 1280 2181 statum
1305 2121 1793 2185 transtulerint,vel
1820 2136 1937 2175 cor-

353 2236 482 2291 pore
524 2221 751 2274 solutam
801 2217 1048 2273 viderint.
1091 2217 1206 2285 Qua
1252 2216 1410 2288 igitur
1453 2213 1738 2287 tyrannide
1768 2253 1784 2281 ,
1831 2229 1934 2284 qua

354 2313 691 2384 captivitate,
721 2325 823 2382 qua
853 2310 1098 2364 vastitate
1122 2351 1137 2375 ,
1163 2323 1265 2378 qua
1292 2309 1549 2362 servitute
1576 2347 1590 2370 ,
1621 2321 1726 2376 quo
1754 2304 1894 2360 bello
1915 2343 1933 2368 ,

353 2420 460 2474 quo
489 2402 766 2472 naufragio
786 2443 800 2468 ,
828 2415 931 2470 qua
957 2398 1100 2454 fame
1142 2398 1255 2453 hazc
1281 2413 1385 2453 non
1415 2396 1662 2468 graviora
1689 2393 1936 2449 fuerint?

353 2497 483 2564 Quis
513 2506 618 2550 tam
648 2493 902 2560 crudelis,
927 2493 1045 2563 quis
1075 2501 1179 2546 tam
1210 2491 1378 2556 ferus,
1409 2491 1528 2560 quis
1552 2489 1686 2544 adeo
1720 2488 1934 2554 stultus,

358 2589 478 2659 quis
525 2587 662 2642 adeo
717 2586 1041 2641 inhumanus
1079 2592 1239 2654 atque
1271 2582 1654 2638 immiserieors
1677 2621 1692 2647 ,
1744 2579 1834 2649 qui
1863 2586 1941 2633 tot

353 2678 690 2734 contumeliis
718 2688 770 2732 et
802 2675 1011 2732 damnis
1050 2673 1292 2729 aflectam
1321 2672 1551 2727 animam
1585 2671 1715 2724 nolit
1743 2669 1809 2724 ab
1843 2683 1940 2722 ex—

356 2772 618 2829 secrando
648 2772 740 2826 illo
767 2771 945 2824 furore
972 2779 1026 2823 et
1054 2767 1341 2840 ignominia
1367 2809 1381 2833 ,
1406 2781 1503 2836 pro
1533 2764 1667 2819 virili
1695 2779 1793 2818 sua
1821 2804 1838 2829 ,
1871 2761 1938 2815 li-

355 2864 546 2919 berare
566 2905 578 2926 ,
603 2862 697 2918 sed
734 2861 878 2916 illam
909 2871 1015 2915 tam
1060 2860 1198 2914 male
1219 2858 1462 2914 affectam
1491 2856 1758 2928 negligat?
1787 2852 1946 2920 Quod.

355 2956 400 3009 si
427 2955 476 3009 id
508 2966 586 3010 est
611 2953 856 3008 immanis
877 2961 1037 3023 atque
1059 2950 1252 3020 lapidci
1269 2949 1457 3015 animi,
1486 2965 1590 3019 quo
1618 2949 1668 3002 in
1695 2947 1836 3008 loco,
1855 2944 1942 3001 dic

359 3047 511 3114 mihi,
541 3053 835 3100 statuemus
860 3055 977 3110 e05,
1001 3045 1090 3114 qui
1119 3053 1316 3114 praeter
1342 3043 1487 3098 illam
1515 3040 1888 3112 negligentiam
1922 3079 1939 3104 ,

354 3139 498 3194 aliud
527 3137 779 3208 quiddam
806 3136 964 3206 longe
984 3136 1222 3190 deterius
1243 3143 1424 3205 agunt,
1456 3147 1577 3188 cum
1610 3147 1706 3187 eos
1725 3172 1740 3198 ,
1763 3131 1855 3201 qui
1876 3128 1943 3184 ad

357 3233 594 3303 pericula
642 3230 893 3286 alacriter
933 3228 1138 3284 insilire
1174 3226 1341 3298 parati
1389 3234 1556 3290 sunt,
1613 3223 1808 3293 quique
1837 3237 1941 3277 non

357 3332 590 3379 renuunt
632 3325 681 3377 in
724 3324 896 3394 ipsum
938 3322 1126 3376 bellum
1169 3328 1348 3390 guttur
1393 3334 1580 3372 manus
1617 3317 1939 3383 immittere,

357 3417 598 3485 quinimo
629 3416 870 3470 fictorem
887 3423 942 3468 et
965 3411 1196 3482 pericula
1233 3410 1481 3473 subeunt,
1510 3418 1566 3464 ut
1585 3407 1696 3478 jam
1719 3407 1945 3462 devora-
1984 3435 1998 3452 κ

361 3520 441 3563 tas
466 3509 672 3562 animas
698 3523 766 3562 ex
793 3506 922 3576 ipsis
949 3504 1209 3558 daemonis
1237 3501 1476 3556 faucibus
1503 3502 1779 3555 extrahant
1801 3541 1816 3566 ,
1840 3515 1944 3554 non

361 3602 522 3658 modo
548 3617 653 3656 non
706 3598 958 3665 laudant,
992 3611 1165 3667 neque
1203 3595 1521 3666 approbant,
1547 3592 1639 3649 sed
1670 3593 1830 3647 etiam
1851 3607 1945 3646 ex-

368 3695 570 3764 pellunt
596 3691 827 3762 undique
849 3700 904 3747 et
921 3689 1267 3760 oppugnant?

433 3786 486 3841 8.
515 3784 650 3850 Quid
680 3785 859 3854 igitur,
889 3782 1030 3837 dicet
1065 3779 1326 3851 quispiam
1349 3819 1363 3844 ,
1399 3776 1645 3833 cunctine
1673 3775 1762 3846 qui
1790 3774 1950 3832 urbes

364 3879 602 3935 incolunt
621 3877 848 3949 periere,
871 3891 938 3930 an
960 3873 1209 3930 ﬂuctibus
1224 3873 1512 3944 jactantur,
1535 3887 1603 3926 an
1624 3879 1834 3940 Oportet
1862 3885 1950 3924 ur-

366 3970 518 4023 bibus
550 3967 748 4023 relictis
774 3976 827 4022 et
853 3967 907 4021 in
947 3965 1156 4021 deserta
1188 3963 1461 4020 conversis
1480 4004 1494 4027 ,
1525 3961 1580 4017 in
1608 3959 1948 4017 solitudinem

367 4077 423 4114 se
454 4059 793 4125 transferant,
824 4066 878 4113 et
905 4057 956 4111 in
987 4056 1351 4112 cacuminibus
1375 4053 1635 4108 montium
1663 4051 1820 4108 sedes
1850 4065 1950 4121 po-

368 4152 534 4205 nant?
560 4152 626 4204 lzlt
653 4161 706 4204 tu
735 4150 849 4204 hmc
882 4148 1040 4219 jubes
1065 4157 1118 4202 et
1137 4146 1271 4201 hanc
1293 4146 1463 4218 legem
1493 4144 1718 4200 statuis?
1747 4146 1962 4214 Apage,

370 4260 490 4299 nam
521 4242 848 4298 contrarium
880 4241 1090 4311 penitus
1109 4281 1124 4306 ,
1155 4248 1210 4294 ut
1232 4240 1377 4307 prius
1397 4237 1664 4305 dicebam,
1686 4237 1828 4300 volo,
1856 4251 1952 4290 vo-

371 4339 540 4408 tisque
562 4336 806 4390 omnibus
835 4345 1029 4403 exopto
1048 4348 1144 4388 nos
1163 4340 1304 4386 tanta
1338 4331 1435 4386 frui
1458 4345 1606 4400 pace,
1624 4329 1955 4386 etmalorum

372 4429 673 4499 hujusmodi
712 4428 1046 4501 tyrannidem
1083 4429 1153 4482 ita
1194 4426 1418 4489 destrui,
1463 4436 1520 4479 ut
1551 4441 1657 4481 non
1684 4425 1844 4480 modo
1869 4425 1953 4489 iis,

372 4525 460 4594 qui
494 4525 545 4578 in
574 4523 794 4578 urbibus
817 4522 1037 4593 degunt,
1073 4539 1175 4576 non
1195 4522 1262 4576 sit
1289 4521 1354 4576 ad
1383 4531 1592 4575 montes
1616 4520 1954 4591 confugieudi

374 4617 686 4680 necessitas,
729 4615 823 4670 sed
865 4624 924 4668 ut
969 4615 1031 4668 iis
1055 4615 1143 4683 qui
1171 4613 1485 4668 solitudines
1515 4613 1769 4677 incolunt,
1807 4614 1957 4682 quasi

374 4707 687 4777 quihusdam
726 4707 885 4776 longo
923 4715 1162 4775 tempore
1203 4704 1455 4774 fugitivis,
1486 4703 1553 4759 ad
1580 4719 1732 4758 suam
1771 4705 1958 4759 urbem

374 4816 431 4852 se
464 4799 701 4867 recipere
725 4814 862 4867 opus
881 4798 969 4852 sit.
991 4795 1096 4854 Sed
1121 4796 1247 4866 quid
1273 4796 1503 4852 faciam?
1528 4811 1718 4851 vereor
1740 4811 1807 4852 ne
1832 4796 1956 4850 dum

379 4890 498 4944 illos
527 4890 710 4959 patriae
740 4888 1023 4968 restituere
1051 4888 1262 4954 studeo,
1294 4888 1741 4958 nequissimorum
1762 4888 1962 4942 darmo-

377 4999 504 5036 num
535 4983 781 5036 manibus
824 4980 1050 5049 tradam,
1087 4996 1190 5036 neu
1233 4978 1360 5034 dum
1402 4979 1522 5035 illos
1543 4995 1573 5034 a
1604 4979 1889 5034 solitudine
1910 4988 1963 5034 et

379 5076 498 5146 fuga
522 5075 780 5132 reducere
818 5075 996 5143 cupio,
1040 5088 1069 5126 a
1109 5072 1440 5142 philosophia
1483 5081 1538 5127 et
1584 5075 1962 5143 tranquillitate

377 5169 525 5223 omni
553 5167 802 5223 excidere
844 5167 1052 5222 faciam.
1081 5166 1234 5234 Quod
1262 5166 1307 5220 si
1348 5146 1740 5222 multitudinem
1769 5165 1962 5221 civium

382 5260 679 5330 proferens,
710 5259 796 5314 illa
837 5268 894 5313 tu
931 5258 1059 5312 mihi
1105 5257 1360 5328 pudorctn
1392 5269 1446 5311 et
1490 5267 1689 5311 metum
1728 5258 1966 5314 incutere

381 5364 535 5426 putes
563 5395 579 5422 ,
627 5370 695 5408 ne
742 5363 912 5408 totum
956 5351 1142 5407 orbem
1181 5350 1420 5404 damnari
1459 5351 1661 5419 patiar,
1694 5359 1965 5420 assumpta

380 5448 580 5503 Christi
610 5446 895 5505 sententia,
922 5459 1043 5498 cum
1068 5444 1153 5498 illa
1181 5441 1437 5497 adversus
1471 5441 1607 5496 hanc
1646 5451 1789 5496 tuam
1812 5442 1965 5512 obje-

382 5541 612 5594 etionem
640 5538 814 5592 stabo.
847 5536 1027 5606 Neque
1045 5536 1187 5591 enim
1213 5543 1319 5588 tam
1347 5533 1517 5588 audax
1547 5534 1750 5590 facinus
1778 5533 1968 5590 admit-

382 5643 481 5691 tes,
511 5639 569 5684 ut
589 5629 748 5684 etiam
773 5627 890 5698 ejus
913 5669 928 5694 ,
954 5627 1043 5697 qui
1071 5642 1168 5681 nos
1192 5625 1519 5694 iudicaturus
1547 5635 1626 5680 est
1650 5665 1666 5692 ,
1689 5626 1967 5682 sententim

447 5745 462 5773 ι
501 5739 638 5790 uvil.
661 5747 714 5789 et
745 5741 841 5790 diro
876 5748 1000 5799 διεδ..
1042 5738 1316 5799 conjuncta:
1342 5735 1486 5788 semel
1525 5746 1623 5790 Deo
1644 5735 1846 5792 animos.
1874 5748 1966 5792 uo-

383 5803 479 5852 rel.
507 5810 561 5854 ut
600 5803 649 5854 in
674 5811 832 5864 textu,
856 5811 1001 5867 atque
1125 5801 1246 5866 legit
1268 5801 1560 5851 ambrosius.

1097 361 1459 421 ADVERSUS
1491 361 2043 421 OPI’UGNATORES
2087 363 2272 422 VITE
2308 364 2602 423 HONAST.
2643 366 2772 423 LIB.
2821 365 2864 424 l.

3519 375 3624 430 530

2045 475 2296 533 obsistas.
2337 475 2474 546 Quid
2506 478 2665 548 igitur
2710 480 2798 536 ille
2839 480 3003 536 dicit?
3045 481 3272 554 Angusta
3311 494 3403 551 est,
3437 486 3628 556 inquit,

2029 570 2218 640 jamta,
2242 577 2290 623 et
2316 581 2457 625 arcta
2481 572 2582 640 via,
2625 588 2740 642 qua:
2763 575 2901 627 ducit
2939 573 3007 627 ad
3034 576 3186 629 vitam
3206 617 3221 642 ,
3258 585 3305 631 et
3333 580 3481 648 pauci
3517 590 3631 634 sunt

2039 664 2126 734 qui
2150 663 2406 718 inveniunt
2441 681 2549 718 eam
2595 663 2806 735 (Matth.
2837 667 2890 721 7.
2925 665 3035 740 14).
3067 666 3123 724 Si
3154 684 3281 724 vero
3310 669 3461 739 pauci
3506 683 3630 726 sunt

2041 757 2129 824 qui
2173 756 2469 823 inveniunt,
2516 771 2647 812 sane
2690 757 2846 827 longe
2884 760 3183 828 pauciores,
3229 761 3319 832 qui
3365 761 3432 816 ad
3471 761 3628 817 flnem

2040 847 2156 915 ejus
2187 849 2462 916 pervenire
2492 857 2758 919 poterunt.
2789 849 2972 919 Neque
2997 852 3135 905 enim
3163 867 3350 907 omnes
3370 855 3459 924 qui
3487 855 3630 924 prin-

2040 937 2236 1007 cipium
2263 938 2526 1006 adierunt,
2557 939 2621 994 ad
2652 940 2810 995 fidem
2842 942 2955 1010 ejus
2985 942 3284 1012 pertingere
3312 955 3629 1013 potuerunt;

2040 1031 2134 1084 sed
2177 1031 2266 1085 alii
2292 1031 2408 1100 ipso
2448 1031 2626 1086 statim
2655 1032 2833 1099 initio,
2872 1031 2962 1086 alii
2993 1033 3043 1086 in
3075 1033 3287 1098 medio,
3315 1035 3405 1088 alii
3438 1035 3489 1090 iu
3510 1037 3624 1105 ipso

2041 1119 2152 1177 fere
2183 1131 2342 1192 portu
2368 1122 2696 1194 naufragium
2716 1123 2954 1178 fecerunt
2978 1123 3191 1192 (Matth.
3216 1124 3306 1180 20.
3344 1125 3452 1190 l6).
3482 1126 3623 1181 Rur-

2040 1226 2265 1282 sumque
2302 1214 2498 1269 multos
2523 1214 2599 1268 ait
2639 1229 2761 1270 esse
2788 1224 3035 1282 vocatos,
3071 1230 3372 1286 paucosque
3411 1218 3629 1272 electos.

2040 1302 2170 1357 Cum
2186 1303 2362 1374 itaque
2379 1304 2622 1360 Christus
2643 1304 2896 1375 majorem
2926 1320 3046 1361 esse
3073 1307 3407 1375 pereuntium
3427 1316 3630 1376 partem

2041 1392 2202 1459 dicat,
2231 1393 2285 1447 ln
2315 1393 2494 1463 paucis
2515 1409 2644 1450 vero
2673 1395 2900 1450 salutem
2933 1394 3246 1464 prazﬁnitam
3273 1411 3394 1452 esse
3421 1411 3636 1451 asseve-

2039 1475 2141 1549 ret,
2170 1484 2296 1554 quid
2341 1485 2622 1540 adversum
2655 1501 2739 1540 me
2774 1484 3016 1555 pugnas?
3048 1484 3279 1554 ldipsum
3321 1485 3463 1539 enim
3505 1485 3634 1540 facis

2039 1591 2103 1632 ac
2128 1577 2173 1630 si
2203 1577 2271 1633 de
2290 1576 2402 1633 Noe
2431 1593 2493 1632 ac
2513 1577 2580 1632 de
2605 1578 2803 1633 diluvio
2836 1578 2992 1633 verba
3019 1577 3336 1633 facientibus
3358 1577 3510 1632 nobis
3535 1578 3631 1631 ad-

2038 1667 2332 1732 mirareris,
2357 1668 2400 1720 si
2417 1683 2606 1722 omnes
2622 1668 2897 1736 perierint,
2921 1667 3027 1722 duo
3041 1676 3218 1723 autem
3235 1676 3435 1722 tantum
3457 1676 3632 1722 tresve

2040 1757 2290 1812 homines
2318 1757 2634 1828 supplicium
2665 1757 2946 1828 effugerint
2971 1800 2986 1825 ,
3031 1773 3152 1812 cum
3181 1757 3280 1812 hac
3306 1759 3512 1813 ratione
3538 1773 3635 1812 no-

2040 1849 2122 1905 bis
2164 1864 2226 1903 os
2265 1848 2543 1904 obstruere
2586 1863 2744 1918 posse
2786 1860 2957 1918 putas,
3001 1856 3059 1902 ut
3101 1862 3207 1902 non
3245 1849 3430 1903 ausuri
3465 1849 3634 1902 simus

2041 1939 2296 1995 damnare
2326 1939 2743 1994 multitudinem.
2778 1939 2832 1993 ld
2864 1953 2991 1994 sane
3019 1938 3175 1994 nobis
3204 1953 3310 1992 non
3346 1937 3633 2008 persuade-

2042 2029 2187 2086 bitur
2214 2046 2386 2100 neque
2431 2031 2822 2086 multitudinem
2854 2030 2996 2084 illam
3025 2029 3232 2084 veritati
3263 2028 3628 2099 prmfcremus.

2039 2121 2222 2193 Neque
2246 2123 2388 2178 enim
2416 2123 2501 2189 iis,
2544 2139 2662 2193 qua:
2705 2130 2830 2177 tunc
2874 2122 3232 2192 contigerunt,
3271 2121 3476 2175 minora
3502 2128 3630 2176 sunt

2042 2213 2336 2280 hodierna;
2365 2214 2458 2269 sed
2489 2215 2656 2269 multo
2682 2215 2970 2281 deteriora,
2997 2227 3171 2284 eoque
3195 2212 3382 2283 magis,
3403 2226 3510 2283 quo
3535 2227 3632 2283 ge-

2043 2305 2235 2361 hennae
2263 2307 2608 2360 comminatio
2640 2306 2949 2373 intentatur,
2977 2314 3033 2361 et
3061 2321 3127 2360 ne
3157 2305 3234 2360 sic
3263 2304 3477 2375 quidem
3510 2304 3632 2358 vitia

2041 2397 2378 2454 exciduntur.
2405 2398 2538 2468 Quis
2563 2399 2705 2454 enim
2727 2439 2747 2466 ,
2777 2414 2960 2469 quaeso
2983 2439 3000 2465 ,
3029 2397 3229 2453 fatuum
3261 2411 3368 2452 non
3403 2396 3637 2466 appellat

2043 2489 2305 2546 fratrem?
2346 2491 2474 2546 illud
2500 2501 2679 2547 autem
2707 2492 2967 2563 gehennae
3005 2491 3144 2562 ignis
3169 2491 3298 2545 facit
3321 2492 3634 2545 obnoxium.

2041 2581 2174 2650 Quis
2202 2597 2306 2637 non
2335 2583 2614 2652 impudicis
2639 2583 2810 2638 oculis
2828 2583 3106 2638 mulierem
3125 2581 3380 2651 respicit?
3411 2581 3513 2636 hoc
3539 2597 3629 2635 au-

2043 2681 2150 2728 tem
2180 2681 2264 2728 est
2289 2682 2715 2729 consummatum
2743 2673 3062 2728 adulterium
3091 2688 3105 2726 :
3134 2672 3400 2728 mmclmm
3424 2687 3552 2726 vero
3583 2671 3636 2726 in

2044 2765 2289 2821 eamdem
2336 2764 2636 2834 gehennam
2677 2765 2913 2821 incidere
2954 2774 3160 2821 certum
3188 2775 3270 2820 est
3292 2765 3344 2817 ι.
3374 2764 3503 2831 Quis
3528 2781 3633 2819 non

2039 2856 2277 2927 juravit?
2305 2857 2404 2914 hoc
2437 2869 2615 2914 autem
2647 2873 2712 2914 ex
2752 2859 2894 2913 malo
2916 2873 3136 2927 prorsus
3161 2865 3245 2913 est
3278 2875 3292 2912 :
3331 2866 3384 2911 at
3403 2856 3543 2927 quod
3571 2872 3636 2912 ex

2045 2950 2188 3005 malo
2224 2960 2327 3017 est,
2358 2950 2618 3022 supplicio
2657 2950 2798 3006 haud
2837 2950 2997 3006 dubie
3030 2950 3339 3005 obnoxium.
3364 2950 3494 3019 Quis
3532 2964 3639 3006 non

2045 3041 2220 3097 amico
2239 3041 2430 3099 invidit
2454 3043 2744 3114 umquam?
2773 3043 2824 3097 id
2847 3057 2974 3098 vero
3011 3042 3238 3098 ethnicis
3260 3049 3314 3098 et
3338 3040 3636 3112 publicanis

2048 3135 2258 3204 pejores
2288 3135 2416 3190 facit
2445 3153 2458 3190 :
2487 3151 2582 3192 eos
2603 3146 2782 3192 autem
2810 3135 2901 3206 qui
2927 3135 3030 3190 illis
3053 3134 3348 3190 deteriores
3367 3141 3510 3201 sunt,
3531 3148 3639 3188 non

2048 3243 2206 3298 posse
2227 3227 2546 3298 supplicium
2568 3228 2804 3299 effugere
2830 3228 3031 3285 nemini
3054 3243 3159 3283 non
3181 3237 3365 3283 notum
3387 3235 3486 3283 est.
3509 3226 3642 3295 Quis

2049 3318 2376 3374 iracundiam
2404 3334 2620 3374 omnem
2668 3335 2735 3375 ex
2772 3320 2934 3375 corde
2975 3320 3153 3388 ejecit,
3181 3326 3234 3373 et
3256 3318 3516 3384 omnium,
3549 3317 3638 3387 qui

2049 3409 2101 3462 in
2143 3425 2203 3464 se
2246 3409 2618 3478 deliquerunt,
2662 3420 2875 3478 peccata
2907 3409 3149 3463 remisit?
3176 3425 3298 3464 eum
3337 3419 3514 3463 autem
3551 3405 3639 3477 qui

2049 3514 2157 3553 non
2203 3499 2472 3554 remiserit
2499 3499 2781 3553 tormentis
2807 3500 3110 3562 necessario
3142 3499 3456 3553 tradendum
3487 3513 3604 3553 esse
3623 3538 3638 3565 ,

2051 3589 2230 3644 nullus
2255 3604 2440 3642 eorum
2460 3629 2476 3654 ,
2524 3589 2614 3659 qui
2643 3585 2914 3643 Christum
2939 3589 3199 3656 audierit,
3227 3599 3511 3658 negaturus
3533 3598 3638 3643 est.

2052 3681 2186 3750 Quis
2215 3696 2320 3736 non
2347 3681 2567 3736 servivit
2617 3683 2928 3736 mamonre?
2956 3695 3077 3736 eum
3108 3697 3236 3736 vero
3265 3681 3355 3751 qui
3383 3679 3484 3751 ipsi
3523 3694 3641 3734 ser-

2053 3773 2226 3837 vierit,
2254 3771 2448 3828 Christi
2475 3773 2786 3828 servitutem
2815 3772 3075 3842 abjecisse
3105 3780 3310 3826 eertum
3336 3779 3440 3835 est,
3465 3779 3518 3824 at
3552 3771 3642 3839 qui

2053 3865 2248 3923 Christi
2308 3865 2618 3920 servitutem
2667 3864 2882 3935 abjecit,
2926 3865 3193 3934 propriam
3236 3862 3463 3918 salutem
3504 3861 3644 3916 haud

2053 3957 2214 4014 dubie
2239 3957 2538 4026 abnegavit.
2569 3957 2700 4022 Quis
2721 3973 2825 4011 non
2855 3957 3058 4012 occulte
3084 3955 3391 4010 maledixit?
3419 3955 3516 4008 hos
3549 3968 3643 4008 au-

2057 4059 2163 4106 tem
2190 4059 2566 4119 vetusquoque
2596 4049 2679 4104 lex
2717 4050 2942 4105 interfici
2967 4049 3154 4118 jubet,
3187 4058 3241 4105 et
3262 4049 3512 4118 jugulari.
3539 4047 3644 4104 Sed

2059 4160 2178 4214 qua:
2205 4143 2499 4198 consolatio
2549 4143 2600 4196 in
2645 4142 2874 4214 propriis
2901 4142 3105 4197 malis?
3149 4141 3301 4209 Quod
3330 4153 3519 4196 omnes
3547 4156 3646 4195 ceu

2057 4249 2124 4290 ex
2147 4233 2395 4290 condicto
2414 4233 2467 4288 in
2491 4233 2741 4304 nequitia:
2770 4232 3078 4287 barathrum
3099 4228 3370 4298 decidant,
3403 4230 3542 4302 quod
3560 4230 3639 4299 ip-

2057 4342 2175 4382 sum
2221 4325 2357 4396 ejus,
2397 4325 2486 4396 qui
2527 4340 2671 4380 nunc
2706 4324 2934 4392 obtinet,
2962 4325 3136 4380 morbi
3165 4331 3536 4394 argumentum
3567 4331 3651 4375 est

2061 4419 2386 4484 maximum;
2412 4433 2533 4472 cum
2557 4418 2761 4472 scilicet
2784 4416 2834 4471 id
2862 4417 2912 4470 ln
2941 4417 3096 4471 malis
3125 4415 3370 4471 solatium
3400 4412 3551 4468 nobis
3572 4412 3652 4464 af-

2062 4511 2186 4578 fert,
2215 4510 2359 4581 quod
2399 4509 2620 4578 majoris
2643 4508 2846 4563 doloris
2875 4507 3094 4561 materia
3124 4520 3246 4562 esse
3271 4505 3511 4560 deberet.
3548 4500 3652 4558 Ne-

2062 4619 2166 4674 que
2195 4603 2335 4657 enim
2367 4599 2651 4655 multitudo
2673 4599 2725 4653 in
2753 4597 3028 4668 peccando
3056 4597 3323 4652 sociorum
3354 4609 3452 4648 nos
3485 4608 3516 4646 a
3543 4593 3651 4647 cri—

2063 4694 2296 4750 minibus
2324 4703 2379 4748 et
2416 4692 2694 4763 suppliciis
2727 4690 2904 4759 eripit.
2935 4687 3089 4757 Quod
3120 4687 3301 4758 siquis
3326 4701 3390 4741 ex
3420 4686 3505 4749 iis,
3531 4697 3654 4755 qua:

2063 4802 2220 4856 supra
2264 4785 2530 4851 diximus,
2556 4785 2608 4838 in
2648 4781 3073 4852 desperationem
3111 4780 3345 4843 incidat,
3387 4778 3656 4848 paulisper

2066 4885 2361 4947 exspectet,
2394 4885 2450 4930 et
2497 4884 2624 4930 tunc
2663 4873 2833 4943 magis
2865 4871 3190 4941 desperahit,
3225 4885 3347 4925 cum
3379 4868 3460 4922 his
3487 4866 3658 4922 multo

2065 4969 2307 5039 graviora
2332 4965 2648 5032 dixerimus,
2677 4964 2855 5035 qualia
2881 4972 3007 5018 sunt
3043 4962 3275 5033 perjuria
3301 4979 3315 5016 :
3355 4974 3476 5014 nam
3505 4958 3551 5012 si
3573 4958 3657 5025 ju-

2069 5078 2188 5116 rare
2217 5060 2540 5116 diabolicum
2571 5066 2672 5123 est,
2699 5060 3003 5126 juramenta
3029 5055 3345 5112 conculcare
3381 5049 3519 5121 quod
3559 5061 3658 5101 no-

2068 5155 2150 5210 bis
2169 5153 2358 5210 aﬂ'eret
2371 5152 2688 5223 supplicium
2713 5150 2736 5204 ?
2757 5149 2812 5206 Si
2837 5151 3039 5205 fatuum
3065 5147 3333 5218 appellare
3358 5141 3657 5212 gehennam

2069 5247 2308 5310 attrahit,
2337 5245 2604 5302 sexcentis
2628 5244 2884 5300 conviciis
2908 5243 3265 5299 dehonestare
3289 5236 3531 5298 fratrem,
3554 5232 3651 5303 qui

2071 5354 2214 5408 smpe
2243 5338 2371 5393 nihil
2395 5353 2494 5393 nos
2510 5337 2662 5403 laesit,
2684 5337 2825 5408 quod
2853 5351 2958 5390 non
2984 5333 3211 5388 adducet
3230 5325 3583 5398 supplicium?
3603 5325 3656 5380 Si

2073 5433 2384 5503 injuriarum
2417 5422 2725 5487 meminisse
2755 5439 2959 5484 tantum
2985 5424 3258 5496 punitione
3279 5421 3499 5490 dignum
3539 5425 3656 5482 est,

2073 5527 2231 5580 etiam
2258 5526 2439 5581 ulcisci
2467 5533 2694 5597 quantos
2714 5521 2980 5578 cruciatus
3004 5512 3493 5589 promcretur‘lSed
3521 5527 3660 5568 non-

2141 5682 2154 5712 '
2191 5689 2320 5738 Haec,
2345 5678 2580 5729 nutritum
2605 5689 2793 5727 νει-οη..
2819 5678 3006 5738 certum
3034 5676 3122 5733 est,
3157 5673 3336 5738 desunt
3358 5672 3406 5738 in
3431 5669 3548 5738 Etllt.
3574 5675 3665 5717 Ilo-

2074 5742 2199 5852 rell;
2225 5730 2377 5793 sed'in
2398 5739 2534 5791 savil.
2562 5741 2679 5790 etin
2698 5745 2806 5791 Mss.
2831 5735 3090 5799 habentur,
3110 5730 3167 5788 et
3189 5736 3251 5786 ab
3274 5732 3518 5783 Ambrosio
3535 5730 3666 5784 lecta

2077 5816 2167 5852 sua
2192 5836 2207 5852 .
