2742 4342
255 270 320 309 351

257 351 344 386 dum
357 347 405 386 de
423 346 482 387 his
497 345 693 394 agendum,
711 342 789 380 hate
807 342 904 380 enim
929 352 998 380 suo
1023 342 1105 380 loco
1124 340 1344 380 reservanda

257 415 359 449 sunt.
379 408 428 447 llt
446 407 543 445 enim
565 405 638 443 alia
654 404 837 450 omittam,
860 404 930 442 hoc
946 405 1064 453 ipsum
1082 403 1180 453 quod
1206 414 1274 442 nos
1298 403 1346 442 ad

261 473 339 509 haec
370 468 563 508 scribenda
595 467 753 516 impulit,
773 478 897 505 nonne
922 467 978 505 vel
1007 467 1126 505 solum
1145 467 1278 505 sufﬁcit
1297 466 1345 505 ad

260 531 453 580 praesentis
468 529 587 568 morbi
615 537 755 579 pestem
785 529 1041 567 indicandam?
1066 529 1104 568 Si
1133 530 1231 568 enim
1262 539 1330 578 pro

261 594 422 642 priorum
440 602 552 630 sensu
569 600 802 640 peccatorum
837 603 910 630 non
939 591 1048 636 affici,
1077 593 1142 631 sed
1171 593 1252 632 sine
1271 593 1347 631 ullo

259 655 386 692 dolore
400 654 542 693 scelera
561 660 785 702 perpetrare,
805 662 990 693 extremus
1009 655 1156 692 malitiae
1171 656 1349 693 terminus

260 725 332 762 est,
351 717 412 755 ubi
431 717 580 756 tandem
599 728 714 756 novos
735 719 824 756 istos
840 718 1081 766 legislatores,
1102 719 1262 756 recentis
1277 718 1348 756 hu-

260 779 322 827 jus
349 779 694 828 absurdissimteque
726 780 816 829 legis
845 786 1014 818 auctores
1041 785 1256 825 statuemus,
1285 780 1348 829 qui

266 841 392 890 majori
404 853 487 880 cum
507 842 639 880 ﬁducia
659 843 802 880 virtutis
816 843 1024 891 magistros,
1038 853 1147 890 quam
1164 842 1226 879 alii
1244 842 1349 879 mali-

751 263 791 302 S.
810 263 1001 302 JOANNIS
1025 261 1350 302 CIIRYSOSTOMI
1378 261 1596 300 ARClllEP.
1623 260 1990 307 CONSTANTINQP.
2396 271 2456 308 τιδέ

1421 339 1481 377 tiae
1495 338 1689 388 repellunt,
1702 349 1840 388 eeSque
1851 339 1965 376 multo
1979 339 2097 378 acrius
2109 350 2307 390 oppugnant
2321 345 2374 392 qui
2389 357 2464 392 per.

1419 409 1500 442 cata
1511 403 1707 442 emendare
1718 403 1860 447 volunt,
1874 412 1982 451 quam
1993 413 2056 440 eos
2071 404 2130 452 qui
2143 405 2207 452 ipsi
2224 411 2451 452 peecaveruut‘l

1420 466 1494 505 imo
1507 467 1626 515 potius
1639 476 1718 512 eos,
1734 475 1802 504 nec
1812 465 1993 503 illibenter
2007 465 2136 511 ferunt,
2149 477 2212 504 nec
2225 468 2456 516 criminantur;

1421 531 1490 568 hos
1507 537 1628 568 autem
1646 530 1707 566 vix
1738 529 1835 566 ferre
1854 533 2020 576 possunt,
2040 527 2293 576 quodammodo
2309 537 2340 568 et
2357 532 2462 569 verbis

1419 600 1458 632 et
1467 593 1638 642 Operibus
1653 592 1866 637 clamantes,
1879 591 2045 640 nequitia:
2055 590 2232 629 mordicus
2244 591 2461 632 inhaerendum

1421 665 1519 700 esse,
1539 661 1648 702 atque
1660 653 1706 691 ad
1723 654 1896 691 virtutem
1914 662 2108 700 numquam
2125 651 2358 697 redeundum;
2373 653 2414 690 ita
2431 660 2463 693 ut

1421 727 1494 755 non
1513 716 1624 754 modo
1651 725 1729 758 eos,
1760 715 1821 763 qui
1851 714 1919 762 ipsi
1947 724 2096 762 operam
2112 713 2209 760 dant,
2235 724 2350 751 verum
2373 714 2465 751 etiam

1422 791 1510 826 eos,
1545 780 1606 829 qui
1642 790 1768 818 vocem
1803 789 1869 828 pro
1901 779 1963 816 illa
1997 778 2162 817 emittere
2179 777 2341 834 audent,
2359 779 2466 817 ulcisci

1420 849 1602 891 oporteat.

271 919 2052 941 __—.______________‘_____._

704 970 865 1045 ΑΒ
913 969 1360 1045 INFIDEL

1431 969 1551 1045 7M
1591 969 2074 1052 ΡΑΤΒΕΜ,

1094 1108 1284 1173 πιθα
1317 1104 1678 1174 secuubus‘.

1265 1224 1514 1264 66W!)

326 1293 363 1332 Ι.
384 1292 480 1332 Satis
497 1281 644 1342 quidem
675 1294 755 1332 haec
784 1300 916 1340 erant,
938 1301 978 1332 ut
1006 1300 1134 1344 stupor
1160 1300 1198 1332 et
1227 1294 1359 1331 horror

269 1355 508 1393 incuteretur.
527 1355 632 1402 Quod
649 1356 679 1394 si
697 1357 779 1404 quis
796 1357 892 1395 circa
909 1367 973 1394 eos
1001 1357 1250 1405 propheticum
1271 1356 1358 1394 illud

268 1417 653 1466 pro!erat:0bstupuit
687 1419 810 1456 calum
846 1430 950 1466 super
985 1419 1050 1456 hoc
1069 1447 1080 1464 ,
1111 1425 1142 1456 et
1177 1419 1356 1456 exhorruit
1388 1441 1393 1445 ι

270 1487 364 1517 terra
396 1481 630 1525 vehementer;
654 1481 814 1529 itemque
843 1481 1010 1529 :Stupor
1044 1488 1146 1529 atque
1185 1481 1357 1517 horrenda

270 1543 366 1592 facta
397 1549 478 1581 sunt
511 1544 548 1581 in
577 1550 668 1582 terra
703 1543 857 1594 (larem.
873 1545 911 1582 2.
932 1545 992 1582 ﬂ.
1007 1551 1041 1582 et
1057 1545 1094 1583 5.
1111 1543 1172 1593 '50)
1190 1572 1200 1588 ,
1220 1554 1356 1592 oppor-

271 1611 359 1643 tune
387 1604 597 1654 hujusmodi
628 1607 750 1644 omnia
778 1607 890 1645 dicat.
911 1606 1016 1653 Quod
1033 1613 1155 1645 autem
1177 1607 1232 1645 his
1250 1607 1358 1655 longe
1386 1602 1397 1624 ⁵

271 1668 416 1714 gravius
449 1673 615 1714 est,nou
649 1670 760 1708 modo
793 1671 902 1709 alieni
933 1671 1095 1720 quidam,
1117 1677 1155 1710 et
1179 1671 1280 1709 nullo
1314 1671 1360 1708 iis

271 1729 404 1777 quibus
419 1731 624 1768 consulitur
655 1733 936 1780 propinquitatis
965 1733 1046 1781 jure
1079 1734 1287 1781 conjuncti,
1309 1733 1358 1770 ita

273 1790 506 1838 indignantur
544 1798 583 1828 et
625 1803 722 1840 aegre
767 1793 916 1839 ferunt;
949 1805 1074 1832 verum
1103 1796 1172 1843 ipsi
1201 1806 1361 1832 consan-

273 1853 394 1900 guinei
431 1858 470 1890 et
526 1860 698 1901 parentes
743 1864 854 1903 super
898 1856 954 1892 his
989 1856 1097 1894 irasci
1138 1856 1357 1894 didicerunt.

272 1915 434 1955 Tametsi
465 1926 540 1954 non
568 1917 695 1964 ignem
723 1919 929 1966 complures
957 1929 1066 1966 esse,
1087 1920 1148 1968 qui
1183 1926 1304 1967 patres
1324 1919 1360 1958 id

274 1989 384 2026 agere
413 1991 486 2017 non
515 1980 711 2019 admodum
741 1988 890 2030 stupent
921 1994 934 2020 :
965 1983 1133 2020 suffocari
1163 1991 1284 2022 autem
1320 1994 1361 2022 se

275 2041 400 2078 dicunt
415 2070 428 2087 ,
447 2052 490 2080 ac
509 2042 695 2081 iracundia
726 2044 869 2082 incendi
888 2073 898 2089 ,
919 2056 1003 2083 eum
1022 2045 1169 2084 videant
1187 2057 1250 2084 eos
1266 2075 1277 2093 ,
1298 2047 1360 2095 qui

276 2114 395 2152 neque
415 2111 536 2152 patres
554 2114 652 2152 sunt,
671 2117 790 2155 neque
807 2109 927 2152 amici,
949 2119 1066 2157 neque
1085 2110 1359 2158 consanguinei,

277 2175 394 2213 neque
413 2167 483 2204 alia
513 2178 559 2205 ex
580 2175 681 2215 parte
710 2171 932 2214 necessarii,
954 2171 1028 2208 imo
1046 2181 1144 2219 saepe
1176 2172 1287 2219 ignoti
1317 2172 1362 2210 iis

276 2227 338 2274 qui
359 2227 605 2276 phil050phari
625 2231 830 2276 instituunt,
854 2231 922 2269 hoc
942 2233 1061 2279 ipsum
1083 2234 1170 2281 pati,
1192 2244 1236 2271 ac
1263 2234 1359 2282 plus,

277 2299 386 2335 quam
419 2289 486 2337 ipsi
519 2296 640 2338 patres
670 2291 794 2330 dolere
811 2321 820 2338 ,
843 2303 1052 2342 Oppugnare
1067 2323 1078 2337 .
1098 2301 1136 2332 et
1156 2296 1192 2332 in
1223 2297 1360 2334 crimen

277 2359 411 2388 vocare
439 2361 504 2388 eos
519 2379 533 2396 ν
550 2353 611 2400 qui
633 2353 742 2401 hujus
758 2356 934 2402 propositi
951 2361 1120 2395 auctores
1138 2358 1228 2405 ipsis
1247 2359 1360 2396 fuere.

279 2411 364 2449 Mihi
395 2423 482 2451 vero
509 2415 606 2462 quod
626 2417 834 2464 oppositum
865 2424 921 2456 est
941 2418 1073 2456 mirum
1093 2430 1175 2457 esse
1204 2421 1360 2459 videtur.

280 2473 351 2512 Eos
367 2476 537 2525 enim-qni
554 2478 653 2515 nullo
665 2477 722 2516 vel
742 2478 864 2518 tutela:
875 2480 931 2518 vel
950 2482 1120 2519 amicitire
1134 2482 1217 2531 jure
1237 2489 1364 2521 tenen-

279 2547 351 2585 tur,
373 2539 500 2578 alienis
531 2541 565 2578 in
587 2541 692 2580 bonis
711 2543 808 2591 angi,
832 2554 907 2581 non
925 2544 1058 2582 mirum
1077 2546 1244 2584 videatur
1262 2557 1360 2593 esse,

278 2609 403 2650 utpote
435 2605 564 2652 partim
599 2605 732 2644 invidia
760 2613 977 2655 correptos,
1010 2609 1140 2656 partim
1171 2620 1261 2648 vero
1289 2621 1364 2658 prae

279 2665 415 2703 malitia
454 2677 520 2704 sua
559 2668 713 2707 aliorum
753 2670 952 2717 perniciem
991 2670 1201 2709 felicitatem
1229 2673 1244 2694 ³
1282 2682 1365 2710 esse

280 2739 383 2768 suam
415 2731 660 2779 arbitrantes;
682 2734 815 2772 misere
844 2734 880 2772 id
898 2735 1045 2782 quidem
1075 2741 1113 2773 et
1142 2734 1361 2781 infeliciter,

280 2795 498 2834 arbitrantes
527 2803 646 2835 tamen
670 2809 679 2835 :
701 2797 799 2846 quod
828 2803 951 2836 autem
969 2799 1020 2844 ii,
1041 2799 1101 2847 qui
1131 2805 1334 2847 genuerunt
1349 2826 1361 2845 ,

281 2859 341 2905 qui
359 2859 621 2907 educaverunt,
638 2861 699 2909 qui
717 2862 941 2910 quotidianis
955 2863 1050 2900 votis
1069 2868 1242 2910 exoptant
1259 2868 1365 2900 natos

280 2929 367 2958 suos
395 2931 435 2959 se
464 2922 552 2970 ipsis
583 2923 836 2970 prmclariorcs
855 2923 979 2962 videre
995 2952 1005 2968 ,
1027 2925 1087 2972 qui
1117 2935 1159 2962 ea
1179 2924 1226 2962 de
1255 2934 1365 2962 causa

281 2991 410 3022 cuncta
429 2984 565 3023 faciunt
579 2992 615 3024 et
633 2987 836 3033 patiuntur;
851 2997 915 3024 eos
931 2997 998 3024 ceu
1015 2985 1171 3034 quadam
1189 2987 1367 3024 ebrietate

281 3053 470 3094 correptos
480 3055 630 3095 repente
648 3049 781 3086 mutari
792 3055 828 3086 et
843 3049 926 3096 angi
937 3049 982 3086 de
994 3049 1232 3097 philosophia:
1243 3049 1365 3088 studio

282 3118 302 3142 a
322 3108 405 3146 ﬁliis
424 3117 621 3158 suscepto;
641 3110 731 3148 illud
749 3117 805 3149 est
822 3111 918 3160 quod
937 3121 1004 3159 ego
1026 3112 1186 3149 maxime
1202 3112 1364 3149 omnium

283 3167 444 3207 admiror
458 3199 468 3215 ,
489 3172 576 3209 illud
603 3183 670 3220 ego
687 3180 941 3222 argumentum
958 3183 1040 3212 esse
1059 3181 1146 3222 puto
1163 3174 1335 3212 idoneum
1352 3201 1364 3219 ,

283 3230 381 3277 quod
409 3234 530 3272 omnia
562 3241 732 3282 corrupta
761 3237 974 3284 perditaque
1006 3237 1092 3274 sint.
1125 3237 1202 3274 Hoc
1231 3237 1370 3284 elapsis

285 3293 478 3341 contigisse
499 3297 721 3342 temporibus
740 3309 848 3336 nemo
875 3299 1033 3344 dixerit,
1057 3310 1104 3338 ne
1123 3306 1197 3337 tum
1219 3299 1366 3347 quidem

285 3367 368 3394 cum
402 3357 520 3404 palam
552 3358 800 3397 dominaretur
835 3372 952 3399 error.
985 3363 1039 3400 Ac
1071 3363 1186 3400 semel
1219 3362 1364 3410 quidem

286 3419 417 3457 accidit
437 3419 471 3456 in
498 3420 644 3458 civitate
661 3421 787 3459 Graeca
804 3451 814 3467 ,
835 3425 898 3460 sed
916 3435 1024 3472 quam
1051 3426 1193 3475 tyranni
1211 3437 1368 3474 occupa-

286 3483 372 3520 bant
393 3493 402 3518 :
425 3493 542 3530 neque
559 3488 680 3520 tamen
695 3489 782 3521 tunc
799 3492 989 3532 parentum
1009 3489 1138 3536 aliquis
1153 3517 1163 3534 ,
1185 3495 1224 3526 ut
1241 3499 1338 3526 nunc
1353 3515 1365 3535 ,

285 3545 350 3583 sed
381 3546 441 3594 qui
474 3556 595 3584 arcem
629 3554 920 3594 occupaverant;
944 3561 1012 3587 nec
1041 3561 1170 3590 omnes
1189 3552 1336 3602 quidem
1353 3579 1365 3597 ,

287 3617 412 3645 verum
432 3609 494 3656 qui
527 3607 656 3646 horum
688 3615 768 3646 erat
797 3609 1100 3656 ﬁagitiosissimus
1115 3641 1126 3658 ,
1148 3607 1366 3652 accersitum

287 3668 474 3707 Socratem
504 3670 651 3718 iubebat
670 3681 690 3708 a
713 3670 951 3718 philosophia:
979 3672 1143 3711 doctrina
1173 3675 1363 3713 absistere.

288 3733 336 3768 At
352 3731 414 3770 ille
427 3732 573 3780 quidem
587 3759 601 3779 ,
622 3740 797 3782 tyrannus
811 3761 822 3778 ,
843 3733 1000 3772 iulidelis
1014 3739 1052 3772 et
1075 3745 1194 3772 stevus
1209 3764 1220 3782 ,
1239 3738 1301 3784 qui
1320 3737 1366 3774 ad

332 3865 345 3886 ‘
368 3866 497 3912 Librum
513 3869 600 3904 hunc
611 3879 785 3912 vocamus,
800 3870 993 3910 secumdum,
1011 3880 1054 3906 ex
1072 3873 1268 3906 auctoritate
1283 3873 1364 3906 duo-

472 3915 510 3958 lit
524 3920 605 3945 sane
621 3913 674 3958 hic
687 3911 780 3948 liber
788 3913 844 3949 vel
860 3923 902 3948 ex
914 3914 1012 3948 modo
1025 3914 1175 3949 ordiendi
1189 3915 1230 3948 ad
1246 3923 1367 3958 prece-

289 3945 401 3996 “P‘é!
412 3952 536 3996 ιετιεειξι
545 3945 692 3996 rapiat-

334 3988 349 4010 ³
373 3993 438 4023 Vox
450 4012 462 4033 ,
475 3988 660 4034 felicitatem
673 4021 682 4039 ,
701 3997 800 4034 deest
815 3999 849 4033 in
859 3998 987 4033 duobus
1002 4003 1074 4034 Mss.

1428 1293 1661 1332 evertendam
1670 1293 1930 1342 rempublicam
1939 1299 2067 1333 cuncta
2075 1293 2291 1337 moliebatur,
2301 1292 2476 1341 alienisque

1430 1357 1467 1394 in
1500 1356 1606 1394 malis
1642 1357 1890 1405 gloriabatur,
1927 1367 2061 1405 gnarus
2093 1357 2180 1394 nihil
2211 1356 2352 1405 perinde
2381 1361 2476 1403 atque

1431 1420 1540 1458 talem
1567 1420 1768 1468 jussionem
1789 1421 1968 1468 optimum
2003 1420 2207 1468 reipublicae
2232 1425 2355 1456 statum
2385 1429 2477 1467 posse

1429 1489 1639 1531 pervertere
1655 1512 1664 1529 ,
1686 1483 1764 1522 haec
1783 1493 1894 1522 ausus
1911 1490 1980 1522 est.
2001 1484 2048 1521 At
2075 1483 2112 1520 hi
2130 1482 2252 1521 ﬁdeles
2265 1511 2276 1528 ,
2293 1489 2328 1520 et
2350 1482 2381 1519 in
2397 1481 2477 1519 bene

1429 1545 1604 1584 institutis
1634 1547 1842 1586 civitatibus
1861 1546 2035 1595 degentes
2051 1575 2061 1592 ,
2083 1546 2276 1594 liberisque
2305 1545 2374 1583 suis
2401 1554 2478 1582 con-

1428 1610 1566 1647 sultum
1595 1610 1784 1658 cupientes
1801 1639 1811 1656 ,
1845 1610 1923 1648 haec
1952 1606 2079 1648 eadem
2111 1609 2207 1658 loqui
2235 1609 2384 1655 audent,
2410 1618 2480 1656 quze

1429 1676 1604 1720 tyrannus
1637 1672 1699 1710 ille
1718 1671 1815 1710 circa
1849 1672 2014 1710 subditos
2046 1682 2156 1718 suos,
2178 1681 2244 1709 nec
2273 1671 2477 1708 erubescunt.

1429 1732 1550 1779 Quare
1562 1733 1598 1771 hi
1611 1735 1672 1782 qui
1691 1734 1744 1772 sic
1764 1735 2012 1782 indignantur,
2024 1734 2140 1782 magis
2149 1743 2252 1782 quam
2273 1733 2332 1778 illi,
2343 1731 2479 1769 admira-

1431 1794 1531 1832 tione
1557 1795 1656 1844 digni
1675 1801 1773 1833 sunt.
1803 1796 1943 1835 idcirco
1961 1804 1998 1834 et
2014 1807 2081 1845 ego
2100 1797 2178 1834 illos
2197 1795 2320 1833 missos
2339 1795 2479 1838 faciens,

1431 1855 1498 1894 hos
1515 1856 1577 1904 qni
1600 1857 1635 1894 in
1654 1857 1780 1904 primis
1799 1868 1923 1896 curam
1943 1858 2099 1896 ﬁliorum
2117 1863 2268 1906 gerunt,
2287 1857 2354 1894 imo
2377 1855 2481 1903 potius

1431 1927 1559 1965 gerere
1591 1918 1818 1966 debuerant,
1856 1930 1929 1958 non
1966 1928 2087 1959 autem
2122 1926 2270 1968 gerunt,
2309 1918 2424 1956 leniter
2451 1923 2481 1953 et

1431 1991 1572 2019 summa
1583 1993 1664 2020 cum
1678 1983 1928 2021 moderatione
1942 1984 2104 2032 alloquar
2117 1995 2126 2020 :
2139 1983 2184 2020 ab
2197 1983 2263 2019 illis
2277 1981 2483 2028 impetratum

1428 2043 1581 2091 Cupiens
1599 2073 1609 2089 ,
1632 2051 1672 2082 ut
1703 2056 1776 2083 non
1805 2047 1958 2084 moleste
1989 2046 2132 2090 ferant,
2156 2055 2220 2083 nec
2252 2043 2481 2091 indignentur,

1431 2107 1462 2143 si
1492 2108 1572 2154 quis
1600 2118 1640 2145 se
1670 2119 1712 2146 ea
1742 2119 1824 2158 qua:
1853 2110 2014 2157 ipsorum
2045 2108 2128 2146 ﬁliis
2159 2105 2345 2156 expediunt
2372 2103 2484 2141 melius

1431 2180 1541 2208 nosse
1569 2170 1692 2218 dicat,
1713 2183 1824 2220 quam
1857 2173 1965 2210 iidem
1999 2172 2080 2220 ipsi.
2101 2171 2222 2219 Neque
2252 2169 2342 2208 enim
2368 2165 2484 2204 sufﬁcit

1432 2232 1548 2270 ﬁlium
1567 2244 1793 2280 procreasse,
1816 2242 1854 2272 ut
1871 2235 1987 2283 possit
2004 2240 2089 2272 nato
2111 2243 2238 2282 parens
2254 2234 2482 2278 congruentem

1432 2295 1696 2333 institutionem
1715 2296 1822 2342 dare;
1835 2297 1899 2334 sed
1919 2296 2121 2344 procreatio
2139 2295 2285 2332 multum
2305 2291 2430 2330 confert
2445 2288 2483 2325 ad

1433 2358 1546 2406 prolis
1575 2369 1738 2396 amorem
1753 2387 1764 2405 ,
1785 2359 1831 2396 ad
1863 2359 1942 2407 ejus
1961 2369 2048 2396 vero
2068 2359 2231 2396 idoneam
2260 2353 2484 2394 educationem

1433 2427 1470 2459 et
1498 2421 1724 2469 disciplinam
1758 2432 1875 2470 neque
1907 2421 2112 2470 procreatio
2143 2429 2258 2468 neque
2288 2426 2382 2454 amor
2411 2413 2486 2450 satis

1433 2491 1532 2522 sunt.
1553 2484 1644 2522 Nam
1665 2486 1694 2522 si
1711 2484 1781 2523 hoc
1801 2491 1910 2530 esset,
1927 2485 2046 2522 nullus
2063 2483 2245 2521 hominum
2262 2485 2359 2529 patre
2376 2475 2486 2514 melius

1434 2556 1543 2584 nosse
1561 2553 1683 2595 posset
1693 2547 1864 2595 quidnam
1875 2553 1973 2584 esset
1985 2546 2060 2584 ﬁlio
2077 2545 2211 2590 utilius,
2223 2537 2486 2592 quandoquidem

1434 2620 1543 2647 nemo
1571 2616 1627 2647 est
1645 2611 1706 2658 qui
1738 2609 1854 2657 possit
1883 2609 1946 2646 illo
1978 2609 2092 2657 magis
2122 2607 2231 2644 ﬁlium
2251 2613 2380 2641 amare.
2399 2598 2487 2637 Nunc

1434 2682 1522 2710 vero
1547 2679 1670 2720 patres
1689 2682 1730 2709 se
1749 2670 1837 2708 illud
1866 2671 2034 2719 ignorare
2052 2670 2163 2717 gestis
2178 2668 2251 2706 suis
2267 2664 2486 2704 confitentur:

1434 2746 1516 2774 cum
1539 2735 1583 2773 ad
1604 2735 1797 2783 magistros
1823 2733 1961 2771 ducunt
1976 2761 1986 2779 ,
2005 2744 2089 2772 cum
2119 2729 2316 2780 paedagogis
2335 2724 2486 2765 tradunt,

1435 2810 1517 2838 cum
1537 2800 1748 2837 innumeros
1767 2798 1994 2836 consiliarios
2022 2796 2220 2840 adhibent,
2242 2800 2279 2830 ut
2307 2790 2414 2828 sciant
2439 2783 2489 2822 ευὶ

1435 2863 1520 2899 vitae
1538 2861 1702 2899 iuSIituto
1723 2859 1816 2897 ﬁlius
1837 2859 2034 2898 tradendus
2053 2859 2113 2897 sit.
2132 2857 2254 2905 Neque
2273 2853 2396 2891 mirum
2415 2847 2489 2885 illud

1434 2931 1492 2962 est
1507 2951 1517 2969 ,
1539 2923 1604 2962 sed
1628 2923 1724 2971 quod
1742 2933 1825 2960 cum
1842 2922 1888 2962 de
1908 2922 1992 2960 ﬁliis
2009 2920 2216 2959 consultant
2230 2946 2239 2961 ,
2258 2917 2401 2954 aliorum
2417 2919 2488 2948 sen-

1435 2987 1614 3032 tentiam,
1654 2996 1720 3024 sua
1758 2996 1856 3034 saepe
1896 2985 2108 3034 repudiata,
2148 2971 2491 3042 amplectantunnNc

1436 3051 1558 3098 itaque
1590 3050 1746 3088 moleste
1766 3058 1834 3086 nos
1867 3047 2011 3094 ferant,
2032 3048 2063 3084 si
2095 3045 2255 3084 dicamus
2287 3049 2350 3078 nos
2380 3035 2490 3074 melius

1436 3124 1545 3151 nosse
1561 3113 1648 3162 quid
1677 3113 1748 3151 illis
1776 3113 1995 3156 conveniat;
2015 3110 2079 3148 sed
2098 3109 2166 3147 nisi
2199 3107 2232 3144 id
2259 3111 2353 3143 certa
2371 3099 2492 3139 ratione

1437 3175 1725 3224 probaverimus,
1738 3181 1824 3212 tunc
1837 3180 2022 3220 accusent,
2039 3179 2124 3210 tunc
2137 3169 2276 3220 probris
2290 3166 2449 3214 impctanl
2460 3164 2492 3196 ιιι

1437 3244 1710 3286 arrogantes,ac
1724 3243 1973 3285 corruptores,
1990 3236 2170 3283 totiusque
2184 3237 2318 3269 natura:
2332 3224 2492 3265 inimicos.

1484 3300 1523 3336 2.
1551 3300 1716 3346 Quonam
1734 3309 1822 3347 ergo
1839 3299 1949 3336 modo
1966 3297 2055 3336 illud
2081 3294 2307 3335 manifestum
2330 3289 2419 3332 erit,
2442 3290 2493 3320 nul

1437 3374 1507 3412 qua
1521 3364 1662 3401 ratione
1679 3363 1850 3407 sciemus,
1873 3362 2042 3409 quisnam
2062 3360 2110 3397 sit
2125 3359 2184 3406 qui
2203 3354 2297 3405 quod
2317 3353 2489 3390 eonsentm

1438 3437 1545 3464 neum
1562 3432 1619 3463 est
1635 3425 1767 3470 videat,
1783 3431 1822 3462 et
1837 3425 2003 3473 quisnam
2019 3423 2054 3460 id
2067 3422 2210 3471 quidem
2230 3419 2321 3456 scire
2334 3414 2491 3473 videatur.

1438 3489 1644 3527 nullatenus
1665 3499 1752 3526 vero
1771 3470 1884 3526 sciat?
1903 3487 1941 3525 Si
1957 3487 2051 3524 dicta
2071 3470 2164 3529 mea,
2177 3492 2242 3520 ceu
2260 3476 2420 3528 quasdam
2433 3470 2490 3508 0|!-

1434 3552 1626 3600 jectiones,
1638 3551 1684 3589 ad
1696 3561 1849 3589 examen
1859 3549 2082 3589 descendere
2094 3557 2137 3584 ac
2149 3542 2314 3593 congredi
2325 3541 2492 3586 cogentes.

1438 3615 1658 3662 incorruptis
1681 3615 1866 3663 judicibus
1891 3614 1969 3651 lure
1994 3608 2225 3659 disquirenda
2253 3603 2493 3663 permittamus:

1438 3678 1513 3716 Lex
1543 3654 1666 3727 itaque
1681 3654 1904 3716 'certaininis
1923 3686 1990 3713 nos
2013 3675 2188 3711 adversus
2209 3667 2440 3707 Christianum
2457 3654 2496 3693 ad

1438 3752 1596 3790 pugnam
1615 3742 1717 3779 exire
1733 3742 1860 3789 jubet,
1879 3746 1988 3788 atque
2007 3747 2090 3774 cum
2107 3735 2168 3772 illo
2187 3736 2321 3793 tantum
2338 3728 2495 3793 βυεξξξτῗξ

1440 3780 1605 3851 nihilque
1621 3780 1781 3852 amplius
1799 3780 1952 3850 requirit
1973 3811 1994 3838 a
2013 3798 2131 3837 nobis.
2153 3793 2243 3840 Quid
2262 3783 2444 3852 enim,

1439 3867 1481 3904 iis
1509 3845 1612 3904 etiam
1641 3845 1700 3915 qui
1716 3867 1801 3913 [oris
1825 3845 1904 3902 sunt
1919 3863 2076 3911 judicare
2095 3860 2155 3907 (θ-
2176 3856 2255 3895 Co"
2288 3853 2323 3889 5‘
2417 3845 2433 3881 ⁷
2451 3845 2498 3916 in

1440 3930 1570 3968 beatus
1604 3909 1755 3980 Paulus.
1785 3909 1926 3965 Verum
1956 3925 2039 3972 quin
2073 3923 2278 3970 ριεωηιίιυθ
2311 3909 2496 3980 om???

1445 3993 1581 4034 multos
1607 3977 1733 4031 eorum
1754 3992 1814 4040 qui
1851 3989 1896 4026 ad
1926 3966 2055 4026 cat-lum
2086 3980 2359 4032 perlrahunlm‘.
2380 3966 2495 4009 inﬁdc'
