  <div class='ocr_page' id='page_1' title='image "/cluster/home/n/w/nwhite01/storage/ocr_20150623/47/hvd.32044073501884/294.png"; bbox 0 0 2742 4342; ppageno 0'>
   <div class='ocr_carea' id='block_1_1' title="bbox 203 301 276 339">
    <p class='ocr_par' dir='ltr' id='par_1_1' title="bbox 203 301 276 339">
     <span class='ocr_line' id='line_1_1' title="bbox 203 301 276 339; baseline 0 0"><span class='ocrx_word' id='word_1_1' title='bbox 203 301 276 339; x_wconf 67' lang='grc' dir='ltr'><strong>ῶδ</strong></span> 
     </span>
    </p>
   </div>
   <div class='ocr_carea' id='block_1_2' title="bbox 202 366 1276 422">
    <p class='ocr_par' dir='ltr' id='par_1_2' title="bbox 202 366 1276 422">
     <span class='ocr_line' id='line_1_2' title="bbox 202 366 1276 422; baseline -0.009 -8"><span class='ocrx_word' id='word_1_2' title='bbox 202 377 296 414; x_wconf 84' lang='lat' dir='ltr'><strong>libus</strong></span> <span class='ocrx_word' id='word_1_3' title='bbox 322 373 480 422; x_wconf 76' lang='lat' dir='ltr'><strong>patribus</strong></span> <span class='ocrx_word' id='word_1_4' title='bbox 498 375 601 408; x_wconf 88' lang='lat' dir='ltr'><strong>natos</strong></span> <span class='ocrx_word' id='word_1_5' title='bbox 619 379 700 407; x_wconf 84' lang='lat' dir='ltr'><strong>esse</strong></span> <span class='ocrx_word' id='word_1_6' title='bbox 713 397 722 412; x_wconf 88' lang='lat'><strong>,</strong></span> <span class='ocrx_word' id='word_1_7' title='bbox 742 368 885 406; x_wconf 89' lang='lat' dir='ltr'><strong>etiamsi</strong></span> <span class='ocrx_word' id='word_1_8' title='bbox 906 368 964 404; x_wconf 79' lang='lat' dir='ltr'><strong>lex</strong></span> <span class='ocrx_word' id='word_1_9' title='bbox 983 366 1192 404; x_wconf 77' lang='lat' dir='ltr'><strong>certaminis</strong></span> <span class='ocrx_word' id='word_1_10' title='bbox 1208 376 1276 404; x_wconf 87' lang='lat' dir='ltr'><strong>nos</strong></span> 
     </span>
    </p>
   </div>
   <div class='ocr_carea' id='block_1_3' title="bbox 202 429 1277 484">
    <p class='ocr_par' dir='ltr' id='par_1_3' title="bbox 202 429 1277 484">
     <span class='ocr_line' id='line_1_3' title="bbox 202 429 1277 484; baseline -0.008 -11"><span class='ocrx_word' id='word_1_11' title='bbox 202 447 224 474; x_wconf 87' lang='lat' dir='ltr'><strong>a</strong></span> <span class='ocrx_word' id='word_1_12' title='bbox 239 445 357 484; x_wconf 83' lang='lat' dir='ltr'><strong>pugna</strong></span> <span class='ocrx_word' id='word_1_13' title='bbox 379 444 461 472; x_wconf 87' lang='lat' dir='ltr'><strong>cum</strong></span> <span class='ocrx_word' id='word_1_14' title='bbox 482 432 537 469; x_wconf 87' lang='lat' dir='ltr'><strong>bis</strong></span> <span class='ocrx_word' id='word_1_15' title='bbox 550 430 708 470; x_wconf 88' lang='lat' dir='ltr'><strong>ineunda</strong></span> <span class='ocrx_word' id='word_1_16' title='bbox 729 430 862 468; x_wconf 89' lang='lat' dir='ltr'><strong>liberos</strong></span> <span class='ocrx_word' id='word_1_17' title='bbox 881 429 993 473; x_wconf 93' lang='lat' dir='ltr'><strong>sinat,</strong></span> <span class='ocrx_word' id='word_1_18' title='bbox 1013 433 1142 476; x_wconf 91' lang='lat' dir='ltr'><strong>sponte</strong></span> <span class='ocrx_word' id='word_1_19' title='bbox 1158 433 1277 464; x_wconf 82' lang='lat' dir='ltr'><strong>tamet.</strong></span> 
     </span>
    </p>
   </div>
   <div class='ocr_carea' id='block_1_4' title="bbox 201 489 1278 547">
    <p class='ocr_par' dir='ltr' id='par_1_4' title="bbox 201 489 1278 547">
     <span class='ocr_line' id='line_1_4' title="bbox 201 489 1278 547; baseline -0.009 -11"><span class='ocrx_word' id='word_1_20' title='bbox 201 499 269 547; x_wconf 74' lang='lat' dir='ltr'><strong>ipsi</strong></span> <span class='ocrx_word' id='word_1_21' title='bbox 287 504 324 536; x_wconf 91' lang='lat' dir='ltr'><strong>et</strong></span> <span class='ocrx_word' id='word_1_22' title='bbox 340 497 508 534; x_wconf 90' lang='lat' dir='ltr'><strong>alacriter</strong></span> <span class='ocrx_word' id='word_1_23' title='bbox 528 495 617 532; x_wconf 90' lang='lat' dir='ltr'><strong>istos</strong></span> <span class='ocrx_word' id='word_1_24' title='bbox 644 493 778 542; x_wconf 87' lang='lat' dir='ltr'><strong>primos</strong></span> <span class='ocrx_word' id='word_1_25' title='bbox 794 491 1036 540; x_wconf 79' lang='lat' dir='ltr'><strong>aggredimur.</strong></span> <span class='ocrx_word' id='word_1_26' title='bbox 1058 491 1174 537; x_wconf 86' lang='lat' dir='ltr'><strong>Atque</strong></span> <span class='ocrx_word' id='word_1_27' title='bbox 1205 489 1278 527; x_wconf 58' lang='lat' dir='ltr'><strong>utia</strong></span> 
     </span>
    </p>
   </div>
   <div class='ocr_carea' id='block_1_5' title="bbox 200 557 1278 602">
    <p class='ocr_par' dir='ltr' id='par_1_5' title="bbox 200 557 1278 602">
     <span class='ocr_line' id='line_1_5' title="bbox 200 557 1278 602; baseline -0.007 -4"><span class='ocrx_word' id='word_1_28' title='bbox 200 571 283 598; x_wconf 89' lang='lat' dir='ltr'><strong>nam</strong></span> <span class='ocrx_word' id='word_1_29' title='bbox 297 560 470 597; x_wconf 87' lang='lat' dir='ltr'><strong>adversus</strong></span> <span class='ocrx_word' id='word_1_30' title='bbox 485 559 550 595; x_wconf 85' lang='lat' dir='ltr'><strong>hos</strong></span> <span class='ocrx_word' id='word_1_31' title='bbox 562 564 698 594; x_wconf 86' lang='lat' dir='ltr'><strong>tantum</strong></span> <span class='ocrx_word' id='word_1_32' title='bbox 713 557 818 593; x_wconf 87' lang='lat' dir='ltr'><strong>nobis</strong></span> <span class='ocrx_word' id='word_1_33' title='bbox 829 563 1013 593; x_wconf 83' lang='lat' dir='ltr'><strong>certamen</strong></span> <span class='ocrx_word' id='word_1_34' title='bbox 1025 560 1136 598; x_wconf 89' lang='lat' dir='ltr'><strong>esset,</strong></span> <span class='ocrx_word' id='word_1_35' title='bbox 1151 565 1278 602; x_wconf 88' lang='lat' dir='ltr'><strong>quam-</strong></span> 
     </span>
    </p>
   </div>
   <div class='ocr_carea' id='block_1_6' title="bbox 200 616 1275 669">
    <p class='ocr_par' dir='ltr' id='par_1_6' title="bbox 200 616 1275 669">
     <span class='ocr_line' id='line_1_6' title="bbox 200 616 1275 669; baseline -0.006 -11"><span class='ocrx_word' id='word_1_36' title='bbox 200 632 304 669; x_wconf 90' lang='lat' dir='ltr'><strong>quam</strong></span> <span class='ocrx_word' id='word_1_37' title='bbox 325 621 393 658; x_wconf 90' lang='lat' dir='ltr'><strong>hoc</strong></span> <span class='ocrx_word' id='word_1_38' title='bbox 412 620 593 657; x_wconf 89' lang='lat' dir='ltr'><strong>difﬁcilius</strong></span> <span class='ocrx_word' id='word_1_39' title='bbox 621 619 692 664; x_wconf 86' lang='lat' dir='ltr'><strong>sit,</strong></span> <span class='ocrx_word' id='word_1_40' title='bbox 714 619 954 665; x_wconf 88' lang='lat' dir='ltr'><strong>plurimasque</strong></span> <span class='ocrx_word' id='word_1_41' title='bbox 980 626 1090 654; x_wconf 83' lang='lat' dir='ltr'><strong>ansas</strong></span> <span class='ocrx_word' id='word_1_42' title='bbox 1122 616 1275 654; x_wconf 88' lang='lat' dir='ltr'><strong>habeat:</strong></span> 
     </span>
    </p>
   </div>
   <div class='ocr_carea' id='block_1_7' title="bbox 198 677 1272 727">
    <p class='ocr_par' dir='ltr' id='par_1_7' title="bbox 198 677 1272 727">
     <span class='ocr_line' id='line_1_7' title="bbox 198 677 1272 727; baseline -0.008 -6"><span class='ocrx_word' id='word_1_43' title='bbox 198 683 368 721; x_wconf 64' lang='lat' dir='ltr'><strong>Animalia</strong></span> <span class='ocrx_word' id='word_1_44' title='bbox 387 683 482 720; x_wconf 87' lang='lat' dir='ltr'><strong>enim</strong></span> <span class='ocrx_word' id='word_1_45' title='bbox 503 682 602 718; x_wconf 80' lang='lat' dir='ltr'><strong>homo</strong></span> <span class='ocrx_word' id='word_1_46' title='bbox 622 692 689 717; x_wconf 85' lang='lat' dir='ltr'><strong>non</strong></span> <span class='ocrx_word' id='word_1_47' title='bbox 705 679 846 727; x_wconf 80' lang='lat' dir='ltr'><strong>percipit</strong></span> <span class='ocrx_word' id='word_1_48' title='bbox 860 691 900 716; x_wconf 87' lang='lat' dir='ltr'><strong>ea</strong></span> <span class='ocrx_word' id='word_1_49' title='bbox 918 689 994 726; x_wconf 80' lang='lat' dir='ltr'><strong>qua:</strong></span> <span class='ocrx_word' id='word_1_50' title='bbox 1009 684 1085 714; x_wconf 81' lang='lat' dir='ltr'><strong>sunt</strong></span> <span class='ocrx_word' id='word_1_51' title='bbox 1102 677 1272 724; x_wconf 77' lang='lat' dir='ltr'><strong>Spiritus;</strong></span> 
     </span>
    </p>
   </div>
   <div class='ocr_carea' id='block_1_8' title="bbox 197 741 1277 792">
    <p class='ocr_par' dir='ltr' id='par_1_8' title="bbox 197 741 1277 792">
     <span class='ocr_line' id='line_1_8' title="bbox 197 741 1277 792; baseline -0.004 -11"><span class='ocrx_word' id='word_1_52' title='bbox 197 745 339 783; x_wconf 74' lang='lat' dir='ltr'><strong>stultitia</strong></span> <span class='ocrx_word' id='word_1_53' title='bbox 367 745 492 792; x_wconf 81' lang='lat' dir='ltr'><strong>quippe</strong></span> <span class='ocrx_word' id='word_1_54' title='bbox 511 750 558 780; x_wconf 81' lang='lat' dir='ltr'><strong>est</strong></span> <span class='ocrx_word' id='word_1_55' title='bbox 577 743 630 779; x_wconf 91' lang='lat' dir='ltr'><strong>illi</strong></span> <span class='ocrx_word' id='word_1_56' title='bbox 647 742 707 791; x_wconf 86' lang='lat' dir='ltr'><strong>(-i.</strong></span> <span class='ocrx_word' id='word_1_57' title='bbox 727 741 805 779; x_wconf 88' lang='lat' dir='ltr'><strong>Cor.</strong></span> <span class='ocrx_word' id='word_1_58' title='bbox 827 741 861 778; x_wconf 88' lang='grc'><strong>1.</strong></span> <span class='ocrx_word' id='word_1_59' title='bbox 880 742 923 780; x_wconf 71' lang='grc' dir='ltr'><strong>ιι</strong></span> <span class='ocrx_word' id='word_1_60' title='bbox 938 741 950 788; x_wconf 96' lang='grc'>)</span> <span class='ocrx_word' id='word_1_61' title='bbox 966 753 974 778; x_wconf 92' lang='lat'>:</span> <span class='ocrx_word' id='word_1_62' title='bbox 1004 741 1171 788; x_wconf 84' lang='lat' dir='ltr'><strong>idemque</strong></span> <span class='ocrx_word' id='word_1_63' title='bbox 1191 751 1277 780; x_wconf 87' lang='lat' dir='ltr'><strong>con-</strong></span> 
     </span>
    </p>
   </div>
   <div class='ocr_carea' id='block_1_9' title="bbox 199 803 1277 854">
    <p class='ocr_par' dir='ltr' id='par_1_9' title="bbox 199 803 1277 854">
     <span class='ocr_line' id='line_1_9' title="bbox 199 803 1277 854; baseline -0.005 -10"><span class='ocrx_word' id='word_1_64' title='bbox 199 808 302 854; x_wconf 83' lang='lat' dir='ltr'><strong>tingit</strong></span> <span class='ocrx_word' id='word_1_65' title='bbox 319 817 360 843; x_wconf 87' lang='lat' dir='ltr'><strong>ac</strong></span> <span class='ocrx_word' id='word_1_66' title='bbox 380 807 410 844; x_wconf 90' lang='lat' dir='ltr'><strong>si</strong></span> <span class='ocrx_word' id='word_1_67' title='bbox 431 807 511 854; x_wconf 88' lang='lat' dir='ltr'><strong>quis</strong></span> <span class='ocrx_word' id='word_1_68' title='bbox 531 807 638 842; x_wconf 93' lang='lat' dir='ltr'><strong>vellet</strong></span> <span class='ocrx_word' id='word_1_69' title='bbox 658 805 702 841; x_wconf 91' lang='lat' dir='ltr'><strong>ad</strong></span> <span class='ocrx_word' id='word_1_70' title='bbox 723 814 883 841; x_wconf 90' lang='lat' dir='ltr'><strong>amorem</strong></span> <span class='ocrx_word' id='word_1_71' title='bbox 915 804 1017 852; x_wconf 80' lang='lat' dir='ltr'><strong>regni</strong></span> <span class='ocrx_word' id='word_1_72' title='bbox 1035 803 1198 851; x_wconf 85' lang='lat' dir='ltr'><strong>aliquem</strong></span> <span class='ocrx_word' id='word_1_73' title='bbox 1219 803 1277 840; x_wconf 84' lang='lat' dir='ltr'><strong>in-</strong></span> 
     </span>
    </p>
   </div>
   <div class='ocr_carea' id='block_1_10' title="bbox 198 866 1274 916">
    <p class='ocr_par' dir='ltr' id='par_1_10' title="bbox 198 866 1274 916">
     <span class='ocr_line' id='line_1_10' title="bbox 198 866 1274 916; baseline -0.005 -10"><span class='ocrx_word' id='word_1_74' title='bbox 198 869 354 912; x_wconf 88' lang='lat' dir='ltr'><strong>ducere,</strong></span> <span class='ocrx_word' id='word_1_75' title='bbox 388 869 446 916; x_wconf 93' lang='lat' dir='ltr'><strong>qui</strong></span> <span class='ocrx_word' id='word_1_76' title='bbox 468 867 626 906; x_wconf 91' lang='lat' dir='ltr'><strong>nondum</strong></span> <span class='ocrx_word' id='word_1_77' title='bbox 656 867 821 904; x_wconf 83' lang='lat' dir='ltr'><strong>crederet</strong></span> <span class='ocrx_word' id='word_1_78' title='bbox 844 877 920 904; x_wconf 91' lang='lat' dir='ltr'><strong>rem</strong></span> <span class='ocrx_word' id='word_1_79' title='bbox 942 866 1056 913; x_wconf 84' lang='lat' dir='ltr'><strong>ipsam</strong></span> <span class='ocrx_word' id='word_1_80' title='bbox 1085 866 1274 903; x_wconf 77' lang='lat' dir='ltr'><strong>exsistere.</strong></span> 
     </span>
    </p>
   </div>
   <div class='ocr_carea' id='block_1_11' title="bbox 196 928 1278 977">
    <p class='ocr_par' dir='ltr' id='par_1_11' title="bbox 196 928 1278 977">
     <span class='ocr_line' id='line_1_11' title="bbox 196 928 1278 977; baseline -0.005 -8"><span class='ocrx_word' id='word_1_81' title='bbox 196 932 365 970; x_wconf 81' lang='lat' dir='ltr'><strong>Attamen</strong></span> <span class='ocrx_word' id='word_1_82' title='bbox 384 932 493 969; x_wconf 89' lang='lat' dir='ltr'><strong>rebus</strong></span> <span class='ocrx_word' id='word_1_83' title='bbox 511 931 642 967; x_wconf 89' lang='lat' dir='ltr'><strong>nostris</strong></span> <span class='ocrx_word' id='word_1_84' title='bbox 666 930 720 968; x_wconf 90' lang='lat' dir='ltr'><strong>sic</strong></span> <span class='ocrx_word' id='word_1_85' title='bbox 745 930 780 966; x_wconf 92' lang='lat' dir='ltr'><strong>in</strong></span> <span class='ocrx_word' id='word_1_86' title='bbox 801 936 990 977; x_wconf 90' lang='lat' dir='ltr'><strong>angustum</strong></span> <span class='ocrx_word' id='word_1_87' title='bbox 1013 929 1191 973; x_wconf 88' lang='lat' dir='ltr'><strong>redactis,</strong></span> <span class='ocrx_word' id='word_1_88' title='bbox 1213 928 1278 965; x_wconf 87' lang='lat' dir='ltr'><strong>ad-</strong></span> 
     </span>
    </p>
   </div>
   <div class='ocr_carea' id='block_1_12' title="bbox 196 991 1276 1039">
    <p class='ocr_par' dir='ltr' id='par_1_12' title="bbox 196 991 1276 1039">
     <span class='ocr_line' id='line_1_12' title="bbox 196 991 1276 1039; baseline -0.004 -7"><span class='ocrx_word' id='word_1_89' title='bbox 196 1005 321 1032; x_wconf 87' lang='lat' dir='ltr'><strong>versus</strong></span> <span class='ocrx_word' id='word_1_90' title='bbox 339 995 423 1030; x_wconf 89' lang='lat' dir='ltr'><strong>istos</strong></span> <span class='ocrx_word' id='word_1_91' title='bbox 439 1001 575 1030; x_wconf 89' lang='lat' dir='ltr'><strong>tantum</strong></span> <span class='ocrx_word' id='word_1_92' title='bbox 591 998 772 1030; x_wconf 81' lang='lat' dir='ltr'><strong>certamen</strong></span> <span class='ocrx_word' id='word_1_93' title='bbox 788 992 874 1028; x_wconf 86' lang='lat' dir='ltr'><strong>mihi</strong></span> <span class='ocrx_word' id='word_1_94' title='bbox 891 1002 970 1028; x_wconf 89' lang='lat' dir='ltr'><strong>esse</strong></span> <span class='ocrx_word' id='word_1_95' title='bbox 987 1001 1172 1039; x_wconf 87' lang='lat' dir='ltr'><strong>cuperem.</strong></span> <span class='ocrx_word' id='word_1_96' title='bbox 1188 991 1276 1028; x_wconf 82' lang='lat' dir='ltr'><strong>Nam</strong></span> 
     </span>
    </p>
   </div>
   <div class='ocr_carea' id='block_1_13' title="bbox 195 1054 1274 1104">
    <p class='ocr_par' dir='ltr' id='par_1_13' title="bbox 195 1054 1274 1104">
     <span class='ocr_line' id='line_1_13' title="bbox 195 1054 1274 1104; baseline -0.003 -11"><span class='ocrx_word' id='word_1_97' title='bbox 195 1057 368 1094; x_wconf 86' lang='lat' dir='ltr'><strong>adversus</strong></span> <span class='ocrx_word' id='word_1_98' title='bbox 383 1056 524 1093; x_wconf 90' lang='lat' dir='ltr'><strong>ﬁdelem</strong></span> <span class='ocrx_word' id='word_1_99' title='bbox 539 1061 748 1103; x_wconf 83' lang='lat' dir='ltr'><strong>argumenta</strong></span> <span class='ocrx_word' id='word_1_100' title='bbox 765 1059 960 1104; x_wconf 87' lang='lat' dir='ltr'><strong>suppetunt</strong></span> <span class='ocrx_word' id='word_1_101' title='bbox 984 1065 1090 1102; x_wconf 87' lang='lat' dir='ltr'><strong>quam</strong></span> <span class='ocrx_word' id='word_1_102' title='bbox 1106 1054 1274 1102; x_wconf 87' lang='lat' dir='ltr'><strong>plurima,</strong></span> 
     </span>
    </p>
   </div>
   <div class='ocr_carea' id='block_1_14' title="bbox 195 1117 1277 1165">
    <p class='ocr_par' dir='ltr' id='par_1_14' title="bbox 195 1117 1277 1165">
     <span class='ocr_line' id='line_1_14' title="bbox 195 1117 1277 1165; baseline -0.004 -8"><span class='ocrx_word' id='word_1_103' title='bbox 195 1120 261 1157; x_wconf 88' lang='lat' dir='ltr'><strong>etsi</strong></span> <span class='ocrx_word' id='word_1_104' title='bbox 278 1125 384 1156; x_wconf 81' lang='lat' dir='ltr'><strong>tanta:</strong></span> <span class='ocrx_word' id='word_1_105' title='bbox 398 1119 510 1165; x_wconf 66' lang='lat' dir='ltr'><strong>copiae</strong></span> <span class='ocrx_word' id='word_1_106' title='bbox 526 1119 746 1165; x_wconf 87' lang='lat' dir='ltr'><strong>voluptatem</strong></span> <span class='ocrx_word' id='word_1_107' title='bbox 768 1118 936 1155; x_wconf 88' lang='lat' dir='ltr'><strong>obscuret</strong></span> <span class='ocrx_word' id='word_1_108' title='bbox 959 1117 1185 1154; x_wconf 75' lang='lat' dir='ltr'><strong>verecundia:</strong></span> <span class='ocrx_word' id='word_1_109' title='bbox 1201 1128 1277 1153; x_wconf 89' lang='lat' dir='ltr'><strong>ma-</strong></span> 
     </span>
    </p>
   </div>
   <div class='ocr_carea' id='block_1_15' title="bbox 193 1179 1277 1230">
    <p class='ocr_par' dir='ltr' id='par_1_15' title="bbox 193 1179 1277 1230">
     <span class='ocr_line' id='line_1_15' title="bbox 193 1179 1277 1230; baseline -0.001 -13"><span class='ocrx_word' id='word_1_110' title='bbox 193 1182 356 1230; x_wconf 85' lang='lat' dir='ltr'><strong>gnitudo.</strong></span> <span class='ocrx_word' id='word_1_111' title='bbox 379 1181 490 1218; x_wconf 89' lang='lat' dir='ltr'><strong>Pudet</strong></span> <span class='ocrx_word' id='word_1_112' title='bbox 519 1182 614 1218; x_wconf 89' lang='lat' dir='ltr'><strong>enim</strong></span> <span class='ocrx_word' id='word_1_113' title='bbox 636 1191 694 1218; x_wconf 90' lang='lat' dir='ltr'><strong>me</strong></span> <span class='ocrx_word' id='word_1_114' title='bbox 713 1180 808 1228; x_wconf 91' lang='lat' dir='ltr'><strong>quod</strong></span> <span class='ocrx_word' id='word_1_115' title='bbox 829 1180 1002 1217; x_wconf 87' lang='lat' dir='ltr'><strong>adversus</strong></span> <span class='ocrx_word' id='word_1_116' title='bbox 1024 1179 1117 1216; x_wconf 91' lang='lat' dir='ltr'><strong>hunc</strong></span> <span class='ocrx_word' id='word_1_117' title='bbox 1135 1189 1200 1227; x_wconf 91' lang='lat' dir='ltr'><strong>pro</strong></span> <span class='ocrx_word' id='word_1_118' title='bbox 1221 1179 1277 1216; x_wconf 87' lang='lat' dir='ltr'><strong>his</strong></span> 
     </span>
    </p>
   </div>
   <div class='ocr_carea' id='block_1_16' title="bbox 196 1242 1275 1292">
    <p class='ocr_par' dir='ltr' id='par_1_16' title="bbox 196 1242 1275 1292">
     <span class='ocr_line' id='line_1_16' title="bbox 196 1242 1275 1292; baseline -0.002 -12"><span class='ocrx_word' id='word_1_119' title='bbox 196 1257 350 1292; x_wconf 77' lang='lat' dir='ltr'><strong>pugnam</strong></span> <span class='ocrx_word' id='word_1_120' title='bbox 370 1246 599 1282; x_wconf 89' lang='lat' dir='ltr'><strong>committere</strong></span> <span class='ocrx_word' id='word_1_121' title='bbox 616 1255 737 1291; x_wconf 83' lang='lat' dir='ltr'><strong>cogar,</strong></span> <span class='ocrx_word' id='word_1_122' title='bbox 771 1253 972 1290; x_wconf 73' lang='lat' dir='ltr'><strong>vereorque</strong></span> <span class='ocrx_word' id='word_1_123' title='bbox 991 1253 1038 1280; x_wconf 91' lang='lat' dir='ltr'><strong>ne</strong></span> <span class='ocrx_word' id='word_1_124' title='bbox 1063 1242 1132 1280; x_wconf 87' lang='lat' dir='ltr'><strong>hoc</strong></span> <span class='ocrx_word' id='word_1_125' title='bbox 1158 1243 1275 1279; x_wconf 91' lang='lat' dir='ltr'><strong>solum</strong></span> 
     </span>
    </p>
   </div>
   <div class='ocr_carea' id='block_1_17' title="bbox 194 1304 1275 1355">
    <p class='ocr_par' dir='ltr' id='par_1_17' title="bbox 194 1304 1275 1355">
     <span class='ocr_line' id='line_1_17' title="bbox 194 1304 1275 1355; baseline -0.002 -11"><span class='ocrx_word' id='word_1_126' title='bbox 194 1309 335 1345; x_wconf 76' lang='lat' dir='ltr'><strong>crimen</strong></span> <span class='ocrx_word' id='word_1_127' title='bbox 351 1309 495 1355; x_wconf 76' lang='lat' dir='ltr'><strong>gentilis</strong></span> <span class='ocrx_word' id='word_1_128' title='bbox 521 1308 603 1354; x_wconf 87' lang='lat' dir='ltr'><strong>jure</strong></span> <span class='ocrx_word' id='word_1_129' title='bbox 623 1306 711 1343; x_wconf 90' lang='lat' dir='ltr'><strong>mihi</strong></span> <span class='ocrx_word' id='word_1_130' title='bbox 731 1306 844 1353; x_wconf 87' lang='lat' dir='ltr'><strong>possit</strong></span> <span class='ocrx_word' id='word_1_131' title='bbox 860 1305 1042 1352; x_wconf 87' lang='lat' dir='ltr'><strong>objicere:</strong></span> <span class='ocrx_word' id='word_1_132' title='bbox 1063 1315 1146 1342; x_wconf 89' lang='lat' dir='ltr'><strong>nam</strong></span> <span class='ocrx_word' id='word_1_133' title='bbox 1164 1304 1198 1340; x_wconf 91' lang='lat' dir='ltr'><strong>in</strong></span> <span class='ocrx_word' id='word_1_134' title='bbox 1217 1315 1275 1342; x_wconf 86' lang='lat' dir='ltr'><strong>re-</strong></span> 
     </span>
    </p>
   </div>
   <div class='ocr_carea' id='block_1_18' title="bbox 195 1367 1276 1417">
    <p class='ocr_par' dir='ltr' id='par_1_18' title="bbox 195 1367 1276 1417">
     <span class='ocr_line' id='line_1_18' title="bbox 195 1367 1276 1417; baseline -0.002 -11"><span class='ocrx_word' id='word_1_135' title='bbox 195 1370 301 1417; x_wconf 78' lang='lat' dir='ltr'><strong>liquis</strong></span> <span class='ocrx_word' id='word_1_136' title='bbox 315 1370 413 1406; x_wconf 87' lang='lat' dir='ltr'><strong>illum</strong></span> <span class='ocrx_word' id='word_1_137' title='bbox 432 1380 500 1417; x_wconf 89' lang='lat' dir='ltr'><strong>ope</strong></span> <span class='ocrx_word' id='word_1_138' title='bbox 517 1369 646 1406; x_wconf 75' lang='lat' dir='ltr'><strong>divina:</strong></span> <span class='ocrx_word' id='word_1_139' title='bbox 664 1369 788 1416; x_wconf 80' lang='lat' dir='ltr'><strong>gratia:</strong></span> <span class='ocrx_word' id='word_1_140' title='bbox 807 1367 912 1407; x_wconf 79' lang='lat' dir='ltr'><strong>facile</strong></span> <span class='ocrx_word' id='word_1_141' title='bbox 938 1369 1122 1413; x_wconf 87' lang='lat' dir='ltr'><strong>capiemus</strong></span> <span class='ocrx_word' id='word_1_142' title='bbox 1139 1379 1147 1402; x_wconf 90' lang='lat'>:</span> <span class='ocrx_word' id='word_1_143' title='bbox 1168 1373 1276 1413; x_wconf 89' lang='lat' dir='ltr'><strong>atque</strong></span> 
     </span>
    </p>
   </div>
   <div class='ocr_carea' id='block_1_19' title="bbox 194 1428 1275 1478">
    <p class='ocr_par' dir='ltr' id='par_1_19' title="bbox 194 1428 1275 1478">
     <span class='ocr_line' id='line_1_19' title="bbox 194 1428 1275 1478; baseline -0.004 -11"><span class='ocrx_word' id='word_1_144' title='bbox 194 1431 222 1468; x_wconf 88' lang='lat' dir='ltr'><strong>si</strong></span> <span class='ocrx_word' id='word_1_145' title='bbox 239 1431 390 1468; x_wconf 85' lang='lat' dir='ltr'><strong>voluerit</strong></span> <span class='ocrx_word' id='word_1_146' title='bbox 407 1439 509 1478; x_wconf 86' lang='lat' dir='ltr'><strong>grato</strong></span> <span class='ocrx_word' id='word_1_147' title='bbox 522 1431 642 1468; x_wconf 89' lang='lat' dir='ltr'><strong>animo</strong></span> <span class='ocrx_word' id='word_1_148' title='bbox 659 1429 866 1478; x_wconf 88' lang='lat' dir='ltr'><strong>procedere,</strong></span> <span class='ocrx_word' id='word_1_149' title='bbox 883 1429 954 1466; x_wconf 89' lang='lat' dir='ltr'><strong>cito</strong></span> <span class='ocrx_word' id='word_1_150' title='bbox 969 1428 1069 1465; x_wconf 91' lang='lat' dir='ltr'><strong>illum</strong></span> <span class='ocrx_word' id='word_1_151' title='bbox 1082 1439 1154 1465; x_wconf 89' lang='lat' dir='ltr'><strong>non</strong></span> <span class='ocrx_word' id='word_1_152' title='bbox 1168 1428 1275 1464; x_wconf 90' lang='lat' dir='ltr'><strong>modo</strong></span> 
     </span>
    </p>
   </div>
   <div class='ocr_carea' id='block_1_20' title="bbox 193 1485 1276 1538">
    <p class='ocr_par' dir='ltr' id='par_1_20' title="bbox 193 1485 1276 1538">
     <span class='ocr_line' id='line_1_20' title="bbox 193 1485 1276 1538; baseline 0 -12"><span class='ocrx_word' id='word_1_153' title='bbox 193 1492 239 1528; x_wconf 86' lang='lat' dir='ltr'><strong>ad</strong></span> <span class='ocrx_word' id='word_1_154' title='bbox 263 1503 424 1528; x_wconf 86' lang='lat' dir='ltr'><strong>amorem</strong></span> <span class='ocrx_word' id='word_1_155' title='bbox 450 1491 556 1538; x_wconf 88' lang='lat' dir='ltr'><strong>hujus</strong></span> <span class='ocrx_word' id='word_1_156' title='bbox 572 1491 654 1528; x_wconf 78' lang='lat' dir='ltr'><strong>vita:</strong></span> <span class='ocrx_word' id='word_1_157' title='bbox 685 1485 934 1535; x_wconf 82' lang='lat' dir='ltr'><strong>traducemus,</strong></span> <span class='ocrx_word' id='word_1_158' title='bbox 955 1500 1079 1527; x_wconf 89' lang='lat' dir='ltr'><strong>verum</strong></span> <span class='ocrx_word' id='word_1_159' title='bbox 1101 1490 1145 1526; x_wconf 88' lang='lat' dir='ltr'><strong>ad</strong></span> <span class='ocrx_word' id='word_1_160' title='bbox 1164 1489 1276 1536; x_wconf 79' lang='lat' dir='ltr'><strong>ipsius</strong></span> 
     </span>
    </p>
   </div>
   <div class='ocr_carea' id='block_1_21' title="bbox 196 1552 1274 1600">
    <p class='ocr_par' dir='ltr' id='par_1_21' title="bbox 196 1552 1274 1600">
     <span class='ocr_line' id='line_1_21' title="bbox 196 1552 1274 1600; baseline 0 -12"><span class='ocrx_word' id='word_1_161' title='bbox 196 1564 339 1600; x_wconf 84' lang='lat' dir='ltr'><strong>quoque</strong></span> <span class='ocrx_word' id='word_1_162' title='bbox 365 1553 537 1590; x_wconf 81' lang='lat' dir='ltr'><strong>doctrina:</strong></span> <span class='ocrx_word' id='word_1_163' title='bbox 556 1553 797 1595; x_wconf 86' lang='lat' dir='ltr'><strong>desiderium,</strong></span> <span class='ocrx_word' id='word_1_164' title='bbox 827 1563 847 1588; x_wconf 92' lang='lat' dir='ltr'><strong>a</strong></span> <span class='ocrx_word' id='word_1_165' title='bbox 877 1562 949 1599; x_wconf 92' lang='lat' dir='ltr'><strong>quo</strong></span> <span class='ocrx_word' id='word_1_166' title='bbox 967 1552 1036 1588; x_wconf 89' lang='lat' dir='ltr'><strong>vita</strong></span> <span class='ocrx_word' id='word_1_167' title='bbox 1059 1552 1136 1588; x_wconf 66' lang='lat' dir='ltr'><strong>ham</strong></span> <span class='ocrx_word' id='word_1_168' title='bbox 1166 1562 1274 1598; x_wconf 85' lang='lat' dir='ltr'><strong>argu-</strong></span> 
     </span>
    </p>
   </div>
   <div class='ocr_carea' id='block_1_22' title="bbox 197 1615 1274 1653">
    <p class='ocr_par' dir='ltr' id='par_1_22' title="bbox 197 1615 1274 1653">
     <span class='ocr_line' id='line_1_22' title="bbox 197 1615 1274 1653; baseline -0.002 -1"><span class='ocrx_word' id='word_1_169' title='bbox 197 1622 360 1653; x_wconf 87' lang='lat' dir='ltr'><strong>mentum</strong></span> <span class='ocrx_word' id='word_1_170' title='bbox 379 1623 415 1652; x_wconf 90' lang='lat' dir='ltr'><strong>et</strong></span> <span class='ocrx_word' id='word_1_171' title='bbox 435 1616 576 1653; x_wconf 88' lang='lat' dir='ltr'><strong>initium</strong></span> <span class='ocrx_word' id='word_1_172' title='bbox 598 1615 710 1652; x_wconf 88' lang='lat' dir='ltr'><strong>ducit.</strong></span> <span class='ocrx_word' id='word_1_173' title='bbox 731 1615 884 1652; x_wconf 90' lang='lat' dir='ltr'><strong>Tantum</strong></span> <span class='ocrx_word' id='word_1_174' title='bbox 904 1615 1000 1652; x_wconf 90' lang='lat' dir='ltr'><strong>enim</strong></span> <span class='ocrx_word' id='word_1_175' title='bbox 1019 1615 1120 1651; x_wconf 82' lang='lat' dir='ltr'><strong>abest</strong></span> <span class='ocrx_word' id='word_1_176' title='bbox 1137 1620 1175 1651; x_wconf 92' lang='lat' dir='ltr'><strong>ut</strong></span> <span class='ocrx_word' id='word_1_177' title='bbox 1189 1624 1274 1650; x_wconf 73' lang='lat' dir='ltr'><strong>cer-</strong></span> 
     </span>
    </p>
   </div>
   <div class='ocr_carea' id='block_1_23' title="bbox 195 1677 1276 1724">
    <p class='ocr_par' dir='ltr' id='par_1_23' title="bbox 195 1677 1276 1724">
     <span class='ocr_line' id='line_1_23' title="bbox 195 1677 1276 1724; baseline -0.001 -9"><span class='ocrx_word' id='word_1_178' title='bbox 195 1687 316 1716; x_wconf 82' lang='lat' dir='ltr'><strong>tamen</strong></span> <span class='ocrx_word' id='word_1_179' title='bbox 333 1679 508 1716; x_wconf 84' lang='lat' dir='ltr'><strong>adversus</strong></span> <span class='ocrx_word' id='word_1_180' title='bbox 525 1679 625 1715; x_wconf 86' lang='lat' dir='ltr'><strong>illum</strong></span> <span class='ocrx_word' id='word_1_181' title='bbox 645 1677 770 1716; x_wconf 89' lang='lat' dir='ltr'><strong>subire</strong></span> <span class='ocrx_word' id='word_1_182' title='bbox 787 1683 946 1714; x_wconf 84' lang='lat' dir='ltr'><strong>metuam</strong></span> <span class='ocrx_word' id='word_1_183' title='bbox 967 1704 976 1721; x_wconf 90' lang='lat'><strong>,</strong></span> <span class='ocrx_word' id='word_1_184' title='bbox 1006 1682 1045 1713; x_wconf 91' lang='lat' dir='ltr'><strong>ut</strong></span> <span class='ocrx_word' id='word_1_185' title='bbox 1061 1687 1142 1714; x_wconf 91' lang='lat' dir='ltr'><strong>eum</strong></span> <span class='ocrx_word' id='word_1_186' title='bbox 1161 1687 1276 1724; x_wconf 79' lang='lat' dir='ltr'><strong>expu-</strong></span> 
     </span>
    </p>
   </div>
   <div class='ocr_carea' id='block_1_24' title="bbox 191 1739 1274 1787">
    <p class='ocr_par' dir='ltr' id='par_1_24' title="bbox 191 1739 1274 1787">
     <span class='ocr_line' id='line_1_24' title="bbox 191 1739 1274 1787; baseline 0 -11"><span class='ocrx_word' id='word_1_187' title='bbox 191 1746 301 1787; x_wconf 81' lang='lat' dir='ltr'><strong>gnatu</strong></span> <span class='ocrx_word' id='word_1_188' title='bbox 332 1739 574 1777; x_wconf 88' lang='lat' dir='ltr'><strong>difliciliorem</strong></span> <span class='ocrx_word' id='word_1_189' title='bbox 603 1750 683 1776; x_wconf 82' lang='lat' dir='ltr'><strong>mea</strong></span> <span class='ocrx_word' id='word_1_190' title='bbox 712 1740 875 1776; x_wconf 91' lang='lat' dir='ltr'><strong>oratione</strong></span> <span class='ocrx_word' id='word_1_191' title='bbox 908 1739 1161 1784; x_wconf 87' lang='lat' dir='ltr'><strong>constituero,</strong></span> <span class='ocrx_word' id='word_1_192' title='bbox 1199 1745 1274 1776; x_wconf 86' lang='lat' dir='ltr'><strong>tum</strong></span> 
     </span>
    </p>
   </div>
   <div class='ocr_carea' id='block_1_25' title="bbox 190 1801 1270 1850">
    <p class='ocr_par' dir='ltr' id='par_1_25' title="bbox 190 1801 1270 1850">
     <span class='ocr_line' id='line_1_25' title="bbox 190 1801 1270 1850; baseline -0.001 -11"><span class='ocrx_word' id='word_1_193' title='bbox 190 1802 335 1843; x_wconf 82' lang='lat' dir='ltr'><strong>demum</strong></span> <span class='ocrx_word' id='word_1_194' title='bbox 361 1812 518 1850; x_wconf 88' lang='lat' dir='ltr'><strong>pugnam</strong></span> <span class='ocrx_word' id='word_1_195' title='bbox 553 1801 755 1848; x_wconf 87' lang='lat' dir='ltr'><strong>aggrediar.</strong></span> <span class='ocrx_word' id='word_1_196' title='bbox 785 1801 980 1848; x_wconf 88' lang='lat' dir='ltr'><strong>Fingamus</strong></span> <span class='ocrx_word' id='word_1_197' title='bbox 1009 1801 1105 1837; x_wconf 91' lang='lat' dir='ltr'><strong>enim</strong></span> <span class='ocrx_word' id='word_1_198' title='bbox 1134 1806 1270 1847; x_wconf 85' lang='lat' dir='ltr'><strong>patrem</strong></span> 
     </span>
    </p>
   </div>
   <div class='ocr_carea' id='block_1_26' title="bbox 191 1861 1272 1911">
    <p class='ocr_par' dir='ltr' id='par_1_26' title="bbox 191 1861 1272 1911">
     <span class='ocr_line' id='line_1_26' title="bbox 191 1861 1272 1911; baseline -0.003 -10"><span class='ocrx_word' id='word_1_199' title='bbox 191 1864 397 1911; x_wconf 89' lang='lat' dir='ltr'><strong>lmjusmodi</strong></span> <span class='ocrx_word' id='word_1_200' title='bbox 416 1874 487 1900; x_wconf 88' lang='lat' dir='ltr'><strong>non</strong></span> <span class='ocrx_word' id='word_1_201' title='bbox 507 1863 614 1899; x_wconf 93' lang='lat' dir='ltr'><strong>modo</strong></span> <span class='ocrx_word' id='word_1_202' title='bbox 637 1863 810 1910; x_wconf 85' lang='lat' dir='ltr'><strong>gentilem</strong></span> <span class='ocrx_word' id='word_1_203' title='bbox 839 1872 920 1900; x_wconf 91' lang='lat' dir='ltr'><strong>esse</strong></span> <span class='ocrx_word' id='word_1_204' title='bbox 936 1890 945 1905; x_wconf 90' lang='lat'><strong>,</strong></span> <span class='ocrx_word' id='word_1_205' title='bbox 976 1861 1040 1899; x_wconf 88' lang='lat' dir='ltr'><strong>sed</strong></span> <span class='ocrx_word' id='word_1_206' title='bbox 1060 1873 1134 1910; x_wconf 75' lang='lat' dir='ltr'><strong>pra:</strong></span> <span class='ocrx_word' id='word_1_207' title='bbox 1154 1863 1272 1899; x_wconf 89' lang='lat' dir='ltr'><strong>omni-</strong></span> 
     </span>
    </p>
   </div>
   <div class='ocr_carea' id='block_1_27' title="bbox 189 1924 1271 1972">
    <p class='ocr_par' dir='ltr' id='par_1_27' title="bbox 189 1924 1271 1972">
     <span class='ocr_line' id='line_1_27' title="bbox 189 1924 1271 1972; baseline -0.001 -9"><span class='ocrx_word' id='word_1_208' title='bbox 189 1926 256 1970; x_wconf 86' lang='lat' dir='ltr'><strong>bus</strong></span> <span class='ocrx_word' id='word_1_209' title='bbox 274 1926 477 1963; x_wconf 81' lang='lat' dir='ltr'><strong>horninibus</strong></span> <span class='ocrx_word' id='word_1_210' title='bbox 503 1925 666 1970; x_wconf 88' lang='lat' dir='ltr'><strong>divitem,</strong></span> <span class='ocrx_word' id='word_1_211' title='bbox 693 1925 885 1971; x_wconf 86' lang='lat' dir='ltr'><strong>insignem,</strong></span> <span class='ocrx_word' id='word_1_212' title='bbox 912 1925 1072 1972; x_wconf 88' lang='lat' dir='ltr'><strong>potentia</strong></span> <span class='ocrx_word' id='word_1_213' title='bbox 1097 1924 1271 1972; x_wconf 81' lang='lat' dir='ltr'><strong>singulari</strong></span> 
     </span>
    </p>
   </div>
   <div class='ocr_carea' id='block_1_28' title="bbox 191 1986 1269 2035">
    <p class='ocr_par' dir='ltr' id='par_1_28' title="bbox 191 1986 1269 2035">
     <span class='ocr_line' id='line_1_28' title="bbox 191 1986 1269 2035; baseline 0 -11"><span class='ocrx_word' id='word_1_214' title='bbox 191 1989 397 2035; x_wconf 69' lang='lat' dir='ltr'><strong>praeditum:</strong></span> <span class='ocrx_word' id='word_1_215' title='bbox 419 1988 549 2025; x_wconf 89' lang='lat' dir='ltr'><strong>haheat</strong></span> <span class='ocrx_word' id='word_1_216' title='bbox 567 1997 673 2034; x_wconf 80' lang='lat' dir='ltr'><strong>agros</strong></span> <span class='ocrx_word' id='word_1_217' title='bbox 694 1987 882 2034; x_wconf 91' lang='lat' dir='ltr'><strong>plurimos,</strong></span> <span class='ocrx_word' id='word_1_218' title='bbox 903 1986 1002 2023; x_wconf 65' lang='lat' dir='ltr'><strong>aedes</strong></span> <span class='ocrx_word' id='word_1_219' title='bbox 1021 1986 1168 2032; x_wconf 88' lang='lat' dir='ltr'><strong>multas,</strong></span> <span class='ocrx_word' id='word_1_220' title='bbox 1189 1987 1269 2024; x_wconf 85' lang='lat' dir='ltr'><strong>auri</strong></span> 
     </span>
    </p>
   </div>
   <div class='ocr_carea' id='block_1_29' title="bbox 191 2047 1269 2094">
    <p class='ocr_par' dir='ltr' id='par_1_29' title="bbox 191 2047 1269 2094">
     <span class='ocr_line' id='line_1_29' title="bbox 191 2047 1269 2094; baseline -0.001 -9"><span class='ocrx_word' id='word_1_221' title='bbox 191 2050 376 2086; x_wconf 87' lang='lat' dir='ltr'><strong>innumera</strong></span> <span class='ocrx_word' id='word_1_222' title='bbox 399 2049 544 2086; x_wconf 85' lang='lat' dir='ltr'><strong>talenta.</strong></span> <span class='ocrx_word' id='word_1_223' title='bbox 568 2048 624 2086; x_wconf 89' lang='lat' dir='ltr'><strong>Sit</strong></span> <span class='ocrx_word' id='word_1_224' title='bbox 644 2047 793 2094; x_wconf 89' lang='lat' dir='ltr'><strong>insuper</strong></span> <span class='ocrx_word' id='word_1_225' title='bbox 813 2048 910 2094; x_wconf 87' lang='lat' dir='ltr'><strong>regia</strong></span> <span class='ocrx_word' id='word_1_226' title='bbox 938 2047 1050 2094; x_wconf 92' lang='lat' dir='ltr'><strong>patria</strong></span> <span class='ocrx_word' id='word_1_227' title='bbox 1066 2076 1076 2092; x_wconf 91' lang='lat'><strong>,</strong></span> <span class='ocrx_word' id='word_1_228' title='bbox 1099 2048 1269 2084; x_wconf 86' lang='lat' dir='ltr'><strong>illustris-</strong></span> 
     </span>
    </p>
   </div>
   <div class='ocr_carea' id='block_1_30' title="bbox 191 2110 1270 2161">
    <p class='ocr_par' dir='ltr' id='par_1_30' title="bbox 191 2110 1270 2161">
     <span class='ocr_line' id='line_1_30' title="bbox 191 2110 1270 2161; baseline 0 -13"><span class='ocrx_word' id='word_1_229' title='bbox 191 2114 280 2149; x_wconf 86' lang='lat' dir='ltr'><strong>simo</strong></span> <span class='ocrx_word' id='word_1_230' title='bbox 299 2123 446 2161; x_wconf 79' lang='lat' dir='ltr'><strong>genere,</strong></span> <span class='ocrx_word' id='word_1_231' title='bbox 469 2112 560 2148; x_wconf 89' lang='lat' dir='ltr'><strong>ﬁlios</strong></span> <span class='ocrx_word' id='word_1_232' title='bbox 579 2111 668 2148; x_wconf 82' lang='lat' dir='ltr'><strong>alios</strong></span> <span class='ocrx_word' id='word_1_233' title='bbox 696 2121 814 2158; x_wconf 90' lang='lat' dir='ltr'><strong>neque</strong></span> <span class='ocrx_word' id='word_1_234' title='bbox 835 2110 987 2155; x_wconf 88' lang='lat' dir='ltr'><strong>habeat,</strong></span> <span class='ocrx_word' id='word_1_235' title='bbox 1010 2121 1126 2158; x_wconf 90' lang='lat' dir='ltr'><strong>neque</strong></span> <span class='ocrx_word' id='word_1_236' title='bbox 1143 2121 1184 2148; x_wconf 85' lang='lat' dir='ltr'><strong>se</strong></span> <span class='ocrx_word' id='word_1_237' title='bbox 1205 2111 1270 2148; x_wconf 88' lang='lat' dir='ltr'><strong>ha-</strong></span> 
     </span>
    </p>
   </div>
   <div class='ocr_carea' id='block_1_31' title="bbox 190 2172 1262 2222">
    <p class='ocr_par' dir='ltr' id='par_1_31' title="bbox 190 2172 1262 2222">
     <span class='ocr_line' id='line_1_31' title="bbox 190 2172 1262 2222; baseline 0 -10"><span class='ocrx_word' id='word_1_238' title='bbox 190 2175 344 2212; x_wconf 87' lang='lat' dir='ltr'><strong>biturum</strong></span> <span class='ocrx_word' id='word_1_239' title='bbox 363 2180 498 2222; x_wconf 85' lang='lat' dir='ltr'><strong>speret;</strong></span> <span class='ocrx_word' id='word_1_240' title='bbox 521 2173 584 2211; x_wconf 92' lang='lat' dir='ltr'><strong>sed</strong></span> <span class='ocrx_word' id='word_1_241' title='bbox 601 2184 648 2211; x_wconf 85' lang='lat' dir='ltr'><strong>ex</strong></span> <span class='ocrx_word' id='word_1_242' title='bbox 667 2174 735 2210; x_wconf 91' lang='lat' dir='ltr'><strong>hoc</strong></span> <span class='ocrx_word' id='word_1_243' title='bbox 753 2173 832 2210; x_wconf 92' lang='lat' dir='ltr'><strong>solo</strong></span> <span class='ocrx_word' id='word_1_244' title='bbox 851 2173 1018 2220; x_wconf 85' lang='lat' dir='ltr'><strong>pendeat.</strong></span> <span class='ocrx_word' id='word_1_245' title='bbox 1038 2172 1114 2210; x_wconf 91' lang='lat' dir='ltr'><strong>lmo</strong></span> <span class='ocrx_word' id='word_1_246' title='bbox 1132 2179 1167 2209; x_wconf 91' lang='lat' dir='ltr'><strong>et</strong></span> <span class='ocrx_word' id='word_1_247' title='bbox 1183 2173 1262 2219; x_wconf 86' lang='lat' dir='ltr'><strong>ipse</strong></span> 
     </span>
    </p>
   </div>
   <div class='ocr_carea' id='block_1_32' title="bbox 191 2236 1268 2286">
    <p class='ocr_par' dir='ltr' id='par_1_32' title="bbox 191 2236 1268 2286">
     <span class='ocr_line' id='line_1_32' title="bbox 191 2236 1268 2286; baseline -0.004 -10"><span class='ocrx_word' id='word_1_248' title='bbox 191 2240 236 2276; x_wconf 79' lang='lat' dir='ltr'><strong>sit</strong></span> <span class='ocrx_word' id='word_1_249' title='bbox 263 2250 412 2276; x_wconf 67' lang='lat' dir='ltr'><strong>summa:</strong></span> <span class='ocrx_word' id='word_1_250' title='bbox 432 2239 535 2286; x_wconf 88' lang='lat' dir='ltr'><strong>spei,</strong></span> <span class='ocrx_word' id='word_1_251' title='bbox 554 2244 662 2286; x_wconf 88' lang='lat' dir='ltr'><strong>atque</strong></span> <span class='ocrx_word' id='word_1_252' title='bbox 691 2236 739 2274; x_wconf 90' lang='lat' dir='ltr'><strong>ad</strong></span> <span class='ocrx_word' id='word_1_253' title='bbox 767 2236 917 2283; x_wconf 90' lang='lat' dir='ltr'><strong>imperia</strong></span> <span class='ocrx_word' id='word_1_254' title='bbox 939 2241 1079 2273; x_wconf 92' lang='lat' dir='ltr'><strong>mature</strong></span> <span class='ocrx_word' id='word_1_255' title='bbox 1098 2246 1268 2273; x_wconf 85' lang='lat' dir='ltr'><strong>ascensu-</strong></span> 
     </span>
    </p>
   </div>
   <div class='ocr_carea' id='block_1_33' title="bbox 191 2300 1266 2350">
    <p class='ocr_par' dir='ltr' id='par_1_33' title="bbox 191 2300 1266 2350">
     <span class='ocr_line' id='line_1_33' title="bbox 191 2300 1266 2350; baseline -0.003 -12"><span class='ocrx_word' id='word_1_256' title='bbox 191 2313 250 2339; x_wconf 90' lang='lat' dir='ltr'><strong>rus</strong></span> <span class='ocrx_word' id='word_1_257' title='bbox 263 2331 273 2346; x_wconf 94' lang='lat'><strong>,</strong></span> <span class='ocrx_word' id='word_1_258' title='bbox 292 2308 500 2350; x_wconf 87' lang='lat' dir='ltr'><strong>patretnque</strong></span> <span class='ocrx_word' id='word_1_259' title='bbox 528 2300 723 2349; x_wconf 81' lang='lat' dir='ltr'><strong>Splendore</strong></span> <span class='ocrx_word' id='word_1_260' title='bbox 748 2305 988 2347; x_wconf 87' lang='lat' dir='ltr'><strong>superaturos</strong></span> <span class='ocrx_word' id='word_1_261' title='bbox 1007 2305 1240 2346; x_wconf 74' lang='lat' dir='ltr'><strong>eXSpcctetur</strong></span> <span class='ocrx_word' id='word_1_262' title='bbox 1255 2327 1266 2343; x_wconf 88' lang='lat'><strong>,</strong></span> 
     </span>
    </p>
   </div>
   <div class='ocr_carea' id='block_1_34' title="bbox 191 2361 1268 2412">
    <p class='ocr_par' dir='ltr' id='par_1_34' title="bbox 191 2361 1268 2412">
     <span class='ocr_line' id='line_1_34' title="bbox 191 2361 1268 2412; baseline 0 -13"><span class='ocrx_word' id='word_1_263' title='bbox 191 2365 423 2412; x_wconf 77' lang='lat' dir='ltr'><strong>oinxiibusque</strong></span> <span class='ocrx_word' id='word_1_264' title='bbox 448 2365 530 2400; x_wconf 77' lang='lat' dir='ltr'><strong>vita:</strong></span> <span class='ocrx_word' id='word_1_265' title='bbox 559 2363 760 2400; x_wconf 87' lang='lat' dir='ltr'><strong>commodis</strong></span> <span class='ocrx_word' id='word_1_266' title='bbox 790 2363 897 2410; x_wconf 77' lang='lat' dir='ltr'><strong>lorige</strong></span> <span class='ocrx_word' id='word_1_267' title='bbox 930 2361 1144 2398; x_wconf 89' lang='lat' dir='ltr'><strong>anteiturus.</strong></span> <span class='ocrx_word' id='word_1_268' title='bbox 1177 2362 1268 2399; x_wconf 85' lang='lat' dir='ltr'><strong>Tum</strong></span> 
     </span>
    </p>
   </div>
   <div class='ocr_carea' id='block_1_35' title="bbox 190 2423 1270 2473">
    <p class='ocr_par' dir='ltr' id='par_1_35' title="bbox 190 2423 1270 2473">
     <span class='ocr_line' id='line_1_35' title="bbox 190 2423 1270 2473; baseline -0.002 -10"><span class='ocrx_word' id='word_1_269' title='bbox 190 2437 274 2464; x_wconf 88' lang='lat' dir='ltr'><strong>vero</strong></span> <span class='ocrx_word' id='word_1_270' title='bbox 304 2427 340 2464; x_wconf 92' lang='lat' dir='ltr'><strong>in</strong></span> <span class='ocrx_word' id='word_1_271' title='bbox 359 2426 479 2464; x_wconf 87' lang='lat' dir='ltr'><strong>medio</strong></span> <span class='ocrx_word' id='word_1_272' title='bbox 499 2433 608 2463; x_wconf 78' lang='lat' dir='ltr'><strong>tant-.e</strong></span> <span class='ocrx_word' id='word_1_273' title='bbox 627 2425 705 2473; x_wconf 87' lang='lat' dir='ltr'><strong>spei</strong></span> <span class='ocrx_word' id='word_1_274' title='bbox 725 2423 875 2462; x_wconf 87' lang='lat' dir='ltr'><strong>accedat</strong></span> <span class='ocrx_word' id='word_1_275' title='bbox 892 2423 1022 2471; x_wconf 88' lang='lat' dir='ltr'><strong>aliquis</strong></span> <span class='ocrx_word' id='word_1_276' title='bbox 1036 2452 1045 2468; x_wconf 87' lang='lat'><strong>,</strong></span> <span class='ocrx_word' id='word_1_277' title='bbox 1068 2423 1185 2471; x_wconf 88' lang='lat' dir='ltr'><strong>deque</strong></span> <span class='ocrx_word' id='word_1_278' title='bbox 1204 2424 1270 2461; x_wconf 88' lang='lat' dir='ltr'><strong>hac</strong></span> 
     </span>
    </p>
   </div>
   <div class='ocr_carea' id='block_1_36' title="bbox 190 2485 1270 2542">
    <p class='ocr_par' dir='ltr' id='par_1_36' title="bbox 190 2485 1270 2542">
     <span class='ocr_line' id='line_1_36' title="bbox 190 2485 1270 2542; baseline -0.007 -10"><span class='ocrx_word' id='word_1_279' title='bbox 190 2487 411 2542; x_wconf 70' lang='lat' dir='ltr'><strong>philosophia</strong></span> <span class='ocrx_word' id='word_1_280' title='bbox 438 2497 550 2532; x_wconf 80' lang='lat' dir='ltr'><strong>verba</strong></span> <span class='ocrx_word' id='word_1_281' title='bbox 577 2487 738 2536; x_wconf 75' lang='lat' dir='ltr'><strong>faciens,</strong></span> <span class='ocrx_word' id='word_1_282' title='bbox 771 2485 989 2539; x_wconf 71' lang='lat' dir='ltr'><strong>persuadeat</strong></span> <span class='ocrx_word' id='word_1_283' title='bbox 1016 2485 1049 2524; x_wconf 90' lang='lat' dir='ltr'><strong>ei</strong></span> <span class='ocrx_word' id='word_1_284' title='bbox 1078 2491 1118 2523; x_wconf 89' lang='lat' dir='ltr'><strong>ut</strong></span> <span class='ocrx_word' id='word_1_285' title='bbox 1138 2487 1270 2533; x_wconf 75' lang='lat' dir='ltr'><strong>spretis</strong></span> 
     </span>
    </p>
   </div>
   <div class='ocr_carea' id='block_1_37' title="bbox 188 2547 1270 2600">
    <p class='ocr_par' dir='ltr' id='par_1_37' title="bbox 188 2547 1270 2600">
     <span class='ocr_line' id='line_1_37' title="bbox 188 2547 1270 2600; baseline -0.002 -8"><span class='ocrx_word' id='word_1_286' title='bbox 188 2557 354 2593; x_wconf 87' lang='lat' dir='ltr'><strong>onmibus</strong></span> <span class='ocrx_word' id='word_1_287' title='bbox 369 2563 502 2593; x_wconf 86' lang='lat' dir='ltr'><strong>vestem</strong></span> <span class='ocrx_word' id='word_1_288' title='bbox 521 2565 561 2592; x_wconf 88' lang='lat' dir='ltr'><strong>se</strong></span> <span class='ocrx_word' id='word_1_289' title='bbox 578 2555 746 2592; x_wconf 85' lang='lat' dir='ltr'><strong>rusticam</strong></span> <span class='ocrx_word' id='word_1_290' title='bbox 766 2553 904 2600; x_wconf 87' lang='lat' dir='ltr'><strong>induat,</strong></span> <span class='ocrx_word' id='word_1_291' title='bbox 923 2564 964 2590; x_wconf 87' lang='lat' dir='ltr'><strong>ac</strong></span> <span class='ocrx_word' id='word_1_292' title='bbox 976 2552 1098 2591; x_wconf 88' lang='lat' dir='ltr'><strong>relicta</strong></span> <span class='ocrx_word' id='word_1_293' title='bbox 1118 2549 1206 2590; x_wconf 83' lang='lat' dir='ltr'><strong>urbe</strong></span> <span class='ocrx_word' id='word_1_294' title='bbox 1223 2547 1270 2590; x_wconf 83' lang='lat' dir='ltr'><strong>ad</strong></span> 
     </span>
    </p>
   </div>
   <div class='ocr_carea' id='block_1_38' title="bbox 192 2614 1267 2665">
    <p class='ocr_par' dir='ltr' id='par_1_38' title="bbox 192 2614 1267 2665">
     <span class='ocr_line' id='line_1_38' title="bbox 192 2614 1267 2665; baseline -0.003 -11"><span class='ocrx_word' id='word_1_295' title='bbox 192 2625 349 2654; x_wconf 79' lang='lat' dir='ltr'><strong>montem</strong></span> <span class='ocrx_word' id='word_1_296' title='bbox 363 2619 562 2665; x_wconf 78' lang='lat' dir='ltr'><strong>confugiat:</strong></span> <span class='ocrx_word' id='word_1_297' title='bbox 583 2618 701 2665; x_wconf 89' lang='lat' dir='ltr'><strong>ibique</strong></span> <span class='ocrx_word' id='word_1_298' title='bbox 720 2617 867 2664; x_wconf 70' lang='lat' dir='ltr'><strong>plantat,</strong></span> <span class='ocrx_word' id='word_1_299' title='bbox 890 2617 995 2664; x_wconf 83' lang='lat' dir='ltr'><strong>riget,</strong></span> <span class='ocrx_word' id='word_1_300' title='bbox 1015 2625 1147 2663; x_wconf 86' lang='lat' dir='ltr'><strong>aquam</strong></span> <span class='ocrx_word' id='word_1_301' title='bbox 1163 2614 1267 2659; x_wconf 88' lang='lat' dir='ltr'><strong>ferat,</strong></span> 
     </span>
    </p>
   </div>
   <div class='ocr_carea' id='block_1_39' title="bbox 193 2676 1268 2726">
    <p class='ocr_par' dir='ltr' id='par_1_39' title="bbox 193 2676 1268 2726">
     <span class='ocr_line' id='line_1_39' title="bbox 193 2676 1268 2726; baseline -0.004 -10"><span class='ocrx_word' id='word_1_302' title='bbox 193 2687 396 2726; x_wconf 64' lang='lat' dir='ltr'><strong>ceteraque</strong></span> <span class='ocrx_word' id='word_1_303' title='bbox 426 2679 681 2716; x_wconf 79' lang='lat' dir='ltr'><strong>monachorum</strong></span> <span class='ocrx_word' id='word_1_304' title='bbox 712 2679 820 2715; x_wconf 85' lang='lat' dir='ltr'><strong>faciat</strong></span> <span class='ocrx_word' id='word_1_305' title='bbox 847 2689 979 2726; x_wconf 83' lang='lat' dir='ltr'><strong>opera,</strong></span> <span class='ocrx_word' id='word_1_306' title='bbox 1006 2687 1087 2724; x_wconf 77' lang='lat' dir='ltr'><strong>qua:</strong></span> <span class='ocrx_word' id='word_1_307' title='bbox 1121 2676 1201 2712; x_wconf 81' lang='lat' dir='ltr'><strong>vilia</strong></span> <span class='ocrx_word' id='word_1_308' title='bbox 1231 2682 1268 2713; x_wconf 90' lang='lat' dir='ltr'><strong>et</strong></span> 
     </span>
    </p>
   </div>
   <div class='ocr_carea' id='block_1_40' title="bbox 192 2737 1267 2789">
    <p class='ocr_par' dir='ltr' id='par_1_40' title="bbox 192 2737 1267 2789">
     <span class='ocr_line' id='line_1_40' title="bbox 192 2737 1267 2789; baseline -0.004 -11"><span class='ocrx_word' id='word_1_309' title='bbox 192 2742 334 2789; x_wconf 83' lang='lat' dir='ltr'><strong>indigna</strong></span> <span class='ocrx_word' id='word_1_310' title='bbox 360 2751 441 2778; x_wconf 86' lang='lat' dir='ltr'><strong>esse</strong></span> <span class='ocrx_word' id='word_1_311' title='bbox 473 2740 682 2777; x_wconf 87' lang='lat' dir='ltr'><strong>videantur:</strong></span> <span class='ocrx_word' id='word_1_312' title='bbox 703 2741 750 2776; x_wconf 90' lang='lat' dir='ltr'><strong>sit</strong></span> <span class='ocrx_word' id='word_1_313' title='bbox 776 2747 947 2786; x_wconf 68' lang='lat' dir='ltr'><strong>prwterea</strong></span> <span class='ocrx_word' id='word_1_314' title='bbox 965 2739 1070 2776; x_wconf 89' lang='lat' dir='ltr'><strong>nudis</strong></span> <span class='ocrx_word' id='word_1_315' title='bbox 1094 2737 1267 2786; x_wconf 88' lang='lat' dir='ltr'><strong>pedibus,</strong></span> 
     </span>
    </p>
   </div>
   <div class='ocr_carea' id='block_1_41' title="bbox 192 2801 1268 2848">
    <p class='ocr_par' dir='ltr' id='par_1_41' title="bbox 192 2801 1268 2848">
     <span class='ocr_line' id='line_1_41' title="bbox 192 2801 1268 2848; baseline -0.003 -9"><span class='ocrx_word' id='word_1_316' title='bbox 192 2803 290 2839; x_wconf 90' lang='lat' dir='ltr'><strong>humi</strong></span> <span class='ocrx_word' id='word_1_317' title='bbox 309 2803 438 2845; x_wconf 88' lang='lat' dir='ltr'><strong>cubet;</strong></span> <span class='ocrx_word' id='word_1_318' title='bbox 459 2802 707 2847; x_wconf 83' lang='lat' dir='ltr'><strong>eflicialurqne</strong></span> <span class='ocrx_word' id='word_1_319' title='bbox 722 2812 842 2838; x_wconf 86' lang='lat' dir='ltr'><strong>macer</strong></span> <span class='ocrx_word' id='word_1_320' title='bbox 861 2807 896 2838; x_wconf 88' lang='lat' dir='ltr'><strong>ct</strong></span> <span class='ocrx_word' id='word_1_321' title='bbox 915 2801 1066 2848; x_wconf 85' lang='lat' dir='ltr'><strong>pallidus</strong></span> <span class='ocrx_word' id='word_1_322' title='bbox 1085 2802 1268 2838; x_wconf 87' lang='lat' dir='ltr'><strong>formosus</strong></span> 
     </span>
    </p>
   </div>
   <div class='ocr_carea' id='block_1_42' title="bbox 191 2863 1269 2911">
    <p class='ocr_par' dir='ltr' id='par_1_42' title="bbox 191 2863 1269 2911">
     <span class='ocr_line' id='line_1_42' title="bbox 191 2863 1269 2911; baseline -0.002 -10"><span class='ocrx_word' id='word_1_323' title='bbox 191 2866 252 2902; x_wconf 89' lang='lat' dir='ltr'><strong>ille</strong></span> <span class='ocrx_word' id='word_1_324' title='bbox 266 2865 352 2901; x_wconf 90' lang='lat' dir='ltr'><strong>olim</strong></span> <span class='ocrx_word' id='word_1_325' title='bbox 371 2864 594 2907; x_wconf 85' lang='lat' dir='ltr'><strong>adolescens,</strong></span> <span class='ocrx_word' id='word_1_326' title='bbox 614 2864 673 2911; x_wconf 89' lang='lat' dir='ltr'><strong>qui</strong></span> <span class='ocrx_word' id='word_1_327' title='bbox 693 2863 800 2899; x_wconf 89' lang='lat' dir='ltr'><strong>tantis</strong></span> <span class='ocrx_word' id='word_1_328' title='bbox 819 2869 922 2900; x_wconf 86' lang='lat' dir='ltr'><strong>antea</strong></span> <span class='ocrx_word' id='word_1_329' title='bbox 939 2864 973 2900; x_wconf 90' lang='lat' dir='ltr'><strong>in</strong></span> <span class='ocrx_word' id='word_1_330' title='bbox 999 2863 1137 2901; x_wconf 85' lang='lat' dir='ltr'><strong>deliciis</strong></span> <span class='ocrx_word' id='word_1_331' title='bbox 1156 2863 1269 2900; x_wconf 82' lang='lat' dir='ltr'><strong>hono-</strong></span> 
     </span>
    </p>
   </div>
   <div class='ocr_carea' id='block_1_43' title="bbox 192 2927 1267 2975">
    <p class='ocr_par' dir='ltr' id='par_1_43' title="bbox 192 2927 1267 2975">
     <span class='ocr_line' id='line_1_43' title="bbox 192 2927 1267 2975; baseline -0.001 -11"><span class='ocrx_word' id='word_1_332' title='bbox 192 2928 358 2975; x_wconf 86' lang='lat' dir='ltr'><strong>ribusque</strong></span> <span class='ocrx_word' id='word_1_333' title='bbox 372 2928 546 2974; x_wconf 86' lang='lat' dir='ltr'><strong>degebat,</strong></span> <span class='ocrx_word' id='word_1_334' title='bbox 563 2933 742 2974; x_wconf 58' lang='lat' dir='ltr'><strong>tantaque</strong></span> <span class='ocrx_word' id='word_1_335' title='bbox 757 2927 834 2974; x_wconf 91' lang='lat' dir='ltr'><strong>spci</strong></span> <span class='ocrx_word' id='word_1_336' title='bbox 849 2932 939 2972; x_wconf 81' lang='lat' dir='ltr'><strong>erat,</strong></span> <span class='ocrx_word' id='word_1_337' title='bbox 957 2927 1145 2974; x_wconf 86' lang='lat' dir='ltr'><strong>viliorique</strong></span> <span class='ocrx_word' id='word_1_338' title='bbox 1161 2938 1267 2974; x_wconf 90' lang='lat' dir='ltr'><strong>quam</strong></span> 
     </span>
    </p>
   </div>
   <div class='ocr_carea' id='block_1_44' title="bbox 192 2990 1268 3028">
    <p class='ocr_par' dir='ltr' id='par_1_44' title="bbox 192 2990 1268 3028">
     <span class='ocr_line' id='line_1_44' title="bbox 192 2990 1268 3028; baseline 0.001 -1"><span class='ocrx_word' id='word_1_339' title='bbox 192 2992 282 3028; x_wconf 81' lang='lat' dir='ltr'><strong>servi</strong></span> <span class='ocrx_word' id='word_1_340' title='bbox 300 2991 354 3028; x_wconf 89' lang='lat' dir='ltr'><strong>sui</strong></span> <span class='ocrx_word' id='word_1_341' title='bbox 375 2998 474 3028; x_wconf 88' lang='lat' dir='ltr'><strong>veste</strong></span> <span class='ocrx_word' id='word_1_342' title='bbox 491 2991 682 3028; x_wconf 85' lang='lat' dir='ltr'><strong>induatur:</strong></span> <span class='ocrx_word' id='word_1_343' title='bbox 701 3001 786 3027; x_wconf 91' lang='lat' dir='ltr'><strong>num</strong></span> <span class='ocrx_word' id='word_1_344' title='bbox 806 2990 893 3027; x_wconf 84' lang='lat' dir='ltr'><strong>satis</strong></span> <span class='ocrx_word' id='word_1_345' title='bbox 917 2991 1046 3028; x_wconf 90' lang='lat' dir='ltr'><strong>multas</strong></span> <span class='ocrx_word' id='word_1_346' title='bbox 1066 2991 1268 3028; x_wconf 88' lang='lat' dir='ltr'><strong>accusatori</strong></span> 
     </span>
    </p>
   </div>
   <div class='ocr_carea' id='block_1_45' title="bbox 193 3052 1266 3099">
    <p class='ocr_par' dir='ltr' id='par_1_45' title="bbox 193 3052 1266 3099">
     <span class='ocr_line' id='line_1_45' title="bbox 193 3052 1266 3099; baseline -0.001 -9"><span class='ocrx_word' id='word_1_347' title='bbox 193 3054 353 3092; x_wconf 87' lang='lat' dir='ltr'><strong>dedimus</strong></span> <span class='ocrx_word' id='word_1_348' title='bbox 372 3065 501 3099; x_wconf 87' lang='lat' dir='ltr'><strong>ansas,</strong></span> <span class='ocrx_word' id='word_1_349' title='bbox 529 3065 574 3090; x_wconf 86' lang='lat' dir='ltr'><strong>an</strong></span> <span class='ocrx_word' id='word_1_350' title='bbox 600 3054 688 3090; x_wconf 88' lang='lat' dir='ltr'><strong>satis</strong></span> <span class='ocrx_word' id='word_1_351' title='bbox 717 3052 962 3090; x_wconf 88' lang='lat' dir='ltr'><strong>adversarium</strong></span> <span class='ocrx_word' id='word_1_352' title='bbox 1001 3052 1266 3090; x_wconf 74' lang='lat' dir='ltr'><strong>instruximus?</strong></span> 
     </span>
    </p>
   </div>
   <div class='ocr_carea' id='block_1_46' title="bbox 194 3115 1266 3163">
    <p class='ocr_par' dir='ltr' id='par_1_46' title="bbox 194 3115 1266 3163">
     <span class='ocr_line' id='line_1_46' title="bbox 194 3115 1266 3163; baseline -0.002 -11"><span class='ocrx_word' id='word_1_353' title='bbox 194 3117 232 3153; x_wconf 80' lang='lat' dir='ltr'><strong>Si</strong></span> <span class='ocrx_word' id='word_1_354' title='bbox 258 3117 334 3154; x_wconf 65' lang='lat' dir='ltr'><strong>haec</strong></span> <span class='ocrx_word' id='word_1_355' title='bbox 359 3129 430 3154; x_wconf 89' lang='lat' dir='ltr'><strong>non</strong></span> <span class='ocrx_word' id='word_1_356' title='bbox 460 3117 548 3154; x_wconf 85' lang='lat' dir='ltr'><strong>satis</strong></span> <span class='ocrx_word' id='word_1_357' title='bbox 577 3117 674 3161; x_wconf 88' lang='lat' dir='ltr'><strong>sint,</strong></span> <span class='ocrx_word' id='word_1_358' title='bbox 706 3115 777 3151; x_wconf 90' lang='lat' dir='ltr'><strong>alia</strong></span> <span class='ocrx_word' id='word_1_359' title='bbox 809 3126 952 3163; x_wconf 89' lang='lat' dir='ltr'><strong>quoque</strong></span> <span class='ocrx_word' id='word_1_360' title='bbox 977 3115 1266 3162; x_wconf 84' lang='lat' dir='ltr'><strong>sttppeditcmus.</strong></span> 
     </span>
    </p>
   </div>
   <div class='ocr_carea' id='block_1_47' title="bbox 199 3176 1266 3225">
    <p class='ocr_par' dir='ltr' id='par_1_47' title="bbox 199 3176 1266 3225">
     <span class='ocr_line' id='line_1_47' title="bbox 199 3176 1266 3225; baseline -0.004 -8"><span class='ocrx_word' id='word_1_361' title='bbox 199 3181 374 3218; x_wconf 56' lang='lat' dir='ltr'><strong>Praeterea</strong></span> <span class='ocrx_word' id='word_1_362' title='bbox 394 3191 520 3218; x_wconf 77' lang='lat' dir='ltr'><strong>(mines</strong></span> <span class='ocrx_word' id='word_1_363' title='bbox 540 3185 682 3217; x_wconf 84' lang='lat' dir='ltr'><strong>moveat</strong></span> <span class='ocrx_word' id='word_1_364' title='bbox 703 3178 889 3215; x_wconf 81' lang='lat' dir='ltr'><strong>machinas</strong></span> <span class='ocrx_word' id='word_1_365' title='bbox 906 3185 1008 3225; x_wconf 89' lang='lat' dir='ltr'><strong>pater</strong></span> <span class='ocrx_word' id='word_1_366' title='bbox 1021 3206 1032 3222; x_wconf 88' lang='lat'><strong>,</strong></span> <span class='ocrx_word' id='word_1_367' title='bbox 1050 3183 1090 3214; x_wconf 92' lang='lat' dir='ltr'><strong>ut</strong></span> <span class='ocrx_word' id='word_1_368' title='bbox 1109 3176 1220 3213; x_wconf 89' lang='lat' dir='ltr'><strong>ﬁlium</strong></span> <span class='ocrx_word' id='word_1_369' title='bbox 1246 3187 1266 3212; x_wconf 92' lang='lat' dir='ltr'><strong>a</strong></span> 
     </span>
    </p>
   </div>
   <div class='ocr_carea' id='block_1_48' title="bbox 194 3241 1268 3292">
    <p class='ocr_par' dir='ltr' id='par_1_48' title="bbox 194 3241 1268 3292">
     <span class='ocr_line' id='line_1_48' title="bbox 194 3241 1268 3292; baseline -0.002 -13"><span class='ocrx_word' id='word_1_370' title='bbox 194 3245 376 3292; x_wconf 80' lang='lat' dir='ltr'><strong>proposito</strong></span> <span class='ocrx_word' id='word_1_371' title='bbox 403 3244 581 3287; x_wconf 86' lang='lat' dir='ltr'><strong>deducat;</strong></span> <span class='ocrx_word' id='word_1_372' title='bbox 611 3243 674 3280; x_wconf 85' lang='lat' dir='ltr'><strong>sed</strong></span> <span class='ocrx_word' id='word_1_373' title='bbox 702 3244 906 3286; x_wconf 85' lang='lat' dir='ltr'><strong>incassum,</strong></span> <span class='ocrx_word' id='word_1_374' title='bbox 946 3247 1068 3289; x_wconf 81' lang='lat' dir='ltr'><strong>utpote</strong></span> <span class='ocrx_word' id='word_1_375' title='bbox 1095 3252 1176 3277; x_wconf 83' lang='lat' dir='ltr'><strong>cum</strong></span> <span class='ocrx_word' id='word_1_376' title='bbox 1208 3241 1268 3277; x_wconf 87' lang='lat' dir='ltr'><strong>ille</strong></span> 
     </span>
    </p>
   </div>
   <div class='ocr_carea' id='block_1_49' title="bbox 193 3304 1269 3354">
    <p class='ocr_par' dir='ltr' id='par_1_49' title="bbox 193 3304 1269 3354">
     <span class='ocr_line' id='line_1_49' title="bbox 193 3304 1269 3354; baseline -0.002 -12"><span class='ocrx_word' id='word_1_377' title='bbox 193 3318 297 3354; x_wconf 83' lang='lat' dir='ltr'><strong>supra</strong></span> <span class='ocrx_word' id='word_1_378' title='bbox 317 3314 454 3354; x_wconf 85' lang='lat' dir='ltr'><strong>petram</strong></span> <span class='ocrx_word' id='word_1_379' title='bbox 473 3306 670 3344; x_wconf 79' lang='lat' dir='ltr'><strong>Collocatus</strong></span> <span class='ocrx_word' id='word_1_380' title='bbox 690 3306 751 3350; x_wconf 87' lang='lat' dir='ltr'><strong>sit,</strong></span> <span class='ocrx_word' id='word_1_381' title='bbox 783 3316 825 3342; x_wconf 88' lang='lat' dir='ltr'><strong>ac</strong></span> <span class='ocrx_word' id='word_1_382' title='bbox 843 3304 1066 3349; x_wconf 85' lang='lat' dir='ltr'><strong>ﬂuminibus,</strong></span> <span class='ocrx_word' id='word_1_383' title='bbox 1085 3304 1216 3352; x_wconf 85' lang='lat' dir='ltr'><strong>pluviis</strong></span> <span class='ocrx_word' id='word_1_384' title='bbox 1232 3310 1269 3340; x_wconf 90' lang='lat' dir='ltr'><strong>et</strong></span> 
     </span>
    </p>
   </div>
   <div class='ocr_carea' id='block_1_50' title="bbox 193 3367 1266 3415">
    <p class='ocr_par' dir='ltr' id='par_1_50' title="bbox 193 3367 1266 3415">
     <span class='ocr_line' id='line_1_50' title="bbox 193 3367 1266 3415; baseline -0.002 -10"><span class='ocrx_word' id='word_1_385' title='bbox 193 3373 307 3407; x_wconf 77' lang='lat' dir='ltr'><strong>ventis</strong></span> <span class='ocrx_word' id='word_1_386' title='bbox 332 3369 461 3407; x_wconf 85' lang='lat' dir='ltr'><strong>cedere</strong></span> <span class='ocrx_word' id='word_1_387' title='bbox 485 3380 556 3406; x_wconf 89' lang='lat' dir='ltr'><strong>non</strong></span> <span class='ocrx_word' id='word_1_388' title='bbox 575 3369 688 3405; x_wconf 90' lang='lat' dir='ltr'><strong>norit:</strong></span> <span class='ocrx_word' id='word_1_389' title='bbox 712 3369 831 3415; x_wconf 77' lang='lat' dir='ltr'><strong>lugeat</strong></span> <span class='ocrx_word' id='word_1_390' title='bbox 850 3368 934 3404; x_wconf 89' lang='lat' dir='ltr'><strong>item</strong></span> <span class='ocrx_word' id='word_1_391' title='bbox 954 3374 1056 3414; x_wconf 89' lang='lat' dir='ltr'><strong>pater</strong></span> <span class='ocrx_word' id='word_1_392' title='bbox 1087 3374 1194 3414; x_wconf 86' lang='lat' dir='ltr'><strong>atque</strong></span> <span class='ocrx_word' id='word_1_393' title='bbox 1213 3367 1266 3403; x_wconf 84' lang='lat' dir='ltr'><strong>la-</strong></span> 
     </span>
    </p>
   </div>
   <div class='ocr_carea' id='block_1_51' title="bbox 193 3428 1266 3479">
    <p class='ocr_par' dir='ltr' id='par_1_51' title="bbox 193 3428 1266 3479">
     <span class='ocr_line' id='line_1_51' title="bbox 193 3428 1266 3479; baseline 0 -15"><span class='ocrx_word' id='word_1_394' title='bbox 193 3442 332 3479; x_wconf 67' lang='lat' dir='ltr'><strong>crymas</strong></span> <span class='ocrx_word' id='word_1_395' title='bbox 351 3431 503 3471; x_wconf 83' lang='lat' dir='ltr'><strong>emittat.</strong></span> <span class='ocrx_word' id='word_1_396' title='bbox 526 3430 572 3466; x_wconf 86' lang='lat' dir='ltr'><strong>ita</strong></span> <span class='ocrx_word' id='word_1_397' title='bbox 593 3437 633 3466; x_wconf 87' lang='lat' dir='ltr'><strong>ut</strong></span> <span class='ocrx_word' id='word_1_398' title='bbox 653 3429 940 3477; x_wconf 83' lang='lat' dir='ltr'><strong>indignationem</strong></span> <span class='ocrx_word' id='word_1_399' title='bbox 955 3428 1119 3465; x_wconf 89' lang='lat' dir='ltr'><strong>omnium</strong></span> <span class='ocrx_word' id='word_1_400' title='bbox 1141 3436 1266 3465; x_wconf 77' lang='lat' dir='ltr'><strong>cot&#39;itra</strong></span> 
     </span>
    </p>
   </div>
   <div class='ocr_carea' id='block_1_52' title="bbox 196 3491 1266 3538">
    <p class='ocr_par' dir='ltr' id='par_1_52' title="bbox 196 3491 1266 3538">
     <span class='ocr_line' id='line_1_52' title="bbox 196 3491 1266 3538; baseline -0.002 -9"><span class='ocrx_word' id='word_1_401' title='bbox 196 3504 257 3530; x_wconf 86' lang='lat' dir='ltr'><strong>nos</strong></span> <span class='ocrx_word' id='word_1_402' title='bbox 278 3493 472 3530; x_wconf 86' lang='lat' dir='ltr'><strong>incendat:</strong></span> <span class='ocrx_word' id='word_1_403' title='bbox 503 3492 691 3528; x_wconf 83' lang='lat' dir='ltr'><strong>universos</strong></span> <span class='ocrx_word' id='word_1_404' title='bbox 719 3492 926 3538; x_wconf 80' lang='lat' dir='ltr'><strong>frequenter</strong></span> <span class='ocrx_word' id='word_1_405' title='bbox 954 3491 1061 3527; x_wconf 85' lang='lat' dir='ltr'><strong>adeat</strong></span> <span class='ocrx_word' id='word_1_406' title='bbox 1080 3497 1119 3526; x_wconf 90' lang='lat' dir='ltr'><strong>ut</strong></span> <span class='ocrx_word' id='word_1_407' title='bbox 1145 3501 1211 3527; x_wconf 87' lang='lat' dir='ltr'><strong>nos</strong></span> <span class='ocrx_word' id='word_1_408' title='bbox 1231 3492 1266 3527; x_wconf 93' lang='lat' dir='ltr'><strong>in</strong></span> 
     </span>
    </p>
   </div>
   <div class='ocr_carea' id='block_1_53' title="bbox 193 3553 1265 3598">
    <p class='ocr_par' dir='ltr' id='par_1_53' title="bbox 193 3553 1265 3598">
     <span class='ocr_line' id='line_1_53' title="bbox 193 3553 1265 3598; baseline -0.001 -8"><span class='ocrx_word' id='word_1_409' title='bbox 193 3555 325 3592; x_wconf 86' lang='lat' dir='ltr'><strong>crimen</strong></span> <span class='ocrx_word' id='word_1_410' title='bbox 348 3560 469 3591; x_wconf 85' lang='lat' dir='ltr'><strong>vocet:</strong></span> <span class='ocrx_word' id='word_1_411' title='bbox 489 3553 628 3597; x_wconf 88' lang='lat' dir='ltr'><strong>Genui,</strong></span> <span class='ocrx_word' id='word_1_412' title='bbox 645 3553 790 3590; x_wconf 77' lang='lat' dir='ltr'><strong>educavi</strong></span> <span class='ocrx_word' id='word_1_413' title='bbox 808 3581 817 3595; x_wconf 93' lang='lat'><strong>,</strong></span> <span class='ocrx_word' id='word_1_414' title='bbox 839 3559 1053 3598; x_wconf 78' lang='lat' dir='ltr'><strong>:etatemque</strong></span> <span class='ocrx_word' id='word_1_415' title='bbox 1069 3562 1212 3588; x_wconf 88' lang='lat' dir='ltr'><strong>omnem</strong></span> <span class='ocrx_word' id='word_1_416' title='bbox 1232 3553 1265 3590; x_wconf 89' lang='lat' dir='ltr'><strong>in</strong></span> 
     </span>
    </p>
   </div>
   <div class='ocr_carea' id='block_1_54' title="bbox 194 3613 1266 3661">
    <p class='ocr_par' dir='ltr' id='par_1_54' title="bbox 194 3613 1266 3661">
     <span class='ocr_line' id='line_1_54' title="bbox 194 3613 1266 3661; baseline 0 -10"><span class='ocrx_word' id='word_1_417' title='bbox 194 3617 360 3653; x_wconf 74' lang='lat' dir='ltr'><strong>un‘umnis</strong></span> <span class='ocrx_word' id='word_1_418' title='bbox 377 3615 546 3656; x_wconf 81' lang='lat' dir='ltr'><strong>contrivi,</strong></span> <span class='ocrx_word' id='word_1_419' title='bbox 577 3620 707 3650; x_wconf 88' lang='lat' dir='ltr'><strong>cuncta</strong></span> <span class='ocrx_word' id='word_1_420' title='bbox 734 3624 844 3661; x_wconf 82' lang='lat' dir='ltr'><strong>agens</strong></span> <span class='ocrx_word' id='word_1_421' title='bbox 874 3619 912 3650; x_wconf 91' lang='lat' dir='ltr'><strong>ot</strong></span> <span class='ocrx_word' id='word_1_422' title='bbox 932 3613 1073 3659; x_wconf 90' lang='lat' dir='ltr'><strong>patiens</strong></span> <span class='ocrx_word' id='word_1_423' title='bbox 1091 3639 1102 3656; x_wconf 92' lang='lat'><strong>,</strong></span> <span class='ocrx_word' id='word_1_424' title='bbox 1124 3624 1204 3660; x_wconf 78' lang='lat' dir='ltr'><strong>qua:</strong></span> <span class='ocrx_word' id='word_1_425' title='bbox 1223 3625 1266 3651; x_wconf 78' lang='lat' dir='ltr'><strong>ex</strong></span> 
     </span>
    </p>
   </div>
   <div class='ocr_carea' id='block_1_55' title="bbox 197 3674 1269 3721">
    <p class='ocr_par' dir='ltr' id='par_1_55' title="bbox 197 3674 1269 3721">
     <span class='ocr_line' id='line_1_55' title="bbox 197 3674 1269 3721; baseline -0.002 -9"><span class='ocrx_word' id='word_1_426' title='bbox 197 3676 261 3714; x_wconf 90' lang='lat' dir='ltr'><strong>hac</strong></span> <span class='ocrx_word' id='word_1_427' title='bbox 287 3678 483 3716; x_wconf 87' lang='lat' dir='ltr'><strong>liberorum</strong></span> <span class='ocrx_word' id='word_1_428' title='bbox 502 3675 716 3713; x_wconf 88' lang='lat' dir='ltr'><strong>educatione</strong></span> <span class='ocrx_word' id='word_1_429' title='bbox 732 3675 899 3711; x_wconf 86' lang='lat' dir='ltr'><strong>accidere</strong></span> <span class='ocrx_word' id='word_1_430' title='bbox 917 3674 1036 3710; x_wconf 78' lang='lat' dir='ltr'><strong>Solent</strong></span> <span class='ocrx_word' id='word_1_431' title='bbox 1056 3685 1065 3710; x_wconf 92' lang='lat'><strong>:</strong></span> <span class='ocrx_word' id='word_1_432' title='bbox 1083 3685 1182 3721; x_wconf 84' lang='lat' dir='ltr'><strong>spem</strong></span> <span class='ocrx_word' id='word_1_433' title='bbox 1206 3675 1269 3711; x_wconf 91' lang='lat' dir='ltr'><strong>ha—</strong></span> 
     </span>
    </p>
   </div>
   <div class='ocr_carea' id='block_1_56' title="bbox 197 3736 1268 3786">
    <p class='ocr_par' dir='ltr' id='par_1_56' title="bbox 197 3736 1268 3786">
     <span class='ocr_line' id='line_1_56' title="bbox 197 3736 1268 3786; baseline 0.002 -13"><span class='ocrx_word' id='word_1_434' title='bbox 197 3737 252 3774; x_wconf 89' lang='lat' dir='ltr'><strong>bui</strong></span> <span class='ocrx_word' id='word_1_435' title='bbox 268 3741 438 3786; x_wconf 86' lang='lat' dir='ltr'><strong>optimam</strong></span> <span class='ocrx_word' id='word_1_436' title='bbox 455 3768 464 3784; x_wconf 85' lang='lat'><strong>,</strong></span> <span class='ocrx_word' id='word_1_437' title='bbox 487 3738 703 3786; x_wconf 72' lang='lat' dir='ltr'><strong>ptedagogos</strong></span> <span class='ocrx_word' id='word_1_438' title='bbox 717 3736 923 3783; x_wconf 84' lang='lat' dir='ltr'><strong>alioqnotus</strong></span> <span class='ocrx_word' id='word_1_439' title='bbox 941 3746 1019 3771; x_wconf 89' lang='lat' dir='ltr'><strong>sum</strong></span> <span class='ocrx_word' id='word_1_440' title='bbox 1033 3763 1044 3780; x_wconf 91' lang='lat'><strong>,</strong></span> <span class='ocrx_word' id='word_1_441' title='bbox 1075 3737 1268 3784; x_wconf 83' lang='lat' dir='ltr'><strong>magistros</strong></span> 
     </span>
    </p>
   </div>
   <div class='ocr_carea' id='block_1_57' title="bbox 197 3797 1265 3848">
    <p class='ocr_par' dir='ltr' id='par_1_57' title="bbox 197 3797 1265 3848">
     <span class='ocr_line' id='line_1_57' title="bbox 197 3797 1265 3848; baseline 0.003 -15"><span class='ocrx_word' id='word_1_442' title='bbox 197 3801 408 3846; x_wconf 84' lang='lat' dir='ltr'><strong>obsecravi,</strong></span> <span class='ocrx_word' id='word_1_443' title='bbox 442 3800 614 3848; x_wconf 85' lang='lat' dir='ltr'><strong>pecunias</strong></span> <span class='ocrx_word' id='word_1_444' title='bbox 643 3798 828 3844; x_wconf 87' lang='lat' dir='ltr'><strong>impendi,</strong></span> <span class='ocrx_word' id='word_1_445' title='bbox 862 3797 1006 3844; x_wconf 79' lang='lat' dir='ltr'><strong>vigilavi</strong></span> <span class='ocrx_word' id='word_1_446' title='bbox 1027 3808 1124 3845; x_wconf 69' lang='lat' dir='ltr'><strong>smpe</strong></span> <span class='ocrx_word' id='word_1_447' title='bbox 1141 3810 1265 3836; x_wconf 82' lang='lat' dir='ltr'><strong>curam</strong></span> 
     </span>
    </p>
   </div>
   <div class='ocr_carea' id='block_1_58' title="bbox 197 3860 1266 3907">
    <p class='ocr_par' dir='ltr' id='par_1_58' title="bbox 197 3860 1266 3907">
     <span class='ocr_line' id='line_1_58' title="bbox 197 3860 1266 3907; baseline 0.001 -9"><span class='ocrx_word' id='word_1_448' title='bbox 197 3872 322 3907; x_wconf 75' lang='lat' dir='ltr'><strong>gerens</strong></span> <span class='ocrx_word' id='word_1_449' title='bbox 336 3863 378 3900; x_wconf 87' lang='lat' dir='ltr'><strong>dc</strong></span> <span class='ocrx_word' id='word_1_450' title='bbox 396 3868 538 3906; x_wconf 86' lang='lat' dir='ltr'><strong>ornatu,</strong></span> <span class='ocrx_word' id='word_1_451' title='bbox 557 3861 602 3898; x_wconf 91' lang='lat' dir='ltr'><strong>de</strong></span> <span class='ocrx_word' id='word_1_452' title='bbox 618 3860 854 3905; x_wconf 87' lang='lat' dir='ltr'><strong>institutione,</strong></span> <span class='ocrx_word' id='word_1_453' title='bbox 873 3866 910 3895; x_wconf 93' lang='lat' dir='ltr'><strong>ut</strong></span> <span class='ocrx_word' id='word_1_454' title='bbox 924 3860 1102 3907; x_wconf 86' lang='lat' dir='ltr'><strong>majorum</strong></span> <span class='ocrx_word' id='word_1_455' title='bbox 1121 3870 1266 3899; x_wconf 89' lang='lat' dir='ltr'><strong>suorum</strong></span> 
     </span>
    </p>
   </div>
   <div class='ocr_carea' id='block_1_59' title="bbox 199 3923 1263 3970">
    <p class='ocr_par' dir='ltr' id='par_1_59' title="bbox 199 3923 1263 3970">
     <span class='ocr_line' id='line_1_59' title="bbox 199 3923 1263 3970; baseline 0.006 -13"><span class='ocrx_word' id='word_1_456' title='bbox 199 3925 328 3961; x_wconf 82' lang='lat' dir='ltr'><strong>nemini</strong></span> <span class='ocrx_word' id='word_1_457' title='bbox 343 3925 488 3962; x_wconf 86' lang='lat' dir='ltr'><strong>inferior</strong></span> <span class='ocrx_word' id='word_1_458' title='bbox 503 3931 613 3969; x_wconf 85' lang='lat' dir='ltr'><strong>esset,</strong></span> <span class='ocrx_word' id='word_1_459' title='bbox 628 3931 666 3961; x_wconf 92' lang='lat' dir='ltr'><strong>ut</strong></span> <span class='ocrx_word' id='word_1_460' title='bbox 682 3923 850 3960; x_wconf 89' lang='lat' dir='ltr'><strong>omnibus</strong></span> <span class='ocrx_word' id='word_1_461' title='bbox 865 3928 1054 3970; x_wconf 87' lang='lat' dir='ltr'><strong>appareret</strong></span> <span class='ocrx_word' id='word_1_462' title='bbox 1069 3923 1263 3963; x_wconf 84' lang='lat' dir='ltr'><strong>illustrior:</strong></span> 
     </span>
    </p>
   </div>
   <div class='ocr_carea' id='block_1_60' title="bbox 201 3986 1264 4042">
    <p class='ocr_par' dir='ltr' id='par_1_60' title="bbox 201 3986 1264 4042">
     <span class='ocr_line' id='line_1_60' title="bbox 201 3986 1264 4042; baseline 0.007 -21"><span class='ocrx_word' id='word_1_463' title='bbox 201 3988 446 4034; x_wconf 57' lang='lat' dir='ltr'><strong>expectabam</strong></span> <span class='ocrx_word' id='word_1_464' title='bbox 465 3989 572 4042; x_wconf 79' lang='lat' dir='ltr'><strong>hunc</strong></span> <span class='ocrx_word' id='word_1_465' title='bbox 587 3987 764 4028; x_wconf 80' lang='lat' dir='ltr'><strong>senectuti</strong></span> <span class='ocrx_word' id='word_1_466' title='bbox 793 3997 883 4025; x_wconf 80' lang='lat' dir='ltr'><strong>mea:</strong></span> <span class='ocrx_word' id='word_1_467' title='bbox 903 3986 1030 4026; x_wconf 83' lang='lat' dir='ltr'><strong>solatio</strong></span> <span class='ocrx_word' id='word_1_468' title='bbox 1049 3986 1125 4026; x_wconf 87' lang='lat' dir='ltr'><strong>fore</strong></span> <span class='ocrx_word' id='word_1_469' title='bbox 1147 4000 1154 4025; x_wconf 95' lang='lat'>:</span> <span class='ocrx_word' id='word_1_470' title='bbox 1179 4000 1264 4038; x_wconf 81' lang='lat' dir='ltr'><strong>pro-</strong></span> 
     </span>
    </p>
   </div>
   <div class='ocr_carea' id='block_1_61' title="bbox 710 289 1924 334">
    <p class='ocr_par' dir='ltr' id='par_1_61' title="bbox 710 289 1924 334">
     <span class='ocr_line' id='line_1_61' title="bbox 710 289 1924 334; baseline 0.003 -4"><span class='ocrx_word' id='word_1_471' title='bbox 710 290 958 331; x_wconf 78' lang='lat' dir='ltr'><strong>ADVERSUS</strong></span> <span class='ocrx_word' id='word_1_472' title='bbox 983 289 1358 330; x_wconf 80' lang='lat' dir='ltr'><strong>OPPUGNATORES</strong></span> <span class='ocrx_word' id='word_1_473' title='bbox 1381 290 1511 329; x_wconf 65' lang='lat' dir='ltr'><strong>“TE</strong></span> <span class='ocrx_word' id='word_1_474' title='bbox 1534 292 1734 332; x_wconf 74' lang='lat' dir='ltr'><strong>HONAST.</strong></span> <span class='ocrx_word' id='word_1_475' title='bbox 1760 294 1850 334; x_wconf 79' lang='lat' dir='ltr'><strong>LIB.</strong></span> <span class='ocrx_word' id='word_1_476' title='bbox 1877 295 1924 334; x_wconf 83' lang='lat' dir='ltr'><strong>ll.</strong></span> 
     </span>
    </p>
   </div>
   <div class='ocr_carea' id='block_1_62' title="bbox 2352 301 2425 339">
    <p class='ocr_par' dir='ltr' id='par_1_62' title="bbox 2352 301 2425 339">
     <span class='ocr_line' id='line_1_62' title="bbox 2352 301 2425 339; baseline 0 0"><span class='ocrx_word' id='word_1_477' title='bbox 2352 301 2425 339; x_wconf 58' lang='lat'><strong>33.5</strong></span> 
     </span>
    </p>
   </div>
   <div class='ocr_carea' id='block_1_63' title="bbox 1351 370 2421 425">
    <p class='ocr_par' dir='ltr' id='par_1_63' title="bbox 1351 370 2421 425">
     <span class='ocr_line' id='line_1_63' title="bbox 1351 370 2421 425; baseline 0.011 -21"><span class='ocrx_word' id='word_1_478' title='bbox 1351 379 1457 406; x_wconf 82' lang='lat' dir='ltr'><strong>cessa</strong></span> <span class='ocrx_word' id='word_1_479' title='bbox 1471 370 1643 417; x_wconf 86' lang='lat' dir='ltr'><strong>temporis</strong></span> <span class='ocrx_word' id='word_1_480' title='bbox 1656 370 1702 408; x_wconf 89' lang='lat' dir='ltr'><strong>de</strong></span> <span class='ocrx_word' id='word_1_481' title='bbox 1716 382 1829 410; x_wconf 82' lang='lat' dir='ltr'><strong>uxore</strong></span> <span class='ocrx_word' id='word_1_482' title='bbox 1845 379 1883 411; x_wconf 89' lang='lat' dir='ltr'><strong>et</strong></span> <span class='ocrx_word' id='word_1_483' title='bbox 1899 373 1946 412; x_wconf 86' lang='lat' dir='ltr'><strong>de</strong></span> <span class='ocrx_word' id='word_1_484' title='bbox 1963 375 2196 415; x_wconf 87' lang='lat' dir='ltr'><strong>matrimonio</strong></span> <span class='ocrx_word' id='word_1_485' title='bbox 2208 378 2421 425; x_wconf 81' lang='lat' dir='ltr'><strong>cogitabam.</strong></span> 
     </span>
    </p>
   </div>
   <div class='ocr_carea' id='block_1_64' title="bbox 1351 430 2422 486">
    <p class='ocr_par' dir='ltr' id='par_1_64' title="bbox 1351 430 2422 486">
     <span class='ocr_line' id='line_1_64' title="bbox 1351 430 2422 486; baseline 0.008 -18"><span class='ocrx_word' id='word_1_486' title='bbox 1351 431 1396 468; x_wconf 89' lang='lat' dir='ltr'><strong>de</strong></span> <span class='ocrx_word' id='word_1_487' title='bbox 1411 430 1584 478; x_wconf 86' lang='lat' dir='ltr'><strong>imperio,</strong></span> <span class='ocrx_word' id='word_1_488' title='bbox 1606 431 1652 468; x_wconf 90' lang='lat' dir='ltr'><strong>de</strong></span> <span class='ocrx_word' id='word_1_489' title='bbox 1678 434 1914 480; x_wconf 84' lang='lat' dir='ltr'><strong>magistratu;</strong></span> <span class='ocrx_word' id='word_1_490' title='bbox 1942 447 2025 474; x_wconf 90' lang='lat' dir='ltr'><strong>cum</strong></span> <span class='ocrx_word' id='word_1_491' title='bbox 2053 437 2249 486; x_wconf 85' lang='lat' dir='ltr'><strong>derepente</strong></span> <span class='ocrx_word' id='word_1_492' title='bbox 2269 449 2335 476; x_wconf 90' lang='lat' dir='ltr'><strong>ceu</strong></span> <span class='ocrx_word' id='word_1_493' title='bbox 2357 440 2422 477; x_wconf 86' lang='lat' dir='ltr'><strong>ful-</strong></span> 
     </span>
    </p>
   </div>
   <div class='ocr_carea' id='block_1_65' title="bbox 1352 492 2424 546">
    <p class='ocr_par' dir='ltr' id='par_1_65' title="bbox 1352 492 2424 546">
     <span class='ocr_line' id='line_1_65' title="bbox 1352 492 2424 546; baseline 0.008 -17"><span class='ocrx_word' id='word_1_494' title='bbox 1352 502 1433 529; x_wconf 91' lang='lat' dir='ltr'><strong>men</strong></span> <span class='ocrx_word' id='word_1_495' title='bbox 1451 500 1488 529; x_wconf 87' lang='lat' dir='ltr'><strong>et</strong></span> <span class='ocrx_word' id='word_1_496' title='bbox 1509 492 1669 539; x_wconf 85' lang='lat' dir='ltr'><strong>procella</strong></span> <span class='ocrx_word' id='word_1_497' title='bbox 1689 494 1814 531; x_wconf 87' lang='lat' dir='ltr'><strong>nescio</strong></span> <span class='ocrx_word' id='word_1_498' title='bbox 1841 495 1936 532; x_wconf 82' lang='lat' dir='ltr'><strong>unde</strong></span> <span class='ocrx_word' id='word_1_499' title='bbox 1965 497 2108 536; x_wconf 83' lang='lat' dir='ltr'><strong>irruens</strong></span> <span class='ocrx_word' id='word_1_500' title='bbox 2128 501 2424 546; x_wconf 83' lang='lat' dir='ltr'><strong>pretiosissimam</strong></span> 
     </span>
    </p>
   </div>
   <div class='ocr_carea' id='block_1_66' title="bbox 1350 557 2426 612">
    <p class='ocr_par' dir='ltr' id='par_1_66' title="bbox 1350 557 2426 612">
     <span class='ocr_line' id='line_1_66' title="bbox 1350 557 2426 612; baseline 0.008 -19"><span class='ocrx_word' id='word_1_501' title='bbox 1350 566 1480 594; x_wconf 85' lang='lat' dir='ltr'><strong>navem</strong></span> <span class='ocrx_word' id='word_1_502' title='bbox 1495 584 1506 602; x_wconf 91' lang='lat'><strong>,</strong></span> <span class='ocrx_word' id='word_1_503' title='bbox 1528 557 1650 594; x_wconf 89' lang='lat' dir='ltr'><strong>multis</strong></span> <span class='ocrx_word' id='word_1_504' title='bbox 1679 559 1832 596; x_wconf 84' lang='lat' dir='ltr'><strong>sarcinis</strong></span> <span class='ocrx_word' id='word_1_505' title='bbox 1854 559 2024 597; x_wconf 90' lang='lat' dir='ltr'><strong>refertam</strong></span> <span class='ocrx_word' id='word_1_506' title='bbox 2039 588 2049 604; x_wconf 94' lang='lat'><strong>,</strong></span> <span class='ocrx_word' id='word_1_507' title='bbox 2067 561 2252 610; x_wconf 87' lang='lat' dir='ltr'><strong>latumque</strong></span> <span class='ocrx_word' id='word_1_508' title='bbox 2280 565 2426 612; x_wconf 79' lang='lat' dir='ltr'><strong>pelagus</strong></span> 
     </span>
    </p>
   </div>
   <div class='ocr_carea' id='block_1_67' title="bbox 1349 621 2424 674">
    <p class='ocr_par' dir='ltr' id='par_1_67' title="bbox 1349 621 2424 674">
     <span class='ocr_line' id='line_1_67' title="bbox 1349 621 2424 674; baseline 0.008 -18"><span class='ocrx_word' id='word_1_509' title='bbox 1349 629 1549 664; x_wconf 90' lang='lat' dir='ltr'><strong>emensam,</strong></span> <span class='ocrx_word' id='word_1_510' title='bbox 1563 621 1723 658; x_wconf 88' lang='lat' dir='ltr'><strong>secundo</strong></span> <span class='ocrx_word' id='word_1_511' title='bbox 1736 628 1843 659; x_wconf 86' lang='lat' dir='ltr'><strong>vento</strong></span> <span class='ocrx_word' id='word_1_512' title='bbox 1857 625 2098 670; x_wconf 81' lang='lat' dir='ltr'><strong>navigantem,</strong></span> <span class='ocrx_word' id='word_1_513' title='bbox 2111 626 2272 674; x_wconf 89' lang='lat' dir='ltr'><strong>cumjam</strong></span> <span class='ocrx_word' id='word_1_514' title='bbox 2284 635 2424 674; x_wconf 91' lang='lat' dir='ltr'><strong>portum</strong></span> 
     </span>
    </p>
   </div>
   <div class='ocr_carea' id='block_1_68' title="bbox 1348 682 2426 736">
    <p class='ocr_par' dir='ltr' id='par_1_68' title="bbox 1348 682 2426 736">
     <span class='ocr_line' id='line_1_68' title="bbox 1348 682 2426 736; baseline 0.006 -17"><span class='ocrx_word' id='word_1_515' title='bbox 1348 682 1562 730; x_wconf 84' lang='lat' dir='ltr'><strong>attingeret,</strong></span> <span class='ocrx_word' id='word_1_516' title='bbox 1587 693 1698 730; x_wconf 87' lang='lat' dir='ltr'><strong>prope</strong></span> <span class='ocrx_word' id='word_1_517' title='bbox 1725 684 1840 730; x_wconf 90' lang='lat' dir='ltr'><strong>ipsum</strong></span> <span class='ocrx_word' id='word_1_518' title='bbox 1858 685 1990 722; x_wconf 87' lang='lat' dir='ltr'><strong>ostium</strong></span> <span class='ocrx_word' id='word_1_519' title='bbox 2019 685 2214 723; x_wconf 89' lang='lat' dir='ltr'><strong>demersit:</strong></span> <span class='ocrx_word' id='word_1_520' title='bbox 2237 695 2426 736; x_wconf 87' lang='lat' dir='ltr'><strong>metusque</strong></span> 
     </span>
    </p>
   </div>
   <div class='ocr_carea' id='block_1_69' title="bbox 1348 744 2423 796">
    <p class='ocr_par' dir='ltr' id='par_1_69' title="bbox 1348 744 2423 796">
     <span class='ocr_line' id='line_1_69' title="bbox 1348 744 2423 796; baseline 0.006 -14"><span class='ocrx_word' id='word_1_521' title='bbox 1348 744 1477 792; x_wconf 83' lang='lat' dir='ltr'><strong>ingens</strong></span> <span class='ocrx_word' id='word_1_522' title='bbox 1496 745 1618 790; x_wconf 88' lang='lat' dir='ltr'><strong>adest,</strong></span> <span class='ocrx_word' id='word_1_523' title='bbox 1643 756 1687 782; x_wconf 92' lang='lat' dir='ltr'><strong>ne</strong></span> <span class='ocrx_word' id='word_1_524' title='bbox 1718 756 1788 783; x_wconf 92' lang='lat' dir='ltr'><strong>non</strong></span> <span class='ocrx_word' id='word_1_525' title='bbox 1809 747 1917 784; x_wconf 91' lang='lat' dir='ltr'><strong>modo</strong></span> <span class='ocrx_word' id='word_1_526' title='bbox 1945 753 2145 784; x_wconf 83' lang='lat' dir='ltr'><strong>extremam</strong></span> <span class='ocrx_word' id='word_1_527' title='bbox 2163 757 2423 796; x_wconf 87' lang='lat' dir='ltr'><strong>paupertatem.</strong></span> 
     </span>
    </p>
   </div>
   <div class='ocr_carea' id='block_1_70' title="bbox 1348 808 2426 858">
    <p class='ocr_par' dir='ltr' id='par_1_70' title="bbox 1348 808 2426 858">
     <span class='ocr_line' id='line_1_70' title="bbox 1348 808 2426 858; baseline 0.006 -13"><span class='ocrx_word' id='word_1_528' title='bbox 1348 808 1412 845; x_wconf 85' lang='lat' dir='ltr'><strong>sed</strong></span> <span class='ocrx_word' id='word_1_529' title='bbox 1426 809 1532 845; x_wconf 79' lang='lat' dir='ltr'><strong>etiam</strong></span> <span class='ocrx_word' id='word_1_530' title='bbox 1545 809 1787 846; x_wconf 86' lang='lat' dir='ltr'><strong>miserabilem</strong></span> <span class='ocrx_word' id='word_1_531' title='bbox 1804 815 1957 847; x_wconf 91' lang='lat' dir='ltr'><strong>mortem</strong></span> <span class='ocrx_word' id='word_1_532' title='bbox 1969 820 2012 848; x_wconf 91' lang='lat' dir='ltr'><strong>ac</strong></span> <span class='ocrx_word' id='word_1_533' title='bbox 2024 812 2219 858; x_wconf 89' lang='lat' dir='ltr'><strong>perniciem</strong></span> <span class='ocrx_word' id='word_1_534' title='bbox 2232 813 2310 850; x_wconf 90' lang='lat' dir='ltr'><strong>viro</strong></span> <span class='ocrx_word' id='word_1_535' title='bbox 2320 815 2426 851; x_wconf 86' lang='lat' dir='ltr'><strong>tantis</strong></span> 
     </span>
    </p>
   </div>
   <div class='ocr_carea' id='block_1_71' title="bbox 1349 869 2426 923">
    <p class='ocr_par' dir='ltr' id='par_1_71' title="bbox 1349 869 2426 923">
     <span class='ocr_line' id='line_1_71' title="bbox 1349 869 2426 923; baseline 0.006 -15"><span class='ocrx_word' id='word_1_536' title='bbox 1349 869 1486 908; x_wconf 88' lang='lat' dir='ltr'><strong>divitiis</strong></span> <span class='ocrx_word' id='word_1_537' title='bbox 1511 871 1689 908; x_wconf 90' lang='lat' dir='ltr'><strong>instructo</strong></span> <span class='ocrx_word' id='word_1_538' title='bbox 1717 882 1812 909; x_wconf 65' lang='lat' dir='ltr'><strong>saeva</strong></span> <span class='ocrx_word' id='word_1_539' title='bbox 1852 878 2048 919; x_wconf 88' lang='lat' dir='ltr'><strong>tempestas</strong></span> <span class='ocrx_word' id='word_1_540' title='bbox 2077 873 2216 910; x_wconf 80' lang='lat' dir='ltr'><strong>afferat.</strong></span> <span class='ocrx_word' id='word_1_541' title='bbox 2248 873 2308 912; x_wconf 89' lang='lat' dir='ltr'><strong>Sic</strong></span> <span class='ocrx_word' id='word_1_542' title='bbox 2343 886 2426 923; x_wconf 83' lang='lat' dir='ltr'><strong>pro-</strong></span> 
     </span>
    </p>
   </div>
   <div class='ocr_carea' id='block_1_72' title="bbox 1349 931 2421 984">
    <p class='ocr_par' dir='ltr' id='par_1_72' title="bbox 1349 931 2421 984">
     <span class='ocr_line' id='line_1_72' title="bbox 1349 931 2421 984; baseline 0.008 -17"><span class='ocrx_word' id='word_1_543' title='bbox 1349 931 1444 970; x_wconf 89' lang='lat' dir='ltr'><strong>fecto</strong></span> <span class='ocrx_word' id='word_1_544' title='bbox 1471 933 1558 970; x_wconf 92' lang='lat' dir='ltr'><strong>mihi</strong></span> <span class='ocrx_word' id='word_1_545' title='bbox 1587 943 1680 970; x_wconf 92' lang='lat' dir='ltr'><strong>nunc</strong></span> <span class='ocrx_word' id='word_1_546' title='bbox 1700 934 1863 982; x_wconf 81' lang='lat' dir='ltr'><strong>contigit.</strong></span> <span class='ocrx_word' id='word_1_547' title='bbox 1891 934 2056 982; x_wconf 83' lang='lat' dir='ltr'><strong>Namque</strong></span> <span class='ocrx_word' id='word_1_548' title='bbox 2086 937 2333 974; x_wconf 78' lang='lat' dir='ltr'><strong>exsecrabiles</strong></span> <span class='ocrx_word' id='word_1_549' title='bbox 2355 939 2421 984; x_wconf 85' lang='lat' dir='ltr'><strong>illi,</strong></span> 
     </span>
    </p>
   </div>
   <div class='ocr_carea' id='block_1_73' title="bbox 1349 997 2423 1047">
    <p class='ocr_par' dir='ltr' id='par_1_73' title="bbox 1349 997 2423 1047">
     <span class='ocr_line' id='line_1_73' title="bbox 1349 997 2423 1047; baseline 0.006 -15"><span class='ocrx_word' id='word_1_550' title='bbox 1349 1003 1604 1042; x_wconf 87' lang='lat' dir='ltr'><strong>corruptores,</strong></span> <span class='ocrx_word' id='word_1_551' title='bbox 1637 997 1849 1034; x_wconf 84' lang='lat' dir='ltr'><strong>seductores</strong></span> <span class='ocrx_word' id='word_1_552' title='bbox 1869 997 1882 1047; x_wconf 95' lang='lat'>(</span> <span class='ocrx_word' id='word_1_553' title='bbox 1899 997 1976 1034; x_wconf 84' lang='lat' dir='ltr'><strong>haec</strong></span> <span class='ocrx_word' id='word_1_554' title='bbox 1993 997 2090 1034; x_wconf 91' lang='lat' dir='ltr'><strong>enim</strong></span> <span class='ocrx_word' id='word_1_555' title='bbox 2109 998 2231 1042; x_wconf 91' lang='lat' dir='ltr'><strong>dicat,</strong></span> <span class='ocrx_word' id='word_1_556' title='bbox 2253 1000 2340 1036; x_wconf 91' lang='lat' dir='ltr'><strong>nihil</strong></span> <span class='ocrx_word' id='word_1_557' title='bbox 2371 1001 2423 1038; x_wconf 90' lang='lat' dir='ltr'><strong>illi</strong></span> 
     </span>
    </p>
   </div>
   <div class='ocr_carea' id='block_1_74' title="bbox 1349 1057 2425 1105">
    <p class='ocr_par' dir='ltr' id='par_1_74' title="bbox 1349 1057 2425 1105">
     <span class='ocr_line' id='line_1_74' title="bbox 1349 1057 2425 1105; baseline 0.006 -13"><span class='ocrx_word' id='word_1_558' title='bbox 1349 1057 1673 1105; x_wconf 86' lang='lat' dir='ltr'><strong>succcnsebimus)</strong></span> <span class='ocrx_word' id='word_1_559' title='bbox 1705 1064 1813 1095; x_wconf 69' lang='lat' dir='ltr'><strong>tanta:</strong></span> <span class='ocrx_word' id='word_1_560' title='bbox 1837 1059 1914 1105; x_wconf 88' lang='lat' dir='ltr'><strong>spei</strong></span> <span class='ocrx_word' id='word_1_561' title='bbox 1940 1059 2076 1104; x_wconf 88' lang='lat' dir='ltr'><strong>lilium,</strong></span> <span class='ocrx_word' id='word_1_562' title='bbox 2103 1061 2301 1097; x_wconf 86' lang='lat' dir='ltr'><strong>senectutis</strong></span> <span class='ocrx_word' id='word_1_563' title='bbox 2335 1072 2425 1099; x_wconf 78' lang='lat' dir='ltr'><strong>mea:</strong></span> 
     </span>
    </p>
   </div>
   <div class='ocr_carea' id='block_1_75' title="bbox 1347 1119 2423 1166">
    <p class='ocr_par' dir='ltr' id='par_1_75' title="bbox 1347 1119 2423 1166">
     <span class='ocr_line' id='line_1_75' title="bbox 1347 1119 2423 1166; baseline 0.007 -12"><span class='ocrx_word' id='word_1_564' title='bbox 1347 1119 1548 1163; x_wconf 85' lang='lat' dir='ltr'><strong>nutritium,</strong></span> <span class='ocrx_word' id='word_1_565' title='bbox 1564 1129 1630 1156; x_wconf 90' lang='lat' dir='ltr'><strong>ceu</strong></span> <span class='ocrx_word' id='word_1_566' title='bbox 1644 1119 1788 1166; x_wconf 88' lang='lat' dir='ltr'><strong>quidatn</strong></span> <span class='ocrx_word' id='word_1_567' title='bbox 1807 1121 1996 1166; x_wconf 68' lang='lat' dir='ltr'><strong>praedones</strong></span> <span class='ocrx_word' id='word_1_568' title='bbox 2011 1121 2045 1158; x_wconf 91' lang='lat' dir='ltr'><strong>in</strong></span> <span class='ocrx_word' id='word_1_569' title='bbox 2067 1122 2211 1159; x_wconf 86' lang='lat' dir='ltr'><strong>latibula</strong></span> <span class='ocrx_word' id='word_1_570' title='bbox 2224 1133 2288 1160; x_wconf 86' lang='lat' dir='ltr'><strong>sua</strong></span> <span class='ocrx_word' id='word_1_571' title='bbox 2308 1124 2423 1161; x_wconf 88' lang='lat' dir='ltr'><strong>abdu-</strong></span> 
     </span>
    </p>
   </div>
   <div class='ocr_carea' id='block_1_76' title="bbox 1351 1181 2416 1229">
    <p class='ocr_par' dir='ltr' id='par_1_76' title="bbox 1351 1181 2416 1229">
     <span class='ocr_line' id='line_1_76' title="bbox 1351 1181 2416 1229; baseline 0.005 -13"><span class='ocrx_word' id='word_1_572' title='bbox 1351 1190 1458 1217; x_wconf 73' lang='lat' dir='ltr'><strong>xere:</strong></span> <span class='ocrx_word' id='word_1_573' title='bbox 1475 1181 1637 1228; x_wconf 84' lang='lat' dir='ltr'><strong>adeoque</strong></span> <span class='ocrx_word' id='word_1_574' title='bbox 1655 1181 1756 1218; x_wconf 86' lang='lat' dir='ltr'><strong>illum</strong></span> <span class='ocrx_word' id='word_1_575' title='bbox 1770 1181 1845 1218; x_wconf 89' lang='lat' dir='ltr'><strong>suis</strong></span> <span class='ocrx_word' id='word_1_576' title='bbox 1871 1182 2092 1220; x_wconf 86' lang='lat' dir='ltr'><strong>carminibus</strong></span> <span class='ocrx_word' id='word_1_577' title='bbox 2116 1192 2416 1229; x_wconf 79' lang='lat' dir='ltr'><strong>excantaveruut,</strong></span> 
     </span>
    </p>
   </div>
   <div class='ocr_carea' id='block_1_77' title="bbox 1347 1237 2420 1291">
    <p class='ocr_par' dir='ltr' id='par_1_77' title="bbox 1347 1237 2420 1291">
     <span class='ocr_line' id='line_1_77' title="bbox 1347 1237 2420 1291; baseline 0.007 -14"><span class='ocrx_word' id='word_1_578' title='bbox 1347 1248 1386 1278; x_wconf 87' lang='lat' dir='ltr'><strong>ut</strong></span> <span class='ocrx_word' id='word_1_579' title='bbox 1403 1241 1505 1282; x_wconf 84' lang='lat' dir='ltr'><strong>malit</strong></span> <span class='ocrx_word' id='word_1_580' title='bbox 1525 1241 1700 1278; x_wconf 85' lang='lat' dir='ltr'><strong>adversus</strong></span> <span class='ocrx_word' id='word_1_581' title='bbox 1719 1242 1872 1287; x_wconf 86' lang='lat' dir='ltr'><strong>ferrum,</strong></span> <span class='ocrx_word' id='word_1_582' title='bbox 1897 1237 2015 1291; x_wconf 48' lang='lat' dir='ltr'><strong>igne‘m</strong></span> <span class='ocrx_word' id='word_1_583' title='bbox 2033 1273 2041 1286; x_wconf 87' lang='grc'>,</span> <span class='ocrx_word' id='word_1_584' title='bbox 2062 1245 2220 1290; x_wconf 83' lang='lat' dir='ltr'><strong>belluas,</strong></span> <span class='ocrx_word' id='word_1_585' title='bbox 2244 1246 2420 1285; x_wconf 79' lang='lat' dir='ltr'><strong>adversus</strong></span> 
     </span>
    </p>
   </div>
   <div class='ocr_carea' id='block_1_78' title="bbox 1348 1303 2422 1353">
    <p class='ocr_par' dir='ltr' id='par_1_78' title="bbox 1348 1303 2422 1353">
     <span class='ocr_line' id='line_1_78' title="bbox 1348 1303 2422 1353; baseline 0.006 -13"><span class='ocrx_word' id='word_1_586' title='bbox 1348 1304 1468 1340; x_wconf 91' lang='lat' dir='ltr'><strong>omnia</strong></span> <span class='ocrx_word' id='word_1_587' title='bbox 1491 1303 1649 1351; x_wconf 87' lang='lat' dir='ltr'><strong>denique</strong></span> <span class='ocrx_word' id='word_1_588' title='bbox 1667 1310 1778 1349; x_wconf 85' lang='lat' dir='ltr'><strong>stare.</strong></span> <span class='ocrx_word' id='word_1_589' title='bbox 1791 1317 1900 1353; x_wconf 89' lang='lat' dir='ltr'><strong>quam</strong></span> <span class='ocrx_word' id='word_1_590' title='bbox 1924 1305 1970 1342; x_wconf 89' lang='lat' dir='ltr'><strong>ad</strong></span> <span class='ocrx_word' id='word_1_591' title='bbox 1991 1307 2148 1353; x_wconf 85' lang='lat' dir='ltr'><strong>priorem</strong></span> <span class='ocrx_word' id='word_1_592' title='bbox 2165 1308 2344 1346; x_wconf 85' lang='lat' dir='ltr'><strong>fortunam</strong></span> <span class='ocrx_word' id='word_1_593' title='bbox 2364 1320 2422 1348; x_wconf 85' lang='lat' dir='ltr'><strong>re-</strong></span> 
     </span>
    </p>
   </div>
   <div class='ocr_carea' id='block_1_79' title="bbox 1347 1365 2425 1416">
    <p class='ocr_par' dir='ltr' id='par_1_79' title="bbox 1347 1365 2425 1416">
     <span class='ocr_line' id='line_1_79' title="bbox 1347 1365 2425 1416; baseline 0.006 -14"><span class='ocrx_word' id='word_1_594' title='bbox 1347 1376 1482 1402; x_wconf 88' lang='lat' dir='ltr'><strong>meare.</strong></span> <span class='ocrx_word' id='word_1_595' title='bbox 1493 1365 1667 1414; x_wconf 86' lang='lat' dir='ltr'><strong>Quodque</strong></span> <span class='ocrx_word' id='word_1_596' title='bbox 1677 1369 1821 1414; x_wconf 81' lang='lat' dir='ltr'><strong>gravius</strong></span> <span class='ocrx_word' id='word_1_597' title='bbox 1835 1374 1904 1412; x_wconf 88' lang='lat' dir='ltr'><strong>est,</strong></span> <span class='ocrx_word' id='word_1_598' title='bbox 1915 1369 2196 1415; x_wconf 72' lang='lat' dir='ltr'><strong>postquamhzec</strong></span> <span class='ocrx_word' id='word_1_599' title='bbox 2212 1369 2260 1407; x_wconf 91' lang='lat' dir='ltr'><strong>illi</strong></span> <span class='ocrx_word' id='word_1_600' title='bbox 2276 1381 2425 1416; x_wconf 84' lang='lat' dir='ltr'><strong>persua-</strong></span> 
     </span>
    </p>
   </div>
   <div class='ocr_carea' id='block_1_80' title="bbox 1346 1428 2422 1479">
    <p class='ocr_par' dir='ltr' id='par_1_80' title="bbox 1346 1428 2422 1479">
     <span class='ocr_line' id='line_1_80' title="bbox 1346 1428 2422 1479; baseline 0.005 -15"><span class='ocrx_word' id='word_1_601' title='bbox 1346 1434 1486 1474; x_wconf 85' lang='lat' dir='ltr'><strong>serunt,</strong></span> <span class='ocrx_word' id='word_1_602' title='bbox 1498 1428 1626 1466; x_wconf 89' lang='lat' dir='ltr'><strong>melius</strong></span> <span class='ocrx_word' id='word_1_603' title='bbox 1641 1439 1680 1466; x_wconf 90' lang='lat' dir='ltr'><strong>se</strong></span> <span class='ocrx_word' id='word_1_604' title='bbox 1693 1429 1777 1476; x_wconf 90' lang='lat' dir='ltr'><strong>quid</strong></span> <span class='ocrx_word' id='word_1_605' title='bbox 1799 1430 1885 1466; x_wconf 89' lang='lat' dir='ltr'><strong>utile</strong></span> <span class='ocrx_word' id='word_1_606' title='bbox 1897 1430 1943 1466; x_wconf 91' lang='lat' dir='ltr'><strong>sit</strong></span> <span class='ocrx_word' id='word_1_607' title='bbox 1958 1431 2053 1468; x_wconf 90' lang='lat' dir='ltr'><strong>scire</strong></span> <span class='ocrx_word' id='word_1_608' title='bbox 2075 1430 2302 1477; x_wconf 88' lang='lat' dir='ltr'><strong>proﬁtentur,</strong></span> <span class='ocrx_word' id='word_1_609' title='bbox 2316 1443 2422 1479; x_wconf 89' lang='lat' dir='ltr'><strong>quam</strong></span> 
     </span>
    </p>
   </div>
   <div class='ocr_carea' id='block_1_81' title="bbox 1346 1490 2425 1541">
    <p class='ocr_par' dir='ltr' id='par_1_81' title="bbox 1346 1490 2425 1541">
     <span class='ocr_line' id='line_1_81' title="bbox 1346 1490 2425 1541; baseline 0.006 -15"><span class='ocrx_word' id='word_1_610' title='bbox 1346 1499 1427 1526; x_wconf 88' lang='lat' dir='ltr'><strong>nos.</strong></span> <span class='ocrx_word' id='word_1_611' title='bbox 1445 1490 1603 1527; x_wconf 73' lang='lat' dir='ltr'><strong>Deserta:</strong></span> <span class='ocrx_word' id='word_1_612' title='bbox 1625 1490 1700 1538; x_wconf 87' lang='lat' dir='ltr'><strong>jam</strong></span> <span class='ocrx_word' id='word_1_613' title='bbox 1729 1491 1882 1537; x_wconf 91' lang='lat' dir='ltr'><strong>domus,</strong></span> <span class='ocrx_word' id='word_1_614' title='bbox 1903 1491 2038 1530; x_wconf 86' lang='lat' dir='ltr'><strong>deserti</strong></span> <span class='ocrx_word' id='word_1_615' title='bbox 2055 1493 2150 1540; x_wconf 89' lang='lat' dir='ltr'><strong>agri:</strong></span> <span class='ocrx_word' id='word_1_616' title='bbox 2175 1494 2242 1541; x_wconf 88' lang='lat' dir='ltr'><strong>ipsi</strong></span> <span class='ocrx_word' id='word_1_617' title='bbox 2257 1494 2425 1541; x_wconf 83' lang='lat' dir='ltr'><strong>agricolae</strong></span> 
     </span>
    </p>
   </div>
   <div class='ocr_carea' id='block_1_82' title="bbox 1348 1551 2425 1600">
    <p class='ocr_par' dir='ltr' id='par_1_82' title="bbox 1348 1551 2425 1600">
     <span class='ocr_line' id='line_1_82' title="bbox 1348 1551 2425 1600; baseline 0.007 -14"><span class='ocrx_word' id='word_1_618' title='bbox 1348 1560 1391 1588; x_wconf 91' lang='lat' dir='ltr'><strong>ac</strong></span> <span class='ocrx_word' id='word_1_619' title='bbox 1407 1551 1502 1588; x_wconf 85' lang='lat' dir='ltr'><strong>servi</strong></span> <span class='ocrx_word' id='word_1_620' title='bbox 1523 1552 1668 1588; x_wconf 88' lang='lat' dir='ltr'><strong>tristitia</strong></span> <span class='ocrx_word' id='word_1_621' title='bbox 1693 1563 1736 1590; x_wconf 89' lang='lat' dir='ltr'><strong>ac</strong></span> <span class='ocrx_word' id='word_1_622' title='bbox 1753 1553 1889 1600; x_wconf 92' lang='lat' dir='ltr'><strong>pudore</strong></span> <span class='ocrx_word' id='word_1_623' title='bbox 1909 1554 2028 1600; x_wconf 89' lang='lat' dir='ltr'><strong>pleni;</strong></span> <span class='ocrx_word' id='word_1_624' title='bbox 2056 1555 2240 1592; x_wconf 78' lang='lat' dir='ltr'><strong>exsultant</strong></span> <span class='ocrx_word' id='word_1_625' title='bbox 2266 1557 2302 1594; x_wconf 91' lang='lat' dir='ltr'><strong>in</strong></span> <span class='ocrx_word' id='word_1_626' title='bbox 2319 1558 2425 1594; x_wconf 86' lang='lat' dir='ltr'><strong>malis</strong></span> 
     </span>
    </p>
   </div>
   <div class='ocr_carea' id='block_1_83' title="bbox 1347 1614 2416 1665">
    <p class='ocr_par' dir='ltr' id='par_1_83' title="bbox 1347 1614 2416 1665">
     <span class='ocr_line' id='line_1_83' title="bbox 1347 1614 2416 1665; baseline 0.006 -14"><span class='ocrx_word' id='word_1_627' title='bbox 1347 1614 1438 1652; x_wconf 86' lang='lat' dir='ltr'><strong>meis</strong></span> <span class='ocrx_word' id='word_1_628' title='bbox 1459 1614 1618 1660; x_wconf 90' lang='lat' dir='ltr'><strong>inimici,</strong></span> <span class='ocrx_word' id='word_1_629' title='bbox 1640 1625 1683 1653; x_wconf 91' lang='lat' dir='ltr'><strong>ac</strong></span> <span class='ocrx_word' id='word_1_630' title='bbox 1703 1616 1839 1662; x_wconf 88' lang='lat' dir='ltr'><strong>pudore</strong></span> <span class='ocrx_word' id='word_1_631' title='bbox 1857 1617 2069 1664; x_wconf 89' lang='lat' dir='ltr'><strong>operiuntur</strong></span> <span class='ocrx_word' id='word_1_632' title='bbox 2091 1618 2212 1656; x_wconf 87' lang='lat' dir='ltr'><strong>amici.</strong></span> <span class='ocrx_word' id='word_1_633' title='bbox 2234 1619 2339 1665; x_wconf 87' lang='lat' dir='ltr'><strong>Apud</strong></span> <span class='ocrx_word' id='word_1_634' title='bbox 2357 1630 2416 1657; x_wconf 90' lang='lat' dir='ltr'><strong>me</strong></span> 
     </span>
    </p>
   </div>
   <div class='ocr_carea' id='block_1_84' title="bbox 1347 1676 2423 1730">
    <p class='ocr_par' dir='ltr' id='par_1_84' title="bbox 1347 1676 2423 1730">
     <span class='ocr_line' id='line_1_84' title="bbox 1347 1676 2423 1730; baseline 0.007 -18"><span class='ocrx_word' id='word_1_635' title='bbox 1347 1682 1465 1713; x_wconf 88' lang='lat' dir='ltr'><strong>autem</strong></span> <span class='ocrx_word' id='word_1_636' title='bbox 1487 1676 1583 1712; x_wconf 86' lang='lat' dir='ltr'><strong>nulla</strong></span> <span class='ocrx_word' id='word_1_637' title='bbox 1604 1678 1781 1714; x_wconf 86' lang='lat' dir='ltr'><strong>sententia</strong></span> <span class='ocrx_word' id='word_1_638' title='bbox 1800 1677 1951 1724; x_wconf 86' lang='lat' dir='ltr'><strong>obtinet,</strong></span> <span class='ocrx_word' id='word_1_639' title='bbox 1970 1680 2040 1717; x_wconf 90' lang='lat' dir='ltr'><strong>nisi</strong></span> <span class='ocrx_word' id='word_1_640' title='bbox 2060 1688 2111 1726; x_wconf 90' lang='lat' dir='ltr'><strong>ut,</strong></span> <span class='ocrx_word' id='word_1_641' title='bbox 2132 1680 2308 1728; x_wconf 85' lang='lat' dir='ltr'><strong>subjectis</strong></span> <span class='ocrx_word' id='word_1_642' title='bbox 2329 1683 2423 1730; x_wconf 81' lang='lat' dir='ltr'><strong>igni-</strong></span> 
     </span>
    </p>
   </div>
   <div class='ocr_carea' id='block_1_85' title="bbox 1344 1737 2420 1790">
    <p class='ocr_par' dir='ltr' id='par_1_85' title="bbox 1344 1737 2420 1790">
     <span class='ocr_line' id='line_1_85' title="bbox 1344 1737 2420 1790; baseline 0.008 -17"><span class='ocrx_word' id='word_1_643' title='bbox 1344 1737 1413 1774; x_wconf 88' lang='lat' dir='ltr'><strong>bus</strong></span> <span class='ocrx_word' id='word_1_644' title='bbox 1429 1764 1440 1781; x_wconf 90' lang='lat'><strong>,</strong></span> <span class='ocrx_word' id='word_1_645' title='bbox 1461 1745 1589 1774; x_wconf 88' lang='lat' dir='ltr'><strong>cuncta</strong></span> <span class='ocrx_word' id='word_1_646' title='bbox 1617 1739 1725 1776; x_wconf 90' lang='lat' dir='ltr'><strong>simul</strong></span> <span class='ocrx_word' id='word_1_647' title='bbox 1756 1750 1905 1777; x_wconf 79' lang='lat' dir='ltr'><strong>exuram</strong></span> <span class='ocrx_word' id='word_1_648' title='bbox 1921 1768 1930 1785; x_wconf 86' lang='lat'><strong>,</strong></span> <span class='ocrx_word' id='word_1_649' title='bbox 1953 1741 2050 1779; x_wconf 71' lang='lat' dir='ltr'><strong>aedes</strong></span> <span class='ocrx_word' id='word_1_650' title='bbox 2066 1769 2076 1787; x_wconf 90' lang='lat'><strong>,</strong></span> <span class='ocrx_word' id='word_1_651' title='bbox 2099 1752 2207 1790; x_wconf 87' lang='lat' dir='ltr'><strong>agros</strong></span> <span class='ocrx_word' id='word_1_652' title='bbox 2223 1772 2234 1788; x_wconf 89' lang='lat'><strong>,</strong></span> <span class='ocrx_word' id='word_1_653' title='bbox 2254 1750 2420 1782; x_wconf 83' lang='lat' dir='ltr'><strong>armenta</strong></span> 
     </span>
    </p>
   </div>
   <div class='ocr_carea' id='block_1_86' title="bbox 1343 1797 2420 1853">
    <p class='ocr_par' dir='ltr' id='par_1_86' title="bbox 1343 1797 2420 1853">
     <span class='ocr_line' id='line_1_86' title="bbox 1343 1797 2420 1853; baseline 0.009 -19"><span class='ocrx_word' id='word_1_654' title='bbox 1343 1797 1466 1844; x_wconf 89' lang='lat' dir='ltr'><strong>boum,</strong></span> <span class='ocrx_word' id='word_1_655' title='bbox 1484 1809 1613 1847; x_wconf 83' lang='lat' dir='ltr'><strong>greges</strong></span> <span class='ocrx_word' id='word_1_656' title='bbox 1628 1810 1811 1846; x_wconf 91' lang='lat' dir='ltr'><strong>pecorum.</strong></span> <span class='ocrx_word' id='word_1_657' title='bbox 1829 1801 1893 1839; x_wconf 89' lang='lat' dir='ltr'><strong>Cui</strong></span> <span class='ocrx_word' id='word_1_658' title='bbox 1921 1803 2016 1840; x_wconf 90' lang='lat' dir='ltr'><strong>enim</strong></span> <span class='ocrx_word' id='word_1_659' title='bbox 2042 1803 2131 1840; x_wconf 87' lang='lat' dir='ltr'><strong>mihi</strong></span> <span class='ocrx_word' id='word_1_660' title='bbox 2150 1805 2229 1842; x_wconf 88' lang='lat' dir='ltr'><strong>usui</strong></span> <span class='ocrx_word' id='word_1_661' title='bbox 2248 1803 2326 1842; x_wconf 81' lang='lat' dir='ltr'><strong>haec</strong></span> <span class='ocrx_word' id='word_1_662' title='bbox 2345 1805 2420 1853; x_wconf 84' lang='lat' dir='ltr'><strong>jam</strong></span> 
     </span>
    </p>
   </div>
   <div class='ocr_carea' id='block_1_87' title="bbox 1342 1861 2422 1913">
    <p class='ocr_par' dir='ltr' id='par_1_87' title="bbox 1342 1861 2422 1913">
     <span class='ocr_line' id='line_1_87' title="bbox 1342 1861 2422 1913; baseline 0.006 -15"><span class='ocrx_word' id='word_1_663' title='bbox 1342 1866 1462 1903; x_wconf 85' lang='lat' dir='ltr'><strong>erunt,</strong></span> <span class='ocrx_word' id='word_1_664' title='bbox 1475 1869 1556 1898; x_wconf 90' lang='lat' dir='ltr'><strong>cum</strong></span> <span class='ocrx_word' id='word_1_665' title='bbox 1578 1861 1639 1899; x_wconf 86' lang='lat' dir='ltr'><strong>ille</strong></span> <span class='ocrx_word' id='word_1_666' title='bbox 1655 1872 1727 1898; x_wconf 94' lang='lat' dir='ltr'><strong>non</strong></span> <span class='ocrx_word' id='word_1_667' title='bbox 1749 1861 1844 1900; x_wconf 88' lang='lat' dir='ltr'><strong>adsit</strong></span> <span class='ocrx_word' id='word_1_668' title='bbox 1863 1864 1966 1911; x_wconf 90' lang='lat' dir='ltr'><strong>cujus</strong></span> <span class='ocrx_word' id='word_1_669' title='bbox 1983 1874 2047 1902; x_wconf 87' lang='lat' dir='ltr'><strong>usu</strong></span> <span class='ocrx_word' id='word_1_670' title='bbox 2066 1864 2143 1902; x_wconf 65' lang='lat' dir='ltr'><strong>haec</strong></span> <span class='ocrx_word' id='word_1_671' title='bbox 2154 1872 2276 1913; x_wconf 87' lang='lat' dir='ltr'><strong>parata</strong></span> <span class='ocrx_word' id='word_1_672' title='bbox 2294 1874 2422 1913; x_wconf 89' lang='lat' dir='ltr'><strong>erant,</strong></span> 
     </span>
    </p>
   </div>
   <div class='ocr_carea' id='block_1_88' title="bbox 1342 1923 2421 1974">
    <p class='ocr_par' dir='ltr' id='par_1_88' title="bbox 1342 1923 2421 1974">
     <span class='ocr_line' id='line_1_88' title="bbox 1342 1923 2421 1974; baseline 0.006 -14"><span class='ocrx_word' id='word_1_673' title='bbox 1342 1923 1505 1971; x_wconf 87' lang='lat' dir='ltr'><strong>captivus</strong></span> <span class='ocrx_word' id='word_1_674' title='bbox 1515 1923 1653 1962; x_wconf 88' lang='lat' dir='ltr'><strong>scilicet</strong></span> <span class='ocrx_word' id='word_1_675' title='bbox 1666 1924 1854 1970; x_wconf 86' lang='lat' dir='ltr'><strong>abductus,</strong></span> <span class='ocrx_word' id='word_1_676' title='bbox 1872 1932 1979 1974; x_wconf 86' lang='lat' dir='ltr'><strong>atque</strong></span> <span class='ocrx_word' id='word_1_677' title='bbox 1991 1927 2084 1974; x_wconf 88' lang='lat' dir='ltr'><strong>apud</strong></span> <span class='ocrx_word' id='word_1_678' title='bbox 2099 1927 2276 1966; x_wconf 86' lang='lat' dir='ltr'><strong>immanes</strong></span> <span class='ocrx_word' id='word_1_679' title='bbox 2290 1929 2421 1967; x_wconf 83' lang='lat' dir='ltr'><strong>barba-</strong></span> 
     </span>
    </p>
   </div>
   <div class='ocr_carea' id='block_1_89' title="bbox 1342 1987 2422 2030">
    <p class='ocr_par' dir='ltr' id='par_1_89' title="bbox 1342 1987 2422 2030">
     <span class='ocr_line' id='line_1_89' title="bbox 1342 1987 2422 2030; baseline 0.006 -7"><span class='ocrx_word' id='word_1_680' title='bbox 1342 1995 1405 2023; x_wconf 88' lang='lat' dir='ltr'><strong>ros</strong></span> <span class='ocrx_word' id='word_1_681' title='bbox 1433 1987 1595 2024; x_wconf 76' lang='lat' dir='ltr'><strong>servituti</strong></span> <span class='ocrx_word' id='word_1_682' title='bbox 1617 1987 1780 2025; x_wconf 88' lang='lat' dir='ltr'><strong>addictus</strong></span> <span class='ocrx_word' id='word_1_683' title='bbox 1809 1989 1910 2025; x_wconf 91' lang='lat' dir='ltr'><strong>omni</strong></span> <span class='ocrx_word' id='word_1_684' title='bbox 1931 1995 2048 2026; x_wconf 89' lang='lat' dir='ltr'><strong>morte</strong></span> <span class='ocrx_word' id='word_1_685' title='bbox 2071 1990 2271 2028; x_wconf 84' lang='lat' dir='ltr'><strong>acerbiori?</strong></span> <span class='ocrx_word' id='word_1_686' title='bbox 2290 1992 2422 2030; x_wconf 85' lang='lat' dir='ltr'><strong>Domo-</strong></span> 
     </span>
    </p>
   </div>
   <div class='ocr_carea' id='block_1_90' title="bbox 1341 2048 2421 2100">
    <p class='ocr_par' dir='ltr' id='par_1_90' title="bbox 1341 2048 2421 2100">
     <span class='ocr_line' id='line_1_90' title="bbox 1341 2048 2421 2100; baseline 0.005 -14"><span class='ocrx_word' id='word_1_687' title='bbox 1341 2048 1453 2086; x_wconf 89' lang='lat' dir='ltr'><strong>sticos</strong></span> <span class='ocrx_word' id='word_1_688' title='bbox 1469 2059 1598 2086; x_wconf 86' lang='lat' dir='ltr'><strong>omnes</strong></span> <span class='ocrx_word' id='word_1_689' title='bbox 1625 2049 1780 2096; x_wconf 88' lang='lat' dir='ltr'><strong>pullatos</strong></span> <span class='ocrx_word' id='word_1_690' title='bbox 1804 2050 1972 2088; x_wconf 89' lang='lat' dir='ltr'><strong>incedere</strong></span> <span class='ocrx_word' id='word_1_691' title='bbox 1986 2051 2076 2098; x_wconf 89' lang='lat' dir='ltr'><strong>jussi</strong></span> <span class='ocrx_word' id='word_1_692' title='bbox 2091 2080 2102 2097; x_wconf 90' lang='lat'><strong>,</strong></span> <span class='ocrx_word' id='word_1_693' title='bbox 2121 2053 2260 2100; x_wconf 88' lang='lat' dir='ltr'><strong>aspersi</strong></span> <span class='ocrx_word' id='word_1_694' title='bbox 2296 2053 2421 2092; x_wconf 85' lang='lat' dir='ltr'><strong>cinere</strong></span> 
     </span>
    </p>
   </div>
   <div class='ocr_carea' id='block_1_91' title="bbox 1341 2111 2422 2162">
    <p class='ocr_par' dir='ltr' id='par_1_91' title="bbox 1341 2111 2422 2162">
     <span class='ocr_line' id='line_1_91' title="bbox 1341 2111 2422 2162; baseline 0.006 -14"><span class='ocrx_word' id='word_1_695' title='bbox 1341 2111 1458 2158; x_wconf 90' lang='lat' dir='ltr'><strong>capita</strong></span> <span class='ocrx_word' id='word_1_696' title='bbox 1475 2138 1485 2156; x_wconf 92' lang='lat'><strong>,</strong></span> <span class='ocrx_word' id='word_1_697' title='bbox 1516 2111 1709 2149; x_wconf 86' lang='lat' dir='ltr'><strong>mulierum</strong></span> <span class='ocrx_word' id='word_1_698' title='bbox 1735 2112 1868 2151; x_wconf 87' lang='lat' dir='ltr'><strong>choros</strong></span> <span class='ocrx_word' id='word_1_699' title='bbox 1897 2113 2056 2157; x_wconf 86' lang='lat' dir='ltr'><strong>institui.</strong></span> <span class='ocrx_word' id='word_1_700' title='bbox 2073 2114 2238 2162; x_wconf 83' lang='lat' dir='ltr'><strong>jussique</strong></span> <span class='ocrx_word' id='word_1_701' title='bbox 2262 2116 2422 2154; x_wconf 87' lang='lat' dir='ltr'><strong>amarius</strong></span> 
     </span>
    </p>
   </div>
   <div class='ocr_carea' id='block_1_92' title="bbox 1342 2172 2419 2222">
    <p class='ocr_par' dir='ltr' id='par_1_92' title="bbox 1342 2172 2419 2222">
     <span class='ocr_line' id='line_1_92' title="bbox 1342 2172 2419 2222; baseline 0.006 -13"><span class='ocrx_word' id='word_1_702' title='bbox 1342 2172 1528 2221; x_wconf 89' lang='lat' dir='ltr'><strong>plangere,</strong></span> <span class='ocrx_word' id='word_1_703' title='bbox 1557 2185 1666 2222; x_wconf 89' lang='lat' dir='ltr'><strong>quam</strong></span> <span class='ocrx_word' id='word_1_704' title='bbox 1691 2175 1722 2212; x_wconf 90' lang='lat' dir='ltr'><strong>si</strong></span> <span class='ocrx_word' id='word_1_705' title='bbox 1753 2182 1935 2213; x_wconf 91' lang='lat' dir='ltr'><strong>mortuum</strong></span> <span class='ocrx_word' id='word_1_706' title='bbox 1957 2177 2146 2214; x_wconf 89' lang='lat' dir='ltr'><strong>vidissent.</strong></span> <span class='ocrx_word' id='word_1_707' title='bbox 2169 2178 2257 2216; x_wconf 89' lang='lat' dir='ltr'><strong>Date</strong></span> <span class='ocrx_word' id='word_1_708' title='bbox 2276 2179 2419 2216; x_wconf 87' lang='lat' dir='ltr'><strong>veniam</strong></span> 
     </span>
    </p>
   </div>
   <div class='ocr_carea' id='block_1_93' title="bbox 1342 2234 2418 2288">
    <p class='ocr_par' dir='ltr' id='par_1_93' title="bbox 1342 2234 2418 2288">
     <span class='ocr_line' id='line_1_93' title="bbox 1342 2234 2418 2288; baseline 0.007 -17"><span class='ocrx_word' id='word_1_709' title='bbox 1342 2234 1421 2272; x_wconf 64' lang='lat' dir='ltr'><strong>haec</strong></span> <span class='ocrx_word' id='word_1_710' title='bbox 1437 2234 1583 2273; x_wconf 88' lang='lat' dir='ltr'><strong>facienti</strong></span> <span class='ocrx_word' id='word_1_711' title='bbox 1604 2237 1716 2274; x_wconf 89' lang='lat' dir='ltr'><strong>mihi:</strong></span> <span class='ocrx_word' id='word_1_712' title='bbox 1739 2237 1799 2275; x_wconf 84' lang='lat' dir='ltr'><strong>hic</strong></span> <span class='ocrx_word' id='word_1_713' title='bbox 1820 2237 1910 2275; x_wconf 91' lang='lat' dir='ltr'><strong>mihi</strong></span> <span class='ocrx_word' id='word_1_714' title='bbox 1927 2238 2046 2277; x_wconf 88' lang='lat' dir='ltr'><strong>luctus</strong></span> <span class='ocrx_word' id='word_1_715' title='bbox 2075 2239 2184 2288; x_wconf 84' lang='lat' dir='ltr'><strong>longe</strong></span> <span class='ocrx_word' id='word_1_716' title='bbox 2202 2240 2265 2277; x_wconf 89' lang='lat' dir='ltr'><strong>illo</strong></span> <span class='ocrx_word' id='word_1_717' title='bbox 2282 2241 2418 2287; x_wconf 89' lang='lat' dir='ltr'><strong>major:</strong></span> 
     </span>
    </p>
   </div>
   <div class='ocr_carea' id='block_1_94' title="bbox 1337 2297 2421 2350">
    <p class='ocr_par' dir='ltr' id='par_1_94' title="bbox 1337 2297 2421 2350">
     <span class='ocr_line' id='line_1_94' title="bbox 1337 2297 2421 2350; baseline 0.007 -16"><span class='ocrx_word' id='word_1_718' title='bbox 1337 2297 1412 2345; x_wconf 88' lang='lat' dir='ltr'><strong>jam</strong></span> <span class='ocrx_word' id='word_1_719' title='bbox 1435 2299 1522 2335; x_wconf 89' lang='lat' dir='ltr'><strong>mihi</strong></span> <span class='ocrx_word' id='word_1_720' title='bbox 1551 2299 1611 2337; x_wconf 86' lang='lat' dir='ltr'><strong>lux</strong></span> <span class='ocrx_word' id='word_1_721' title='bbox 1637 2300 1712 2348; x_wconf 85' lang='lat' dir='ltr'><strong>ipsa</strong></span> <span class='ocrx_word' id='word_1_722' title='bbox 1729 2301 1883 2338; x_wconf 88' lang='lat' dir='ltr'><strong>molesta</strong></span> <span class='ocrx_word' id='word_1_723' title='bbox 1901 2308 1957 2339; x_wconf 91' lang='lat' dir='ltr'><strong>est</strong></span> <span class='ocrx_word' id='word_1_724' title='bbox 1971 2329 1982 2346; x_wconf 89' lang='lat'><strong>,</strong></span> <span class='ocrx_word' id='word_1_725' title='bbox 2002 2303 2172 2350; x_wconf 89' lang='lat' dir='ltr'><strong>ipsosque</strong></span> <span class='ocrx_word' id='word_1_726' title='bbox 2191 2304 2280 2341; x_wconf 90' lang='lat' dir='ltr'><strong>solis</strong></span> <span class='ocrx_word' id='word_1_727' title='bbox 2298 2305 2421 2342; x_wconf 85' lang='lat' dir='ltr'><strong>radios</strong></span> 
     </span>
    </p>
   </div>
   <div class='ocr_carea' id='block_1_95' title="bbox 1342 2359 2415 2412">
    <p class='ocr_par' dir='ltr' id='par_1_95' title="bbox 1342 2359 2415 2412">
     <span class='ocr_line' id='line_1_95' title="bbox 1342 2359 2415 2412; baseline 0.007 -16"><span class='ocrx_word' id='word_1_728' title='bbox 1342 2359 1483 2407; x_wconf 86' lang='lat' dir='ltr'><strong>ingrate</strong></span> <span class='ocrx_word' id='word_1_729' title='bbox 1500 2361 1675 2407; x_wconf 90' lang='lat' dir='ltr'><strong>suspicio,</strong></span> <span class='ocrx_word' id='word_1_730' title='bbox 1698 2371 1780 2398; x_wconf 89' lang='lat' dir='ltr'><strong>cum</strong></span> <span class='ocrx_word' id='word_1_731' title='bbox 1808 2363 1843 2398; x_wconf 92' lang='lat' dir='ltr'><strong>in</strong></span> <span class='ocrx_word' id='word_1_732' title='bbox 1873 2369 2034 2400; x_wconf 89' lang='lat' dir='ltr'><strong>mentem</strong></span> <span class='ocrx_word' id='word_1_733' title='bbox 2055 2365 2153 2402; x_wconf 90' lang='lat' dir='ltr'><strong>venit</strong></span> <span class='ocrx_word' id='word_1_734' title='bbox 2171 2365 2327 2412; x_wconf 74' lang='lat' dir='ltr'><strong>infelicis</strong></span> <span class='ocrx_word' id='word_1_735' title='bbox 2353 2367 2415 2404; x_wconf 85' lang='lat' dir='ltr'><strong>lilii</strong></span> 
     </span>
    </p>
   </div>
   <div class='ocr_carea' id='block_1_96' title="bbox 1341 2420 2421 2472">
    <p class='ocr_par' dir='ltr' id='par_1_96' title="bbox 1341 2420 2421 2472">
     <span class='ocr_line' id='line_1_96' title="bbox 1341 2420 2421 2472; baseline 0.006 -15"><span class='ocrx_word' id='word_1_736' title='bbox 1341 2420 1511 2464; x_wconf 88' lang='lat' dir='ltr'><strong>habitus;</strong></span> <span class='ocrx_word' id='word_1_737' title='bbox 1545 2432 1627 2458; x_wconf 89' lang='lat' dir='ltr'><strong>cum</strong></span> <span class='ocrx_word' id='word_1_738' title='bbox 1657 2422 1756 2459; x_wconf 88' lang='lat' dir='ltr'><strong>illum</strong></span> <span class='ocrx_word' id='word_1_739' title='bbox 1778 2423 1964 2461; x_wconf 87' lang='lat' dir='ltr'><strong>vilissimis</strong></span> <span class='ocrx_word' id='word_1_740' title='bbox 1995 2425 2163 2472; x_wconf 79' lang='lat' dir='ltr'><strong>agricolis</strong></span> <span class='ocrx_word' id='word_1_741' title='bbox 2193 2426 2421 2464; x_wconf 87' lang='lat' dir='ltr'><strong>inhonestius</strong></span> 
     </span>
    </p>
   </div>
   <div class='ocr_carea' id='block_1_97' title="bbox 1344 2485 2417 2533">
    <p class='ocr_par' dir='ltr' id='par_1_97' title="bbox 1344 2485 2417 2533">
     <span class='ocr_line' id='line_1_97' title="bbox 1344 2485 2417 2533; baseline 0.006 -13"><span class='ocrx_word' id='word_1_742' title='bbox 1344 2485 1513 2521; x_wconf 90' lang='lat' dir='ltr'><strong>vestitum</strong></span> <span class='ocrx_word' id='word_1_743' title='bbox 1529 2494 1662 2530; x_wconf 89' lang='lat' dir='ltr'><strong>cerno,</strong></span> <span class='ocrx_word' id='word_1_744' title='bbox 1677 2489 1786 2532; x_wconf 89' lang='lat' dir='ltr'><strong>atque</strong></span> <span class='ocrx_word' id='word_1_745' title='bbox 1811 2485 1856 2521; x_wconf 90' lang='lat' dir='ltr'><strong>ad</strong></span> <span class='ocrx_word' id='word_1_746' title='bbox 1886 2485 2082 2532; x_wconf 89' lang='lat' dir='ltr'><strong>abjectiora</strong></span> <span class='ocrx_word' id='word_1_747' title='bbox 2102 2497 2212 2533; x_wconf 85' lang='lat' dir='ltr'><strong>opera</strong></span> <span class='ocrx_word' id='word_1_748' title='bbox 2239 2489 2388 2526; x_wconf 87' lang='lat' dir='ltr'><strong>missum</strong></span> <span class='ocrx_word' id='word_1_749' title='bbox 2406 2501 2417 2533; x_wconf 92' lang='lat'><strong>;</strong></span> 
     </span>
    </p>
   </div>
   <div class='ocr_carea' id='block_1_98' title="bbox 1340 2545 2420 2596">
    <p class='ocr_par' dir='ltr' id='par_1_98' title="bbox 1340 2545 2420 2596">
     <span class='ocr_line' id='line_1_98' title="bbox 1340 2545 2420 2596; baseline -0.001 -8"><span class='ocrx_word' id='word_1_750' title='bbox 1340 2560 1424 2588; x_wconf 90' lang='lat' dir='ltr'><strong>cum</strong></span> <span class='ocrx_word' id='word_1_751' title='bbox 1453 2545 1640 2586; x_wconf 85' lang='lat' dir='ltr'><strong>immobile</strong></span> <span class='ocrx_word' id='word_1_752' title='bbox 1659 2546 1884 2595; x_wconf 88' lang='lat' dir='ltr'><strong>propositum</strong></span> <span class='ocrx_word' id='word_1_753' title='bbox 1902 2546 1980 2595; x_wconf 89' lang='lat' dir='ltr'><strong>ejus</strong></span> <span class='ocrx_word' id='word_1_754' title='bbox 1999 2547 2214 2594; x_wconf 86' lang='lat' dir='ltr'><strong>considero,</strong></span> <span class='ocrx_word' id='word_1_755' title='bbox 2236 2559 2322 2586; x_wconf 89' lang='lat' dir='ltr'><strong>uror</strong></span> <span class='ocrx_word' id='word_1_756' title='bbox 2334 2578 2345 2596; x_wconf 92' lang='lat'><strong>,</strong></span> <span class='ocrx_word' id='word_1_757' title='bbox 2365 2550 2420 2587; x_wconf 90' lang='lat' dir='ltr'><strong>la-</strong></span> 
     </span>
    </p>
   </div>
   <div class='ocr_carea' id='block_1_99' title="bbox 1341 2610 1702 2660">
    <p class='ocr_par' dir='ltr' id='par_1_99' title="bbox 1341 2610 1702 2660">
     <span class='ocr_line' id='line_1_99' title="bbox 1341 2610 1702 2660; baseline -0.006 -10"><span class='ocrx_word' id='word_1_758' title='bbox 1341 2621 1462 2657; x_wconf 88' lang='lat' dir='ltr'><strong>ceror,</strong></span> <span class='ocrx_word' id='word_1_759' title='bbox 1480 2610 1702 2660; x_wconf 82' lang='lat' dir='ltr'><strong>disrumpor.</strong></span> 
     </span>
    </p>
   </div>
   <div class='ocr_carea' id='block_1_100' title="bbox 1389 2670 2415 2723">
    <p class='ocr_par' dir='ltr' id='par_1_100' title="bbox 1389 2670 2415 2723">
     <span class='ocr_line' id='line_1_100' title="bbox 1389 2670 2415 2723; baseline -0.008 -11"><span class='ocrx_word' id='word_1_760' title='bbox 1389 2675 1426 2712; x_wconf 80' lang='grc'><strong>5.</strong></span> <span class='ocrx_word' id='word_1_761' title='bbox 1454 2674 1540 2711; x_wconf 61' lang='lat' dir='ltr'><strong>llaec</strong></span> <span class='ocrx_word' id='word_1_762' title='bbox 1557 2673 1698 2720; x_wconf 89' lang='lat' dir='ltr'><strong>dicens,</strong></span> <span class='ocrx_word' id='word_1_763' title='bbox 1720 2670 1950 2722; x_wconf 85' lang='lat' dir='ltr'><strong>provolvatur</strong></span> <span class='ocrx_word' id='word_1_764' title='bbox 1967 2671 2074 2712; x_wconf 85' lang='lat' dir='ltr'><strong>etiam</strong></span> <span class='ocrx_word' id='word_1_765' title='bbox 2098 2671 2322 2710; x_wconf 86' lang='lat' dir='ltr'><strong>audientium</strong></span> <span class='ocrx_word' id='word_1_766' title='bbox 2351 2685 2415 2723; x_wconf 68' lang='lat' dir='ltr'><strong>pe-</strong></span> 
     </span>
    </p>
   </div>
   <div class='ocr_carea' id='block_1_101' title="bbox 1341 2737 2418 2786">
    <p class='ocr_par' dir='ltr' id='par_1_101' title="bbox 1341 2737 2418 2786">
     <span class='ocr_line' id='line_1_101' title="bbox 1341 2737 2418 2786; baseline 0.002 -12"><span class='ocrx_word' id='word_1_767' title='bbox 1341 2737 1469 2782; x_wconf 87' lang='lat' dir='ltr'><strong>dibus,</strong></span> <span class='ocrx_word' id='word_1_768' title='bbox 1489 2742 1657 2785; x_wconf 87' lang='lat' dir='ltr'><strong>aspergat</strong></span> <span class='ocrx_word' id='word_1_769' title='bbox 1685 2737 1806 2775; x_wconf 75' lang='lat' dir='ltr'><strong>cinere</strong></span> <span class='ocrx_word' id='word_1_770' title='bbox 1839 2743 1947 2785; x_wconf 91' lang='lat' dir='ltr'><strong>caput</strong></span> <span class='ocrx_word' id='word_1_771' title='bbox 1962 2765 1972 2781; x_wconf 89' lang='lat'><strong>,</strong></span> <span class='ocrx_word' id='word_1_772' title='bbox 1996 2737 2166 2785; x_wconf 83' lang='lat' dir='ltr'><strong>detur-pet</strong></span> <span class='ocrx_word' id='word_1_773' title='bbox 2190 2739 2338 2786; x_wconf 87' lang='lat' dir='ltr'><strong>pulvere</strong></span> <span class='ocrx_word' id='word_1_774' title='bbox 2365 2738 2418 2776; x_wconf 84' lang='lat' dir='ltr'><strong>fa-</strong></span> 
     </span>
    </p>
   </div>
   <div class='ocr_carea' id='block_1_102' title="bbox 1340 2799 2418 2847">
    <p class='ocr_par' dir='ltr' id='par_1_102' title="bbox 1340 2799 2418 2847">
     <span class='ocr_line' id='line_1_102' title="bbox 1340 2799 2418 2847; baseline 0 -9"><span class='ocrx_word' id='word_1_775' title='bbox 1340 2802 1434 2838; x_wconf 90' lang='lat' dir='ltr'><strong>ciem</strong></span> <span class='ocrx_word' id='word_1_776' title='bbox 1449 2829 1460 2847; x_wconf 89' lang='lat'><strong>,</strong></span> <span class='ocrx_word' id='word_1_777' title='bbox 1480 2811 1680 2847; x_wconf 84' lang='lat' dir='ltr'><strong>comesque</strong></span> <span class='ocrx_word' id='word_1_778' title='bbox 1694 2803 1861 2847; x_wconf 83' lang='lat' dir='ltr'><strong>precetur</strong></span> <span class='ocrx_word' id='word_1_779' title='bbox 1875 2805 1914 2837; x_wconf 94' lang='lat' dir='ltr'><strong>ut</strong></span> <span class='ocrx_word' id='word_1_780' title='bbox 1928 2799 2112 2847; x_wconf 82' lang='lat' dir='ltr'><strong>porrigant</strong></span> <span class='ocrx_word' id='word_1_781' title='bbox 2127 2811 2287 2845; x_wconf 89' lang='lat' dir='ltr'><strong>manum,</strong></span> <span class='ocrx_word' id='word_1_782' title='bbox 2304 2811 2418 2838; x_wconf 85' lang='lat' dir='ltr'><strong>canos</strong></span> 
     </span>
    </p>
   </div>
   <div class='ocr_carea' id='block_1_103' title="bbox 1341 2861 2418 2910">
    <p class='ocr_par' dir='ltr' id='par_1_103' title="bbox 1341 2861 2418 2910">
     <span class='ocr_line' id='line_1_103' title="bbox 1341 2861 2418 2910; baseline 0.001 -11"><span class='ocrx_word' id='word_1_783' title='bbox 1341 2863 1498 2900; x_wconf 88' lang='lat' dir='ltr'><strong>vellicet.</strong></span> <span class='ocrx_word' id='word_1_784' title='bbox 1519 2863 1615 2900; x_wconf 90' lang='lat' dir='ltr'><strong>Satis</strong></span> <span class='ocrx_word' id='word_1_785' title='bbox 1643 2869 1729 2910; x_wconf 93' lang='lat' dir='ltr'><strong>puto</strong></span> <span class='ocrx_word' id='word_1_786' title='bbox 1756 2861 1947 2909; x_wconf 84' lang='lat' dir='ltr'><strong>diligenter</strong></span> <span class='ocrx_word' id='word_1_787' title='bbox 1971 2867 2219 2898; x_wconf 89' lang='lat' dir='ltr'><strong>accusatorem</strong></span> <span class='ocrx_word' id='word_1_788' title='bbox 2247 2863 2418 2900; x_wconf 77' lang='lat' dir='ltr'><strong>instruxi-</strong></span> 
     </span>
    </p>
   </div>
   <div class='ocr_carea' id='block_1_104' title="bbox 1340 2914 2418 2972">
    <p class='ocr_par' dir='ltr' id='par_1_104' title="bbox 1340 2914 2418 2972">
     <span class='ocr_line' id='line_1_104' title="bbox 1340 2914 2418 2972; baseline -0.001 -8"><span class='ocrx_word' id='word_1_789' title='bbox 1340 2937 1435 2972; x_wconf 88' lang='lat' dir='ltr'><strong>mus,</strong></span> <span class='ocrx_word' id='word_1_790' title='bbox 1456 2925 1501 2962; x_wconf 90' lang='lat' dir='ltr'><strong>ad</strong></span> <span class='ocrx_word' id='word_1_791' title='bbox 1526 2914 1801 2963; x_wconf 58' lang='lat' dir='ltr'><strong>inflammati/dos</strong></span> <span class='ocrx_word' id='word_1_792' title='bbox 1821 2924 2004 2961; x_wconf 88' lang='lat' dir='ltr'><strong>auditores</strong></span> <span class='ocrx_word' id='word_1_793' title='bbox 2021 2934 2148 2962; x_wconf 85' lang='lat' dir='ltr'><strong>omnes</strong></span> <span class='ocrx_word' id='word_1_794' title='bbox 2167 2952 2177 2968; x_wconf 88' lang='lat'><strong>,</strong></span> <span class='ocrx_word' id='word_1_795' title='bbox 2201 2925 2418 2963; x_wconf 83' lang='lat' dir='ltr'><strong>incitandos-</strong></span> 
     </span>
    </p>
   </div>
   <div class='ocr_carea' id='block_1_105' title="bbox 1339 2988 2422 3039">
    <p class='ocr_par' dir='ltr' id='par_1_105' title="bbox 1339 2988 2422 3039">
     <span class='ocr_line' id='line_1_105' title="bbox 1339 2988 2422 3039; baseline -0.003 -12"><span class='ocrx_word' id='word_1_796' title='bbox 1339 3001 1412 3039; x_wconf 87' lang='lat' dir='ltr'><strong>que</strong></span> <span class='ocrx_word' id='word_1_797' title='bbox 1427 3018 1438 3036; x_wconf 93' lang='lat'><strong>,</strong></span> <span class='ocrx_word' id='word_1_798' title='bbox 1459 2996 1498 3027; x_wconf 92' lang='lat' dir='ltr'><strong>ut</strong></span> <span class='ocrx_word' id='word_1_799' title='bbox 1517 2989 1646 3027; x_wconf 91' lang='lat' dir='ltr'><strong>horum</strong></span> <span class='ocrx_word' id='word_1_800' title='bbox 1664 2995 1832 3026; x_wconf 88' lang='lat' dir='ltr'><strong>auctores</strong></span> <span class='ocrx_word' id='word_1_801' title='bbox 1851 2999 1914 3036; x_wconf 89' lang='lat' dir='ltr'><strong>per</strong></span> <span class='ocrx_word' id='word_1_802' title='bbox 1930 2989 2125 3036; x_wconf 71' lang='lat' dir='ltr'><strong>praecipitia</strong></span> <span class='ocrx_word' id='word_1_803' title='bbox 2143 2995 2263 3035; x_wconf 82' lang='lat' dir='ltr'><strong>agant.</strong></span> <span class='ocrx_word' id='word_1_804' title='bbox 2282 2988 2422 3026; x_wconf 84' lang='lat' dir='ltr'><strong>Idcirco</strong></span> 
     </span>
    </p>
   </div>
   <div class='ocr_carea' id='block_1_106' title="bbox 1340 3048 2420 3100">
    <p class='ocr_par' dir='ltr' id='par_1_106' title="bbox 1340 3048 2420 3100">
     <span class='ocr_line' id='line_1_106' title="bbox 1340 3048 2420 3100; baseline -0.002 -10"><span class='ocrx_word' id='word_1_805' title='bbox 1340 3053 1437 3091; x_wconf 91' lang='lat' dir='ltr'><strong>enim</strong></span> <span class='ocrx_word' id='word_1_806' title='bbox 1455 3048 1643 3100; x_wconf 86' lang='lat' dir='ltr'><strong>supremas</strong></span> <span class='ocrx_word' id='word_1_807' title='bbox 1663 3052 1825 3089; x_wconf 89' lang='lat' dir='ltr'><strong>omnium</strong></span> <span class='ocrx_word' id='word_1_808' title='bbox 1842 3051 2090 3088; x_wconf 87' lang='lat' dir='ltr'><strong>accusationes</strong></span> <span class='ocrx_word' id='word_1_809' title='bbox 2106 3051 2224 3088; x_wconf 85' lang='lat' dir='ltr'><strong>verbis</strong></span> <span class='ocrx_word' id='word_1_810' title='bbox 2241 3051 2420 3097; x_wconf 76' lang='lat' dir='ltr'><strong>expressi,</strong></span> 
     </span>
    </p>
   </div>
   <div class='ocr_carea' id='block_1_107' title="bbox 1341 3113 2420 3163">
    <p class='ocr_par' dir='ltr' id='par_1_107' title="bbox 1341 3113 2420 3163">
     <span class='ocr_line' id='line_1_107' title="bbox 1341 3113 2420 3163; baseline -0.004 -9"><span class='ocrx_word' id='word_1_811' title='bbox 1341 3123 1402 3162; x_wconf 86' lang='lat' dir='ltr'><strong>ut,</strong></span> <span class='ocrx_word' id='word_1_812' title='bbox 1421 3116 1490 3154; x_wconf 91' lang='lat' dir='ltr'><strong>hoc</strong></span> <span class='ocrx_word' id='word_1_813' title='bbox 1511 3115 1560 3153; x_wconf 88' lang='lat' dir='ltr'><strong>ita</strong></span> <span class='ocrx_word' id='word_1_814' title='bbox 1587 3121 1796 3163; x_wconf 87' lang='lat' dir='ltr'><strong>comparato</strong></span> <span class='ocrx_word' id='word_1_815' title='bbox 1825 3120 2037 3152; x_wconf 85' lang='lat' dir='ltr'><strong>accusatore</strong></span> <span class='ocrx_word' id='word_1_816' title='bbox 2059 3125 2123 3162; x_wconf 91' lang='lat' dir='ltr'><strong>per</strong></span> <span class='ocrx_word' id='word_1_817' title='bbox 2151 3113 2308 3150; x_wconf 90' lang='lat' dir='ltr'><strong>divinam</strong></span> <span class='ocrx_word' id='word_1_818' title='bbox 2336 3124 2420 3162; x_wconf 80' lang='lat' dir='ltr'><strong>gra-</strong></span> 
     </span>
    </p>
   </div>
   <div class='ocr_carea' id='block_1_108' title="bbox 1341 3178 2417 3227">
    <p class='ocr_par' dir='ltr' id='par_1_108' title="bbox 1341 3178 2417 3227">
     <span class='ocr_line' id='line_1_108' title="bbox 1341 3178 2417 3227; baseline -0.002 -11"><span class='ocrx_word' id='word_1_819' title='bbox 1341 3182 1428 3217; x_wconf 90' lang='lat' dir='ltr'><strong>tiam</strong></span> <span class='ocrx_word' id='word_1_820' title='bbox 1461 3186 1664 3227; x_wconf 87' lang='lat' dir='ltr'><strong>prostrato,</strong></span> <span class='ocrx_word' id='word_1_821' title='bbox 1683 3190 1728 3216; x_wconf 82' lang='lat' dir='ltr'><strong>cx</strong></span> <span class='ocrx_word' id='word_1_822' title='bbox 1751 3179 1901 3226; x_wconf 85' lang='lat' dir='ltr'><strong>reliquis</strong></span> <span class='ocrx_word' id='word_1_823' title='bbox 1927 3189 2034 3215; x_wconf 90' lang='lat' dir='ltr'><strong>nemo</strong></span> <span class='ocrx_word' id='word_1_824' title='bbox 2053 3184 2176 3225; x_wconf 89' lang='lat' dir='ltr'><strong>postea</strong></span> <span class='ocrx_word' id='word_1_825' title='bbox 2205 3178 2335 3215; x_wconf 88' lang='lat' dir='ltr'><strong>nmtire</strong></span> <span class='ocrx_word' id='word_1_826' title='bbox 2355 3189 2417 3214; x_wconf 87' lang='lat' dir='ltr'><strong>va-</strong></span> 
     </span>
    </p>
   </div>
   <div class='ocr_carea' id='block_1_109' title="bbox 1341 3242 2420 3289">
    <p class='ocr_par' dir='ltr' id='par_1_109' title="bbox 1341 3242 2420 3289">
     <span class='ocr_line' id='line_1_109' title="bbox 1341 3242 2420 3289; baseline -0.001 -9"><span class='ocrx_word' id='word_1_827' title='bbox 1341 3244 1426 3280; x_wconf 90' lang='lat' dir='ltr'><strong>leat.</strong></span> <span class='ocrx_word' id='word_1_828' title='bbox 1456 3243 1570 3288; x_wconf 77' lang='lat' dir='ltr'><strong>Nam,</strong></span> <span class='ocrx_word' id='word_1_829' title='bbox 1587 3254 1632 3280; x_wconf 91' lang='lat' dir='ltr'><strong>co</strong></span> <span class='ocrx_word' id='word_1_830' title='bbox 1659 3243 1715 3279; x_wconf 91' lang='lat' dir='ltr'><strong>cui</strong></span> <span class='ocrx_word' id='word_1_831' title='bbox 1744 3242 1821 3280; x_wconf 66' lang='lat' dir='ltr'><strong>hinc</strong></span> <span class='ocrx_word' id='word_1_832' title='bbox 1848 3243 1970 3280; x_wconf 90' lang='lat' dir='ltr'><strong>omnia</strong></span> <span class='ocrx_word' id='word_1_833' title='bbox 2003 3242 2110 3279; x_wconf 88' lang='lat' dir='ltr'><strong>simul</strong></span> <span class='ocrx_word' id='word_1_834' title='bbox 2139 3248 2349 3289; x_wconf 86' lang='lat' dir='ltr'><strong>competunt</strong></span> <span class='ocrx_word' id='word_1_835' title='bbox 2373 3242 2420 3279; x_wconf 85' lang='lat' dir='ltr'><strong>ad</strong></span> 
     </span>
    </p>
   </div>
   <div class='ocr_carea' id='block_1_110' title="bbox 1340 3305 2418 3354">
    <p class='ocr_par' dir='ltr' id='par_1_110' title="bbox 1340 3305 2418 3354">
     <span class='ocr_line' id='line_1_110' title="bbox 1340 3305 2418 3354; baseline 0 -10"><span class='ocrx_word' id='word_1_836' title='bbox 1340 3307 1522 3344; x_wconf 81' lang='lat' dir='ltr'><strong>silentium</strong></span> <span class='ocrx_word' id='word_1_837' title='bbox 1544 3306 1692 3344; x_wconf 90' lang='lat' dir='ltr'><strong>redacto</strong></span> <span class='ocrx_word' id='word_1_838' title='bbox 1704 3334 1714 3350; x_wconf 91' lang='lat'><strong>,</strong></span> <span class='ocrx_word' id='word_1_839' title='bbox 1733 3306 1794 3354; x_wconf 88' lang='lat' dir='ltr'><strong>qui</strong></span> <span class='ocrx_word' id='word_1_840' title='bbox 1810 3318 1880 3344; x_wconf 91' lang='lat' dir='ltr'><strong>non</strong></span> <span class='ocrx_word' id='word_1_841' title='bbox 1906 3307 2028 3344; x_wconf 81' lang='lat' dir='ltr'><strong>ontnia</strong></span> <span class='ocrx_word' id='word_1_842' title='bbox 2044 3306 2158 3346; x_wconf 81' lang='lat' dir='ltr'><strong>siinul</strong></span> <span class='ocrx_word' id='word_1_843' title='bbox 2171 3305 2318 3345; x_wconf 87' lang='lat' dir='ltr'><strong>habebit</strong></span> <span class='ocrx_word' id='word_1_844' title='bbox 2337 3305 2418 3353; x_wconf 88' lang='lat' dir='ltr'><strong>(nc-</strong></span> 
     </span>
    </p>
   </div>
   <div class='ocr_carea' id='block_1_111' title="bbox 1340 3369 2415 3418">
    <p class='ocr_par' dir='ltr' id='par_1_111' title="bbox 1340 3369 2415 3418">
     <span class='ocr_line' id='line_1_111' title="bbox 1340 3369 2415 3418; baseline 0.001 -12"><span class='ocrx_word' id='word_1_845' title='bbox 1340 3381 1411 3418; x_wconf 93' lang='lat' dir='ltr'><strong>que</strong></span> <span class='ocrx_word' id='word_1_846' title='bbox 1432 3370 1528 3406; x_wconf 77' lang='lat' dir='ltr'><strong>enim</strong></span> <span class='ocrx_word' id='word_1_847' title='bbox 1558 3369 1636 3406; x_wconf 84' lang='lat' dir='ltr'><strong>ﬁeri</strong></span> <span class='ocrx_word' id='word_1_848' title='bbox 1667 3375 1810 3416; x_wconf 88' lang='lat' dir='ltr'><strong>potest,</strong></span> <span class='ocrx_word' id='word_1_849' title='bbox 1833 3375 1874 3406; x_wconf 88' lang='lat' dir='ltr'><strong>ut</strong></span> <span class='ocrx_word' id='word_1_850' title='bbox 1906 3370 1984 3408; x_wconf 82' lang='lat' dir='ltr'><strong>haec</strong></span> <span class='ocrx_word' id='word_1_851' title='bbox 2013 3369 2135 3406; x_wconf 90' lang='lat' dir='ltr'><strong>omnia</strong></span> <span class='ocrx_word' id='word_1_852' title='bbox 2167 3370 2415 3415; x_wconf 81' lang='lat' dir='ltr'><strong>concurrant).</strong></span> 
     </span>
    </p>
   </div>
   <div class='ocr_carea' id='block_1_112' title="bbox 1340 3431 2420 3479">
    <p class='ocr_par' dir='ltr' id='par_1_112' title="bbox 1340 3431 2420 3479">
     <span class='ocr_line' id='line_1_112' title="bbox 1340 3431 2420 3479; baseline -0.006 -9"><span class='ocrx_word' id='word_1_853' title='bbox 1340 3433 1446 3470; x_wconf 80' lang='lat' dir='ltr'><strong>facile</strong></span> <span class='ocrx_word' id='word_1_854' title='bbox 1466 3433 1571 3470; x_wconf 91' lang='lat' dir='ltr'><strong>nobis</strong></span> <span class='ocrx_word' id='word_1_855' title='bbox 1597 3433 1784 3470; x_wconf 83' lang='lat' dir='ltr'><strong>victoriam</strong></span> <span class='ocrx_word' id='word_1_856' title='bbox 1813 3432 1998 3470; x_wconf 89' lang='lat' dir='ltr'><strong>concedet.</strong></span> <span class='ocrx_word' id='word_1_857' title='bbox 2019 3432 2085 3470; x_wconf 89' lang='lat' dir='ltr'><strong>llic</strong></span> <span class='ocrx_word' id='word_1_858' title='bbox 2119 3431 2240 3479; x_wconf 90' lang='lat' dir='ltr'><strong>itaque</strong></span> <span class='ocrx_word' id='word_1_859' title='bbox 2269 3431 2337 3468; x_wconf 79' lang='lat' dir='ltr'><strong>ista</strong></span> <span class='ocrx_word' id='word_1_860' title='bbox 2353 3458 2362 3471; x_wconf 89' lang='lat'><strong><em>.</em></strong></span> <span class='ocrx_word' id='word_1_861' title='bbox 2382 3435 2420 3466; x_wconf 91' lang='lat' dir='ltr'><strong>et</strong></span> 
     </span>
    </p>
   </div>
   <div class='ocr_carea' id='block_1_113' title="bbox 1339 3491 2415 3542">
    <p class='ocr_par' dir='ltr' id='par_1_113' title="bbox 1339 3491 2415 3542">
     <span class='ocr_line' id='line_1_113' title="bbox 1339 3491 2415 3542; baseline -0.002 -10"><span class='ocrx_word' id='word_1_862' title='bbox 1339 3495 1397 3532; x_wconf 88' lang='lat' dir='ltr'><strong>his</strong></span> <span class='ocrx_word' id='word_1_863' title='bbox 1425 3496 1528 3542; x_wconf 91' lang='lat' dir='ltr'><strong>plura</strong></span> <span class='ocrx_word' id='word_1_864' title='bbox 1549 3497 1560 3516; x_wconf 77' lang='grc'>⁸</span> <span class='ocrx_word' id='word_1_865' title='bbox 1580 3496 1689 3532; x_wconf 90' lang='lat' dir='ltr'><strong>etiam</strong></span> <span class='ocrx_word' id='word_1_866' title='bbox 1716 3495 1894 3542; x_wconf 85' lang='lat' dir='ltr'><strong>loquatur.</strong></span> <span class='ocrx_word' id='word_1_867' title='bbox 1920 3495 1996 3542; x_wconf 88' lang='lat' dir='ltr'><strong>Ego</strong></span> <span class='ocrx_word' id='word_1_868' title='bbox 2015 3505 2103 3532; x_wconf 88' lang='lat' dir='ltr'><strong>vero</strong></span> <span class='ocrx_word' id='word_1_869' title='bbox 2129 3494 2269 3541; x_wconf 85' lang='lat' dir='ltr'><strong>judices</strong></span> <span class='ocrx_word' id='word_1_870' title='bbox 2288 3491 2415 3530; x_wconf 86' lang='lat' dir='ltr'><strong>orabo.</strong></span> 
     </span>
    </p>
   </div>
   <div class='ocr_carea' id='block_1_114' title="bbox 1341 3556 2418 3605">
    <p class='ocr_par' dir='ltr' id='par_1_114' title="bbox 1341 3556 2418 3605">
     <span class='ocr_line' id='line_1_114' title="bbox 1341 3556 2418 3605; baseline -0.007 -10"><span class='ocrx_word' id='word_1_871' title='bbox 1341 3569 1387 3596; x_wconf 88' lang='lat' dir='ltr'><strong>ne</strong></span> <span class='ocrx_word' id='word_1_872' title='bbox 1417 3558 1538 3595; x_wconf 87' lang='lat' dir='ltr'><strong>statim</strong></span> <span class='ocrx_word' id='word_1_873' title='bbox 1582 3558 1821 3596; x_wconf 80' lang='lat' dir='ltr'><strong>misereantur</strong></span> <span class='ocrx_word' id='word_1_874' title='bbox 1851 3558 1950 3596; x_wconf 80' lang='lat' dir='ltr'><strong>senis</strong></span> <span class='ocrx_word' id='word_1_875' title='bbox 1985 3557 2118 3605; x_wconf 83' lang='lat' dir='ltr'><strong>hujus,</strong></span> <span class='ocrx_word' id='word_1_876' title='bbox 2141 3556 2202 3592; x_wconf 88' lang='lat' dir='ltr'><strong>sed</strong></span> <span class='ocrx_word' id='word_1_877' title='bbox 2231 3559 2418 3599; x_wconf 89' lang='lat' dir='ltr'><strong>postquam</strong></span> 
     </span>
    </p>
   </div>
   <div class='ocr_carea' id='block_1_115' title="bbox 1341 3616 2417 3670">
    <p class='ocr_par' dir='ltr' id='par_1_115' title="bbox 1341 3616 2417 3670">
     <span class='ocr_line' id='line_1_115' title="bbox 1341 3616 2417 3670; baseline -0.008 -11"><span class='ocrx_word' id='word_1_878' title='bbox 1341 3622 1458 3670; x_wconf 90' lang='lat' dir='ltr'><strong>ipsum</strong></span> <span class='ocrx_word' id='word_1_879' title='bbox 1488 3622 1756 3660; x_wconf 89' lang='lat' dir='ltr'><strong>ostenderimus</strong></span> <span class='ocrx_word' id='word_1_880' title='bbox 1793 3622 1903 3658; x_wconf 85' lang='lat' dir='ltr'><strong>lilium</strong></span> <span class='ocrx_word' id='word_1_881' title='bbox 1938 3623 2087 3668; x_wconf 86' lang='lat' dir='ltr'><strong>lugere,</strong></span> <span class='ocrx_word' id='word_1_882' title='bbox 2109 3617 2198 3654; x_wconf 90' lang='lat' dir='ltr'><strong>nihil</strong></span> <span class='ocrx_word' id='word_1_883' title='bbox 2225 3616 2309 3652; x_wconf 87' lang='lat' dir='ltr'><strong>mali</strong></span> <span class='ocrx_word' id='word_1_884' title='bbox 2331 3624 2417 3660; x_wconf 88' lang='lat' dir='ltr'><strong>per-</strong></span> 
     </span>
    </p>
   </div>
   <div class='ocr_carea' id='block_1_116' title="bbox 1341 3675 2419 3732">
    <p class='ocr_par' dir='ltr' id='par_1_116' title="bbox 1341 3675 2419 3732">
     <span class='ocr_line' id='line_1_116' title="bbox 1341 3675 2419 3732; baseline -0.008 -13"><span class='ocrx_word' id='word_1_885' title='bbox 1341 3695 1511 3732; x_wconf 87' lang='lat' dir='ltr'><strong>pessum,</strong></span> <span class='ocrx_word' id='word_1_886' title='bbox 1527 3695 1651 3722; x_wconf 83' lang='lat' dir='ltr'><strong>verum</strong></span> <span class='ocrx_word' id='word_1_887' title='bbox 1670 3684 1839 3722; x_wconf 79' lang='lat' dir='ltr'><strong>maximis</strong></span> <span class='ocrx_word' id='word_1_888' title='bbox 1855 3683 2008 3731; x_wconf 90' lang='lat' dir='ltr'><strong>potitum</strong></span> <span class='ocrx_word' id='word_1_889' title='bbox 2024 3680 2141 3723; x_wconf 90' lang='lat' dir='ltr'><strong>bonis,</strong></span> <span class='ocrx_word' id='word_1_890' title='bbox 2157 3677 2285 3724; x_wconf 89' lang='lat' dir='ltr'><strong>quibus</strong></span> <span class='ocrx_word' id='word_1_891' title='bbox 2299 3675 2419 3712; x_wconf 86' lang='lat' dir='ltr'><strong>excel-</strong></span> 
     </span>
    </p>
   </div>
   <div class='ocr_carea' id='block_1_117' title="bbox 1339 3737 2419 3795">
    <p class='ocr_par' dir='ltr' id='par_1_117' title="bbox 1339 3737 2419 3795">
     <span class='ocr_line' id='line_1_117' title="bbox 1339 3737 2419 3795; baseline -0.01 -12"><span class='ocrx_word' id='word_1_892' title='bbox 1339 3748 1490 3784; x_wconf 87' lang='lat' dir='ltr'><strong>lentiora</strong></span> <span class='ocrx_word' id='word_1_893' title='bbox 1525 3747 1676 3795; x_wconf 89' lang='lat' dir='ltr'><strong>reperiri</strong></span> <span class='ocrx_word' id='word_1_894' title='bbox 1709 3758 1782 3784; x_wconf 92' lang='lat' dir='ltr'><strong>non</strong></span> <span class='ocrx_word' id='word_1_895' title='bbox 1811 3749 1975 3792; x_wconf 85' lang='lat' dir='ltr'><strong>possunt.</strong></span> <span class='ocrx_word' id='word_1_896' title='bbox 1997 3742 2099 3778; x_wconf 89' lang='lat' dir='ltr'><strong>Tunc</strong></span> <span class='ocrx_word' id='word_1_897' title='bbox 2125 3739 2222 3776; x_wconf 89' lang='lat' dir='ltr'><strong>enim</strong></span> <span class='ocrx_word' id='word_1_898' title='bbox 2256 3737 2419 3783; x_wconf 83' lang='lat' dir='ltr'><strong>profecto</strong></span> 
     </span>
    </p>
   </div>
   <div class='ocr_carea' id='block_1_118' title="bbox 1339 3798 2414 3855">
    <p class='ocr_par' dir='ltr' id='par_1_118' title="bbox 1339 3798 2414 3855">
     <span class='ocr_line' id='line_1_118' title="bbox 1339 3798 2414 3855; baseline -0.011 -9"><span class='ocrx_word' id='word_1_899' title='bbox 1339 3810 1572 3847; x_wconf 85' lang='lat' dir='ltr'><strong>miseratione</strong></span> <span class='ocrx_word' id='word_1_900' title='bbox 1604 3815 1640 3845; x_wconf 90' lang='lat' dir='ltr'><strong>et</strong></span> <span class='ocrx_word' id='word_1_901' title='bbox 1684 3808 1855 3855; x_wconf 84' lang='lat' dir='ltr'><strong>lacrymis</strong></span> <span class='ocrx_word' id='word_1_902' title='bbox 1883 3805 2011 3850; x_wconf 83' lang='lat' dir='ltr'><strong>dignus</strong></span> <span class='ocrx_word' id='word_1_903' title='bbox 2040 3798 2301 3838; x_wconf 73' lang='lat' dir='ltr'><strong>existimandus</strong></span> <span class='ocrx_word' id='word_1_904' title='bbox 2333 3806 2414 3842; x_wconf 84' lang='lat' dir='ltr'><strong>est,</strong></span> 
     </span>
    </p>
   </div>
   <div class='ocr_carea' id='block_1_119' title="bbox 1339 3861 2416 3913">
    <p class='ocr_par' dir='ltr' id='par_1_119' title="bbox 1339 3861 2416 3913">
     <span class='ocr_line' id='line_1_119' title="bbox 1339 3861 2416 3913; baseline -0.013 -3"><span class='ocrx_word' id='word_1_905' title='bbox 1339 3882 1420 3909; x_wconf 76' lang='lat' dir='ltr'><strong>eam</strong></span> <span class='ocrx_word' id='word_1_906' title='bbox 1440 3872 1512 3908; x_wconf 87' lang='lat' dir='ltr'><strong>nati</strong></span> <span class='ocrx_word' id='word_1_907' title='bbox 1529 3871 1734 3909; x_wconf 85' lang='lat' dir='ltr'><strong>felicitatem</strong></span> <span class='ocrx_word' id='word_1_908' title='bbox 1749 3867 1959 3913; x_wconf 86' lang='lat' dir='ltr'><strong>conspicere</strong></span> <span class='ocrx_word' id='word_1_909' title='bbox 1977 3873 2046 3899; x_wconf 94' lang='lat' dir='ltr'><strong>non</strong></span> <span class='ocrx_word' id='word_1_910' title='bbox 2063 3861 2188 3909; x_wconf 87' lang='lat' dir='ltr'><strong>possit,</strong></span> <span class='ocrx_word' id='word_1_911' title='bbox 2207 3867 2416 3908; x_wconf 85' lang='lat' dir='ltr'><strong>tantumque</strong></span> 
     </span>
    </p>
   </div>
   <div class='ocr_carea' id='block_1_120' title="bbox 1339 3921 2422 3973">
    <p class='ocr_par' dir='ltr' id='par_1_120' title="bbox 1339 3921 2422 3973">
     <span class='ocr_line' id='line_1_120' title="bbox 1339 3921 2422 3973; baseline -0.013 0"><span class='ocrx_word' id='word_1_912' title='bbox 1339 3934 1434 3972; x_wconf 85' lang='lat' dir='ltr'><strong>absit</strong></span> <span class='ocrx_word' id='word_1_913' title='bbox 1462 3940 1501 3972; x_wconf 88' lang='lat' dir='ltr'><strong>ut</strong></span> <span class='ocrx_word' id='word_1_914' title='bbox 1529 3934 1628 3970; x_wconf 90' lang='lat' dir='ltr'><strong>illam</strong></span> <span class='ocrx_word' id='word_1_915' title='bbox 1661 3932 1803 3973; x_wconf 86' lang='lat' dir='ltr'><strong>videat,</strong></span> <span class='ocrx_word' id='word_1_916' title='bbox 1825 3935 1866 3965; x_wconf 91' lang='lat' dir='ltr'><strong>ut</strong></span> <span class='ocrx_word' id='word_1_917' title='bbox 1887 3935 2066 3972; x_wconf 87' lang='lat' dir='ltr'><strong>tamquam</strong></span> <span class='ocrx_word' id='word_1_918' title='bbox 2103 3924 2137 3961; x_wconf 89' lang='lat' dir='ltr'><strong>in</strong></span> <span class='ocrx_word' id='word_1_919' title='bbox 2163 3923 2314 3962; x_wconf 86' lang='lat' dir='ltr'><strong>summis</strong></span> <span class='ocrx_word' id='word_1_920' title='bbox 2339 3921 2422 3970; x_wconf 80' lang='lat' dir='ltr'><strong>ejus</strong></span> 
     </span>
    </p>
   </div>
   <div class='ocr_carea' id='block_1_121' title="bbox 1381 4000 2092 4054">
    <p class='ocr_par' dir='ltr' id='par_1_121' title="bbox 1381 4000 2092 4054">
     <span class='ocr_line' id='line_1_121' title="bbox 1381 4000 2092 4054; baseline -0.018 -5"><span class='ocrx_word' id='word_1_921' title='bbox 1381 4013 1395 4036; x_wconf 81' lang='grc'>⁸</span> <span class='ocrx_word' id='word_1_922' title='bbox 1421 4012 1543 4054; x_wconf 79' lang='lat' dir='ltr'><strong>Verba,</strong></span> <span class='ocrx_word' id='word_1_923' title='bbox 1561 4015 1592 4045; x_wconf 84' lang='lat' dir='ltr'><strong>et</strong></span> <span class='ocrx_word' id='word_1_924' title='bbox 1603 4010 1654 4044; x_wconf 81' lang='lat' dir='ltr'><strong>lus</strong></span> <span class='ocrx_word' id='word_1_925' title='bbox 1669 4007 1782 4052; x_wconf 83' lang='lat' dir='ltr'><strong>plura,</strong></span> <span class='ocrx_word' id='word_1_926' title='bbox 1801 4004 1922 4039; x_wconf 84' lang='lat' dir='ltr'><strong>desunt</strong></span> <span class='ocrx_word' id='word_1_927' title='bbox 1933 4003 1966 4036; x_wconf 85' lang='lat' dir='ltr'><strong>in</strong></span> <span class='ocrx_word' id='word_1_928' title='bbox 1981 4000 2092 4036; x_wconf 77' lang='lat' dir='ltr'><strong>Morel.</strong></span> 
     </span>
    </p>
   </div>
  </div>
