2742 4342
339 323 412 364 335

340 403 446 443 malis
460 400 696 438 lamentetur.
723 389 916 438 Quodnam
936 396 1025 436 ergo
1045 385 1116 423 erit
1133 388 1270 420 nostrae
1291 378 1426 417 oratio-

413 457 636 502 exordium?
656 455 714 494 Ab
733 454 824 502 ipsis
841 451 972 501 opibus
992 459 1034 486 ac
1055 445 1242 496 pecuniis,
1260 440 1429 490 quando-

341 503 488 578 quidem
511 523 548 562 id
566 522 628 560 ille
654 519 813 558 maxime
830 515 994 554 omnium
1015 510 1211 578 deplorat,
1231 503 1430 577 idque-ipsi

341 569 488 630 videtur
506 585 782 627 acerbissimum
797 609 807 626 ,
828 579 860 616 si
884 577 1020 616 divites
1041 574 1105 612 filii
1127 573 1173 611 ad
1202 571 1296 608 hanc
1319 569 1430 606 vitam

346 647 707 704 pertraliantur..Dic
731 654 820 692 ergo
849 641 960 686 mihi,
977 645 1102 676 utrum
1127 643 1256 674 omnes
1286 633 1434 670 beatum

344 695 505 756 dicimus
538 718 576 752 et
609 695 716 760 plane
745 706 1023 748 felicissimum,
1049 711 1182 738 eumne
1211 697 1274 747 qui
1311 697 1347 733 in
1375 695 1434 733 siti

347 789 496 827 semper
523 759 654 814 aestuat
667 801 678 818 ,
699 771 833 820 quique
847 797 858 815 ,
878 773 1074 814 antequam
1103 763 1262 811 priorem
1285 759 1436 798 calicem

349 821 555 885 sorbuerit,
574 847 702 876 rursus
728 835 802 872 alio
829 831 992 880 indiget,
1017 834 1126 876 atque
1145 835 1290 872 semper
1311 823 1346 860 in
1369 821 1440 858 huc

352 909 566 956 perseverat
594 907 689 940 statu
707 927 719 944 ,
746 909 792 936 an
813 907 896 935 eum
913 924 924 942 ,
946 894 1008 942 qui
1034 891 1202 940 superior
1227 889 1296 926 hac
1314 896 1442 925 neces-

352 974 461 1011 sitate
487 968 707 1008 constitutus
721 992 731 1009 ,
750 963 830 1000 sine
846 961 905 998 siti
925 967 1073 1006 semper
1104 959 1242 997 manet,
1265 958 1302 990 et
1332 960 1441 988 num-

355 1046 464 1086 quam
486 1033 531 1071 ad
561 1027 768 1078 hujusmodi
790 1024 1013 1074 potationem
1041 1017 1219 1069 pellitur?
1239 1024 1359 1054 nonne
1384 1013 1446 1051 ille

357 1077 504 1148 quidem
524 1077 619 1133 febri
639 1097 809 1138 correpto
839 1087 970 1125 similis
985 1090 1068 1128 est,
1087 1081 1150 1130 qui
1178 1077 1444 1118 violentissima

359 1141 578 1200 necessitate
606 1153 787 1204 premitur
803 1179 814 1196 ,
834 1148 980 1188 etiamsi
1000 1157 1046 1185 ex
1065 1144 1226 1183 fontibus
1244 1141 1446 1180 uberrimos

358 1224 490 1262 latices
511 1203 658 1258 haurire
688 1215 830 1264 possit,
852 1213 912 1250 hic
929 1221 1018 1249 vero
1038 1209 1130 1247 liber
1147 1213 1204 1245 est
1228 1215 1315 1243 vera
1335 1203 1446 1241 liber-

360 1293 459 1330 tate,
479 1290 517 1322 et
535 1291 647 1321 sanus
675 1279 834 1328 perfecta
865 1275 1022 1314 sanitate
1037 1302 1048 1320 ,
1067 1273 1257 1320 ipsamque
1281 1273 1448 1305 naturam

360 1353 510 1398 superat
545 1343 766 1383 humanam?
801 1339 895 1388 Quid
928 1348 1038 1383 vero,
1069 1336 1101 1374 si
1140 1335 1222 1382 quis
1259 1331 1450 1384 mulierem

361 1393 515 1456 amans,
537 1419 621 1446 cum
650 1417 694 1444 ea
719 1403 1004 1452 congrederetur
1040 1399 1198 1447 jugiter,
1221 1394 1287 1434 sed
1312 1393 1451 1440 majore

363 1479 450 1524 post
469 1471 704 1511 concubitum
727 1468 898 1516 ﬂagraret
927 1463 1082 1506 ardore,
1103 1461 1197 1498 alius
1227 1467 1314 1496 vero
1338 1460 1452 1494 staret

366 1539 436 1575 hac
454 1536 595 1574 insania
613 1533 720 1578 liber,
737 1541 779 1569 ac
800 1541 846 1567 ne
863 1530 900 1566 in
918 1525 1071 1565 somniis
1085 1523 1232 1572 quidem
1258 1521 1328 1558 hoc
1355 1518 1453 1556 malo

365 1605 584 1648 caperetur,
612 1596 696 1644 quis
731 1593 838 1632 nobis
873 1591 961 1628 felix
997 1589 1200 1634 beatusque
1241 1580 1454 1621 videretur?

369 1646 493 1701 nonne
507 1659 595 1698 hic?
611 1659 695 1704 quis
711 1662 834 1694 autem
854 1653 979 1692 infelix
999 1662 1042 1689 ac
1059 1646 1314 1688 miserrimus?
1333 1654 1456 1682 nonne

369 1725 446 1769 ille,
468 1725 528 1770 qui
549 1723 619 1758 hoc
636 1729 732 1758 vano
749 1727 876 1754 amore
896 1721 1054 1759 tenetur,
1069 1712 1132 1760 qui
1154 1719 1350 1758 numquam
1371 1717 1456 1755 pos-

372 1768 656 1829 sitre—xstingui,
689 1781 766 1818 imo
799 1788 890 1816 vero
925 1777 987 1824 qui
1031 1773 1246 1821 excogitatis
1282 1768 1457 1808 remediis

372 1847 488 1884 multo
516 1844 631 1892 magis
651 1839 884 1880 incenditur?
902 1838 966 1876 Sin
994 1843 1116 1874 autem
1149 1841 1281 1882 praeter
1311 1843 1353 1871 ea
1377 1842 1458 1880 qua:

371 1911 468 1948 dicta
486 1915 571 1946 sunt
590 1918 636 1945 ex
657 1907 741 1954 ipso
763 1903 893 1942 morbo
918 1912 958 1940 se
985 1901 1130 1939 beatum
1150 1899 1268 1944 dicat,
1285 1907 1354 1936 nec
1373 1896 1460 1933 velit

375 1986 418 2013 ea
447 1973 665 2012 necessitate
697 1969 867 2013 liberari,
902 1963 1210 2015 quemadmodum
1246 1963 1278 1999 is
1311 1961 1357 1998 de
1387 1970 1460 2008 quo

377 2047 474 2076 nunc
506 2036 649 2084 agitur,
680 2043 803 2071 nonne
831 2031 918 2068 hinc
948 2037 1094 2077 quoque
1116 2025 1360 2064 miserabilior
1391 2023 1463 2060 erit

375 2107 486 2148 atque
508 2097 710 2142 infelicior,
731 2105 814 2132 cum
847 2103 919 2130 nun
953 2097 1093 2128 tantum
1127 2093 1302 2136 aegrotet,
1323 2086 1387 2124 sed
1416 2097 1462 2122 ne

377 2164 447 2200 hoc
465 2161 614 2208 quidem
633 2159 750 2202 sciat,
776 2155 877 2204 quod‘
897 2164 995 2202 aeger
1011 2153 1056 2190 sit
1073 2179 1083 2197 ,
1109 2151 1263 2198 ideoque
1289 2160 1357 2187 nec
1386 2149 1463 2196 ipse

377 2222 527 2260 liberari
545 2221 654 2264 velit,
673 2218 872 2266 quinetiam
899 2225 964 2253 eos
981 2215 1042 2262 qui
1061 2212 1209 2250 liberati
1219 2221 1304 2249 sunt
1316 2210 1463 2259 lugeat?

379 2283 590 2321 Orationem
609 2282 730 2328 itaque
748 2279 844 2316 hanc
864 2277 908 2314 ad
929 2277 1166 2325 pecuniarum
1194 2274 1463 2323 possessionem

380 2345 583 2384 referamus
598 2371 607 2388 ,
623 2348 661 2380 et
687 2341 892 2379 videbimus
914 2339 996 2388 quis
1024 2338 1146 2376 infelix
1182 2343 1222 2374 et
1251 2337 1364 2374 miser
1384 2337 1432 2374 sit
1453 2349 1462 2372 :

380 2409 476 2446 inter
495 2407 576 2443 illos
593 2405 726 2453 quippe
749 2413 894 2440 amores
911 2401 971 2442 i‘ic
993 2400 1268 2444 vehementior,
1288 2399 1346 2438 hic
1367 2399 1464 2436 insav

379 2470 453 2507 nia:
475 2468 622 2516 propior
649 2471 732 2511 est,
755 2465 909 2513 ideoque
940 2463 1117 2510 majorem
1147 2467 1266 2510 potest
1301 2460 1464 2498 dolorem

379 2531 529 2576 afferre;
551 2540 623 2568 non
642 2529 776 2567 idcirco
798 2535 934 2566 tantum
950 2525 1046 2576 quod
1071 2525 1168 2564 faces
1194 2524 1326 2562 habeat
1349 2523 1466 2560 acrio-

380 2604 458 2640 res,
477 2593 541 2631 sed
561 2593 656 2641 quod
674 2592 888 2640 excogitata:
908 2590 1060 2628 cuilibet
1076 2588 1316 2627 consolationi
1335 2587 1468 2624 cedere

382 2667 454 2694 non
487 2655 629 2699 valeat,
659 2655 777 2702 sitque
808 2653 880 2690 illis
910 2651 1080 2689 omnibus
1113 2650 1309 2698 potentior.
1341 2648 1467 2686 Potius

380 2718 480 2756 enim
509 2717 570 2764 qui
605 2723 730 2765 potum
761 2721 798 2754 et
828 2724 980 2762 corpora
1015 2719 1159 2758 amant,
1182 2718 1374 2760 postquam
1411 2710 1468 2748 his

382 2782 485 2829 potiti
513 2781 670 2825 fuerint,
692 2780 859 2817 satietate
883 2778 1116 2828 gaudebunt,
1139 2788 1246 2826 quam
1269 2777 1294 2814 ii
1314 2777 1375 2824 qui
1403 2777 1464 2814 in-

384 2855 475 2882 sano
501 2843 711 2881 divitiarum
735 2853 861 2880 amore
890 2843 1068 2879 teruntur.
1091 2841 1268 2888 Quocirca
1288 2840 1370 2876 illos
1389 2839 1469 2886 qui-

383 2908 467 2946 dem
487 2913 609 2944 nostra
627 2907 793 2944 oratione
808 2905 982 2953 efﬁngere
1000 2909 1152 2942 nceesse
1173 2904 1258 2948 fuit,
1280 2901 1376 2950 quod
1396 2911 1470 2939 non

383 2969 504 3006 statim
529 2979 656 3006 eorum
685 2968 945 3005 documentum
978 2973 1015 3004 et
1042 2967 1332 3013 experimentum
1355 2975 1469 3011 appa-

386 3038 464 3068 reat
485 3043 494 3068 :
516 3031 625 3078 hujus
644 3040 730 3066 vero
749 3029 866 3066 morbi
884 3038 928 3066 ex
949 3028 1060 3065 rebus
1080 3028 1168 3074 ipsis
1193 3028 1304 3063 multa
1337 3036 1468 3073 possu-

386 3103 468 3129 mus
503 3092 668 3140 exempla
703 3090 882 3140 proferre.
912 3089 1071 3135 ldeone,
1107 3089 1167 3127 die
1195 3099 1320 3136 quaeso
1354 3088 1468 3132 mihi,

387 3156 499 3192 liliqu
525 3157 651 3203 luges,
671 3155 769 3202 quod
795 3161 893 3192 tanta
921 3154 1069 3192 vesania
1085 3181 1093 3197 ,
1113 3153 1210 3200 quod
1238 3159 1310 3189 tam
1337 3152 1468 3199 despe-

387 3223 469 3256 rato
500 3220 629 3256 morbo
649 3219 740 3256 liber
774 3219 844 3263 sit,
883 3218 980 3265 quod
1016 3217 1204 3255 incurabili
1240 3226 1367 3254 amore
1397 3227 1468 3253 non

388 3281 577 3318 teneatur?
596 3281 692 3327 quod
715 3280 784 3317 hoc
801 3281 898 3317 bello
914 3287 951 3317 et
972 3291 1090 3328 pugna
1111 3285 1258 3328 ereptus
1277 3280 1354 3316 sit?
1370 3281 1415 3316 At
1435 3279 1470 3316 id

387 3352 582 3388 numquam
603 3342 664 3378 ille
695 3352 824 3389 passus
864 3341 1016 3388 fuisset,
1037 3343 1203 3390 inquies,
1223 3352 1342 3389 neque
1367 3341 1470 3388 plura

385 3404 655 3451 concupivisset
671 3431 682 3449 ,
700 3403 764 3440 sed
785 3404 910 3442 fuisset
933 3407 1174 3452 praesentibus
1189 3406 1296 3443 bonis
1315 3411 1470 3442 conten-

389 3473 462 3504 tus.
476 3465 572 3504 Sane
591 3475 670 3502 rem
691 3465 782 3502 dicis
802 3466 870 3513 ipsi
890 3474 1029 3504 natura!
1049 3496 1059 3513 ,
1082 3475 1121 3506 nt
1146 3469 1193 3505 ita
1213 3469 1340 3515 loquar
1353 3495 1364 3512 ,
1379 3479 1469 3504 con-

389 3529 538 3566 trariam
557 3539 567 3564 :
591 3537 718 3565 verum
745 3527 799 3564 sic
817 3533 916 3572 esto,
935 3528 968 3565 id
990 3530 1054 3567 tibi
1078 3531 1154 3576 jam
1175 3529 1416 3573 concedatur,
1433 3535 1472 3566 ut

386 3593 432 3630 iis
446 3620 456 3638 ,
474 3603 556 3640 quae
574 3590 748 3636 haberet,
767 3591 856 3626 nihil
875 3591 982 3628 vellet
1013 3593 1187 3640 adjicere,
1208 3603 1276 3630 nec
1296 3593 1368 3630 ullo
1389 3604 1469 3629 um-

389 3667 497 3704 quam
517 3655 724 3704 hujusmodi
743 3653 926 3692 desiderio
942 3660 1125 3692 teneretur
1146 3670 1155 3694 :
1176 3668 1244 3704 ego
1261 3658 1314 3694 sic
1327 3667 1472 3704 quoque

390 3718 494 3756 tilum
516 3718 646 3765 majori
679 3727 774 3754 nunc
807 3717 842 3754 in
869 3717 992 3764 quiete
1018 3727 1062 3754 ac
1087 3719 1274 3765 voluptate
1307 3730 1471 3756 commo-

389 3781 464 3818 rari
492 3781 716 3818 monstrabo.
739 3779 832 3826 Quid
850 3780 948 3818 enim
979 3779 1093 3816 levius
1118 3790 1200 3818 esse
1219 3781 1468 3826 censebimus,

393 3844 551 3880 tautisne
581 3843 682 3882 curis
711 3841 910 3891 implicari,
930 3833 1182 3890 ejusmodique
1218 3843 1394 3880 custodia:
1429 3854 1472 3882 ac

395 3905 559 3961 servituti
590 3906 804 3944 obstrictum
837 3915 944 3950 esse,
975 3911 1210 3954 metuereque
1232 3915 1278 3943 ne
1301 3907 1389 3954 quid
1418 3909 1471 3946 rei

390 3963 581 4005 familiaris
599 3974 738 4015 pereat,
756 3979 802 4006 an
821 3979 909 4006 vero
922 3967 980 4006 his
999 3968 1154 4006 vinculis
1173 3969 1472 4017 expediriulou-

393 4026 546 4067 cedatur
565 4030 664 4070 illum
685 4032 775 4072 alias
793 4020 954 4072 sarcinas
979 4043 1051 4072 nou
1069 4039 1242 4081 appetere
1262 4044 1271 4072 :
1291 4039 1326 4071 at
1359 4034 1473 4072 multo

821 309 858 348 S.
884 303 1076 348 JOANNIS
1101 295 1424 342 CHRYSOSTOMI
1450 292 1666 333 ARCHIEP.
1694 290 2058 332 CONSTANTINOP.

1522 3995 1530 4015 ⁵
1591 4001 1601 4022 ι
1627 4000 1738 4042 Pergit
1753 4005 1843 4042 unus
1854 3995 1974 4033 codex,
1990 3998 2022 4029 et
2037 3996 2143 4028 uetera
2157 3989 2188 4022 et
2203 3991 2292 4022 noua,
2309 3985 2379 4022 qua:
2395 3981 2412 4008 θ

2468 295 2524 332 3εῆ

1504 377 1634 416 melius
1659 383 1717 415 est
1748 375 1823 424 jam
1855 372 2041 422 impositas
2071 371 2262 420 deSpicere.
2282 373 2364 410 Nam
2377 374 2426 419 si,
2445 381 2478 412 ut
2501 378 2528 414 in

1501 441 1668 479 confesso
1697 445 1777 483 est,
1805 436 1970 486 plurimis
1998 446 2069 473 non
2101 435 2456 483 indigere-maximum
2485 447 2530 476 est

1503 505 1637 544 bonum
1655 533 1666 551 ,
1694 509 1798 541 extra
1829 509 1976 539 omnem
2006 510 2127 538 rerum
2161 510 2260 536 usum
2295 509 2388 545 esse,
2407 501 2531 549 majoris

1504 568 1665 617 [rofecto
1687 565 1870 604 felicitatis
1886 564 1968 602 erit.
1985 563 2018 601 ls
2033 564 2126 600 enim
2143 563 2200 617 qui
2219 573 2328 610 neque
2344 564 2423 608 sitit,
2437 575 2532 612 neque

1505 616 1604 668 amat
1623 629 1728 677 (nihil
1747 628 1843 666 enim
1863 625 2020 674 impedit
2033 616 2220 674 quominus
2235 625 2278 662 ad
2299 625 2414 662 eadem
2429 636 2532 664 eum.

1508 695 1566 742 pla
1592 690 1816 738 redeamus);
1837 700 1910 728 non
1931 688 2040 726 modo
2060 688 2104 725 iis
2120 688 2180 735 qui
2206 697 2341 734 semper
2363 689 2491 734 sitiunt,
2506 695 2533 726 et

1509 769 1656 806 semper
1673 763 1796 794 amant
1813 784 1824 801 ,
1844 754 1907 793 sed
1925 753 1969 791 iis
1989 753 2096 790 etiam
2111 780 2122 798 ,
2140 752 2199 800 qui
2221 752 2264 789 ad
2293 753 2393 791 breve
2421 759 2536 802 tempus

1513 823 1581 861 hoc
1614 823 1820 870 patiuntur,
1855 826 1893 858 et
1919 817 2243 866 concupiscentiam
2271 817 2424 864 explent,
2451 817 2536 865 longe

1513 887 1658 925 beatior
1674 896 1756 924 esse
1778 890 2000 922 monstratus
2017 890 2096 928 est,
2117 888 2236 930 utpote
2255 881 2312 928 qui
2329 881 2361 917 in
2378 880 2471 928 hujus
2486 891 2536 918 ne-

1514 951 1694 990 cessitatis
1721 949 2014 998 experimentum
2043 957 2114 984 non
2143 945 2314 984 inciderit.
2333 944 2537 982 Percontabar

1516 1023 1553 1055 te
1585 1025 1738 1060 rursus,
1769 1013 1800 1051 si
1832 1013 1966 1050 divitiis
1991 1011 2086 1049 ultra
2117 1019 2241 1048 omnes
2266 1009 2432 1052 eminere,
2450 1007 2538 1055 iisque

1517 1087 1639 1117 tamen
1666 1077 1772 1116 malis
1791 1075 1901 1114 eximi
1916 1103 1926 1119 ,
1947 1085 2028 1122 qua:
2045 1073 2162 1111 solent
2180 1072 2248 1110 illae
2266 1081 2383 1119 parere
2395 1098 2404 1114 ,
2422 1071 2539 1116 liceret,

1517 1152 1640 1179 annon
1669 1140 1873 1179 sexcenties
1899 1143 2120 1186 praeoptares
2140 1136 2206 1172 hac
2232 1134 2389 1172 felicitate
2408 1132 2484 1178 frui,
2506 1132 2542 1169 ita

1519 1211 1560 1242 ut
1586 1214 1659 1242 non
1690 1203 1884 1246 invidiam,
1914 1210 1986 1238 non
2005 1198 2238 1242 ~catuntuias,
2267 1206 2336 1232 non
2362 1204 2542 1238 curas,non

1519 1267 1718 1316 quidquam
1746 1265 1845 1303 aliud
1876 1263 2056 1312 ejusmodi
2081 1259 2274 1310 patereris?
2293 1258 2329 1296 Si
2347 1258 2442 1306 igitur
2457 1256 2543 1294 ﬁlium

1522 1337 1624 1368 tuum
1661 1331 1738 1370 haec
1766 1328 1888 1366 omnia
1921 1326 2058 1364 habere
2089 1329 2350 1366 monstravero,
2376 1320 2440 1357 imo
2465 1319 2546 1366 longe

1521 1394 1692 1432 ditiorem
1713 1401 1810 1428 nunc
1838 1400 1945 1436 esse,
1964 1379 2122 1426 ﬁnemne
2151 1385 2288 1423 tandem
2313 1383 2412 1420 facies
2435 1380 2548 1428 lugendi

1525 1462 1599 1493 tam
1625 1455 1778 1492 amare?
1796 1452 1892 1491 Sane
1907 1450 2004 1499 quod
2024 1449 2163 1487 solutus
2180 1447 2226 1484 sit
2240 1445 2332 1484 curis
2347 1444 2478 1491 aliisque
2491 1451 2550 1479 ma-

1525 1519 1584 1564 lis,
1601 1529 1682 1566 qua:
1699 1516 1821 1554 solent
1835 1515 1983 1552 divitias
2001 1511 2186 1560 subsequi,
2205 1519 2317 1556 neque
2334 1507 2402 1554 ipse
2419 1503 2549 1552 negabis;

1527 1581 1610 1620 ideo
1631 1589 1698 1618 nos
1715 1578 1762 1616 ad
1791 1585 1826 1616 te
1843 1577 1890 1615 de
1913 1576 1982 1614 hac
2008 1585 2050 1613 re
2073 1574 2180 1611 verba
2206 1571 2320 1609 facere
2341 1577 2472 1606 necesse
2497 1575 2551 1604 non

1527 1650 1584 1682 est
1603 1655 1612 1680 :
1632 1642 1767 1691 quaeris
1783 1647 1904 1678 autem
1922 1637 2104 1687 quomodo
2121 1636 2179 1674 ille
2195 1643 2228 1672 te
2243 1635 2287 1672 sit
2303 1631 2494 1680 opulentior,
2506 1628 2552 1676 qui

1529 1712 1602 1743 tam
1637 1705 1752 1742 multa
1778 1701 1956 1751 possides.
1973 1700 2050 1738 Hoc
2065 1705 2100 1736 te
2119 1696 2324 1736 docebimus
2339 1723 2348 1740 ,
2365 1693 2553 1731 demonstra-

1529 1770 1724 1816 bimusque
1739 1773 1794 1812 te,
1811 1767 1872 1814 qui
1895 1767 2014 1814 ipsum
2033 1764 2068 1802 in
2093 1768 2252 1801 extrema
2271 1768 2360 1806 nunc
2384 1759 2556 1805 paupertate

1531 1833 1666 1880 degere
1683 1829 1874 1868 arbitraris
1887 1858 1896 1875 ,
1918 1828 1990 1866 hoc
2009 1827 2124 1876 ipsum
2148 1824 2244 1874 pati,
2261 1822 2290 1860 si
2309 1830 2384 1858 cum
2408 1818 2463 1855 illo
2477 1825 2555 1854 corn-

1530 1893 1685 1943 pareris.

1579 1957 1616 1995 4.
1643 1956 1768 2004 Neque
1781 1960 1888 2004 putes
1907 1964 1967 1992 me
1984 1953 2030 1992 de
2047 1951 2248 1990 c‘elestibus
2261 1947 2362 1986 bonis
2392 1943 2494 1992 loqui,
2509 1941 2558 2004 de-

1532 2031 1604 2068 que
1621 2019 1665 2056 iis
1679 2028 1760 2067 qua:
1776 2023 1858 2066 post
1878 2017 1972 2054 hanc
1989 2017 2100 2054 vitam
2121 2013 2325 2052 advenient:
2343 2020 2382 2048 ex
2415 2008 2454 2044 iis
2485 2003 2559 2042 enim

1534 2094 1614 2131 qua:
1628 2088 1714 2120 sunt
1733 2082 1770 2118 in
1788 2081 1956 2119 manibus
1976 2083 2224 2128 argumentum
2243 2075 2376 2113 ducam.
2395 2071 2444 2108 Tu
2465 2069 2561 2115 itaque

1533 2156 1660 2184 eorum
1691 2151 1829 2183 tantum
1847 2154 1928 2192 qua:
1959 2141 2123 2191 possides
2149 2139 2311 2179 dominus
2329 2147 2384 2174 es:
2413 2132 2466 2170 ille
2495 2139 2563 2166 vero

1534 2210 1696 2247 omnium
1712 2219 1793 2257 qua:
1807 2215 1890 2246 sunt
1914 2208 1950 2246 in
1971 2207 2060 2245 orbe
2087 2213 2276 2244 terrarum.
2294 2201 2328 2240 Si
2358 2209 2421 2236 nou
2449 2193 2562 2232 crediS.

1535 2283 1602 2321 age
1625 2279 1659 2310 te
1678 2273 1723 2309 ad
1742 2272 1844 2310 illum
1862 2271 2084 2308 adducamus
2097 2298 2108 2314 ,
2127 2268 2230 2316 eique
2247 2264 2464 2303 suadeamus,
2487 2254 2564 2321 utdu

1538 2342 1662 2372 monte
1681 2333 1908 2372 descendens
1925 2363 1934 2378 ,
1955 2333 2029 2370 imo
2049 2315 2178 2380 potius
2199 2328 2270 2366 illic
2299 2323 2462 2365 residens,
2481 2315 2564 2355 alicui

1537 2410 1582 2436 ex
1601 2398 1644 2436 iis
1657 2426 1668 2444 ,
1687 2399 1748 2446 qui
1761 2397 1891 2435 divites
1905 2395 2009 2433 valde
2021 2394 2198 2442 simulque
2216 2387 2366 2437 religiosi
2379 2389 2470 2427 sunt,
2486 2389 2566 2416 man-

1537 2461 1622 2507 det,
1645 2442 1714 2499 sibi
1751 2461 1870 2497 mittat
1902 2465 2042 2496 tantum
2071 2457 2148 2494 auri
2163 2453 2322 2504 pondus,
2343 2451 2492 2497 quantum
2507 2442 2566 2507 ipse

1537 2526 1613 2563 vis:
1635 2526 1712 2563 sive
1735 2525 1819 2573 quia
1849 2523 1884 2560 id
1915 2522 1976 2560 ille
2002 2532 2075 2560 non
2090 2524 2283 2569 pateretur,
2304 2511 2400 2551 alicui
2426 2501 2566 2553 indigenti

1539 2589 1582 2626 da
1589 2599 1627 2626 re
1641 2572 1768 2636 jubeat
1777 2615 1786 2631 ,
1807 2586 2019 2632 videbisque
2032 2584 2180 2622 divitem
2193 2578 2340 2618 alacrius
2351 2572 2565 2636 obsequentem

1539 2658 1576 2689 et
1590 2655 1800 2698 erogantcm
1813 2677 1822 2694 ,
1845 2629 2104 2696 quam-faceret
2124 2653 2216 2682 unus
2235 2651 2279 2679 ex
2307 2629 2566 2698 dispensatorth

1541 2715 1625 2751 tuis.
1641 2689 1707 2750 llic
1715 2689 1866 2760 quippe,
1873 2720 1956 2748 cum
1969 2709 2103 2758 aliquid
2111 2708 2257 2756 jubetur
2267 2698 2472 2760 impendere,
2481 2689 2566 2760 ιιξὶξίῖέ

1541 2786 1584 2813 ac
1596 2757 1756 2813 mcerens
1767 2757 1926 2816 idfacit;
1943 2757 2067 2810 contra
2081 2771 2142 2808 ille
2152 2778 2232 2806 cum
2244 2757 2491 2809 nonimpendit,
2503 2759 2567 2789 tum

1543 2839 1674 2876 anxius
1687 2843 1746 2876 est
1757 2847 1802 2874 ne
1820 2836 1856 2874 in
1867 2837 1990 2884 aliquo
2002 2827 2303 2878 oﬂ'enderit,qnod
2313 2824 2376 2864 sibi
2390 2820 2468 2859 nihn

1542 2901 1641 2938 modi
1667 2901 1880 2947 imperetur.
1900 2877 2031 2934 Multos
2047 2901 2146 2934 certe
2167 2891 2228 2930 tibi
2247 2895 2384 2939 possem
2401 2877 2565 2947 ostendere;

1543 2975 1614 3002 non
1633 2974 1677 3000 ex
1695 2943 1952 3000 illustrioribus
1971 2959 2041 3004 his,
2057 2954 2120 2996 sed
2139 2967 2180 2994 ex
2197 2947 2432 2991 humilioribus
2443 2943 2566 3004 quoque.

1542 3026 1602 3074 qui
1621 3025 1688 3062 hac
1701 3029 1798 3062 tanta
1817 3028 1996 3071 potestate
2014 3002 2100 3058 sunt
2117 3015 2270 3067 pra‘diti.
2290 3013 2339 3049 Ac
2358 3016 2391 3046 tu
2405 3002 2568 3074 quidem:

1543 3087 1725 3126 mcouomi
1743 3086 1810 3124 sibi
1826 3085 1964 3123 credita
1981 3079 2267 3128 absumpserint,
2283 3075 2384 3111 alium
2404 3076 2464 3105 non
2481 3061 2569 3131 iteite"

1544 3163 1564 3189 θ
1583 3162 1654 3199 quo
1671 3156 1772 3198 petas
1788 3179 1798 3196 ,
1815 3149 1880 3199 sgd
1903 3148 2024 3186 statim
2043 3157 2108 3194 per
2129 3144 2268 3181 illorum
2302 3133 2476 3199 nequitiam

1545 3192 1604 3252 tia;
1623 3192 1693 3251 tua:
1724 3213 1759 3250 in
1789 3192 2298 3261 paupertatem—mutabuntur
2319 3212 2328 3236 :
2347 3210 2364 3235 a
2391 3194 2455 3261 filio
2476 3192 2570 3261 puleii:

1546 3284 1608 3314 tuo
1629 3276 1719 3314 nihil
1753 3253 1809 3313 est
1840 3273 2019 3321 ejusmodi
2051 3267 2296 3309 metuendum.
2327 3255 2454 3321 Natusi
2476 3253 2524 3319 lli-0

1549 3344 1798 3387 paupertatem
1816 3336 1974 3382 incidat,
1990 3344 2134 3372 rursum
2161 3329 2262 3368 alteri
2283 3318 2474 3372 imperabi”
2490 3315 2575 3387 “1'?

1547 3411 1690 3449 quoque
1719 3399 1838 3436 simile
1865 3408 1994 3446 passus
2023 3397 2092 3442 sit,
2121 3393 2166 3430 ad
2197 3391 2304 3428 alimn
2335 3395 2372 3423 se
2400 3375 2574 3449 convertet:

1547 3441 1648 3512 prius
1666 3463 1825 3511 denique
1861 3441 2032 3499 deﬁcient
2067 3458 2218 3496 fontium
2240 3453 2382 3492 latices.
2409 3441 2574 3512 ξι.ίι³“ξ-ίιξξξ

1547 3533 1632 3564 nato
1645 3531 1708 3564 tuo
1721 3505 1949 3574 obtemperet
1961 3521 2165 3572 imperanti.
2184 3515 2284 3563 Quod
2319 3513 2348 3549 si
2365 3505 2576 3575 nobisctllllm":

1547 3589 1723 3637 religione
1751 3569 2133 3630 concordat-espmulta
2157 3579 2218 3618 tibi
2235 3573 2361 3615 similia
2387 3575 2421 3637 et
2449 3569 2554 3637 "ius"?

1547 3662 1781 3696 narrassem;
1813 3661 1938 3689 verum
1971 3647 2055 3696 quia
2089 3652 2123 3684 te
2156 3641 2322 3692 Βθηιίιεῐη
2337 3626 2577 3696 NW???“

1547 3716 1632 3752 hinc
1649 3679 1795 3763 quidem
1805 3678 2176 3760 exempla‘idcerunt.u
2193 3703 2282 3743 Audi
2293 3695 2395 3748 (apud
2411 3678 2576 3763 vi“???

1548 3779 1635 3826 qum
1654 3749 1698 3816 ad
1719 3749 2090 3822 Socratem'loqualul'
2103 3769 2202 3808 δνῖιο
2219 3779 2226 3803 ⁵
2246 3763 2328 3802 Tum
2344 3765 2420 3826 sa.“
2434 3753 2502 3826 sui:
2513 3749 2578 3826 uti“

1550 3811 1635 3826 Ἰ-.-
1654 3811 1698 3816 __
1719 3811 1907 3816 ,φήμη
1924 3811 1948 3812 η
1970 3811 1981 3822 _

1548 3842 1702 3890 pecuniae
1715 3868 1726 3886 ,
1745 3847 1783 3877 ut
1803 3838 1962 3887 equidem
1980 3845 2072 3880 rear,
2098 3831 2182 3870 satis
2199 3826 2312 3864 multa
2327 3833 2337 3859 :
2353 3821 2404 3856 sin
2437 3819 2503 3890 uero
2518 3811 2577 3890 ,ἒν

1548 3877 1562 3890 r
1674 3877 1693 3878 η
1716 3877 1726 3886 ι
1831 3877 1840 3887 .
2064 3877 2070 3880 γ

1547 3906 1638 3954 quod
1658 3905 1723 3942 ntei
1740 3915 1861 3942 curam
1875 3913 1975 3951 geras
1987 3928 1998 3947 ,
2013 3911 2035 3936 a
2049 3910 2086 3935 re
2103 3906 2176 3933 mea
2195 3891 2252 3928 tibi
2278 3880 2496 3924 abstinendum
2517 3877 2579 3905 ειη·

2413 3973 2432 4005 n
2447 3957 2583 4002 Ambrosio

1547 4039 1731 4084 interprete
1749 4039 1992 4082 exprimuntur.
