2742 4342
195 158 263 196 357

191 247 264 272 satis
278 262 286 277 ,
309 235 342 269 lii
355 235 412 280 qui
429 234 566 269 adstant
580 233 727 278 hospites
752 232 912 278 impensis
933 231 1045 278 parati
1072 236 1164 268 sunt.
1193 231 1258 267 1η-

698 153 946 194 ADVERSUS
970 153 1340 193 OPPUGNATOBES
1367 154 1491 196 VITE
1518 159 1722 200 MONAST.
1744 163 1830 200 LIB.
1860 163 1899 200 ll.

191 297 266 332 tulit
287 297 412 344 quippe
425 297 460 332 iu
481 295 542 332 hoc
561 295 670 342 ipsa»:
685 295 862 341 pecuniam
890 295 1057 341 ingentem
1083 293 1259 330 "Simmias
1290 347 1299 351 Α

189 358 390 394 Thebanus:
404 363 544 404 paratus
558 363 604 392 est
615 355 718 394 Cebes
735 367 878 403 quoque,
891 355 952 392 alii
965 356 1044 392 item
1059 356 1168 391 multi.
1183 355 1260 391 ltu-

188 431 265 467 (με,
287 427 324 456 ut
339 426 438 456 antea
452 419 616 464 dicebam,
629 419 727 455 nullo
744 418 866 454 horum
885 425 974 454 metu
992 421 1122 465 [racius
1135 445 1146 461 ,
1163 417 1258 454 salu-

187 489 251 518 tem
263 493 346 518 cura
362 489 467 518 uiam.
490 481 609 528 Neque
625 481 763 525 veroid,
785 480 876 528 quod
897 482 933 517 in
945 481 1080 528 judicio
1094 480 1228 516 dicebas
1242 509 1252 525 ,

187 543 372 580 molestiam
389 543 449 579 tibi
459 543 584 589 pariat,
597 543 688 590 quod
705 543 833 579 scilicet
851 543 1021 589 profectus
1035 553 1102 578 non
1117 541 1257 578 habere:

185 617 250 652 quo
260 606 403 652 teipsum
413 611 570 642 vertens.
589 605 624 640 Μ
628 605 707 642 ullis
717 605 805 641 enim
815 610 844 640 et
855 605 933 640 aliis
941 605 975 640 in
985 604 1080 648 locis,
1093 615 1258 651 quocum-

183 679 248 714 que
260 669 489 716 proﬁciscare,
509 669 672 704 amabunt
685 675 716 704 te
729 669 881 715 plurimi.
903 667 968 705 Sin
991 674 1104 703 autent
1117 667 1199 704 velis
1218 667 1255 704 in

185 730 394 768 Thessalian:
405 743 556 779 pergere,
571 738 649 768 sunt
669 731 754 768 milii
769 732 921 778 plerique
931 731 1001 768 illic
1016 731 1178 778 hospites,
1197 730 1256 779 qui

183 799 216 830 te
225 794 362 840 plurimi
373 795 508 842 facient,
521 801 552 831 et
563 801 670 830 tutum
681 795 818 830 omnino
828 793 1053 840 prastabunt:
1064 793 1112 829 sic
1123 799 1159 828 ut
1167 792 1256 829 nihil

183 855 240 891 tibi
250 856 284 892 in
295 855 472 892 Thessalia
483 857 580 892 desit.
594 856 685 902 Quid
695 857 761 892 hac
769 855 1149 902 opulcntiajucundius
1160 854 1176 891 ’ἔ
1187 855 1255 892 Vc—

182 926 258 951 rum
270 915 344 952 haec
351 916 510 963 quidem,
519 923 558 952 ut
569 916 613 952 ad
625 916 834 953 s:ecularem
856 915 1038 952 hominem
1053 915 1123 952 sint
1141 915 1252 952 dicta.

181 978 282 1023 Quod
301 979 330 1015 si
351 979 458 1015 modo
474 978 519 1015 ad
541 978 804 1026 philosophiam
821 977 1147 1014 accommodatiore
1165 987 1252 1024 opes

181 1040 357 1078 discutere
370 1037 547 1084 velimus,
570 1046 607 1076 tu
626 1039 781 1077 fortasse
814 1050 884 1076 non
905 1041 1108 1086 assequeris
1143 1039 1251 1077 intel-

180 1101 275 1138 lectu
290 1129 300 1146 ,
320 1101 408 1138 mibi
425 1108 544 1138 tamen
562 1108 709 1148 propter
722 1101 864 1148 judices
883 1102 1090 1139 necessario
1126 1102 1252 1139 dicen-

178 1163 263 1199 dum
285 1169 352 1199 est.
373 1163 497 1199 Tanta:
525 1164 620 1200 enim
652 1169 737 1199 sunt
765 1163 907 1200 virtutis
942 1173 1053 1210 opes.
1090 1163 1252 1211 adeoque

174 1225 308 1261 vestris
324 1224 506 1262 dulciores
524 1231 560 1262 et
579 1225 832 1272 optabiliores,
856 1231 894 1262 ut
926 1226 986 1272 qui
1027 1227 1090 1262 bas
1116 1225 1252 1264 habue~

171 1287 249 1322 srint.
262 1297 309 1322 ue
325 1287 529 1324 universam
545 1286 690 1333 quidem
711 1293 840 1324 terram
853 1316 863 1331 ,
884 1287 1024 1324 etiamsi
1043 1288 1102 1324 illa
1123 1299 1249 1325 aurum

174 1347 283 1384 ﬁeret
300 1358 382 1384 cum
403 1348 609 1392 montibus,
649 1348 738 1384 mari
759 1356 794 1385 et
829 1349 1058 1394 fluminibus,
1085 1353 1250 1387 commu-

175 1414 252 1446 tare
269 1419 349 1446 cum
368 1409 438 1447 illis
456 1410 647 1447 voluerint.
669 1411 715 1446 At
735 1411 763 1447 si
785 1410 822 1447 id
850 1411 928 1448 fieri
967 1417 1116 1458 posset,
1138 1422 1250 1458 expe-

175 1471 328 1508 rimento
373 1479 472 1508 certe
503 1472 689 1509 didicisses
722 1482 788 1509 nos
816 1482 887 1508 non
922 1473 1106 1520 iactantiae
1139 1473 1248 1511 verba

170 1532 272 1578 loqui
295 1543 304 1566 ι
325 1533 388 1568 sed
409 1533 564 1579 majores
580 1543 722 1580 quoque
740 1534 790 1570 illi
809 1533 954 1571 divitias
974 1535 1068 1572 nacti
1096 1546 1248 1582 sperne-

176 1598 256 1629 rent
275 1600 310 1630 et
331 1604 522 1641 numquam
545 1605 692 1641 prorsus
711 1605 794 1631 cum
825 1595 902 1632 istis
929 1596 1008 1634 illas
1043 1603 1248 1634 commuta-

175 1660 266 1690 rent.
288 1655 330 1691 Et
347 1656 432 1702 quid
459 1665 526 1703 ego
545 1656 648 1701 dico,
667 1659 958 1694 conimutarent'!
979 1669 1025 1696 ne
1057 1669 1138 1695 cum
1176 1659 1247 1698 illis

173 1717 317 1764 quidem
339 1718 406 1755 has
419 1719 553 1756 habere
567 1719 716 1756 vellent.
734 1721 839 1758 Certe
865 1721 895 1757 si
914 1721 995 1768 quis
1028 1722 1130 1758 vobis
1161 1732 1246 1759 cum

171 1779 335 1826 pecuniis
355 1781 500 1817 virtutis
519 1781 700 1817 conterret
713 1791 816 1828 Opes,
839 1782 976 1829 supinis
992 1791 1056 1819 eas
1079 1783 1245 1820 manibus

171 1841 422 1888 susciperetis:
441 1842 532 1879 adeo
551 1842 618 1889 ipsi
642 1853 786 1889 quoque
803 1853 864 1880 eas
879 1843 1021 1879 divitias
1037 1849 1074 1880 et
1091 1854 1242 1891 magnas

169 1911 206 1941 et
221 1905 448 1942 admirabiles
468 1915 548 1942 esse
569 1906 804 1942 conlitemini.
825 1907 870 1942 At
902 1905 938 1942 hi
974 1917 1021 1943 ne
1047 1917 1130 1944 cum
1166 1907 1243 1944 suis

171 1967 311 2014 quidem
332 1977 418 2014 opes
432 1973 570 2004 vestras
587 1967 720 2004 habere
747 1969 950 2013 voluerint,
971 1967 1020 2004 ita
1053 1979 1129 2005 rem
1158 1978 1241 2006 esse

171 2029 404 2074 spemcudam
426 2035 572 2066 norunt.
594 2029 712 2078 Atque
732 2029 801 2066 hoc
818 2030 934 2076 ipsum
954 2040 1082 2067 rursus
1113 2041 1240 2068 διεπι-

171 2090 238 2135 plis
257 2091 384 2127 vestris
407 2091 633 2138 perspicuum
653 2091 798 2128 faciam.
815 2091 994 2137 Quantum
1013 2093 1110 2128 enim
1132 2102 1238 2139 pecu-

171 2153 304 2190 niarum
323 2154 565 2191 Alexandrum
587 2154 737 2201 Diogeni
754 2148 922 2190 daturum
939 2153 1049 2192 fuisse
1065 2161 1190 2201 putas,
1209 2155 1240 2192 si

169 2216 308 2262 quidem
327 2217 386 2253 ille
408 2217 580 2253 voluisset
599 2215 791 2262 accipere?
811 2215 874 2252 Ille
909 2225 996 2253 vero
1035 2216 1164 2254 noluit.
1186 2217 1236 2253 At

170 2278 372 2314 Alexander
390 2278 526 2315 viribus
549 2279 638 2315 totis
649 2278 890 2315 contendebat
905 2306 916 2323 ,
937 2284 1140 2324 cunctaque
1161 2287 1239 2314 mo-

171 2340 330 2385 liebatur,
351 2347 389 2377 ut
407 2341 452 2377 ad
471 2341 576 2386 hujus
595 2340 737 2378 divitias
752 2341 900 2387 propius
920 2340 1120 2377 accederet.

213 2403 250 2439 5.
277 2404 344 2448 Qui
360 2403 474 2439 omnia
493 2403 636 2450 despicit
653 2413 730 2439 vere
754 2403 861 2439 dives.
882 2422 930 2429 -—
955 2401 1066 2439 Visne
1093 2402 1238 2442 aliunde

166 2474 304 2512 quoque
323 2472 359 2502 ct
381 2473 477 2502 tuam
495 2465 672 2512 inopiam,
691 2471 727 2502 et
751 2464 813 2502 ﬁlii
835 2464 884 2501 tui
915 2475 1004 2512 opes
1037 2475 1236 2512 cognosce-

167 2527 229 2562 re?
249 2527 349 2563 Illum
370 2527 448 2571 adi,
469 2527 622 2574 ejusque
642 2527 787 2574 pallium
801 2555 812 2572 ,
834 2527 929 2574 quod
951 2527 1067 2564 solum
1105 2527 1236 2572 habet,

167 2587 353 2624 illiaufer:
375 2589 466 2625 educ
483 2589 568 2626 item
591 2600 636 2625 ex
654 2589 825 2634 latibulo,
865 2589 1016 2637 ejusque
1052 2591 1234 2636 tugurium

167 2649 331 2685 destruet
357 2660 402 2685 ne
420 2651 471 2686 sic
487 2650 629 2696 quidem
648 2661 729 2688 eum
762 2651 1006 2698 indignantem
1043 2658 1105 2688 aut
1138 2662 1235 2699 aegre

165 2711 338 2749 ferentem
357 2712 518 2756 videbis;
539 2723 662 2750 verum
682 2714 746 2750 tibi
761 2714 888 2751 borum
907 2715 1042 2762 gratias
1075 2715 1204 2752 reddet
1221 2744 1231 2761 ,

166 2780 334 2821 tantoque
368 2774 548 2820 majores,
585 2781 718 2822 quanto
746 2777 860 2824 magis
893 2788 975 2814 eum
997 2777 1041 2814 ad
1073 2777 1233 2824 philoso-

166 2836 282 2882 phiam
298 2836 452 2882 impellis
468 2848 476 2872 :
496 2835 559 2872 tibi
580 2847 666 2872 vero
679 2837 708 2873 si
729 2837 808 2883 quis
825 2837 882 2874 vel
900 2837 1026 2875 decem
1043 2839 1234 2876 draclimas

165 2897 370 2943 abstulerit,
387 2898 530 2945 lugendi
549 2898 841 2946 lamentandique
860 2899 966 2936 linem
997 2911 1069 2938 non
1108 2902 1232 2939 facies.

168 2957 250 2997 Uter
265 2971 352 3008 ergo
369 2960 470 2998 dives
484 2961 744 2997 existimandus
761 2961 832 2998 est?
850 2961 928 2999 isne
940 2963 1001 3010 qui
1025 2963 1080 3000 vel
1101 2963 1148 3001 de
1166 2964 1234 3001 mi-

167 3021 270 3058 nimis
283 3023 524 3066 excruciatur,
537 3033 582 3060 an
595 3023 656 3070 qui
672 3023 792 3059 omnia
805 3023 910 3060 simul
923 3024 1090 3072 despicit?
1107 3025 1233 3074 Neque

165 3083 200 3120 id
220 3091 351 3122 tantum
367 3085 499 3131 facias,
522 3097 646 3123 verum
669 3097 713 3124 ex
733 3093 806 3123 tota
837 3087 984 3134 regione
1013 3089 1164 3126 exturba
1189 3089 1232 3125 il-

167 3147 311 3185 lum:et
325 3149 498 3186 ridentem
531 3149 674 3186 videbis
711 3149 813 3197 quasi
843 3150 888 3187 de
922 3151 1069 3188 ludente
1100 3161 1229 3200 puero.

166 3209 214 3247 Te
234 3220 317 3248 vero
339 3212 367 3247 si
389 3213 470 3259 quis
485 3222 529 3248 ex
562 3212 677 3258 patria
709 3213 824 3248 solum
843 3213 1029 3259 estin-bet,
1048 3213 1232 3251 acerbissi-

167 3281 220 3307 ma
239 3273 380 3319 patieris
393 3302 406 3318 ,
423 3284 539 3322 neque
558 3274 654 3311 illam
677 3274 916 3312 calamitatem
946 3275 1040 3312 ferre
1070 3276 1228 3323 poteris:

165 3333 224 3370 ille
241 3341 356 3372 autem
371 3363 381 3380 ,
403 3337 536 3383 quippe
555 3343 662 3374 terra:
681 3337 865 3383 marisque
885 3336 1052 3374 dominus
1065 3364 1075 3382 ,
1097 3337 1147 3374 ita
1173 3337 1230 3374 la-

166 3396 230 3434 cile
248 3404 283 3434 et
309 3399 388 3435 sine
409 3408 564 3435 mturare
592 3409 635 3436 ex
668 3399 723 3436 bis
743 3399 834 3436 locis
851 3399 862 3420 ι
881 3398 926 3435 ad
943 3399 1012 3436 alia
1046 3399 1227 3447 migrabit,

166 3463 204 3494 ut
235 3463 270 3496 tu
302 3459 389 3497 facis
421 3470 502 3496 cum
542 3471 723 3508 peragros
741 3467 821 3498 tuos
839 3460 1088 3504 incedis,imo
1120 3463 1228 3499 etiam

167 3519 314 3559 facilius.
331 3522 422 3559 Nam
440 3523 502 3558 tibi
521 3523 588 3559 etsi
621 3533 686 3570 per
705 3529 762 3561 tua
799 3523 969 3560 incedere
1005 3523 1133 3568 liceat,
1165 3535 1230 3572 per

166 3583 277 3622 aliena
293 3591 413 3623 tamen
451 3585 660 3622 necessario
687 3585 928 3623 incedendum
959 3593 1016 3623 est
1043 3594 1108 3624 :at
1141 3597 1230 3629 vero

168 3652 294 3684 terram
321 3647 381 3685 ille
413 3658 559 3686 omnem
594 3658 696 3685 suam
717 3648 950 3692 obambulat,
968 3648 1075 3696 eique
1106 3655 1230 3697 potum

168 3710 318 3758 undique
348 3711 589 3759 largissimum
620 3711 852 3758 suppeditant
889 3717 1042 3758 stagna,
1078 3721 1228 3758 annuos,

169 3769 280 3808 l‘oiites
298 3784 308 3808 :
325 3772 426 3810 cibus
445 3773 511 3820 ipsi
532 3777 618 3810 sunt
633 3772 758 3817 olera,
785 3772 928 3816 herbas,
963 3783 1075 3820 panes
1105 3774 1230 3814 multis

208 3848 218 3868 ι
243 3852 275 3881 tn
289 3848 400 3882 Morel.
417 3853 542 3884 tantum
556 3849 677 3884 desunt
691 3848 814 3890 verba,
830 3856 874 3884 ea:
889 3847 939 3883 his
951 3847 1043 3884 locis.

1280 747 1307 757 α

2333 167 2404 205 538

1332 243 1375 269 ex
1399 233 1486 271 locis
1506 235 1659 274 advecti.
1683 239 1847 277 Nondum
1869 241 1964 278 enim
1983 243 2018 281 id
2037 243 2117 280 dico
2130 273 2140 288 ,
2159 244 2253 292 quod
2269 251 2402 283 terram

1331 295 1408 340 ipse
1437 306 1580 334 omnem
1611 309 1835 346 aspernetur,
1855 301 1992 340 habens
2019 305 2199 342 civitatem
2227 306 2400 344 coalum‘.

1331 356 1432 401 Quod
1451 358 1478 392 si
1503 359 1726 397 moriendum
1747 361 1877 407 fuerit,
1893 364 2009 401 laetius
2027 366 2118 403 feret
2137 367 2275 404 obitum
2293 379 2398 416 quam

1329 417 1479 456 delicias
1507 427 1667 467 vestras,
1705 433 1748 460 ac
1767 427 2046 472 praeoptabitita
2063 429 2177 472 mori,
2193 439 2300 476 quam
2338 440 2402 467 vos

1329 481 1364 517 in
1385 483 1495 528 patria
1516 492 1550 520 et
1571 485 1692 524 lecto:
1715 487 1762 524 ita
1782 495 1820 525 ut
1852 489 1912 526 ille
1933 501 2016 528 vere
2036 493 2217 540 sitvagus,
2233 493 2401 542 fugitivus

1328 550 1364 580 ct
1385 544 1631 592 palabuudus,
1649 550 1710 596 qui
1729 551 1853 588 urbem
1871 552 1994 590 incolit
2013 561 2046 591 et
2068 555 2102 591 in
2118 556 2226 593 domo
2249 557 2400 601 habitat,

1327 617 1396 642 non
1409 614 1529 644 autem
1539 607 1598 654 qui
1611 610 1841 649 bisomnibus
1851 613 1942 651 liber
1952 616 2078 652 evasit.
2089 617 2288 664 Numquam
2303 621 2400 656 enim

1326 667 1424 704 illum
1442 666 1490 704 de
1503 666 1620 714 patria
1638 675 1773 712 poteris
1790 674 1944 713 educere
1957 704 1968 721 ,
1982 677 2049 714 nisi
2065 689 2146 715 eum
2165 689 2210 716 ex
2231 681 2398 718 universa

1327 735 1419 766 terra
1435 730 1622 778 dejeceris.
1645 731 1696 771 Ita
1717 736 1812 772 enim
1847 737 1990 774 interim
2018 739 2231 787 loquamur:
2257 753 2339 780 nam
2369 743 2400 780 si

1325 801 1408 828 vere
1428 792 1644 840 loquendum
1657 798 1716 842 sit,
1736 803 1822 836 tunc
1840 810 1923 836 eum
1946 803 2101 839 maxime
2119 804 2151 840 in
2168 805 2318 851 patriam
2338 817 2399 844 re-

1325 854 1458 900 mittes,
1474 866 1555 892 cum
1565 869 1608 894 ex
1622 865 1716 896 terra
1729 861 2077 901 deduxeris.Verum
2097 866 2130 902 id
2167 868 2325 904 nondmn
2353 870 2398 906 ad

1325 921 1358 952 te
1375 917 1578 965 loquemur,
1595 921 1654 968 qui
1676 923 1818 960 nonnisi
1837 934 1877 961 ea
1897 936 1976 973 qua:
1997 927 2112 964 oculis
2130 930 2399 976 perspiciuntur

1323 980 1432 1016 nosti.
1462 980 1586 1029 Neque
1607 984 1740 1021 nudum
1769 996 1852 1022 eum
1881 989 2016 1035 poteris
2042 991 2258 1036 ostendere,
2283 993 2400 1031 donec

1323 1043 1466 1080 virtutis
1487 1045 1707 1084 indumentis
1727 1049 1879 1087 amictus
1901 1051 2020 1098 fuerit,
2039 1063 2157 1101 neque
2176 1055 2269 1093 fame
2289 1067 2397 1094 neca-

1322 1105 1392 1150 bis,
1419 1108 1589 1153 quamdiu
1610 1110 1669 1155 qui
1689 1112 1736 1148 sit
1756 1123 1863 1150 verus
1887 1115 1986 1152 cibus
2013 1118 2214 1164 agnoverit.
2243 1118 2314 1156 Sed
2341 1119 2397 1157 bis

1324 1167 1492 1204 omnibus
1524 1168 1654 1207 divites
1684 1171 1788 1209 facile
1818 1175 2020 1221 capiuntur.
2057 1178 2296 1222 Quamobrem
2329 1180 2397 1219 hac

1321 1228 1462 1266 ratione
1482 1240 1552 1266 non
1574 1231 1776 1279 aberrabit,
1806 1234 1866 1282 qui
1895 1235 1962 1274 bos
1987 1238 2130 1284 quidem
2159 1251 2334 1288 pauperes
2355 1254 2398 1282 ac

1321 1301 1469 1338 prorsus
1490 1293 1615 1340 inopes
1643 1295 1800 1343 dixerit,
1829 1298 1910 1336 illos
1930 1307 2050 1337 autem
2071 1302 2265 1340 admodum
2294 1305 2397 1343 locu-

1321 1354 1448 1401 pictos.
1469 1355 1556 1393 Nam
1575 1358 1634 1395 cui
1653 1358 1766 1404 cilius,
1791 1367 1908 1407 potus,
1933 1362 2081 1408 domus,
2103 1365 2246 1412 requies
2263 1367 2396 1415 ubique

1319 1415 1498 1463 suppetit,
1531 1428 1597 1455 nec
1630 1419 1738 1456 modo
1771 1431 1843 1458 non
1861 1423 1875 1443 '
1896 1423 2048 1462 moleste
2075 1425 2164 1471 fert,
2193 1427 2256 1465 sed
2285 1431 2395 1466 etiam

1319 1476 1354 1514 in
1385 1477 1440 1514 bis
1456 1479 1672 1526 jucundius,
1695 1492 1803 1530 quam
1822 1494 1886 1520 vos
1904 1484 1939 1522 in
1959 1486 2112 1531 vestris,
2131 1495 2320 1535 versatur;
2349 1491 2394 1536 is,

1319 1543 1360 1602 ut
1379 1539 1506 1586 liquet,
1525 1543 1731 1588 opulentior
1749 1551 1805 1582 cst
1822 1548 1990 1585 omnibus
2011 1549 2112 1587 vobis
2129 1550 2313 1599 divitibus,
2333 1555 2395 1602 qui

1319 1601 1419 1640 domi
1440 1609 1576 1642 tantum
1598 1605 1675 1644 haec
1699 1607 1860 1646 invenire
1881 1611 2044 1656 potestis.
2065 1612 2240 1658 Quocirca
2262 1626 2330 1653 nec
2347 1601 2394 1654 de

1317 1663 1437 1710 inOpia
1451 1665 1510 1703 ille
1527 1676 1694 1714 umquam
1710 1668 1857 1716 lugebit.
1869 1671 1995 1719 Neque
2009 1675 2104 1711 enim
2121 1687 2164 1712 ex
2186 1677 2251 1714 hac
2268 1689 2390 1716 rerum

1315 1727 1418 1772 c0pia
1438 1732 1474 1764 et
1495 1728 1678 1776 voluptate
1709 1737 1847 1768 tantum
1869 1733 2002 1770 divitia:
2023 1735 2100 1772 ista:
2121 1739 2392 1783 praestantiores

1313 1791 1422 1829 sunt:
1441 1787 1506 1825 sed
1528 1789 1636 1826 etiam
1655 1791 1752 1838 quod
1771 1793 2034 1840 insuperabilcs
2051 1796 2138 1841 sint,
2159 1808 2226 1836 nec
2244 1800 2278 1836 in
2301 1811 2390 1848 pau-

1313 1853 1490 1894 pertatem
1513 1860 1682 1898 umquam
1711 1853 1842 1890 cadere
1866 1856 2004 1902 possint
2018 1885 2028 1902 ,
2048 1868 2166 1905 neque
2186 1861 2230 1898 iis
2249 1862 2391 1908 praediti

1311 1908 1466 1956 subjecti
1483 1911 1556 1948 sint
1574 1911 1683 1950 futuri
1703 1913 1946 1954 incertitudini
1960 1946 1970 1962 ,
1989 1929 2060 1956 non
2082 1921 2178 1958 curis
2197 1930 2388 1971 angantur,

1313 1983 1386 2011 non
1417 1974 1530 2012 livore
1559 1977 1774 2024 capiantur;
1807 1979 1870 2016 sed
1891 1981 2168 2021 admirationem
2189 1995 2333 2023 omnem
2353 1995 2392 2025 et

1311 2035 1456 2073 laudem
1475 2043 1512 2074 et
1530 2037 1661 2076 famam
1682 2040 1882 2080 obtineant.
1905 2044 2012 2090 Atqui
2033 2045 2068 2081 in
2091 2047 2191 2084 vobis
2208 2051 2390 2088 contraria

1310 2098 1456 2144 penitus
1476 2100 1646 2138 videntur
1664 2114 1674 2137 :
1694 2113 1765 2140 non
1784 2105 1893 2142 modo
1914 2105 2010 2143 cnim
2028 2118 2094 2145 vos
2113 2109 2172 2146 alii
2191 2111 2236 2148 de
2253 2111 2389 2151 divitiis

1311 2170 1381 2196 non
1401 2161 1570 2206 laudant,
1591 2164 1654 2201 sed
1673 2166 1782 2202 etiam
1803 2167 1957 2205 oderunt
1976 2175 2013 2207 et
2043 2178 2276 2220 aversantur,
2298 2175 2390 2212 invi-

1309 2221 1395 2258 dent
1413 2222 1498 2259 item
1514 2225 1616 2262 vobis
1637 2232 1744 2274 atque
1767 2229 1983 2268 insidiantur
2002 2232 2143 2280 plurimi
2163 2247 2172 2272 :
2193 2235 2253 2274 hic
2265 2243 2387 2276 autem

1309 2283 1406 2329 quod
1424 2286 1518 2321 veris
1536 2286 1672 2325 divitiis
1693 2289 1852 2338 locuples
1871 2293 1932 2338 sit,
1951 2293 2033 2332 ideo
2051 2296 2206 2334 maxime
2226 2298 2385 2337 admira-

1310 2344 1397 2381 tioni
1417 2351 1486 2390 est,
1521 2356 1586 2384 nec
1613 2348 1744 2385 invidia
1767 2356 1830 2386 aut
1851 2352 1990 2390 insidiis
2009 2357 2202 2402 appetitur.
2226 2360 2280 2395 Ad
2301 2371 2386 2398 cors

1309 2409 1406 2455 poris
1424 2419 1512 2446 vero
1537 2410 1780 2448 valetudinem
1809 2419 1890 2450 uter
1915 2415 2061 2461 aptior?
2090 2428 2210 2456 nonne
2230 2420 2260 2456 is
2279 2431 2385 2468 agre-

1307 2471 1416 2508 stium
1437 2471 1552 2509 instar
1581 2473 1819 2511 animantium
1842 2481 1968 2523 vegeto
1989 2488 2142 2525 corpore
2161 2488 2240 2526 est,
2261 2487 2387 2530 utpote

1307 2532 1370 2578 qui
1395 2534 1592 2580 purissimo
1611 2534 1751 2572 fruatur
1769 2547 1866 2582 acre,
1887 2537 2030 2576 liuentis
2050 2540 2267 2588 salubribus,
2287 2543 2386 2582 ﬂori—

1307 2593 1388 2637 bus,
1405 2595 1532 2642 pratis,
1552 2596 1662 2634 odore
1675 2598 1908 2644 gratissimo;
1932 2599 1989 2638 hic
2006 2610 2092 2638 vero
2107 2604 2208 2650 quasi
2226 2604 2262 2641 in
2279 2615 2384 2643 curuo

1303 2655 1442 2702 jaceus,
1475 2662 1512 2694 et
1543 2658 1686 2695 mollior
1717 2667 1770 2696 est
1801 2665 1838 2697 et
1867 2661 2002 2698 morbis
2035 2664 2148 2710 magis
2177 2666 2386 2705 obnoxuis?

1305 2718 1407 2763 Quod
1428 2719 1457 2754 si
1490 2720 1524 2755 iu
1557 2721 1710 2758 sanitate
1737 2721 1872 2770 primas
1893 2723 1954 2760 ille
1976 2729 2122 2769 teneat,
2144 2726 2179 2762 in
2201 2727 2384 2775 voluptate

1305 2791 1376 2816 non
1399 2781 1541 2826 minus,
1563 2789 1602 2818 ut
1629 2783 1752 2830 liquet.
1777 2784 1902 2822 Utrum
1925 2786 2020 2822 enim
2051 2789 2165 2834 magis
2195 2790 2382 2828 existimas

1305 2843 1340 2878 in
1359 2842 1499 2880 deliciis
1514 2854 1637 2891 agere,
1655 2855 1787 2883 eumne
1803 2847 1864 2894 qui
1882 2856 1992 2895 super
2011 2849 2184 2888 altissima
2203 2854 2382 2891 recumbit

1305 2905 1430 2952 herba,
1451 2917 1547 2954 pone
1568 2907 1700 2946 fontem
1721 2909 1910 2957 limpidum
1924 2940 1934 2956 ,
1953 2913 2021 2949 sub
2042 2913 2168 2951 umbra
2189 2915 2382 2955 densarum

1303 2969 1500 3014 arborum,
1530 2971 1748 3020 oculumque
1781 2974 1895 3020 pascit
1925 2983 2095 3022 aspectu,
2128 2978 2382 3028 purioremque

1304 3032 1384 3079 ipso
1415 3033 1504 3070 caelo
1531 3034 1690 3071 animum
1713 3035 1898 3082 possidet,
1919 3047 1939 3073 a
1960 3048 2080 3076 rerum
2111 3042 2382 3086 perturbatione

1303 3105 1346 3131 ac
1363 3095 1518 3132 tumultu
1536 3096 1643 3144 longe
1659 3105 1843 3142 remotus;
1865 3109 1909 3136 an
1927 3109 2008 3136 eum
2025 3103 2084 3148 qui
2104 3101 2201 3139 domi
2221 3104 2382 3144 inclusus

1303 3159 1458 3196 manet?
1477 3160 1572 3197 Sane
1589 3171 1660 3198 non
1679 3171 1765 3198 aere
1783 3163 1928 3209 puriora
1949 3171 2032 3200 sunt
2053 3175 2246 3213 marmora,
2265 3179 2382 3216 neque

1304 3221 1431 3258 umbra
1465 3223 1550 3259 tecti
1584 3222 1744 3260 frondeis
1775 3224 1913 3262 umbris
1941 3227 2090 3274 gratior,
2124 3238 2242 3277 neque
2270 3231 2381 3280 lapilli

1303 3285 1384 3321 solo
1405 3285 1514 3322 variis
1534 3291 1662 3333 operto
1683 3285 1833 3323 ﬂoribus
1859 3288 2091 3326 amoeniores.
2113 3290 2231 3338 Atque
2251 3291 2379 3330 borum

1301 3359 1368 3386 vos
1386 3347 1518 3386 divites
1537 3353 1649 3386 testes
1674 3348 1762 3387 estis
1776 3377 1787 3394 ,
1817 3350 1878 3398 qui
1893 3378 1902 3396 ,
1923 3350 1954 3388 si
1974 3351 2052 3389 ﬁeri
2075 3359 2214 3400 posset,
2237 3355 2272 3392 in
2287 3353 2380 3403 ipsis

1303 3413 1408 3450 tectis
1424 3413 1573 3450 arbores
1592 3413 1726 3450 habere
1745 3414 1939 3461 cuperetis,
1961 3420 1998 3452 et
2024 3423 2208 3463 pratorum
2227 3419 2376 3456 amceui-

1301 3481 1412 3513 talem
1451 3475 1628 3520 malletis,
1665 3486 1734 3523 qua
1768 3485 1878 3514 aurea
1905 3482 2012 3524 tecta,
2041 3479 2244 3527 arietesque
2273 3481 2378 3516 mira-

1253 3531 1277 3578 ε
1302 3537 1407 3576 biles.
1425 3537 1676 3584 Quamobrem
1695 3548 1778 3576 cum
1805 3549 1852 3576 ex
1881 3539 2004 3578 multis
2031 3541 2214 3578 laboribus
2239 3549 2381 3577 recrea-

1303 3603 1435 3640 tionem
1455 3601 1621 3649 accipere
1638 3602 1759 3647 vultis,
1783 3602 1839 3640 his
1855 3603 1992 3640 relictis
2009 3603 2054 3640 ad
2072 3603 2133 3640 illa
2161 3601 2378 3648 properatis.

1302 3666 1440 3705 Verum
1472 3667 1627 3704 fortasse
1657 3677 1723 3714 pro
1753 3666 1867 3714 gloria
1897 3664 2132 3714 conquereris
2160 3663 2220 3701 illa
2248 3669 2379 3708 magna

1345 3809 1357 3830 ι
1381 3811 1452 3840 Duo
1463 3810 1549 3841 διες..
1563 3804 1598 3839 in
1613 3802 1704 3839 mla.

1345 3850 1360 3871 ι
1384 3854 1496 3891 Deest,
1513 3856 1574 3882 non
1584 3871 1594 3889 ,
1611 3848 1644 3881 in
1658 3846 1786 3880 duobus
1800 3847 1873 3876 Mss.
