2742 4342
353 175 426 213 559

355 262 464 301 atque
485 246 644 297 ingenti,
663 252 743 292 qua:
760 239 824 277 hic
846 247 918 274 non
939 237 1140 282 comparet.
1167 229 1320 276 Regiam
1339 225 1438 264 enim

355 296 540 355 solitudini
573 307 791 347 conferens,
824 305 932 348 atque
965 296 1156 342 utriusque
1189 298 1304 330 status
1337 297 1440 337 spem

356 351 481 417 inritae
517 376 748 417 comparans,
771 364 818 402 de
853 361 946 400 caelo
979 360 1058 408 ipso
1087 357 1201 395 ﬁlium
1235 354 1300 392 tibi
1334 353 1344 374 ¹
1376 351 1441 389 de-

355 440 488 479 cidisse
520 431 725 472 arbitraris.
757 427 798 465 ld
831 426 942 474 igitur
973 423 1093 472 primo
1125 418 1338 458 discendum
1370 420 1441 460 est,

287 544 294 549 ,
353 499 450 550 quod
480 505 599 544 neque
617 491 775 532 solitudo
795 488 1007 538 ignobilem,
1037 493 1158 532 neque
1184 481 1284 530 regia
1303 479 1443 517 clarum

355 543 511 601 faciatet
527 543 704 597 illustrem
720 569 729 594 :
743 561 852 603 atque
865 557 1061 598 antequam
1079 547 1126 586 ad
1143 547 1304 584 rationes
1319 543 1443 581 venia-

356 636 452 670 mus,
471 621 650 669 exemplis
670 625 706 657 te
725 618 771 655 ab
787 617 856 654 hac
876 613 1083 662 suspicione
1102 607 1295 653 liberabn;
1322 617 1446 646 exem-

357 668 451 736 plis,
475 668 622 732 inquam
637 711 647 729 ,
677 692 751 720 non
769 679 904 718 nostris
918 706 929 724 ,
948 675 1016 714 sed
1035 674 1182 712 vestris.
1204 673 1257 710 De
1274 668 1448 719 Dionysio

359 734 452 790 lorte
485 748 616 786 audisti
649 745 782 784 Sicilia:
817 750 989 792 tyranno,
1025 740 1186 786 itemque
1218 735 1264 774 de
1295 734 1449 772 Platone

363 815 545 854 Aristonis
563 812 654 850 lilio.
675 810 763 849 Uter
789 809 922 856 igitur,
943 804 1002 842 die
1025 802 1114 840 mihi
1128 830 1138 847 ,
1158 798 1336 848 insigniur
1353 795 1450 834 fuit?

362 885 446 918 nter
459 877 617 920 canitur,
629 881 670 920 ,et
685 884 749 920 per
762 875 977 909 cunctorum
994 876 1058 904 ora
1077 861 1309 902 celebratur?
1330 868 1452 897 nonne

363 940 602 992 philosophus
623 939 738 985 magis
752 965 761 979 ,
783 945 891 982 quam
917 928 1120 980 tyrannus?
1151 926 1260 974 Atqui
1291 924 1352 962 ille
1372 923 1453 971 qui-

361 986 444 1045 dem
493 986 617 1042 Sicilia
669 1006 744 1038 tota
771 1000 785 1020 ¹
814 996 1043 1046 potiebatur,
1077 999 1187 1040 atque
1235 991 1272 1026 in
1313 986 1452 1025 deliciis

363 1068 546 1117 degebat,
582 1063 790 1112 ingentibus
819 1059 978 1101 divitiis,
1013 1055 1213 1094 satellitum
1247 1048 1454 1100 agminibus

364 1113 539 1180 stipatus,
561 1139 604 1166 ac
622 1137 704 1165 cum
723 1123 874 1172 reliquis
895 1121 1068 1170 potentia:
1091 1116 1294 1164 insignibus
1314 1113 1457 1150 diutur-

366 1177 450 1232 nam
484 1193 594 1229 vitam
627 1188 741 1238 gessit
768 1199 777 1224 :
808 1185 868 1223 hic
897 1189 1018 1222 autent
1047 1182 1083 1219 in
1113 1177 1320 1217 Academia:
1350 1177 1457 1212 horto

367 1257 578 1296 versabatur
594 1284 603 1299 ,
636 1253 774 1301 rigans,
807 1250 976 1286 inserens
993 1274 1003 1289 ,
1030 1245 1217 1290 olivasque
1244 1239 1456 1283 comedens,

367 1331 410 1358 ac
446 1319 660 1356 vilissimam
697 1321 886 1362 apponens
927 1317 1093 1347 mensam
1129 1305 1193 1343 illo
1229 1303 1329 1341 omni
1365 1309 1459 1337 vano

368 1382 563 1432 splendore
593 1387 742 1416 vacuus.
777 1375 822 1413 Et
842 1374 913 1412 hoc
933 1382 1004 1410 non
1025 1379 1141 1417 usque
1171 1366 1262 1404 adeo
1293 1363 1460 1402 mirabile

369 1427 448 1490 est;
467 1444 533 1482 sed
551 1441 648 1490 quod
668 1449 796 1478 servus
816 1436 965 1480 ell‘ectus
978 1462 989 1480 ,
1010 1430 1228 1482 tyrannique
1247 1427 1353 1475 jussu
1369 1435 1460 1462 ven-

371 1510 468 1548 ditus
483 1536 493 1553 ,
515 1512 654 1545 tantum
683 1503 799 1542 abfuit
826 1507 866 1538 ut
886 1500 948 1537 illo
968 1502 1161 1546 prepterea
1184 1493 1290 1530 vilior
1308 1499 1458 1538 appare-

371 1579 443 1618 ret,
459 1577 498 1608 ut
517 1569 585 1617 ipsi
602 1577 746 1615 quicque
763 1573 922 1614 tyranno
939 1561 1024 1599 hinc
1041 1559 1141 1597 visus
1157 1557 1206 1595 sit
1221 1553 1463 1594 admiratione

373 1617 518 1683 dignus.
540 1632 654 1670 Tanta
675 1639 733 1667 res
752 1633 809 1666 est
825 1624 966 1664 virtus!
995 1632 1068 1660 non
1093 1632 1158 1670 per
1184 1629 1227 1657 ea
1247 1617 1358 1656 modo
1381 1625 1464 1664 qua:

375 1682 462 1744 agit,
485 1694 550 1732 sed
572 1704 636 1740 per
661 1703 704 1728 ea
723 1691 832 1729 etiam
855 1699 936 1736 quae
965 1685 1116 1734 indigne
1135 1682 1282 1732 patitur,
1314 1689 1384 1718 nec
1403 1688 1465 1716 se-

377 1741 508 1806 ipsam,
540 1765 608 1792 nec
639 1763 702 1791 eos
732 1753 794 1800 qui
827 1751 943 1798 ipsam
964 1752 1138 1786 exercent
1166 1745 1283 1782 latere
1315 1741 1402 1780 sinit
1429 1745 1467 1778 et

377 1817 565 1859 occultari.
585 1816 680 1864 Quid
695 1825 784 1852 vero
800 1817 1006 1862 praeceptor
1021 1809 1100 1856 ejus
1116 1806 1313 1846 Socrates?
1330 1809 1467 1853 quanto

379 1884 410 1922 is
430 1881 610 1920 Archelao
627 1878 696 1916 fuit
714 1875 920 1914 illustrior?
939 1875 987 1911 At
1013 1873 1073 1910 ille
1091 1883 1155 1909 rex
1175 1881 1259 1908 cum
1285 1874 1408 1913 esset,
1430 1867 1467 1904 in

379 1943 549 1994 plurimis
569 1941 697 1989 opibus
714 1939 894 1988 degebat;
922 1936 982 1974 hic
999 1941 1122 1972 autem
1151 1935 1187 1971 in
1207 1933 1326 1982 Lyceo
1345 1941 1469 1968 mora-

383 1993 511 2050 batur,
541 2004 706 2052 nihilque
726 2007 862 2050 praeter
877 1999 1134 2037 vestimentum
1156 2006 1269 2033 unum
1297 1993 1468 2038 habebat,

383 2081 456 2119 quo
471 2075 508 2107 et
535 2068 655 2106 hieme
671 2073 709 2104 et
734 2071 876 2114 testate,
895 2062 1138 2108 omnibusque
1158 2059 1242 2096 anni
1271 2063 1470 2105 tempesta-

384 2135 482 2172 tibus
498 2131 666 2170 utebatur
689 2143 698 2166 :
720 2128 826 2167 nudis
851 2136 998 2174 semper
1021 2123 1174 2173 pedibus
1197 2122 1309 2167 vixit,
1331 2131 1373 2158 ac
1393 2121 1472 2158 sine

387 2196 469 2234 cibo
497 2201 610 2230 totam
641 2191 865 2238 transigebat
892 2188 1008 2231 diem,
1031 2197 1125 2234 pane
1155 2184 1235 2222 solo
1264 2189 1469 2227 contentus,

386 2263 495 2304 atque
524 2255 561 2293 id
579 2261 658 2292 erat
675 2255 707 2292 ei
729 2259 765 2290 et
785 2252 976 2290 obsonium
995 2255 1032 2288 et
1049 2259 1134 2288 esca
1155 2261 1164 2285 :
1185 2257 1252 2285 nec
1270 2248 1374 2284 istam
1394 2246 1475 2294 qui-

385 2320 470 2358 dem
502 2329 664 2356 mensam
697 2327 745 2355 cx
768 2317 879 2355 rebus
909 2315 984 2353 suis
1011 2312 1222 2362 apparabat,
1246 2310 1310 2348 sed
1329 2309 1375 2347 ab
1393 2309 1475 2346 aliis

387 2381 605 2430 accipiebat,
635 2385 802 2418 extrema
829 2377 968 2415 scilicet
1005 2375 1040 2413 in
1076 2379 1290 2422 paupertate
1322 2371 1473 2420 degens.

389 2444 564 2492 Adeoque
591 2449 711 2480 tamen
732 2442 810 2490 ipso
832 2450 917 2488 rege
935 2439 1069 2477 clarior
1085 2444 1176 2483 erat,
1195 2443 1236 2474 ut
1251 2437 1298 2474 ab
1318 2436 1380 2474 illo
1401 2435 1476 2472 l‘re-

389 2513 545 2555 quenter
565 2505 751 2549 invitatus,
773 2503 888 2542 nollet
903 2502 1025 2551 Lycco
1041 2501 1194 2538 dimisso
1211 2499 1256 2536 ad
1276 2499 1372 2536 illius
1388 2507 1478 2548 opes

391 2569 585 2618 proﬁcisci.
608 2569 655 2606 At
672 2578 717 2606 ex
737 2577 780 2604 ea
799 2575 943 2614 quoque
958 2593 969 2610 ,
990 2575 1072 2613 qua:
1094 2573 1192 2601 nunc
1209 2563 1374 2608 obtinet,
1396 2561 1479 2608 opi-

392 2633 516 2676 nione,
531 2642 613 2680 qua:
632 2631 774 2678 potiora
793 2629 865 2666 sint
883 2633 1034 2676 apparet
1052 2639 1061 2662 :
1078 2636 1236 2674 namque
1253 2625 1384 2662 horum
1401 2624 1481 2672 qui-

395 2695 478 2732 dem
492 2693 640 2731 nomina
654 2691 820 2740 plurimis
835 2695 922 2728 nota
937 2694 1045 2734 sunt;
1065 2687 1212 2725 illorum
1226 2698 1314 2725 vero
1329 2685 1479 2724 nemini.

395 2757 609 2806 Sinopensis
625 2762 748 2794 autem
769 2751 980 2804 (Diogenes)
1003 2753 1096 2790 alius
1116 2751 1356 2800 philosophus
1381 2755 1482 2788 tanto

395 2827 434 2859 et
452 2821 510 2858 his
527 2825 564 2858 et
581 2819 664 2856 aliis
683 2817 887 2856 innumeris
907 2816 1054 2864 regibus
1073 2815 1282 2864 opulentior
1299 2820 1393 2858 erat,
1413 2813 1483 2851 etsi

398 2884 527 2932 pannis
544 2883 676 2922 laceris
693 2882 859 2928 vestitus,
878 2887 918 2918 ut
935 2878 1143 2918 Alexander
1159 2877 1316 2926 Philippi
1335 2877 1484 2915 Macedo

399 2947 604 2985 exercitum
621 2946 658 2982 in
677 2945 808 2982 Persas
823 2943 977 2987 ducens,
995 2941 1054 2979 ubi
1074 2941 1176 2978 illum
1191 2940 1294 2985 vidit,
1314 2941 1486 2978 omnibus

399 3008 574 3052 dimissis,
593 3007 641 3046 ad
661 3017 745 3044 eum
763 3011 954 3054 pergeret,
983 3014 1026 3041 ac
1043 3008 1212 3051 rogaret,
1233 3002 1356 3040 ullane
1373 3014 1414 3041 re
1431 3003 1488 3040 in-

401 3074 557 3122 digeret,
573 3078 610 3110 et
625 3082 672 3108 an
686 3069 822 3118 aliquid
836 3068 996 3116 juberet.
1013 3067 1076 3104 llle
1091 3076 1179 3105 vero
1195 3066 1310 3104 nihilo
1325 3076 1366 3105 se
1379 3077 1489 3116 egere

404 3134 604 3182 respondit.
623 3133 718 3171 Num
742 3132 818 3180 jam
838 3129 1094 3178 exemplorum
1115 3130 1204 3168 satis
1223 3129 1350 3173 habes,
1369 3140 1414 3166 an
1435 3129 1490 3166 vis

402 3197 470 3234 alia
483 3207 627 3245 quoque
642 3194 911 3234 memoremus?
922 3193 1060 3242 Nempe
1075 3194 1133 3232 isti
1147 3205 1220 3232 non
1233 3194 1342 3232 modo
1357 3194 1414 3239 iis,
1427 3194 1490 3241 qui

405 3259 441 3296 in
459 3260 557 3307 regia
575 3259 734 3306 insignes
748 3259 864 3304 fuere,
883 3258 948 3296 sed
963 3257 1052 3305 ipsis
1067 3268 1211 3306 quoque
1225 3257 1372 3306 regibus
1389 3258 1492 3296 tuere

406 3323 582 3359 clariores
595 3349 608 3368 ,
629 3331 712 3359 eum
741 3321 918 3369 privatam
939 3322 1173 3370 quietamque
1193 3322 1303 3360 vitam
1331 3321 1492 3369 delegis-

407 3391 511 3429 sent,
533 3395 651 3433 ueque
677 3385 724 3423 ad
756 3385 1020 3434 rempublicam
1041 3387 1224 3425 ullatenus
1252 3397 1294 3425 se
1325 3387 1493 3425 conferre

407 3447 624 3485 voluissent.

463 3511 596 3548 Virtute
609 3511 772 3550 clariores
793 3513 956 3561 eﬂicimur
967 3526 1070 3562 quam
1089 3515 1226 3564 opibus.
1241 3535 1291 3543 —
1303 3514 1374 3553 Sed
1395 3515 1492 3552 enim

409 3575 446 3614 in
464 3576 542 3624 ipsa
569 3586 717 3624 quoque
741 3577 951 3626 reipublicae
969 3579 1287 3616 administratione
1315 3589 1386 3616 non
1413 3579 1496 3616 illos

410 3641 529 3678 claros
546 3639 657 3678 fuisse
675 3638 928 3688 deprehendes
941 3671 952 3688 ,
973 3645 1035 3691 qui
1056 3643 1214 3688 divitiis,
1233 3642 1372 3680 deliciis
1391 3649 1427 3680 et
1445 3641 1498 3679 l‘a-

410 3703 602 3742 cultatibus
619 3704 787 3743 instructi
807 3712 913 3743 erant
925 3735 935 3751 ,
947 3707 1014 3744 sed
1029 3717 1094 3744 eos
1107 3733 1116 3750 ,
1135 3707 1198 3754 qui
1217 3707 1252 3743 in
1269 3712 1496 3754 paupertate,

411 3766 664 3814 simplicitate,
679 3773 718 3805 et
736 3767 922 3806 moderata
943 3769 1014 3805 vita
1041 3768 1234 3816 degebant.
1256 3769 1363 3816 Apud
1384 3769 1500 3806 Athe-

457 3843 472 3906 ;
494 3847 640 3920 manu
651 3853 760 3888 graeco
773 3845 884 3885 deest.
897 3845 972 3889 tibi;
988 3846 1049 3883 sed
1062 3847 1230 3883 invenitur
1241 3848 1275 3882 in
1283 3847 1414 3883 duobus
1425 3853 1497 3886 Mss.

574 3891 663 3920 διεδ..
674 3891 740 3920 tota
752 3892 852 3920 terra.

574 3891 663 3930 uss,
674 3891 740 3925 tota
752 3892 852 3923 terra.

865 158 904 196 S.
932 151 1124 194 JOANNIS
1150 144 1476 189 CHRYSOSTOMI
1494 143 1712 184 ARCHIEP.
1741 143 2104 184 CONSTANTINOP.

2475 156 2534 194 πθ
2651 50 2682 172 l

1511 225 1658 264 nienses
1679 224 1856 263 Aristides
1871 253 1881 270 ,
1900 234 2006 272 quem
2023 223 2221 264 defunctum
2247 228 2360 268 civitas
2375 233 2515 278 sepelivit

1519 263 1728 335 Alcibiade,
1747 289 1810 338 qui
1829 263 1982 337 οιῖίῦἶιει
2011 289 2170 336 ¹¹ε¹ί⁰ίί⁸ν
2189 263 2536 344 δέλίίδδῖνῐῖέῶἷ

1522 355 1566 392 ris
1585 354 1718 392 robore
1734 382 1744 398 ,
1762 353 1950 391 nobilitate
1962 353 2171 402 czeterisque
2188 355 2344 393 omnibus
2356 361 2536 407 praestabat,

1526 424 1617 455 ante
1644 417 1777 455 clarior
1793 422 1894 461 erat,
1923 422 2056 464 quanto
2083 416 2144 454 vili
2167 418 2280 465 aliquo
2297 421 2432 466 puerulo
2445 423 2540 470 philo-

1531 479 1654 528 :ophus
1674 480 1866 518 mirabilis.
1896 480 2002 528 Apud
2025 479 2210 519 Thebanos
2229 481 2489 531 Epaminondas,
2512 487 2543 526 in

1509 543 1732 582 ttoucionem
1758 549 1933 589 vocatus,
1966 553 2048 581 cum
2077 550 2258 591 propterea
2281 555 2322 582 eo
2346 556 2382 584 se
2406 549 2545 588 conferre

1516 616 1590 644 non
1604 613 1747 654 posset,
1764 605 1859 654 quod
1875 612 2010 644 vestem
2027 605 2209 643 lavandam
2221 613 2375 653 curaret,
2387 619 2444 647 nec
2457 610 2544 649 aliam

1520 668 1674 707 haberet
1691 679 1760 716 qua
1781 667 2012 714 induerctur,
2027 668 2191 706 omnibus
2204 674 2316 706 tamen
2329 671 2383 718 qui
2395 681 2434 708 eo
2444 682 2549 711 conve-

1521 737 1677 777 nerant,
1699 731 1852 769 ducibus
1873 731 2102 779 prmstantior
2115 737 2203 768 erat.
2219 731 2270 768 Ne
2283 731 2394 780 itaque
2411 734 2484 772 mihi
2497 745 2546 773 so-
2612 723 2613 726 η

1521 793 1712 833 litudinem
1737 793 1906 842 jactites,
1936 800 1999 832 aut
2016 793 2165 841 regiam.
2183 793 2301 841 Neque
2320 795 2406 832 enim
2431 796 2461 834 in
2478 797 2548 834 locis

1525 859 1674 897 claritas
1688 865 1725 896 et
1745 857 1942 906 splendor,
1964 867 2037 894 non
2064 857 2098 894 in
2118 857 2295 903 vestibus,
2316 869 2380 895 non
2406 858 2438 895 in
2455 859 2545 907 digni-

1525 928 1600 965 tate
1615 951 1624 967 .
1647 932 1720 960 non
1740 922 1776 959 in
1793 921 1954 969 potentia
1973 919 2036 958 sed
2057 919 2092 957 in
2110 919 2238 958 virtute
2255 926 2381 957 tantum
2397 931 2435 965 ac
2455 920 2545 968 philu-

1525 987 1669 1034 Sophia.

1577 1049 1614 1087 6.
1636 1048 1772 1086 Verum
1796 1047 1880 1096 quia
1907 1047 2072 1094 exempla
2093 1056 2163 1084 non
2191 1051 2320 1083 tantam
2338 1047 2402 1082 vim
2426 1046 2548 1092 habent,

1527 1111 1574 1150 ab
1589 1111 1670 1160 ipso
1684 1111 1760 1149 [ilio
1780 1116 1844 1148 tuo
1862 1121 1939 1148 rem
1955 1109 2160 1147 discutiam.
2173 1107 2270 1146 Illum
2285 1109 2406 1157 quippe
2423 1109 2550 1146 invenie-

1528 1185 1609 1213 mus
1619 1184 1692 1211 non
1701 1172 1810 1211 modo
1821 1182 1917 1210 nunc
1927 1171 2133 1216 clariorem,
2143 1170 2205 1208 sed
2213 1170 2314 1207 etiam
2323 1181 2363 1207 ex
2374 1169 2480 1206 iisdem
2488 1169 2553 1218 ipsis

1529 1237 1639 1276 rebus
1652 1236 1924 1274 honoratiorem
1936 1235 2066 1284 quibus
2081 1240 2117 1272 tu
2127 1233 2225 1271 illum
2237 1228 2272 1270 et
2285 1233 2381 1270 vilem
2398 1239 2430 1270 et
2444 1232 2554 1280 ignobi-

1531 1301 1606 1339 lem
1633 1311 1716 1338 csse
1739 1300 1844 1338 dicis.
1862 1298 1952 1336 Nam
1977 1298 2007 1336 si
2035 1298 2090 1334 vis
2110 1295 2392 1345 persuadebimus
2413 1295 2456 1346 illi
2479 1301 2510 1331 ut
2522 1294 2556 1331 de

1532 1370 1658 1401 monte
1685 1361 1902 1407 descendat,
1923 1367 1959 1399 et
1983 1360 2020 1397 in
2045 1359 2161 1397 forum
2186 1358 2362 1404 irrumpat.
2382 1355 2558 1403 Videbisque

1533 1425 1659 1464 statim
1681 1425 1792 1462 totius
1811 1423 1969 1461 civitatis
1989 1423 2026 1460 in
2043 1421 2142 1459 illum
2160 1431 2221 1458 ora
2237 1418 2389 1458 converti
2401 1445 2410 1461 ,
2427 1423 2560 1456 cunctos-

1534 1499 1605 1537 que
1621 1498 1705 1526 eum
1724 1487 2020 1525 demonstrantes
2037 1495 2120 1523 cum
2133 1483 2360 1520 admiratione
2378 1491 2417 1519 ac
2433 1486 2562 1528 stupore,

1535 1561 1580 1589 ac
1597 1551 1627 1588 si
1639 1550 1790 1598 angelus
1804 1549 1952 1597 quidam
1963 1547 2111 1586 deczclo
2119 1544 2348 1584 descenderit.
2363 1541 2480 1590 Ecquid
2488 1539 2562 1578 aliud

1537 1614 1602 1652 tibi
1615 1612 1758 1651 videtur
1772 1621 1853 1650 esse
1864 1611 2004 1660 gloria?
2015 1609 2109 1647 Sane
2123 1619 2194 1646 non
2205 1608 2246 1645 iis
2261 1605 2374 1649 modo.
2388 1605 2441 1653 qui
2452 1605 2481 1642 in
2489 1603 2564 1650 regia

1536 1683 1754 1720 versantur,
1770 1673 1834 1712 sed
1856 1675 1936 1722 ipso
1965 1683 2109 1720 quoque
2123 1699 2134 1717 ,
2156 1670 2214 1718 qui
2238 1668 2426 1706 diademate
2450 1664 2568 1704 redimi-

1539 1745 1596 1777 tus
1627 1744 1705 1784 est,
1737 1737 1916 1775 illustrior
1933 1736 2003 1774 erit
2029 1744 2111 1772 cum
2134 1733 2194 1770 illa
2225 1731 2283 1768 vili
2307 1736 2406 1778 atque
2420 1727 2566 1766 conscissa

1542 1809 1659 1841 veste.
1674 1801 1800 1850 Neque
1824 1801 1921 1838 enim
1943 1805 2053 1838 tanta:
2067 1795 2292 1836 admirationi
2309 1794 2458 1832 omnibus
2473 1795 2567 1833 esset,

1541 1865 1572 1902 si
1595 1863 1760 1901 vestibus
1786 1863 1990 1910 operiretur
2015 1860 2156 1907 aureis,
2193 1859 2264 1896 imo
2288 1857 2316 1894 si
2336 1856 2404 1904 ipsa
2421 1860 2568 1902 purpura,

1543 1927 1694 1974 ipsaque
1711 1935 1848 1962 corona
1873 1930 2025 1961 ornatus
2043 1930 2162 1966 esset,
2187 1927 2224 1958 et
2250 1920 2278 1956 si
2297 1917 2409 1956 stratis
2433 1913 2574 1953 insideret

1543 1988 1695 2033 sericis,
1714 1988 1746 2025 si
1773 1999 1794 2024 a
1816 1987 1926 2024 mulis
1945 1986 2138 2024 veheretur
2151 2011 2161 2029 ,
2189 1988 2306 2020 aurata
2326 1978 2498 2018 satellitum
2515 1980 2574 2012 tur-

1544 2052 1588 2090 ba
1607 2051 1824 2095 comitatus;
1845 2055 1884 2087 ut
1905 2049 2014 2087 modo
2033 2054 2089 2086 est
2108 2046 2270 2096 squalore
2287 2050 2321 2082 et
2336 2039 2482 2080 sordibus
2497 2036 2574 2074 obsi-

1545 2123 1604 2153 tus
1621 2143 1630 2160 ,
1657 2125 1855 2162 crassoque
1869 2114 2022 2151 amictus
2045 2112 2254 2151 indumento
2270 2137 2280 2152 ,
2309 2106 2400 2144 nullo
2416 2103 2574 2142 comitatus

1546 2177 1708 2223 assecla,
1737 2161 1920 2224 nudisque
1951 2175 2105 2224 pedibus
2131 2173 2308 2212 incedens.
2339 2169 2482 2214 Namque
2505 2161 2576 2210 regii

1547 2241 1600 2278 illi
1618 2247 1814 2289 apparatus
1841 2246 1880 2277 et
1899 2239 2038 2287 legibus
2058 2237 2180 2276 statuti
2198 2240 2298 2279 sunt,
2328 2237 2362 2270 et
2385 2224 2577 2289 consuetudi-

1548 2315 1595 2342 ne
1615 2303 1750 2351 recepti
1773 2315 1781 2339 :
1803 2285 2040 2351 quamobrem
2068 2301 2098 2338 si
2118 2300 2197 2348 quis
2215 2307 2293 2337 cum
2315 2291 2523 2332 admiratione
2533 2285 2576 2323 di-

1548 2373 1649 2405 ceret
1679 2367 1937 2414 imperatorem
1965 2375 2046 2403 essc
2069 2370 2170 2402 veste
2195 2371 2300 2399 aurea
2320 2357 2491 2396 vestitum,
2520 2359 2577 2388 non

1549 2429 1659 2467 modo
1675 2440 1745 2466 non
1764 2428 2030 2466 admiraremur
2043 2456 2052 2472 ,
2073 2426 2136 2464 sed
2156 2425 2261 2462 etiam
2279 2421 2480 2462 rideremus,
2495 2413 2578 2462 quip-

1551 2503 1597 2540 pe
1625 2503 1708 2530 cum
1737 2491 1828 2530 nihil
1862 2491 1946 2529 novi
1979 2491 2130 2528 diceret.
2161 2489 2210 2526 De
2238 2485 2308 2524 ﬁlio
2332 2488 2440 2520 autem
2462 2485 2532 2520 tuo,
2555 2472 2578 2510 si

1552 2539 1633 2603 quis
1649 2555 1852 2600 annuntict,
1873 2565 1956 2592 eum
1969 2553 2150 2601 despectis
2160 2549 2313 2600 paternis
2331 2545 2457 2594 opibus,
2471 2539 2579 2578 calcata

1553 2619 1678 2656 sazculi
1698 2629 1828 2667 pompa
1843 2647 1854 2664 ,
1887 2629 1952 2666 spe
1973 2617 2155 2654 mundana
2177 2613 2390 2662 superiorem
2403 2637 2412 2655 ,
2429 2607 2460 2644 in
2481 2604 2579 2642 descr-

1555 2688 1630 2719 tum
1652 2692 1692 2720 se
1705 2683 1924 2728 contulisse,
1939 2681 2000 2719 vili
2015 2680 2205 2730 putidaque
2220 2677 2332 2715 tunica
2347 2673 2489 2712 indutum
2499 2675 2578 2730 esse:

1555 2746 1677 2782 statim
1705 2750 1924 2783 concurrent
1952 2727 2104 2789 omnes,
2125 2727 2362 2780 mirabuntur,
2379 2741 2474 2782 atque
2487 2727 2581 2767 laud:-

1557 2809 1648 2846 bunt
1661 2808 1739 2856 ejus
1757 2807 2040 2856 magnitudinem
2053 2807 2178 2845 animi.
2187 2805 2290 2843 Certe
2303 2811 2378 2839 cum
2389 2797 2582 2844 imperatam

1558 2855 1760 2911 innumeris
1791 2855 2016 2920 impetuntur
2035 2869 2248 2914 maledictis,
2266 2865 2349 2904 nihil
2369 2862 2449 2910 ipsis
2464 2855 2582 2906 prosum

1559 2947 1681 2975 aureae
1700 2919 1998 2980 vestes,itantum
2012 2937 2115 2974 abest
2127 2940 2166 2972 ut
2179 2943 2240 2972 eos
2253 2927 2426 2968 mirabiles
2437 2919 2581 2962 efﬁciant:

1561 3001 1622 3039 hic
1651 3006 1772 3038 autem
1807 3001 1865 3038 vel
1893 3011 1938 3038 ex
1960 3001 2048 3048 ipsis
2074 2996 2295 3037 vestimentis
2315 2991 2437 3030 multas
2463 2983 2585 3022 admira-

1564 3065 1676 3102 tionis
1693 3074 1802 3102 ansas
1821 3046 1984 3112 praebet,
1999 3063 2048 3100 ita
2065 3067 2105 3099 nt
2132 3060 2282 3098 amictus
2312 3046 2586 3111 hujusmodilontte

1563 3127 1666 3164 illum
1688 3103 1979 3174 spectabiliorern
2000 3125 2128 3168 faciat,
2143 3133 2249 3171 quam
2267 3120 2393 3157 laceret
2407 3111 2511 3174 regius
2526 3119 2534 3143 :
2549 3103 2586 3140 si-

1565 3189 1712 3236 quidem
1725 3199 1770 3226 ex
1786 3189 1848 3225 illo
1864 3198 1973 3225 nemo
1990 3188 2245 3236 imperatorem
2261 3180 2464 3220 admiratur,
2477 3172 2585 3234 hocau:

1565 3259 1638 3290 tem
1657 3253 1717 3289 ille
1729 3252 1884 3288 amictus
1895 3253 2027 3289 vestitu
2041 3227 2208 3288 omnibus
2218 3240 2471 3284 admirationiet
2482 3227 2586 3279 stupori

1565 3321 1635 3353 est.
1670 3315 1808 3362 Ecquid
1838 3315 1946 3358 mihi,
1976 3315 2142 3363 inquies,
2173 3311 2266 3358 vulgi
2298 3306 2412 3355 opinio
2437 3306 2470 3338 et
2489 3293 2591 3363 laudes

1567 3357 1787 3415 conferunt?
1807 3377 1916 3416 Certe
1933 3357 2048 3426 gloria
2081 3376 2170 3414 nihil
2200 3357 2292 3412 aliud
2312 3375 2375 3407 est.
2406 3363 2470 3402 Sed
2489 3357 2591 3426 huius,

1567 3451 1726 3490 repones
1739 3469 1750 3485 ,
1775 3439 1960 3478 desiderio
1981 3451 2052 3477 non
2079 3445 2202 3477 teneor
2215 3465 2224 3480 ,
2247 3430 2430 3482 potentiam
2448 3431 2480 3462 et
2501 3421 2596 3490 illi"?

1567 3483 1628 3541 res
1642 3514 1782 3551 qua'ro.
1805 3504 1852 3540 At
1869 3504 1929 3551 qui
1951 3502 2099 3540 laudant
2112 3531 2121 3545 ,
2134 3501 2240 3538 etiam
2259 3492 2481 3535 honorabant.
2501 3483 2552 3551 Si"
2569 3484 2597 3512 ιιι

1568 3567 1766 3615 potentiam
1787 3575 1821 3604 et
1842 3567 2090 3615 prtelecturam
2103 3562 2302 3604 desideras,
2317 3566 2390 3595 eam
2407 3561 2470 3590 non
2484 3546 2596 3615 minus:

1569 3599 1766 3615 r""""-"'
1789 3599 1821 3604 “
1843 3599 2089 3615 r"""""‘“"'
2107 3599 2175 3602 *"’
2293 3599 2300 3604 ν

1569 3639 1678 3679 quam
1709 3631 1854 3678 priora,
1885 3640 1998 3678 penes
2022 3629 2090 3666 bos
2117 3637 2198 3664 esse
2225 3619 2474 3670 comperiemus
2521 3599 2598 3679 «ιιιξδ

1569 3696 1688 3743 ipsum
1711 3705 1794 3732 cum
1817 3694 1996 3742 exemplis
2013 3691 2230 3730 conﬁrmare
2255 3683 2442 3734 possimus.
2464 3672 2503 3711 νά
2521 3674 2601 3743 ξφ·

1572 3758 1774 3796 modiorem
1793 3765 1830 3796 te
1844 3749 2057 3796 consolandi
2081 3754 2225 3793 modum
2243 3748 2397 3787 venimus
2409 3770 2418 3787 ,
2437 3746 2496 3776 nec
2509 3731 2602 3796 aliun-

1572 3821 1619 3859 de
1634 3849 1645 3866 .
1664 3831 1772 3869 quam
1789 3832 1834 3859 ex
1849 3821 1928 3869 ipso
1945 3819 2020 3857 ﬁlio
2037 3826 2098 3856 tuo
2115 3827 2190 3854 rem
2205 3811 2436 3869 excutiemus:
2445 3794 2602 3869 Quodnam

1575 3895 1657 3926 esse
1678 3885 1768 3924 dicis
1787 3855 1940 3924 sumhue
1971 3882 2156 3933 potestatis
2176 3865 2438 3926 argumentum?
2455 3864 2559 3902 nonus
2573 3855 2605 3888 ut
