3986 6196
381 303 476 360 755i

383 415 549 488 possit
580 413 700 486 quis
734 424 965 470 merere
1002 404 1296 462 efficientes
1331 398 1551 463 ulcisci,
1596 404 1653 452 et
1693 391 1962 451 beneﬁcos

380 507 767 566 remunerare?
794 503 952 575 Atqui
993 501 1132 558 hanc
1161 513 1229 554 ne
1256 494 1396 568 apud
1425 493 1804 562 Imperatorem
1844 483 1963 555 qui-

381 602 502 659 dem
533 610 695 655 totam
726 593 1097 667 deprehendas
1128 610 1142 647 :
1174 602 1408 659 namque
1436 585 1635 641 multos
1671 579 1832 636 habet
1865 575 1965 633 sibi

384 693 646 757 infestos,
674 689 868 760 quibus
896 688 1064 742 vicem
1102 682 1328 739 reddere
1356 693 1462 734 non
1497 681 1706 747 potest,
1745 670 1968 726 multos-

384 800 490 857 que
535 783 838 849 beneficos,
879 793 1013 851 quos
1051 792 1156 832 non
1186 782 1361 850 potest
1403 770 1559 826 facile
1599 777 1964 822 remunerare.

385 853 707 945 ﬁlerumque
734 872 878 928 enim
918 871 971 926 in
1011 869 1195 931 bellis,
1235 863 1458 920 infestos
1482 859 1580 915 sibi
1629 857 1847 919 hostes,
1879 853 1968 924 qui

387 983 449 1025 se
478 964 774 1023 innumeris
801 961 1028 1018 aliecere
1057 959 1212 1015 malis
1231 997 1246 1023 ,
1269 953 1456 1010 ulcisci
1481 967 1602 1007 cum
1621 949 1972 1004 vehementer

385 1067 607 1133 cuperet
625 1101 641 1125 ,
669 1072 778 1112 non
811 1053 1007 1125 potuit,
1037 1051 1328 1119 amicisque
1353 1046 1443 1116 qui
1489 1057 1677 1113 magna
1703 1037 1971 1095 fortitudi-

387 1129 474 1211 nis
509 1151 700 1209 indicia
731 1149 1024 1212 dederunt,
1053 1143 1200 1216 paria
1221 1139 1516 1211 rependere
1541 1135 1809 1206 nequivit,
1832 1129 1973 1202 quod

390 1247 466 1301 illi
498 1245 606 1300 fato
632 1240 986 1314 praeoccupati
1014 1239 1066 1293 in
1090 1237 1206 1306 ipso
1228 1233 1370 1290 bello
1399 1229 1794 1286 occubuissent.

465 1340 566 1408 Qui
590 1337 759 1392 omnia
782 1335 1091 1403 reliquerunt
1115 1338 1230 1408 sunt
1249 1322 1632 1398 imperatoribus
1653 1319 1974 1393 potentiores.

391 1461 462 1473 —
477 1406 613 1497 Quid
629 1429 674 1483 si
697 1428 795 1481 hac
812 1424 1068 1497 potentia,
1091 1406 1193 1492 qua
1217 1435 1282 1475 ne
1312 1419 1455 1488 ipsos
1472 1413 1686 1486 quidem
1702 1425 1854 1483 reges
1875 1409 1976 1464 frui

390 1525 814 1580 demonstratum
843 1525 946 1584 est,
975 1515 1135 1570 aliam
1162 1513 1319 1582 longe
1347 1509 1606 1579 majorem
1640 1505 1804 1560 lilium
1829 1510 1977 1556 tuum

394 1612 592 1669 habere
627 1607 1039 1666 monstravere?
1075 1605 1244 1660 Nemo
1264 1615 1352 1657 me
1385 1601 1525 1656 bona
1553 1594 1785 1652 emlestia
1815 1591 1976 1647 modo

392 1706 658 1763 dicturum
679 1711 863 1775 putet,
892 1701 1082 1771 quibus
1108 1707 1163 1753 tu
1187 1711 1293 1751 non
1320 1692 1529 1756 credis;
1558 1705 1663 1745 non
1697 1687 1832 1743 adeo
1856 1699 1983 1753 pro-

393 1801 680 1856 missorum
703 1797 900 1857 oblitus
919 1807 1038 1848 sum
1063 1808 1078 1856 ;
1109 1803 1296 1845 verum
1323 1802 1389 1842 ex
1429 1785 1494 1840 iis
1509 1796 1641 1854 qua:
1661 1781 1716 1836 in
1747 1777 1848 1834 hac
1873 1776 1980 1830 vita

395 1893 530 1951 ﬁunt
551 1935 567 1962 ,
603 1892 923 1947 documenta
949 1885 1190 1941 afferam.
1234 1880 1293 1937 Si
1323 1878 1464 1936 enim
1492 1875 1678 1932 ulcisci
1707 1871 1981 1935 inimicus,

396 2001 462 2043 ea
504 1997 752 2054 suprema
804 1978 1043 2050 potentia
1088 1985 1171 2031 est
1203 1991 1217 2028 :
1247 1971 1417 2028 multo
1453 1969 1612 2040 plane
1646 1964 1816 2036 majus
1845 1963 1980 2025 erit,

396 2051 710 2132 talem-vita:
758 2078 955 2126 statum
998 2064 1271 2136 reperire,
1303 2062 1356 2116 in
1399 2073 1508 2130 quo
1551 2070 1712 2113 nemo
1739 2055 1849 2120 sit,
1891 2051 1983 2122 qui

396 2165 499 2224 etsi
527 2164 681 2229 velit,
706 2175 903 2216 nocere
925 2157 1110 2229 possit.
1139 2154 1272 2210 Nam
1293 2151 1435 2224 quod
1457 2149 1561 2204 hoc
1584 2146 1767 2203 sitillo
1787 2144 1981 2213 majus,

396 2267 528 2312 tunc
558 2253 727 2325 magis
767 2249 1067 2312 constabit,
1099 2262 1221 2304 cum
1249 2243 1315 2298 ad
1354 2239 1656 2310 exemplum
1687 2236 1828 2292 aliud
1865 2249 1986 2290 ora-

399 2351 601 2406 tionem
629 2344 1024 2402 reduxerimus.
1051 2341 1145 2396 Dic
1181 2338 1322 2394 enim
1345 2378 1358 2402 ,
1383 2348 1596 2407 quzeso,
1623 2341 1798 2385 utrum
1842 2341 1984 2398 prae-

396 2443 659 2507 stantius,
714 2438 866 2494 reine
907 2435 1113 2491 bellicre
1155 2433 1225 2487 ita
1255 2427 1557 2500 quempiam
1580 2423 1806 2495 peritum
1833 2433 1984 2483 esse,

400 2547 463 2595 ut
505 2548 694 2600 nemo,
718 2532 808 2603 qui
831 2545 889 2586 se
913 2527 1194 2589 vulneret,
1219 2523 1582 2596 invulneratns
1620 2514 1838 2584 effugiat
1868 2530 1881 2564 :
1919 2526 1985 2564 an

401 2625 667 2700 ejusmodi
694 2637 816 2679 esse
843 2634 1071 2689 corpore
1090 2657 1106 2683 ,
1132 2624 1190 2670 ut
1215 2611 1548 2685 quantalibet
1574 2608 1798 2678 quisque
1824 2611 1944 2672 agat
1969 2642 1984 2665 ,

401 2721 688 2777 vulnerare
715 2732 821 2771 non
850 2711 1050 2785 possit?
1096 2707 1353 2764 Omnibus
1393 2701 1630 2772 profecto
1654 2704 1863 2753 constat
1889 2694 1990 2747 hoc

403 2815 498 2871 illo
526 2813 702 2885 potius
718 2782 927 2866 esse‘ac
945 2803 1180 2860 divinius
1202 2819 1214 2854 :
1240 2811 1412 2868 neque
1439 2793 1568 2850 illud
1588 2782 1789 2846 tantum
1816 2787 1986 2852 adest,

403 2908 499 2967 sed
522 2879 659 2978 quod
689 2904 779 2959 illo
805 2902 964 2971 longe
996 2895 1240 2966 superius
1266 2899 1368 2946 est.
1397 2886 1675 2955 Quodnam
1711 2880 1841 2937 illud
1870 2879 1992 2935 est?

405 2999 578 3056 Etiam
609 2994 994 3050 medicamenta
1021 3000 1206 3050 nosse,
1247 2980 1438 3053 quibus
1462 2977 1682 3031 vulnera
1726 2979 1994 3028 curentur

405 3090 606 3147 omnia.
634 3086 827 3142 Tribus
857 3096 983 3152 ergo
1015 3077 1263 3149 potentim
1299 3070 1473 3127 modis
1509 3063 1812 3123 constitutis
1833 3105 1847 3128 ,
1879 3060 1992 3131 pri-

405 3196 498 3236 mo
537 3179 749 3250 quidem
772 3216 785 3238 ,
819 3182 876 3228 ut
920 3169 1086 3242 possit
1119 3167 1240 3236 quis
1269 3163 1490 3233 injurias
1534 3157 1756 3222 ulcisci;
1786 3155 1954 3209 altero
1974 3191 1992 3219 ,

406 3274 497 3344 qui
527 3282 578 3326 et
615 3268 860 3338 superior
885 3272 997 3328 est,
1029 3269 1087 3314 ut
1115 3259 1335 3313 vulnera
1361 3251 1574 3324 propria
1613 3261 1802 3304 curare
1827 3243 1992 3308 norit;

406 3337 583 3435 neque
618 3337 760 3415 enim
805 3355 1022 3412 omnino
1048 3351 1150 3404 hoc
1180 3345 1308 3402 illud
1339 3343 1613 3413 sequitur;
1666 3337 1824 3393 tertio
1865 3343 1924 3390 ut
1965 3345 1996 3388 a

408 3427 556 3511 nullo
600 3451 877 3507 hominum
923 3443 1046 3500 ιωάί
1088 3440 1296 3514 possit,
1325 3434 1468 3507 quod
1502 3442 1745 3488 naturam
1786 3427 1998 3499 penitus

409 3544 622 3601 excedit
676 3543 960 3595 humanam
1008 3554 1022 3590 :
1073 3535 1176 3588 hoc
1235 3537 1562 3600 postremum
1608 3523 1701 3579 lilii
1759 3521 1832 3576 tui
1881 3530 2000 3575 esse

411 3633 847 3694 monstrabimus.

487 3728 536 3786 7.
551 3724 611 3779 Ei
635 3724 719 3796 qui
735 3720 905 3776 omnia
928 3716 1146 3787 reliquit,
1161 3728 1306 3769 nemo
1327 3725 1502 3765 nocere
1525 3705 1648 3769 vult,
1676 3719 1764 3758 nec
1785 3710 1947 3773 posset
1958 3700 2002 3754 si

414 3822 654 3877 uellet.——
673 3817 750 3872 Ne
770 3825 948 3870 autem
974 3811 1091 3866 hate
1117 3808 1280 3864 verba
1303 3805 1559 3874 strepitus
1581 3801 1754 3856 inanis
1771 3811 1893 3853 esse
1917 3796 2000 3849 vi-

413 3916 667 3977 deantur,
698 3910 797 3965 hac
817 3907 931 3978 ipsa
956 3917 1146 3975 magna
1176 3899 1414 3974 potentia
1443 3909 1628 3952 rursus
1653 3893 1811 3948 aliam
1838 3888 2005 3958 majo-

415 4023 532 4063 rem
574 4005 714 4059 inter
741 3996 1086 4070 quaerendum
1132 3991 1454 4048 invenimus.
1496 3985 1611 4042 Non
1657 3981 1818 4038 modo
1860 3979 2002 4034 enim

416 4113 528 4154 non
575 4092 909 4164 reperientur
937 4087 1024 4160 qui
1072 4098 1269 4139 nocere
1313 4079 1538 4151 possint,
1571 4074 1663 4132 sed
1689 4089 1758 4128 ne
1796 4071 1887 4142 qni
1915 4085 2008 4126 ve-

418 4192 520 4247 lint
564 4161 775 4259 quidem
801 4199 816 4248 ;
847 4182 918 4236 ita
963 4187 1021 4234 ut
1062 4175 1257 4246 duplici
1284 4188 1348 4228 ex
1377 4178 1526 4243 parte
1571 4175 1716 4222 tutus
1743 4165 1833 4219 sit.
1869 4161 2007 4229 Quid

421 4255 705 4353 igitur-irae
725 4275 829 4328 vita
853 4269 1100 4331 divinius,
1127 4267 1178 4320 in
1205 4279 1308 4334 qua
1339 4275 1496 4316 nemo
1521 4272 1716 4313 nocere
1736 4255 1883 4321 velit,
1907 4266 2009 4308 nec

420 4351 468 4427 si
497 4369 644 4432 velit,
678 4363 888 4437 possit?
925 4375 1048 4417 cum
1091 4356 1322 4412 maxime
1366 4351 1507 4408 nolle
1550 4362 1746 4404 nocere
1790 4360 1898 4400 non
1940 4358 2010 4400 ex

423 4433 788 4520 imbecilliiate
835 4453 997 4518 venit,
1039 4449 1175 4505 utin
1221 4444 1404 4500 multis
1441 4439 1721 4510 contingit,
1746 4435 1840 4492 sed
1868 4433 2011 4507 quod

425 4553 570 4610 nulla
599 4548 896 4620 reperiatur
921 4556 1101 4600 causa.
1130 4538 1262 4594 Nam
1291 4535 1336 4591 si
1362 4534 1413 4589 id
1443 4531 1614 4587 solum
1638 4544 1736 4600 per
1761 4543 1821 4584 se
1844 4534 2012 4593 esset,

427 4643 634 4701 scilicet
664 4617 778 4695 non
828 4648 1004 4708 posse,
1052 4645 1157 4686 non
1207 4627 1335 4682 tanti
1381 4631 1524 4680 esset
1555 4639 1569 4677 :
1599 4620 1779 4676 odium
1819 4617 2016 4687 quippe

427 4737 734 4809 gigneretur
760 4729 1050 4786 maximum
1094 4723 1148 4778 in
1186 4722 1272 4786 iis,
1302 4718 1392 4790 qui
1419 4730 1538 4772 cum
1571 4713 1788 4775 vellent,
1823 4709 2017 4764 lmdere

430 4799 542 4886 Bo].
572 4836 794 4899 possent
821 4839 836 4890 ;
868 4836 973 4876 non
1006 4830 1200 4890 parvus
1228 4821 1406 4868 autem
1432 4818 1514 4867 est
1543 4807 1630 4862 hic
1672 4799 2019 4861 beatitudinis

429 4898 648 4980 modus.
675 4919 851 4989 Ipsum
897 4927 1025 4984 ergo
1065 4910 1320 4983 primum,
1352 4904 1397 4960 si
1425 4903 1656 4968 videtur,
1687 4898 2019 4954 excutiamus

433 4986 738 5084 diligenter.
769 5009 1023 5078 Quisnam
1054 5018 1176 5060 eum
1200 4999 1396 5056 laedere
1443 4995 1592 5061 velit,
1623 4993 1713 5064 qui
1742 4988 1874 5046 nihil
1918 4986 2021 5042 ha-

433 5108 530 5166 bet
555 5119 836 5160 commune
865 5115 986 5156 cum
1016 5093 1340 5157 hominibus,
1373 5105 1475 5144 non
1503 5095 1676 5158 pacta,
1704 5099 1812 5138 non
1841 5092 2020 5151 agros,

436 5215 546 5254 non
580 5194 841 5266 pecunias.
901 5205 1008 5244 non
1056 5185 1288 5256 negotia,
1329 5194 1502 5250 neque
1541 5174 1684 5231 aliud
1712 5171 2020 5244 quidpiam?

440 5304 542 5360 pro
571 5261 675 5358 qua
706 5283 828 5338 villa
867 5284 987 5333 Cum
1017 5279 1108 5332 illo
1132 5271 1440 5336 contendet,
1481 5285 1580 5340 pro
1603 5265 1794 5337 quibus
1819 5261 1989 5320 servis
2007 5300 2024 5327 ,

442 5353 542 5451 pro
567 5353 668 5448 qua
715 5371 924 5447 gloria?
953 5369 1202 5441 quidnam
1235 5375 1499 5428 metuens,
1544 5374 1649 5430 quo
1691 5353 2028 5414 lacessente?

445 5469 721 5542 Siquidem
753 5474 843 5521 aut
867 5462 1084 5527 invidia,
1116 5469 1208 5514 aut
1236 5466 1400 5522 metu,
1431 5462 1524 5509 aut
1551 5452 1629 5508 ira
1652 5461 1948 5512 movemur,
1971 5452 2034 5500 ut

448 5539 587 5620 alios
614 5557 888 5615 laadamus.
912 5556 979 5610 At
1008 5553 1092 5608 hic
1117 5565 1244 5622 rege
1265 5548 1451 5620 quovis
1477 5543 1765 5617 potentior,
1785 5539 2034 5598 omnibus

450 5651 699 5722 superior
724 5655 826 5703 est.
856 5646 984 5714 Quis
1023 5645 1164 5699 enim
1190 5643 1238 5698 ei
1283 5638 1556 5702 invidebit,
1586 5635 1675 5708 qui
1711 5634 1823 5689 haec
1857 5631 2034 5687 omnia

457 5741 678 5810 irridet,
727 5753 824 5812 pro
861 5735 1050 5809 quibus
1092 5734 1181 5790 alii
1228 5732 1471 5790 laborant
1507 5738 1562 5786 et
1599 5724 1888 5800 satagunt?
1914 5724 2036 5796 quis
2083 5741 2094 5753 ο

1131 282 1489 346 ADVERSUS
1515 270 2066 337 OPPUGNATORES
2107 271 2290 328 ῊΤίΕ
2331 269 2628 328 MONAST.
2670 270 2797 326 LIB.
2843 269 2908 326 11.

3544 268 3650 322 5ιὲ

2074 387 2330 442 irascetur
2369 386 2499 442 nihil
2542 385 2738 441 Iasus?
2766 384 2884 455 quis
2927 389 3147 449 metuet,
3187 395 3312 437 cum
3359 379 3536 436 nullus
3581 384 3653 434 sit

2069 478 2358 549 suspicioni
2402 478 2595 534 locus?
2621 476 2842 532 Constat
2885 474 3043 544 igitur
3084 488 3154 528 ex
3203 472 3286 528 bis
3316 471 3489 528 nullos
3529 486 3650 528 esse

2069 571 2159 641 qui
2187 571 2234 626 ei
2265 585 2460 626 nocere
2503 568 2687 637 velint,
2718 567 2860 638 quod
2903 575 3080 622 autem
3105 580 3211 621 nou
3255 565 3301 620 si
3326 565 3490 621 velint
3531 566 3650 635 qui-

2071 663 2216 730 dem,
2244 661 2470 734 possint,
2497 670 2552 717 et
2579 660 2682 716 hoc
2709 659 2952 714 similiter
2975 657 3320 714 manifestum
3353 665 3454 712 est.
3483 653 3652 713 Nullae

2071 758 2212 814 enim
2243 765 2366 812 sunt
2407 769 2581 812 causa:
2609 761 2700 810 aut
2723 751 3051 817 occasiones,
3080 749 3272 821 quibus
3310 763 3434 804 eum
3462 747 3652 816 aliquis

2072 849 2322 904 cohibere
2347 847 2550 917 possit;
2583 843 2677 901 sed
2701 852 2762 900 ut
2782 841 2956 914 aquila
2982 841 3209 897 sublime
3236 829 3441 908 volans,
3473 852 3654 909 passe-

2071 954 2194 994 rum
2224 936 2429 1008 laqueis
2466 950 2574 991 non
2613 934 2838 1006 capitur,
2867 932 2940 988 ita
2981 940 3036 987 et
3063 930 3168 988 hic.
3202 929 3350 986 Unde
3388 928 3531 985 enim
3557 943 3654 983 no-

2075 1044 2198 1086 cere
2221 1032 2270 1086 ei
2314 1028 2480 1100 possit
2507 1026 2741 1098 aliquis?
2766 1023 3013 1081 Pecunia:
3039 1038 3148 1078 non
3181 1021 3392 1084 adsunt,
3434 1028 3494 1076 ut
3519 1019 3656 1073 mul-

2076 1131 2216 1176 ctam
2262 1121 2617 1178 comminetur
2652 1135 2666 1172 :
2697 1117 2921 1188 patriam
2962 1131 3074 1171 non
3109 1113 3294 1180 habet,
3325 1121 3386 1167 ut
3411 1111 3654 1167 exsilium

2076 1212 2309 1277 inferat;
2337 1211 2559 1282 gloriam
2602 1225 2710 1265 non
2739 1206 3086 1279 concupiscit,
3118 1215 3174 1261 ut
3203 1203 3436 1259 dedecus
3465 1203 3655 1258 inurat.

2079 1305 2252 1361 Unum
2282 1305 2543 1374 reliquum
2572 1312 2674 1368 est,
2705 1315 2852 1366 mors
2893 1300 3096 1355 scilicet
3125 1316 3140 1353 :
3170 1297 3262 1356 sed
3293 1296 3395 1350 hae
3431 1293 3660 1349 maxime

2080 1398 2132 1453 in
2160 1405 2309 1468 parte
2336 1411 2456 1451 eum
2494 1394 2730 1464 afﬂigere
2770 1409 2876 1448 non
2922 1391 3137 1462 poterit,
3185 1390 3290 1443 imo
3312 1387 3516 1457 juvabit
3542 1400 3659 1442 ma-

2078 1489 2241 1544 xime.
2273 1487 2510 1558 Namque
2533 1501 2656 1542 eum
2681 1484 2747 1540 ad
2785 1484 2942 1538 aliam
2971 1481 3279 1537 transmittit
3302 1479 3486 1541 vitam,
3510 1477 3578 1532 ab
3603 1491 3664 1530 se

2079 1580 2462 1646 desideratam,
2492 1579 2642 1648 cujus
2679 1591 2837 1633 causa
2867 1575 2999 1631 nihil
3029 1589 3135 1628 non
3165 1572 3273 1643 agit
3311 1580 3366 1626 et
3393 1578 3663 1641 operatur.

2080 1670 2265 1742 itaque
2309 1670 2399 1726 illa
2445 1669 2684 1734 laborum
2727 1667 2831 1722 sibi
2876 1665 2998 1721 ﬁnis
3039 1663 3161 1731 erit,
3205 1678 3311 1720 non
3354 1675 3543 1732 pana,
3571 1657 3666 1712 sed

2083 1765 2337 1821 sudorum
2365 1763 2560 1835 solutio
2601 1770 2655 1816 et
2683 1759 2918 1830 requies.
2961 1758 3125 1812 Visne
3148 1756 3312 1810 alium
3340 1754 3458 1823 ejus
3484 1760 3667 1822 poten-

2084 1858 2172 1913 tiae
2200 1855 2416 1912 modum
2456 1854 2718 1916 ediscere,
2749 1852 2802 1906 in
2849 1847 3184 1921 philosophia
3229 1847 3387 1914 longe
3415 1852 3671 1913 praestan-

2085 1948 2320 2004 tiorem?
2353 1945 2574 2002 Etiamsi
2602 1945 2721 2013 quis
2749 1958 2873 1998 eum
2902 1939 3198 1997 innumeris
3225 1936 3464 1992 alfecerit
3490 1935 3666 1995 malis,

2086 2039 2293 2096 etiamsi
2330 2036 2644 2094 verberibus
2671 2033 2970 2098 laniaverit,
3013 2031 3066 2086 in
3094 2029 3305 2085 vincula
3343 2024 3629 2096 conjecerit
3652 2065 3666 2086 ,

2086 2147 2282 2203 corpus
2322 2145 2421 2202 pro
2448 2138 2634 2185 natura
2661 2142 2755 2182 sua
2779 2124 3010 2189 laeditur,
3041 2121 3252 2177 animus
3281 2133 3408 2174 vero
3434 2116 3671 2187 philoso-

2089 2202 2226 2294 phiie
2255 2221 2518 2286 addictus,
2549 2219 2749 2273 illaesos
2776 2221 2957 2270 manet
2985 2230 2998 2267 :
3030 2225 3204 2282 neque
3226 2207 3370 2264 enim
3400 2202 3671 2264 iracundia

2089 2314 2314 2384 capitur,
2349 2326 2455 2366 non
2481 2309 2604 2365 odio
2629 2307 2936 2378 corripitur,
2968 2319 3075 2359 non
3103 2299 3408 2357 inimicitias
3433 2305 3671 2354 exercet.

2088 2404 2333 2460 Nondum
2374 2403 2444 2457 ita
2491 2414 2737 2470 magnum
2769 2399 2871 2452 hoc
2900 2403 3002 2459 est,
3033 2392 3128 2448 sed
3158 2393 3312 2460 longe
3337 2387 3632 2446 mirabilius
3651 2388 3672 2449 ',

2090 2493 2231 2565 quod
2260 2508 2375 2556 eos,
2402 2492 2492 2562 qui
2536 2505 2594 2545 se
2626 2491 2697 2543 ita
2723 2494 2938 2550 vexant,
2967 2485 3047 2542 sic
3075 2481 3266 2550 diligit,
3299 2488 3357 2532 ut
3380 2476 3673 2538 beneficos,

2091 2597 2148 2642 ut
2177 2596 2449 2656 patronos,
2482 2583 2726 2650 bonaque
2767 2580 2871 2634 illis
2912 2582 3103 2631 cuncta
3149 2577 3484 2642 apprecatur.
3527 2566 3598 2622 At
3625 2575 3680 2618 tu

2092 2677 2220 2748 quid
2249 2679 2306 2748 ei
2325 2689 2578 2744 umquam
2608 2672 2711 2726 tale
2740 2676 2993 2741 praestare
3013 2665 3300 2736 potuisses,
3321 2657 3532 2716 etiamsi
3557 2657 3678 2712 mil-

2093 2771 2193 2826 lies
2218 2770 2392 2839 ipsum
2417 2765 2560 2821 orbis
2604 2773 2864 2818 terrarum
2893 2773 3074 2828 regem
3105 2752 3496 2815 constituisses,
3528 2760 3584 2804 et
3609 2747 3676 2802 ad

2093 2861 2282 2917 decem
2308 2870 2567 2913 annorum
2595 2853 2756 2908 millia
2782 2865 3001 2921 regnum
3033 2845 3132 2917 ipsi
3162 2839 3547 2914 prorogasscs?
3576 2854 3677 2908 qua

2095 2965 2358 3022 purpura,
2390 2963 2495 3019 quo
2543 2944 2787 3015 imperio,
2817 2957 2920 3012 qua
2967 2939 3136 3010 gloria
3175 2952 3280 2991 non
3328 2931 3680 3004 praestabilius

2095 3057 2179 3100 est
2225 3043 2328 3098 hoc
2349 3039 2591 3096 bonum?
2619 3035 2743 3108 quid
2786 3048 2891 3097 non
2933 3029 3288 3101 impenderes,
3334 3036 3392 3084 ut
3417 3023 3680 3094 ejusmodi

2097 3138 2332 3193 animum
2361 3130 2670 3202 acciperes?
2695 3127 2940 3183 Arbitror
2981 3138 3080 3194 ego
3108 3121 3266 3176 etiam
3296 3132 3411 3185 eos,
3457 3115 3548 3188 qui
3571 3123 3684 3170 stu-

2097 3229 2300 3286 diosius
2321 3239 2546 3295 corpora
2564 3229 2772 3282 curant,
2791 3218 2928 3272 hanc
2953 3215 3114 3270 vitam
3135 3217 3521 3283 pramptaturos
3541 3221 3680 3262 esse.

2100 3323 2264 3378 Visne
2290 3319 2502 3375 aliunde
2527 3329 2738 3388 quoque
2776 3310 3064 3382 potentiam
3091 3306 3192 3361 viri
3217 3315 3272 3361 et
3299 3301 3680 3358 mirabiliorem

2101 3423 2156 3471 et
2179 3411 2549 3483 iucundiorem
2592 3407 2794 3470 videre,
2846 3419 2911 3458 ex
2959 3408 3110 3470 parte
3146 3398 3363 3469 quidem
3411 3391 3683 3451 humiliori

2101 3507 2345 3578 petitam,
2374 3501 2470 3558 tibi
2508 3509 2683 3555 tamen
2720 3509 2929 3552 summe
2952 3491 3195 3564 gratam?
3225 3491 3297 3545 Ea
3325 3487 3538 3558 quidem
3568 3501 3688 3556 qua:

2102 3599 2243 3655 dicta
2283 3601 2425 3660 sunt,
2457 3606 2577 3648 eum
2621 3603 2720 3643 nec
2757 3585 2874 3656 capi
2901 3597 3001 3640 nec
3039 3579 3224 3636 violari
3256 3593 3412 3648 posse
3436 3591 3689 3646 compro-

2104 3691 2252 3747 bant.
2297 3683 2451 3755 Quod
2490 3689 2666 3737 autem
2701 3678 2833 3734 alios
2861 3674 3232 3732 moderatores
3259 3671 3348 3733 sit,
3379 3683 3580 3738 eosque
3609 3677 3693 3723 tn-

2106 3781 2340 3838 tissimos
2355 3775 2761 3838 constituturus,
2776 3769 2827 3826 id
2844 3769 3069 3825 fortasse
3085 3762 3280 3837 quaeris
3294 3761 3558 3818 ediscere.
3579 3760 3692 3816 Hoc

2107 3888 2267 3947 porro
2314 3880 2397 3926 est
2441 3868 2673 3940 primum
2718 3861 3112 3935 magisterium,
3163 3866 3222 3913 ut
3260 3856 3393 3911 alios
3435 3854 3504 3911 ad
3549 3853 3689 3910 idem

2107 3945 2339 4024 studium
2367 3961 2612 4024 adducat,
2643 3967 2698 4014 et
2721 3957 2799 4012 sic
2826 3954 2948 4009 illos
2975 3953 3157 4006 firmos
3198 3948 3468 4017 fortesque
3496 3945 3695 4002 consti-

2109 4070 2261 4126 tuat;
2289 4061 2373 4114 sin
2397 4070 2526 4111 vero
2567 4053 2642 4109 illi
2670 4050 2858 4112 nolint.
2890 4056 3264 4113 terrenamque
3306 4041 3467 4095 vitam
3501 4037 3694 4096 sectari

2111 4152 2318 4216 malint,
2349 4148 2435 4202 hic
2461 4158 2672 4217 quoque
2697 4139 2899 4196 videbis
2924 4135 3128 4205 majore
3150 4143 3202 4188 te
3228 4131 3483 4202 opulento
3509 4139 3698 4199 poten-

2114 4245 2182 4300 tia
2215 4239 2492 4313 praaditum
2522 4250 2666 4300 eum,
2712 4231 2802 4304 qui
2840 4227 2975 4284 nihil
3004 4225 3183 4288 habet,
3231 4234 3392 4294 atque
3430 4220 3550 4276 ideo
3581 4235 3698 4273 ma-

2114 4310 2257 4395 xime
2282 4333 2424 4406 quod
2452 4329 2584 4387 nihil
2611 4327 2822 4382 habeat.
2853 4322 2984 4391 Quis
3009 4319 3153 4376 enim
3181 4316 3385 4386 majore
3413 4327 3535 4370 cum
3563 4310 3701 4366 fidu-

2115 4431 2196 4489 cia
2235 4439 2290 4486 et
2331 4432 2591 4498 potestate
2629 4421 3013 4489 Imperatorem
3041 4411 3336 4480 alloquetur
3379 4415 3434 4461 et
3460 4406 3703 4472 increpa-

2115 4525 2226 4581 bit?
2249 4533 2374 4577 tune
2390 4517 2479 4590 qui
2504 4523 2642 4570 tanta
2668 4508 2930 4583 possides,
2948 4514 3003 4561 et
3027 4511 3306 4574 propterea
3329 4498 3468 4554 illius
3489 4508 3702 4566 quoque

2119 4615 2288 4672 servis
2334 4589 2594 4668 obnoxius
2623 4618 2702 4670 es,
2751 4613 2956 4672 proque
2995 4591 3242 4651 omnibus
3290 4589 3497 4652 tremis.
3541 4598 3704 4641 ansas

2118 4719 2248 4762 vero
2277 4703 2352 4758 illi
2383 4702 2688 4756 innumeras
2721 4690 2950 4763 prazbes,
2981 4686 3027 4740 si
3056 4685 3222 4740 iratus
3251 4691 3302 4738 te
3326 4678 3525 4736 laadere
3553 4676 3701 4740 velit;

2122 4813 2190 4852 an
2238 4795 2327 4850 hic
2363 4791 2452 4863 qui
2500 4788 2640 4842 illius
2686 4780 2932 4839 manibus
2972 4774 3217 4846 superior
3256 4771 3380 4827 est?
3413 4769 3524 4825 Hoc
3559 4767 3704 4822 enim

2124 4888 2354 4947 maxime
2373 4859 2541 4956 genus
2561 4877 2835 4934 hominum
2854 4885 3064 4928 summa
3083 4881 3205 4922 cum
3230 4865 3476 4920 libertate
3494 4859 3705 4930 regibus

2125 4952 2410 5050 colloquuii
2442 4979 2582 5036 sunt,
2613 4971 2876 5039 quotquot
2898 4959 3148 5016 videlicet
3169 4971 3201 5012 a
3229 4952 3578 5012 saecularibus
3613 4962 3697 5004 ne-

2128 5039 2296 5145 gotiis.
2322 5082 2382 5122 se
2423 5063 2844 5134 sequestrarunt.
2889 5052 2987 5109 Cui
3027 5064 3158 5107 vero
3203 5045 3412 5102 facilius
3457 5039 3612 5098 cedet
3652 5043 3699 5094 el

2130 5127 2540 5230 obtemperabii,
2583 5151 2674 5221 qui
2699 5157 2781 5204 est
2807 5147 2863 5201 in
2889 5151 3153 5214 potestate
3182 5137 3523 5198 constitutus,
3553 5137 3608 5185 et
3653 5127 3702 5182 in

2131 5255 2276 5328 regia
2304 5222 2588 5306 versatur?
2617 5241 2780 5297 tibine
2825 5237 2917 5308 qui
2948 5235 3097 5291 dives
3138 5245 3219 5296 es,
3247 5239 3403 5296 quem
3430 5222 3520 5276 ille
3546 5232 3706 5290 pecu-

2135 5313 2342 5405 niarum
2371 5353 2530 5397 causa
2558 5335 2748 5390 crebro
2792 5328 3015 5401 plurima
3061 5323 3234 5380 facere
3279 5313 3612 5384 suspicatur;
3645 5324 3711 5364 an

2135 5438 2186 5494 ei
2210 5435 2301 5508 qui
2337 5445 2495 5488 uuam
2525 5426 2685 5483 habet
2707 5421 3006 5493 jussionum
3034 5424 3272 5474 causam,
3301 5418 3492 5473 nempe
3522 5401 3713 5456 humu.

2137 5491 2359 5587 nitatem
2387 5536 2512 5594 erga
2550 5491 2720 5574 alios?
2755 5513 2923 5581 Quem
2954 5499 3256 5563 honorabit,
3286 5509 3444 5568 quem
3488 5491 3720 5548 admiw

2140 5620 2327 5681 bitur?
2357 5587 2548 5674 eumne
2574 5611 2641 5666 de
2661 5622 2766 5678 quo
2789 5601 2923 5658 nihil
2948 5597 3212 5668 abjectum
3239 5587 3498 5662 suspicari
3522 5592 3719 5681 poterit,

2153 5732 2221 5773 an
2247 5727 2368 5772 eum
2395 5720 2553 5782 quem
2573 5672 2740 5761 servis
2763 5707 2972 5768 quoque
2999 5686 3109 5746 suis
3136 5686 3373 5743 viliorem
3405 5672 3720 5737 arbitratur?
