2742 4342
275 217 354 256 ττι.

225 336 239 349 ο
282 297 382 332 Sicut
413 291 509 328 enim
539 285 684 336 quoties
713 279 848 328 aliquid
883 275 1048 326 pecunia‘.
1083 269 1366 321 impendendum

283 361 351 399 est,
377 353 448 391 illis
477 332 594 399 potius
614 347 884 392 obtemperant,
915 340 964 378 ita
985 339 1095 377 etiam
1122 335 1266 384 quoties
1293 332 1372 380 jus-

284 418 397 454 serint
413 412 519 452 alicui
535 405 768 459 patrocinari.

332 479 370 516 8.
383 477 450 522 Qui
466 455 600 512 terrena
613 469 730 508 omnia
744 466 888 516 spernit,
899 465 1050 512 lugentes
1063 460 1203 510 facilius
1213 455 1373 495 consola-

289 539 470 579 tam—Sin
481 544 602 575 autem
611 530 878 576 volueris,nihil
890 529 951 566 ille
961 538 1024 576 per
1031 526 1122 564 alios
1129 517 1374 572 perficiat,sed

290 615 355 653 per
377 601 536 649 seipsum
552 599 696 641 omnia;
712 601 957 632 aerumnosum
972 590 1127 637 aliquem
1149 591 1186 624 et
1205 584 1249 622 ad
1272 583 1374 620 illum

289 647 512 705 adducamus
527 669 562 701 te
575 661 621 699 ad
633 666 682 704 te,
700 660 773 696 imo
789 657 909 706 potius
923 665 995 692 non
1011 653 1054 690 ad
1069 658 1116 696 te,
1127 649 1190 688 sed
1199 647 1244 686 ad
1257 647 1374 694 ipsum

293 732 555 778 imperatorem
573 738 581 762 :
598 731 674 762 tum
685 722 874 760 videamus
891 725 973 756 uter
991 716 1042 754 illi
1056 715 1172 762 magis
1186 709 1378 760 providere

289 793 418 842 possit.
429 791 644 836 Primusque
653 791 737 824 ante
747 785 838 822 alios
851 778 1130 826 adducatur,qui
1141 773 1377 813 acerbissima

289 857 450 895 omnium
465 862 659 902 perpessus
673 851 733 888 sit.
749 848 804 886 Sit
817 845 918 884 verbi
939 843 1056 892 gratia
1067 839 1247 890 quispiam
1265 836 1350 874 filiu'
1372 848 1428 908 Ο

289 922 428 959 habens
453 919 625 961 unicum,
659 924 766 960 quem
794 912 831 948 in
854 911 936 958 ipso
964 906 1082 945 aetatis
1107 904 1198 941 llore
1221 900 1377 938 amittat.

290 985 394 1022 liunc
421 991 540 1029 neque
563 979 755 1026 princeps,
774 983 892 1021 neque
910 981 990 1016 rex,
1015 977 1133 1016 neque
1156 965 1250 1003 alius
1281 961 1379 1010 quis-

289 1048 385 1094 piam
405 1025 586 1082 consolari
614 1038 760 1088 poterit,
775 1036 907 1074 nedum
925 1039 963 1071 tu
981 1045 990 1070 :
1005 1031 1095 1068 nihil
1115 1029 1213 1068 enim
1227 1027 1298 1064 tale
1312 1025 1380 1072 ipsi

291 1087 408 1150 dabis,
435 1106 543 1155 quale
575 1087 710 1140 amisit.
741 1101 786 1137 At
802 1098 832 1136 si
851 1097 896 1134 ad
913 1095 1027 1132 lilium
1047 1099 1150 1130 tuum
1168 1087 1378 1130 adduxeris,

293 1175 409 1221 primo
427 1172 544 1219 ipsum
567 1179 611 1206 ex
629 1170 792 1213 aSpectu,
811 1173 855 1200 ex
875 1159 1014 1202 habitu,
1035 1167 1078 1194 ex
1101 1153 1286 1192 domicilio
1304 1156 1380 1188 sta-

293 1215 356 1273 iim
375 1215 503 1282 eriget,
524 1231 666 1278 ipsique
694 1223 925 1274 persuadebit
945 1231 1012 1269 pro
1029 1218 1144 1256 nihilo
1167 1215 1302 1253 habere
1321 1221 1382 1250 res

292 1299 492 1340 humanas,
527 1300 600 1330 tum
630 1291 800 1328 oratioue
829 1294 976 1323 omnem
1003 1280 1173 1319 maeroris
1207 1275 1381 1315 nebulam

295 1363 398 1400 facile
425 1359 577 1408 fugabit.
599 1356 675 1393 Tua
693 1363 780 1391 vero
797 1362 846 1389 ex
867 1349 977 1387 domo
992 1347 1129 1384 luctum
1155 1340 1381 1380 acerbiorem

293 1426 354 1462 ille
389 1421 537 1460 referet.
569 1419 659 1456 Cum
689 1416 786 1454 enim
823 1411 959 1450 viderit
989 1418 1069 1446 cam
1090 1400 1384 1443 malis-omnibus

294 1483 619 1536 expertem,multa
641 1479 812 1518 felicitate
833 1475 1020 1518 refertam,
1034 1468 1169 1508 herede
1185 1469 1381 1516 prmsente,

296 1549 424 1598 majori
461 1548 559 1584 luctu
589 1542 771 1582 :estuabit.
807 1539 944 1575 Contra
974 1543 1063 1572 vero
1100 1531 1185 1569 inde
1226 1527 1385 1577 quietior

296 1589 424 1650 evadet
442 1607 754 1658 philosophiaque
769 1599 1005 1650 propinquior
1019 1609 1027 1632 :
1041 1605 1126 1634 eum
1141 1591 1270 1630 viderit
1285 1589 1384 1628 enim

297 1677 410 1712 filium
433 1653 535 1710 tuum
559 1653 678 1708 tantas
711 1675 799 1714 opes
827 1663 1028 1710 despicere,
1067 1663 1202 1696 tantam
1233 1653 1384 1702 gloriam

298 1743 510 1779 tzmtnmque
527 1730 776 1779 splendorem,
795 1726 915 1763 minus
937 1721 1079 1760 dolebit
1096 1719 1142 1756 de
1160 1721 1278 1754 morte
1306 1714 1384 1751 filii.

298 1797 368 1843 Qui
389 1796 486 1833 enim
507 1789 723 1830 discruciari
755 1786 904 1835 poterit,
925 1783 1020 1831 quod
1035 1781 1216 1818 bonorum
1250 1774 1387 1813 herede

299 1867 436 1903 careat,
455 1867 539 1894 cum
569 1853 700 1891 viderit
726 1851 836 1887 alium
869 1847 947 1883 haec
973 1843 1096 1882 omnia
1127 1836 1387 1879 contemnere?

300 1902 458 1960 Facilius
475 1921 561 1956 item
574 1913 811 1966 philosophia:
824 1909 936 1947 verba
947 1907 1138 1945 facientem
1149 1902 1274 1940 audiet
1287 1909 1386 1944 eum,

304 1985 364 2032 qui
396 1961 761 2030 operibus'sermoni
797 1973 904 2010 fidem
932 1969 1031 2006 facit.
1065 1966 1121 2004 Tu
1152 1974 1240 2002 vero
1264 1963 1294 2000 si
1332 1961 1390 1999 vel

302 2048 444 2084 hiscere
463 2053 579 2080 ausus:
593 2039 718 2082 fueris,
739 2046 822 2074 eum
857 2041 1016 2071 maerore
1045 2027 1182 2076 ingenti
1213 2023 1388 2072 replebis,

303 2115 430 2155 utpote
445 2105 507 2154 qui
519 2103 651 2140 alienis
667 2101 702 2138 in
718 2099 824 2136 malis
838 2091 1120 2144 philosopheris.
1135 2088 1268 2132 Atille,
1279 2085 1390 2124 rebus

304 2172 391 2218 ipsis
409 2179 492 2206 eum
517 2166 704 2209 erudiens,
724 2162 826 2198 nullo
855 2157 1002 2206 negotio
1030 2150 1278 2202 persuadebit,
1299 2148 1391 2186 nihil

304 2231 399 2269 aliud
418 2258 428 2275 ,
461 2239 569 2276 quam
603 2233 772 2263 somnum
807 2231 889 2258 esse
919 2223 1074 2256 mortem
1103 2227 1112 2250 :
1145 2222 1263 2260 neque
1292 2210 1390 2250 enim

307 2295 484 2342 plurimos
514 2285 744 2328 enumerabit
776 2291 899 2332 patres
933 2279 1060 2318 eadem
1095 2271 1392 2325 perpessos,sed

304 2358 465 2403 seipsum
485 2350 656 2390 ostendet
673 2345 835 2396 quotidie
855 2345 891 2381 in
913 2351 1068 2390 corpore
1083 2339 1134 2376 de
1149 2343 1281 2375 .morte
1309 2345 1392 2372 mc-

305 2421 497 2461 ditanlcm,
517 2421 554 2453 et
571 2413 616 2451 ad
637 2411 764 2450 eadem
785 2417 929 2456 semper
948 2410 1113 2454 paratum
1138 2413 1146 2438 :
1169 2407 1280 2449 atque
1307 2398 1394 2436 hinc

305 2478 586 2520 resurrectionis
603 2474 806 2513 doctrinam
825 2467 1108 2519 probabiliorem
1138 2463 1302 2502 efficiens
1315 2490 1324 2507 ,
1345 2462 1392 2498 ita

240 2586 246 2588 _
307 2547 352 2582 ah
369 2555 408 2581 se
425 2543 598 2585 dimittet,
616 2537 773 2576 maxima
794 2532 964 2572 mteroris
990 2535 1094 2578 parte
1125 2532 1362 2566 exoneratam
1382 2533 1395 2560 :

308 2608 492 2653 multoque
521 2602 680 2649 amplius
710 2597 886 2635 valebunt
913 2595 992 2642 ejus
1025 2591 1137 2630 verba
1166 2589 1278 2628 rebus
1306 2586 1394 2635 ipsis

307 2675 461 2712 asserta,
480 2667 526 2704 ad
540 2663 738 2703 levandum
757 2659 870 2697 animi
888 2657 1186 2702 dolorem,quam
1205 2650 1394 2689 combibe-

307 2743 392 2770 num
411 2737 451 2770 et
482 2729 736 2778 parasitorum.
771 2724 817 2762 Et
844 2722 942 2760 hunc
969 2718 1116 2767 quidem
1145 2717 1193 2753 ita
1213 2712 1393 2752 sanabit‘.

768 196 1024 240 SfJOANNlS
1052 189 1382 233 CllRYSOSTOMl
1407 187 1626 227 ARCIIIE'P.
1657 181 2019 224 CONS‘I'ANTINOP.

2419 187 2480 226 ωδ

1447 267 1644 311 habeatur,
1680 275 1724 303 ac
1755 273 1838 302 cum
1872 269 1970 301 tanto
1995 261 2189 310 splendore
2218 263 2343 303 nullum
2369 265 2482 304 habeat

1446 331 1646 369 inimicum.
1669 329 1759 367 Nam
1781 328 1840 365 illa
1856 333 1978 366 vestra
2003 326 2158 374 potentia
2186 327 2346 374 przeditus
2375 330 2481 368 ωυιιίς

1447 393 1686 438 honorabilis,
1707 391 1873 440 plurimis
1889 390 2036 428 odiosus
2067 389 2190 427 fuisset
2210 402 2219 427 :
2239 395 2274 426 at
2293 391 2347 428 hic
2374 402 2485 432 omnes

1447 458 1508 506 qui
1527 458 1644 505 ipsum
1658 455 1849 494 honorant
1870 482 1880 499 ,
1900 453 1934 490 id
1951 463 2032 490 cum
2050 453 2223 500 voluptate
2249 453 2374 491 faciunt
2409 455 2485 494 Nam

1447 521 1478 559 si
1499 519 1663 558 nonnulli
1691 517 1824 555 infimae
1844 515 1952 553 sortis
1966 543 1975 560 ,
1995 525 2039 552 ex
2061 514 2187 552 vilibus
2215 515 2282 552 orti
2308 516 2440 553 rusticis
2456 526 2487 554 et

1448 581 1638 630 operariis,
1659 580 1753 618 hanc
1775 577 1928 626 ingressi
1945 577 2222 625 philosophiam,
2252 576 2336 614 adeo
2365 580 2488 617 eunetis

1448 644 1678 684 venerabiles
1697 643 1814 687 fuere,
1837 647 1876 679 ut
1893 651 2002 678 nemo
2029 650 2164 684 eorum,
2197 640 2252 687 qui
2282 641 2419 677 summis
2441 641 2487 678 di-

1449 707 1646 757 gnitatibus
1667 706 1864 754 fulgebant,
1876 703 2104 742 erubesceret
2123 702 2292 750 proficisci
2311 702 2352 739 ad
2366 703 2490 740 illorum

1451 772 1646 820 tugurium,
1669 779 1712 806 ac
1742 767 1912 816 colloquii
1945 776 2070 804 eorum
2102 771 2138 802 et
2171 775 2298 801 mensze
2326 773 2491 809 consortes

1451 845 1551 876 esse;
1585 833 1672 881 quin
1704 831 1751 868 ita
1784 829 1902 866 affecti
1933 833 2051 872 erant,
2083 837 2124 864 ac
2155 827 2183 864 si
2203 826 2300 864 benis
2333 827 2490 870 maximis,

1450 895 1548 945 quod
1566 905 1692 932 verum
1711 899 1802 938 erat,
1823 891 1924 940 potiti
1954 889 2105 927 fuissent
2126 900 2136 926 :
2164 888 2270 926 multo
2289 898 2369 926 sane
2396 889 2494 936 magis

1453 961 1487 998 id
1510 961 1658 1004 facient,
1679 969 1762 996 cum
1780 955 1937 994 viderint
1955 953 2083 991 illustri
2101 963 2230 1000 genere
2247 958 2369 996 ortum,
2389 951 2494 999 splen-

1453 1024 1547 1063 didis
1564 1022 1810 1066 facultatibus,
1831 1026 2013 1066 tantm-que
2033 1017 2108 1064 spei
2125 1015 2304 1063 juvenem,
2323 1024 2358 1051 se
2374 1014 2413 1051 ad
2427 1024 2494 1051 eam

1452 1088 1622 1125 virtutem
1640 1084 1852 1123 contulisse.
1871 1081 1993 1129 itaque
2004 1079 2098 1128 quod
2114 1084 2150 1116 tu
2162 1077 2372 1126 potissimum
2387 1087 2496 1124 querc-

1454 1151 1518 1194 ris,
1533 1160 1578 1188 ex
1597 1149 1654 1186 his
1668 1157 1750 1185 eum
1765 1146 1810 1183 ad
1823 1145 1880 1182 illa
1901 1143 2086 1186 transisse,
2109 1141 2175 1178 hoc
2191 1147 2244 1178 cst
2256 1139 2344 1187 quod
2363 1139 2497 1176 maxime

1455 1215 1554 1252 illum
1577 1211 1814 1260 spectabilem
1836 1208 1933 1252 facit,
1953 1215 2150 1253 omnesque
2164 1210 2202 1240 ut
2217 1202 2267 1240 ad.
2280 1203 2370 1240 illum
2386 1201 2494 1238 oculos

1454 1285 1598 1317 vertant
1617 1275 1766 1319 inducit,
1789 1283 1860 1310 non
1881 1270 1985 1320 quasi
2005 1268 2050 1306 ad
2067 1267 2258 1311 hominem,
2279 1264 2338 1303 sed
2357 1264 2445 1312 quasi
2461 1263 2498 1300 ad

1455 1342 1637 1391 angelum.
1661 1339 1785 1386 Neque
1811 1336 1907 1374 enim
1929 1344 2009 1382 quae
2041 1332 2086 1370 de
2113 1331 2194 1368 aliis
2225 1329 2355 1378 epinari
2385 1327 2498 1372 solent,

1454 1389 1594 1444 deifilio
1615 1404 1678 1442 tuo
1694 1399 1992 1448 suspicabantur,
2010 1395 2105 1444 quod
2131 1393 2266 1432 scilicet
2293 1391 2427 1429 honoris
2454 1389 2499 1427 vel

1456 1468 1691 1518 pecuniarum
1708 1463 1893 1512 cupidine,
1913 1460 1968 1498 vel
1989 1458 2138 1506 insignis
2156 1466 2200 1494 ex
2217 1454 2335 1492 humili
2358 1453 2424 1490 fieri
2445 1463 2500 1488 cu-

1456 1534 1572 1581 piens,
1595 1529 1689 1566 hanc
1707 1525 1857 1574 elegerit
1873 1524 1966 1562 viam
1989 1533 1998 1560 :
2018 1521 2096 1558 haec
2113 1519 2240 1566 quippe
2258 1517 2301 1555 de
2320 1515 2392 1553 aliis
2407 1514 2500 1558 dicta,

1457 1597 1524 1635 etsi
1557 1595 1646 1632 falsa
1668 1599 1705 1630 et
1735 1591 1857 1638 iniqua
1888 1588 1974 1630 sint,
1997 1586 2033 1623 in
2063 1590 2148 1622 nato
2179 1589 2238 1620 tuo
2265 1591 2309 1618 ne
2333 1576 2502 1626 suSpicioui

1457 1659 1604 1708 quidem
1624 1659 1744 1695 locum
1763 1653 1852 1692 dare
1873 1655 2056 1700 poterunt.

1507 1722 1544 1760 9.
1573 1717 1760 1759 Christiani
1778 1723 1858 1753 tunc
1878 1712 2165 1759 maximeﬂorent
2181 1711 2502 1756 cumoppttgnantur.

1458 1805 1508 1812 -—
1525 1783 1626 1820 Neve
1653 1787 1760 1830 putes
1781 1779 1860 1815 hmc
1884 1776 1966 1814 ideo
1993 1773 2200 1820 contingere
2215 1798 2226 1816 ,
2257 1768 2347 1818 quod
2365 1766 2503 1813 Impera-

1460 1853 1560 1884 tores
1592 1829 1689 1890 piam
1717 1841 1930 1888 religionem
1961 1837 2082 1875 colant
2101 1847 2111 1872 :
2130 1831 2267 1872 etiamsi
2285 1830 2374 1868 enim
2406 1829 2504 1875 impe-

1461 1909 1556 1946 rium
1575 1905 1734 1949 decidat,
1749 1910 1784 1941 et
1805 1903 2027 1949 imperantes
2042 1899 2077 1935 iu
2091 1895 2330 1935 infidelitatem
2347 1891 2503 1932 labantur,

1461 1977 1548 2008 tunc
1567 1967 1642 2006 nati
1668 1967 1718 2004 tui
1737 1967 1890 2003 virtutes
1912 1962 2128 2001 illustriores
2147 1958 2308 1998 evadent.
2334 1955 2404 1992 Non
2423 1953 2505 1991 enim

1460 2032 1648 2082 gentilium
1677 2039 1780 2068 more
1805 2039 1864 2065 res
1898 2032 2033 2064 nostra;
2061 2035 2102 2062 se
2131 2023 2285 2064 habent,
2317 2027 2424 2066 neque
2447 2015 2508 2052 illa:

1462 2094 1718 2144 imperantium
1739 2091 1870 2140 placita
1898 2092 2127 2137 sequuntur;
2157 2094 2278 2122 verum
2305 2079 2437 2130 propria
2450 2087 2509 2114 sua

1461 2160 1595 2197 virtute
1615 2155 1844 2200 consistunt,
1865 2161 2023 2198 tuncque
2043 2149 2196 2188 maxime
2215 2144 2400 2194 splendent
2413 2169 2424 2187 ,
2437 2150 2508 2178 cum

1462 2221 1622 2260 maxime
1646 2223 1934 2268 oppugnantur:
1961 2213 2141 2261 siquidem
2173 2209 2276 2248 miles
2303 2204 2403 2246 etiam
2427 2203 2510 2252 pacis

1464 2293 1629 2333 tempore
1647 2287 1832 2332 spectatus
1857 2286 1913 2319 est
1926 2308 1936 2324 ,
1955 2285 1992 2317 at
2011 2279 2116 2326 longe
2133 2273 2322 2325 spectatior
2337 2271 2506 2319 ingruente

1465 2327 1577 2386 bello.
1627 2327 1752 2392 Itaque
1782 2342 1988 2390 gentilibus
2023 2337 2278 2388 imperantibus
2307 2331 2422 2380 majori
2451 2327 2512 2366 erit

1463 2411 1604 2448 honore
1623 2409 1758 2446 clarus.
1791 2406 1882 2444 Nam
1903 2405 1966 2452 qui
1985 2403 2096 2440 filium
2117 2407 2213 2438 tuum
2241 2407 2331 2436 nunc
2346 2401 2509 2432 veneran-

1467 2480 1537 2517 tur,
1561 2471 1674 2509 multo
1699 2469 1858 2518 amplius
1877 2467 1912 2504 id
1941 2466 2073 2504 facient
2091 2474 2172 2502 cum
2193 2461 2403 2510 przeliantem
2419 2453 2508 2492 vidc-

1463 2536 1551 2580 rint,
1572 2533 1699 2580 majori
1720 2536 1882 2569 utentem
1911 2528 2040 2566 fiducia
2053 2555 2062 2571 ,
2083 2526 2324 2574 plurimasque
2343 2529 2413 2557 rem
2423 2526 2512 2564 ,βιω-

1467 2599 1564 2636 clare
1582 2595 1729 2644 gerendi
1753 2593 1964 2631 occasiones
1981 2590 2190 2628 habentem.
2215 2586 2322 2623 Visne
2340 2582 2393 2619 illa
2407 2579 2513 2619 etiam,

1467 2672 1549 2709 qua:
1564 2659 1609 2697 ad
1626 2665 1662 2696 te
1679 2662 1860 2705 spectant,
1883 2653 2132 2702 expendamus
2147 2679 2158 2696 ,
2185 2660 2229 2686 an
2248 2644 2380 2685 veroid
2400 2651 2512 2688 super-

1467 2724 1582 2762 fluum
1609 2719 1801 2759 videatur?
1830 2718 1864 2756 ls
1883 2717 1979 2755 enim
1999 2715 2060 2764 qui
2091 2713 2231 2752 cteteris
2259 2711 2304 2748 ita
2329 2708 2514 2744 mansuetus

308 2797 517 2835 Adducatur
550 2799 672 2830 autem
694 2789 738 2827 ad
760 2798 850 2827 eum
883 2791 922 2824 et
946 2784 1053 2827 alius,
1069 2781 1101 2818 si
1129 2779 1304 2823 volueris,
1333 2775 1427 2826 qui,
1467 2793 1506 2826 οι
1535 2786 1634 2824 ,ηεαδ
1663 2790 1745 2827 εει,
1779 2789 1819 2820 ιιι
1849 2781 2008 2829 querela,
2041 2787 2167 2815 ansam
2200 2771 2328 2812 nemini
2359 2768 2511 2818 praebeat.

305 2861 382 2909 jugi
402 2871 446 2898 ex
466 2857 594 2896 morbo
616 2855 753 2892 oculos
785 2848 951 2888 amiserit
971 2859 979 2884 :
1005 2843 1092 2894 quid
1111 2843 1164 2880 illi
1195 2838 1395 2888 adjumcnti

309 2900 440 2962 alferre
456 2919 619 2970 poteris?
645 2919 776 2955 Verum
795 2915 856 2952 ille
875 2910 1292 2954 ostendensnongrave
1307 2900 1397 2940 illud

309 2999 404 3031 esse,
425 2988 458 3024 in
480 2983 663 3024 domicilio
681 2989 794 3029 parvo
820 2977 997 3018 inclusus.
1019 2979 1057 3011 et
1073 2971 1120 3010 ad
1141 2971 1257 3008 aliam
1277 2969 1396 3006 lucem

309 3061 526 3100 properans,
559 3051 872 3096 praesentemque,
905 3041 934 3077 si
951 3039 1002 3076 illi
1031 3041 1286 3084 comparetur,
1323 3043 1396 3068 non

313 3115 432 3162 magni
451 3111 624 3150 momenti
643 3119 724 3148 esse
742 3107 894 3148 ducens,
914 3101 1058 3140 crudiet
1073 3109 1156 3137 eum
1173 3097 1218 3134 ad
1245 3095 1396 3134 calami-

314 3183 424 3214 tatem
444 3175 584 3213 fortiter
622 3171 822 3210 ferendam.
842 3169 899 3206 An
931 3173 968 3204 tu
1001 3165 1175 3202 damnum
1203 3167 1397 3208 perpessos

312 3239 360 3276 ad
395 3234 722 3286 philosophandum
757 3229 938 3269 induce-3?
957 3227 1170 3266 Nullatenus
1192 3235 1201 3260 :
1221 3221 1307 3270 quin
1331 3231 1398 3268 po-

314 3302 388 3339 tius
409 3301 461 3337 eis
477 3300 652 3336 molestus
670 3297 744 3334 eris
765 3307 774 3330 :
797 3303 954 3340 namque
975 3289 1090 3328 tristia
1110 3294 1234 3326 nostra
1253 3287 1287 3322 in
1316 3294 1400 3331 pro-

315 3365 496 3402 ximorum
530 3359 700 3396 secundis
722 3357 846 3394 rebus
860 3354 1076 3402 diligentius
1107 3349 1401 3387 animadvertere

316 3427 492 3464 solemus.
521 3423 625 3460 Tuus
650 3426 772 3457 autem
803 3418 898 3454 filius
924 3415 992 3452 hos
1017 3423 1161 3462 quoque
1181 3411 1322 3448 facilius
1340 3418 1400 3444 re-

317 3489 471 3527 creabit.
503 3485 641 3524 Omitto
674 3491 821 3529 precum
852 3489 985 3526 opem,
1018 3477 1126 3523 longe
1153 3471 1402 3511 hisomnibus

319 3554 510 3600 majorem,
547 3547 701 3594 ideoque
733 3543 876 3583 omitto,
904 3539 1004 3590 quod
1035 3545 1154 3576 tecum
1189 3534 1278 3572 mihi
1306 3541 1402 3568 nunc

319 3624 442 3653 sermo
461 3613 521 3650 sit.
543 3607 698 3656 Quodsi
718 3613 751 3644 te
773 3612 922 3653 promer
949 3602 1062 3640 filium
1086 3597 1258 3636 honorari
1285 3595 1402 3642 cupis,

319 3687 388 3714 nec
407 3685 487 3712 esse
500 3670 723 3718 contemptui
741 3666 958 3716 (verisimile
974 3670 1029 3700 est
1045 3661 1142 3699 enim
1162 3667 1196 3696 te
1208 3659 1241 3695 id
1257 3656 1404 3695 deside-

320 3737 434 3777 rare),
457 3735 580 3772 nescio
601 3743 672 3781 quo
689 3736 797 3778 pacto
817 3728 852 3766 id
883 3725 1030 3763 uberius
1061 3720 1236 3768 consequi
1270 3717 1402 3767 possis.

324 3807 429 3845 quam
451 3808 531 3833 eum
553 3779 666 3832 filium
686 3793 834 3831 habeas,
859 3788 919 3836 qui
955 3790 1121 3822 naturam
1155 3781 1309 3819 excedat
1338 3779 1404 3818 hu-

325 3869 482 3900 manam,
503 3858 636 3904 quique
671 3856 706 3892 in
742 3861 818 3889 toto
850 3855 1028 3887 terrarum
1057 3844 1147 3881 orbe
1181 3842 1406 3880 clarissimus

370 3934 379 3954 ⁸
406 3938 472 3965 nuo
488 3937 574 3972 Mss.,
591 3931 676 3965 hunc
691 3928 822 3974 quidem
837 3922 960 3969 pariter
974 3918 1034 3956 ille
1053 3913 1212 3955 sanabit.

1454 2836 1584 2888 ’multo
1603 2847 1718 2895 magis
1738 2850 1878 2892 patrem
1899 2852 2041 2880 summo
2069 2837 2215 2877 habebit
2234 2837 2268 2872 in
2287 2834 2426 2873 honore,
2445 2827 2514 2863 lon-

1468 2921 1586 2962 geque
1605 2889 1760 2957 amplius
1775 2906 1934 2949 fovebit,
1963 2914 2071 2952 quam
2100 2902 2132 2940 si
2164 2901 2198 2937 in
2229 2893 2383 2936 surculari
2411 2889 2518 2927 fuisset

1469 2976 1696 3024 magistratu.
1730 2971 1820 3008 Nam
1849 2970 1879 3007 si
1912 2977 2080 3016 maguum
2109 2962 2293 3011 imperium
2313 2954 2516 2994 obtinuisset.

1467 3040 1648 3078 incertum
1665 3041 1722 3074 est
1743 3045 1788 3072 an
1808 3039 1947 3081 patrem
1975 3027 2194 3075 contemptui
2219 3023 2398 3062 habiturus
2411 3021 2490 3054 esscl
2507 3024 2514 3048 :

1471 3111 1570 3140 nunc
1595 3109 1682 3137 vero
1715 3107 1796 3134 eam
1823 3095 1934 3142 eli-git
1966 3094 2076 3130 vitam
2093 3119 2103 3134 ,
2133 3099 2202 3137 qua
2223 3087 2430 3132 lmperatore
2453 3077 2520 3123 ipsa

1471 3164 1606 3203 clarior
1619 3191 1630 3206 ,
1660 3159 1823 3198 omnium
1843 3156 2069 3194 humillimus
2089 3162 2171 3200 erga
2191 3156 2225 3188 te
2245 3148 2325 3186 erit.
2352 3138 2518 3190 Siquidem

1473 3223 1679 3274 hujusmodi
1709 3221 1804 3270 apud
1827 3229 1893 3257 nos
1912 3219 2051 3256 obtinet
2078 3212 2312 3264 philosoiihia,
2333 3213 2432 3247 utea,
2451 3209 2520 3274 quis

1473 3287 1658 3327 contraria
1678 3288 1854 3332 apparent
1871 3311 1880 3326 ,
1916 3291 2046 3327 nempe
2074 3261 2283 3316 modestiam
2301 3276 2336 3309 et
2353 3261 2519 3306 celsitudi-

1475 3361 1558 3390 nem
1575 3378 1586 3394 ,
1604 3349 1638 3386 in
1660 3357 1768 3384 unam
1787 3345 1944 3382 animam
1972 3348 2090 3391 cogat.
2122 3341 2162 3378 Et
2179 3336 2319 3386 quidem
2338 3333 2370 3368 iu
2390 3323 2520 3366 seculo,

1475 3419 1602 3461 utpote
1635 3409 1872 3457 pecuniarum
1900 3389 2078 3454 cupidus,
2112 3410 2210 3440 tuum
2242 3399 2358 3436 forsan
2383 3389 2522 3437 οριηεεοι

1475 3475 1613 3514 obitum
1631 3483 1642 3516 ;
1661 3482 1757 3509 nunc
1775 3477 1898 3507 autem
1921 3453 1959 3505 ut
1977 3477 2083 3515 quam
2102 3461 2306 3511 longissima
2328 3453 2386 3492 tibi
2408 3457 2521 3514 proro-

1474 3546 1580 3586 getnr
1598 3537 1670 3573 vita
1691 3540 1876 3583 precatur.
1899 3537 1938 3569 ut
1955 3543 2000 3568 ex
2017 3530 2085 3566 hoc
2104 3527 2212 3566 etiam
2229 3520 2365 3561 coronis
2381 3507 2523 3553 clariori-

1477 3600 1546 3638 bus
1566 3599 1734 3636 donetur.
1757 3596 1835 3634 Non
1861 3595 1956 3632 enim
1977 3592 2104 3638 exigua
2133 3595 2270 3625 merces
2289 3579 2386 3618 nobis
2404 3579 2522 3624 pI'OPO‘

1470 3663 1546 3700 sita
1567 3667 1647 3704 est,
1671 3660 1709 3697 si
1746 3664 1914 3707 parentes
1942 3642 2262 3692 hontﬁ‘averimus;
2295 3641 2353 3680 sed
2375 3637 2526 3686 jubemur

1474 3735 1543 3762 eos
1570 3733 1638 3771 pro
1667 3721 1828 3760 dominis
1854 3719 1990 3757 nostris
2021 3719 2190 3760 reputare
2206 3738 2216 3752 .
2246 3706 2354 3744 verbo
2372 3706 2405 3738 et
2427 3701 2524 3742 opem

1478 3785 1614 3828 colere,
1639 3789 1723 3822 (tum
1739 3791 1859 3821 tamen
1879 3781 1912 3818 in
1933 3779 2030 3816 nullo
2053 3759 2166 3824 pietas
2184 3778 2218 3809 et
2238 3766 2356 3814 religio
2377 3759 2522 3828 lari-latuit

1479 3849 1572 3897 Quid
1591 3848 1689 3885 enim
1707 3847 1778 3884 tale
1793 3874 1803 3890 ,
1831 3852 1868 3882 ut
1889 3843 2019 3880 dicitur
2033 3869 2042 3883 .
2054 3821 2063 3824 -
2077 3837 2163 3886 ίνδίε
2181 3831 2304 3871 reddes
2318 3855 2336 3894 ⁸,
2355 3821 2523 3897 φωρ.ῗὲ

1482 3876 1572 3897 κη...
1707 3876 1778 3884 ,ην
1793 3876 1803 3890 ,
1891 3876 2011 3880 _.---__
2034 3876 2042 3883 .
2092 3876 2099 3886 .

1482 3909 1575 3948 tibi?
1591 3909 1792 3948 Considera
1821 3907 1927 3956 igitur
1942 3933 1952 3950 .
1984 3913 2065 3942 eum
2093 3897 2153 3948 qui
2173 3897 2206 3933 in
2223 3887 2356 3930 exteris
2373 3876 2524 3920 omnibus
