3986 6196
390 247 495 306 ’5ιὸ

389 361 602 419 virtutis
641 359 850 432 apicem
896 358 1167 430 attigerit,
1211 363 1407 428 quanta
1446 369 1568 410 cum
1611 350 1880 423 diligentia
1911 360 1969 409 et

389 454 736 509 accuratiouc
795 467 892 522 par
941 451 1011 506 sit
1063 450 1166 506 hoc
1217 447 1450 504 ofﬁcium
1501 445 1781 502 exhibere.
1840 443 1975 498 Nam

391 546 492 600 (tsi
538 543 869 599 moriendum
896 542 966 597 sit
1009 556 1108 612 pro
1146 539 1320 611 rapite
1359 547 1483 606 tuo,
1534 552 1641 592 non
1681 533 1969 599 recusabit,

390 637 591 707 quippe
627 632 719 706 qui
753 649 859 690 non
905 632 1131 690 naturali
1155 632 1316 688 modo
1343 631 1463 701 lege
1488 637 1540 685 te
1567 626 1695 683 colit
1719 635 1772 680 et
1801 627 1976 680 hono-

395 740 520 792 rat,
565 727 660 784 sed
697 741 806 796 pm
835 725 1084 782 omnibus
1131 732 1347 796 propter
1387 723 1587 786 Deum,
1632 721 1784 790 cujus
1809 719 1979 789 gratia

409 817 607 876 cu'ncta
628 817 789 874 simul
816 816 1078 888 despexit.
1105 815 1237 872 Cum
1263 815 1423 886 igitur
1449 813 1540 868 ille
1560 825 1701 867 nunc
1721 809 1982 866 illustrior

396 912 506 977 sit,
550 909 884 981 opulentior,
931 907 1196 979 potentior
1222 915 1278 962 et
1317 904 1605 968 liberalior.
1646 912 1702 960 et
1729 917 1851 958 cum
1881 902 1983 957 hac

400 1013 544 1058 tanta
569 1003 732 1058 animi
765 1000 1127 1073 magnitudine
1156 999 1326 1070 magis
1353 1011 1544 1053 servus
1575 1005 1696 1051 tuus
1725 994 1795 1050 sit
1821 1009 1980 1064 quam

398 1105 582 1162 antea,
612 1109 729 1161 cur,
761 1107 968 1165 quaeso,
999 1090 1347 1163 ingemiscis?
1368 1106 1434 1143 an
1462 1089 1584 1160 quia
1611 1087 1848 1160 quotidie
1876 1101 1984 1142 non

402 1189 600 1243 metuis
623 1229 636 1252 ,
671 1201 738 1241 ne
768 1186 820 1240 in
861 1185 1000 1240 bello
1035 1183 1232 1251 cadat,
1275 1198 1344 1239 ne
1385 1181 1725 1253 imperatoris
1749 1181 1987 1235 animum

401 1277 640 1335 oliendat
661 1319 677 1345 ,
710 1292 778 1332 ne
805 1277 858 1330 in
885 1275 1309 1331 commilitonum
1337 1273 1590 1327 invidiam
1623 1271 1863 1327 incidat?
1886 1287 1982 1325 an-

405 1385 513 1425 non
540 1378 594 1424 et
618 1369 734 1424 ha:e
758 1373 811 1422 et
833 1367 914 1421 his
935 1367 1094 1421 etiam
1114 1365 1260 1436 plura
1290 1363 1582 1419 illustribus
1601 1361 1726 1416 ﬁliis
1746 1369 1988 1417 metuunt

407 1462 619 1531 patres?
654 1456 1112 1527 Quemadmodum
1141 1457 1284 1512 enim
1314 1456 1403 1526 qui
1434 1470 1658 1526 puerum
1686 1454 1738 1508 in
1765 1453 1986 1509 sublimi

405 1553 522 1607 loco
551 1549 826 1604 statuerint
845 1536 871 1613 ,I
907 1557 1146 1602 metuere
1169 1554 1433 1616 coguntur
1459 1559 1527 1599 ne
1553 1542 1786 1606 decidat,
1830 1542 1902 1596 ita
1935 1551 1990 1597 et

406 1645 442 1698 ii
469 1645 558 1713 qui
588 1643 724 1696 lilios
753 1641 818 1696 ad
859 1640 1122 1710 insignem
1164 1638 1473 1708 dignitatem
1521 1636 1844 1708 provehunt.
1884 1634 1990 1691 Sed

406 1735 690 1810 quamdam
727 1713 888 1788 habet
916 1733 1242 1803 voluptatem
1274 1730 1483 1785 balteus
1503 1771 1518 1793 ,
1547 1739 1603 1786 et
1635 1728 1910 1799 chlamys,
1938 1735 1994 1782 et

408 1829 670 1900 praeconis
699 1843 820 1881 vos.
851 1825 918 1881 Et
945 1824 1059 1879 base
1086 1833 1215 1894 quot
1236 1823 1446 1878 dierum
1473 1822 1668 1891 spatio,
1695 1821 1782 1875 dic
1811 1819 1942 1876 mihi
1966 1819 1990 1875 ?

407 1937 475 1975 an
521 1920 767 1990 triginta,
820 1925 912 1970 aut
954 1924 1168 1971 centum
1195 1955 1210 1980 ,
1252 1923 1344 1968 aut
1371 1914 1455 1969 bis
1481 1913 1747 1968 totidem?
1790 1911 2002 1981 Ecquid.

411 2013 631 2084 postea?
687 2023 868 2066 nonne
917 2009 1069 2079 quasi
1119 2006 1422 2070 somnium,
1477 2019 1656 2082 nonne
1696 2011 1762 2058 ut
1793 2003 1991 2068 tabula,

409 2118 590 2158 nonne
611 2111 670 2156 ut
693 2099 882 2160 umbra
901 2137 925 2166 ,
949 2098 1034 2153 illa
1065 2097 1244 2152 omnia
1271 2095 1631 2151 transierunt?
1657 2096 1730 2150 At
1752 2109 1891 2149 nunc
1917 2093 1994 2150 illi

409 2209 576 2265 usque
606 2193 659 2248 in
691 2191 851 2247 linem
881 2191 1055 2245 honor
1082 2188 1182 2244 iste
1212 2197 1507 2257 permanet,
1539 2186 1842 2256 imomagis
1869 2193 2007 2256 post:

408 2294 639 2344 nmrtem
666 2323 681 2348 ,
723 2290 780 2338 et
823 2279 1040 2352 quidem
1085 2279 1254 2334 multo
1291 2287 1416 2333 tunc
1437 2278 1764 2334 cumulatius
1794 2295 1808 2332 :
1836 2287 1997 2347 atque

409 2377 514 2432 hoc
565 2372 851 2444 imperium
897 2371 1076 2428 nullus
1120 2385 1382 2440 umquam.
1410 2369 1508 2440 ipsi
1537 2368 1771 2434 auferet,
1800 2369 1997 2440 quippe

406 2483 532 2523 cum
573 2481 678 2520 non
721 2463 790 2519 ab
821 2464 1037 2518 homine
1077 2460 1128 2516 id
1155 2461 1244 2516 ille
1271 2461 1577 2530 acceperit,
1608 2459 1703 2516 sed
1741 2460 1998 2516 a-virtute

411 2559 548 2630 ipsa.
578 2556 684 2612 Sed
707 2556 965 2611 voluisses
994 2553 1390 2624 eumpretiosa-
1421 2552 1671 2608 amictum
1718 2559 1902 2618 veste,
1943 2559 2000 2608 et

409 2665 554 2720 equo
581 2659 792 2704 vecmm
837 2645 1055 2711 videre,
1101 2643 1420 2700 famulorum
1468 2644 1720 2713 stipatum
1753 2641 1994 2696 multitu-

408 2739 558 2806 dine,
585 2737 848 2809 parasitos
862 2735 1272 2806 adulatoresque
1297 2734 1550 2789 alentem.
1579 2733 1686 2788 Cur
1709 2729 1780 2788 ita
1799 2734 1998 2789 velles?

411 2848 542 2889 num
575 2841 632 2885 ut
659 2831 732 2885 illi
763 2829 1088 2899 voluptatem
1130 2842 1196 2882 ex
1237 2827 1320 2880 his
1347 2826 1594 2880 omnibus
1634 2825 1891 2894 parcres?
1940 2823 2002 2880 Si

411 2927 592 2996 itaque
618 2925 767 2980 illum
788 2923 1054 2977 dicentem
1082 2919 1269 2975 audias
1298 2917 1470 2991 (forte
1500 2918 1697 2988 quippe
1719 2916 1873 2971 nobis
1893 2931 1998 2972 non

412 3015 659 3084 credi-3),
676 3024 826 3068 tanto
853 3029 912 3068 se
934 3014 1095 3066 vitam
1128 3012 1392 3074 istamea,
1425 3024 1582 3078 quam
1608 3009 1806 3078 degunt
1831 3007 1922 3078 qui
1947 3007 1999 3062 in

413 3110 623 3165 deliciis
652 3109 884 3172 vivunt,
915 3105 1114 3176 quique
1145 3101 1536 3164 meretricibus,
1572 3116 1674 3155 mu.
1695 3100 1812 3165 icze,
1843 3115 2001 3170 para-

415 3204 568 3269 sitis,
607 3201 971 3257 adulatoribus
995 3239 1012 3264 ,
1061 3208 1118 3253 et
1159 3197 1398 3251 laa('.i\'ltB
1435 3211 1494 3250 se
1521 3195 1762 3260 dedunt,
1805 3196 2000 3263 jucun-

415 3295 623 3348 diorem
649 3291 957 3347 existimare
981 3333 996 3357 ,
1036 3299 1094 3346 ut
1132 3288 1282 3342 malit
1311 3287 1505 3342 millies
1543 3285 1716 3350 mori,
1765 3301 1924 3356 quam
1953 3286 2004 3343 ei

417 3388 792 3456 obtemperare
817 3427 832 3448 ,
883 3384 970 3454 qui
1008 3383 1220 3452 juberet
1259 3380 1358 3435 hac
1383 3379 1604 3434 dimissa
1641 3377 2005 3448 voluptatead

419 3479 562 3534 illaut
597 3493 657 3533 se
686 3475 932 3532 conferre
953 3516 968 3540 ,
997 3472 1122 3544 quid
1159 3471 1226 3527 ad
1251 3470 1367 3525 hzec
1396 3469 1587 3524 dices?
1627 3468 1761 3523 Num
1791 3469 2006 3540 ignoras

419 3581 672 3641 quantam
701 3569 1025 3638 voluptatem
1051 3567 1220 3636 pariat
1253 3564 1360 3618 vita
1389 3563 1616 3633 negotiis
1646 3562 1845 3616 vacua?
1891 3560 2006 3616 for-

422 3675 566 3719 tasse
607 3677 707 3718 nec
737 3661 876 3716 ullus
915 3659 969 3714 id
1007 3658 1282 3714 hominum
1316 3654 1464 3709 novit
1487 3696 1500 3717 ,
1545 3653 1744 3722 quippe
1767 3652 1860 3722 qui
1886 3667 2006 3708 eam

424 3757 587 3810 vitam
617 3768 903 3824 numquam
931 3766 1062 3820 pure
1082 3746 1548 3820 gestaverinﬂum
1568 3755 1744 3800 autem
1769 3754 1826 3800 ct
1844 3743 2006 3799 clari-

426 3857 508 3906 tas
531 3847 710 3914 adsit,
751 3858 804 3900 et
852 3844 968 3899 haec
1011 3858 1136 3912 qua:
1164 3840 1250 3895 vix
1281 3839 1438 3895 simul
1489 3838 1714 3892 invtniir-i
1760 3844 2016 3906 possunt,

425 3939 684 3995 securitas
715 3945 770 3992 et
804 3935 978 4006 gloria
999 3974 1024 4000 ν
1055 3932 1183 4002 quid
1228 3932 1330 3986 hac
1369 3931 1472 3984 vita
1521 3927 1871 3999 praestabilius
1896 3927 2008 3982 sit?

427 4030 628 4085 Ver-um
645 4071 660 4094 ,
687 4028 898 4098 inquies
915 4067 928 4090 ,
962 4023 1089 4095 quid
1119 4032 1172 4077 tu
1195 4022 1310 4077 haec
1332 4020 1458 4075 mibi
1485 4018 1748 4074 edisseris
1770 4033 1800 4070 ιι
1827 4016 2007 4088 philo-

427 4120 614 4191 sophia
658 4115 1059 4172 remotissimo?
1103 4115 1210 4169 Cur
1237 4126 1366 4182 ergo
1393 4119 1576 4165 natum
1601 4124 1814 4180 quoque
1858 4117 2010 4164 tuum

427 4214 496 4268 ad
525 4229 641 4268 eam
677 4210 943 4266 accedere
971 4224 1078 4263 non
1107 4206 1282 4260 sinis?
1328 4202 1460 4260 satis
1499 4204 1570 4256 sit
1605 4201 1710 4258 isto
1736 4211 1789 4256 te
1813 4201 2010 4257 damno

427 4311 674 4366 allectum
702 4323 842 4365 esse.
893 4308 1087 4362 Annon
1125 4317 1394 4359 summum
1432 4314 1554 4356 esse
1579 4298 1832 4353 damnum
1861 4294 1979 4350 arbi

432 4403 622 4469 traris,
664 4399 878 4471 quando
915 4397 983 4453 ad
1027 4407 1322 4453 extremam
1367 4397 1703 4447 senectutem
1749 4384 2008 4458 provecti,

431 4496 552 4566 quia
581 4495 634 4550 in
676 4494 925 4563 primmva
976 4499 1134 4546 aetate
1172 4487 1310 4542 nihil
1347 4484 1472 4541 boni
1511 4481 1690 4552 adepti
1713 4480 1844 4536 estis
1867 4518 1884 4544 ,
1916 4491 2013 4532 vos

433 4596 702 4642 senectam
739 4583 967 4638 moleste
1015 4578 1204 4635 fertis?
1246 4578 1318 4632 At
1354 4575 1476 4630 ideo
1502 4571 1729 4627 moleste
1767 4568 2010 4633 ferimus,

437 4674 832 4749 inquies;un
855 4679 1044 4744 magna
1069 4669 1224 4726 nobis
1241 4665 1523 4725 commoda
1539 4664 1798 4736 juventus
1811 4659 2010 4716 tulerit.

433 4772 565 4840 Quae
589 4768 778 4838 inagna
798 4766 825 4821 ?
865 4764 1094 4821 ostende
1115 4776 1297 4818 senem
1317 4801 1333 4825 ,
1380 4759 1470 4830 qui
1499 4771 1688 4827 magna
1713 4753 1830 4809 iure
1861 4765 2014 4808 corn-

435 4861 591 4916 moda
622 4860 834 4914 habeat.
862 4857 919 4913 Si
952 4855 1094 4912 enim
1123 4853 1214 4908 illa
1254 4851 1563 4915 habuisset,
1595 4845 1859 4903 eteadem
1885 4857 2015 4914 per-

435 4962 773 5010 sevemssent
797 4992 813 5018 ,
860 4964 966 5004 non
1003 4948 1185 5016 utique
1225 4951 1282 4999 ut
1311 4943 1396 4998 his
1417 4942 1636 4998 orbatus
1663 4936 1914 4994 omnibus
1943 4935 2013 4988 ita

430 5050 856 5107 lamentaretur;
895 5042 978 5095 sin
1003 5054 1132 5094 vero
1158 5037 1250 5092 illa
1269 5035 1638 5099 voiaverunt,
1661 5041 1718 5086 et
1739 5039 2022 5085 emarcue-

427 5144 587 5199 runt,
632 5132 900 5204 quomodo
927 5145 1115 5200 magna
1139 5170 1153 5190 ,
1183 5142 1301 5198 qua:
1327 5127 1400 5182 ita
1433 5125 1540 5180 cito
1562 5122 1823 5178 exstincta
1848 5116 2020 5174 sunt?

433 5226 599 5296 Atqui
627 5241 732 5280 non
761 5224 866 5278 hoc
891 5222 1028 5276 illius
1069 5230 1190 5274 tuus
1227 5216 1460 5287 patietur
1484 5255 1500 5282 ,
1537 5212 1632 5268 sed
1658 5212 1703 5266 si
1727 5210 1794 5264 ad
1816 5209 2019 5277 longae-

437 5334 556 5372 vam
588 5331 796 5388 quoque
821 5320 1150 5370 senectutem
1185 5307 1520 5380 pervenerit,
1553 5319 1657 5359 non
1685 5303 1834 5356 illum
1862 5299 2015 5354 vide-

439 5410 520 5464 bis
556 5387 670 5462 liznc
708 5407 892 5476 iniquo
927 5401 1105 5458 animo
1131 5400 1383 5454 ferentem
1409 5438 1424 5462 ,
1456 5403 1515 5449 ut
1551 5407 1645 5447 vos
1679 5389 1885 5454 facitis;
1921 5387 2015 5443 sed

441 5498 761 5568 gaudentem
787 5535 803 5560 ,
850 5493 1168 5566 gestientem
1208 5499 1264 5544 et
1295 5487 1652 5543 exsultantem
1678 5500 1691 5534 :
1725 5493 1850 5536 tunc
1872 5480 2016 5536 enim

443 5588 584 5644 bona
628 5587 745 5658 eius
791 5584 960 5654 magis
1001 5581 1194 5638 ﬂorent
1233 5587 1288 5633 et
1327 5577 1530 5647 vigent.
1588 5572 1792 5627 Vestra
1837 5583 2015 5624 autem

445 5678 678 5748 divitiae,
730 5674 938 5734 etiamsi
990 5672 1130 5729 bona
1175 5667 1406 5726 habeant
1446 5663 1747 5732 innumera,
1770 5661 1824 5718 in
1843 5659 2018 5733 primo

1120 237 1480 298 ADVERSUS
1516 235 2058 296 OPPUGNATORES
2102 235 2282 294 νιτιΕ
2318 237 2612 298 ΒΟΝΛδΤ.
2651 238 2782 294 LIB.
2822 237 2886 298 il.

3550 243 3653 301 ιω

2080 351 2254 408 {etatis
2299 349 2428 406 ﬂore
2464 349 2555 405 illa
2595 351 2926 407 concludunt
2961 369 2974 404 :
3013 366 3118 406 non
3158 352 3286 408 item
3315 352 3399 408 hac
3429 353 3648 421 divitiis,

2079 442 2174 498 sed
2212 443 2264 497 in
2293 429 2569 499 senectute
2602 451 2840 509 nianent,
2873 443 3296 515 excedentesqne
3315 461 3348 502 e
3367 446 3473 504 vita
3500 462 3651 502 com-

2079 533 2277 589 itantur
2315 535 2354 586 ¹.
2389 533 2593 589 idcirco
2616 548 2713 588 vos
2731 549 2852 590 cum
2873 548 3003 605 opes
3034 536 3088 591 in
3108 545 3383 592 senectute
3408 551 3656 592 crescen-

2083 636 2164 682 tes
2188 626 2380 682 videtis
2397 666 2413 694 ,
2443 627 2792 697 plurimaeque
2811 625 2962 682 vobis
2983 636 3036 682 et
3056 627 3242 698 glorias
3267 637 3323 685 et
3344 628 3654 685 deliciarum

2080 718 2391 776 Occasiones
2420 726 2744 790 suppetunt,
2777 718 2992 789 indigne
3021 719 3189 786 fertis,
3221 720 3364 791 quod
3389 731 3520 777 :etas
3548 738 3656 777 non

2083 809 2341 876 sufﬁciat,
2381 819 2441 866 ut
2471 810 2550 865 eis
2583 809 2688 867 frui
2725 809 2966 865 valeatis.
3019 809 3147 866 ideo
3169 821 3397 866 mortem
3433 810 3657 882 perhor-

2083 902 2290 958 rescitis
2310 945 2325 969 ,
2365 916 2575 972 vasque
2595 911 2721 958 tunc
2746 902 2976 958 maxime
3003 901 3414 960 miserabiliores
3432 919 3554 960 esse
3571 903 3658 958 di-

2084 992 2225 1058 citis,
2243 1007 2361 1048 cum
2383 992 2434 1047 in
2457 1008 2518 1048 re
2537 1007 2790 1063 prospera
2809 993 2960 1048 estis.
2977 990 3173 1048 Contra
3190 993 3280 1048 ille
3303 1002 3411 1048 tum
3429 994 3660 1050 maxime

2086 1087 2296 1157 quietus
2339 1088 2475 1152 erit,
2521 1101 2641 1142 cum
2684 1086 2961 1151 senuerit,
3011 1086 3206 1156 quippe
3235 1086 3324 1155 qui
3350 1085 3418 1140 ad
3446 1096 3660 1156 portum

2088 1188 2360 1249 properet,
2389 1194 2456 1234 ac
2474 1179 2811 1249 iuventutem
2838 1192 3052 1248 semper
3076 1178 3340 1247 vigentem
3367 1177 3580 1245 habeat,
3605 1189 3665 1234 et

2088 1267 2156 1322 ad
2203 1277 2529 1324 senectutem
2566 1283 2855 1338 numquam
2892 1277 3094 1337 vergat.
3141 1267 3220 1322 Tu
3253 1283 3380 1323 vero
3407 1267 3568 1322 lilium
3600 1269 3666 1322 iis

2090 1359 2293 1416 deliciis
2333 1360 2436 1416 frui
2477 1361 2776 1428 voluisses,
2824 1375 3046 1431 quarum
3089 1359 3240 1415 illum
3269 1360 3458 1415 millies
3497 1360 3668 1430 pa-ni-

2091 1452 2281 1506 tuisset
2302 1491 2317 1516 ,
2351 1466 2414 1506 ac
2437 1451 2506 1508 de
2531 1452 2724 1522 quibus
2755 1453 2808 1506 in
2834 1460 3108 1506 senectute
3147 1450 3425 1506 doluisset.
3470 1449 3666 1505 Verum

2091 1540 2256 1608 absit,
2308 1551 2365 1596 ut
2407 1542 2604 1597 inimici
2631 1557 2844 1612 quoque
2871 1541 3038 1597 nostri
3066 1541 3152 1596 his
3181 1540 3390 1596 deliciis
3426 1540 3670 1596 fruantur

2091 1649 2360 1703 umquam.
2402 1633 2607 1704 Ecquid
2644 1643 2975 1688 senectutem
3011 1632 3296 1688 memoro?
3341 1631 3672 1702 quandoqui-

2091 1723 2214 1780 dem
2245 1724 2334 1781 die
2371 1739 2476 1781 uno
2510 1724 2754 1794 voluptas
2795 1724 2883 1777 illa
2913 1723 3088 1778 omnis
3122 1722 3512 1791 exstinguitur,
3562 1723 3670 1778 into

2093 1832 2200 1872 non
2224 1816 2312 1872 die
2339 1831 2445 1872 uno
2469 1855 2484 1881 ,
2526 1831 2633 1871 non
2662 1829 2767 1871 una
2804 1813 2958 1880 hora,
2985 1812 3080 1869 sed
3125 1813 3176 1867 in
3204 1813 3518 1869 brevissimo
3539 1823 3675 1869 tem-

2094 1907 2241 1978 poris
2291 1916 2582 1964 memento.
2655 1905 2795 1976 Quid
2845 1905 2988 1960 enim
3035 1913 3117 1960 est
3162 1903 3442 1973 voluptas?
3493 1883 3687 1960 nonne‘

2096 2000 2268 2057 ventri
2303 2016 2366 2056 se
2407 1998 2604 2056 dedere
2627 2041 2644 2067 ,
2686 1997 3002 2070 sybariticas
3044 2010 3256 2050 tnensas
3287 2010 3474 2065 parare
3495 2035 3512 2061 ,
3549 2012 3672 2051 cum

2095 2091 2354 2162 speciosis
2373 2091 2689 2147 mulieribus
2715 2087 2972 2160 congredi
3013 2101 3300 2157 porcorum
3330 2085 3495 2142 instar
3531 2101 3591 2142 se
3621 2087 3673 2142 iu

2095 2197 2252 2238 emno
2277 2181 2668 2238 volutantium?
3629 2188 3636 2196 ·

2170 2273 2258 2329 l0.
2304 2271 2588 2342 Voluptatis
2611 2271 2846 2328 brevitas.
2869 2268 3070 2325 --Sed
3108 2269 3178 2325 de
3204 2268 3287 2324 bis
3315 2267 3553 2326 nondum
3591 2269 3672 2324 lo-

2096 2379 2324 2435 quamur
2354 2381 2369 2419 :
2398 2363 2613 2420 interim
2641 2363 2770 2435 quid
2807 2364 2878 2419 sit
2901 2363 3143 2433 voluptas
3171 2361 3546 2430 disquiramus,
3577 2374 3679 2416 an-

2099 2455 2393 2524 non.plane
2422 2453 2700 2526 frigida-et
2723 2454 2841 2510 vilis
2867 2454 2939 2510 sit
2959 2470 2974 2508 :
2995 2462 3159 2524 atque
3193 2449 3360 2515 illam,
3401 2450 3445 2505 si
3482 2448 3675 2518 placet,

2100 2544 2330 2614 primum
2359 2546 2380 2577 ⁸
2407 2544 2908 2615 inspieiamus,qu:e
2928 2539 3214 2613 jucundior
3242 2539 3470 2605 videtur,
3488 2554 3681 2607 nempe

2098 2634 2297 2704 gulam.
2331 2634 2444 2699 Dic,
2468 2649 2669 2705 quaso,
2696 2633 3088 2709 illius_tempus,
3109 2640 3381 2703 quotaque
3400 2628 3502 2684 dici
3527 2640 3681 2699 parte

2101 2743 2199 2782 nos
2227 2727 2313 2781 illa
2339 2740 2603 2798 occupare
2633 2727 2803 2797 possit
2833 2742 2847 2780 :
2880 2733 3026 2781 tanta
3048 2732 3218 2796 cerle,
3250 2742 3309 2785 ut
3344 2730 3428 2785 vix
3460 2721 3688 2801 perspici

2103 2817 2290 2887 possit.
2321 2816 2454 2870 Nam
2494 2815 2652 2871 simul
2680 2830 2745 2871 ac
2768 2816 2992 2887 quisque
3030 2815 3284 2889 impletus
3325 2820 3500 2882 fuerit.
3534 2821 3688 2876 volu-

2103 2915 2302 2977 ptatem
2345 2905 2601 2962 exstinxit
2629 2922 2643 2960 :
2669 2915 2726 2961 et
2768 2913 2894 2962 aute
2937 2905 3239 2964 satietatem
3285 2908 3487 2964 fluento
3528 2911 3693 2966 citius.

2104 2997 2314 3063 transit,
2367 2997 2421 3052 in
2469 2997 2704 3067 ipsisque
2745 2995 2987 3052 faucibus
3025 2995 3232 3066 deﬁcit,
3278 3015 3378 3055 nec
3424 3016 3536 3056 una
3566 3017 3697 3056 cum

2103 3087 2236 3144 cibis
2263 3097 2440 3158 potest
2468 3087 2672 3158 ingredi
2703 3104 2719 3142 :
2748 3087 2929 3144 statim
2949 3087 3096 3145 enim
3119 3097 3283 3160 atque
3312 3091 3542 3161 linguam
3565 3106 3690 3161 per.

2107 3181 2374 3246 transivit,
2408 3181 2514 3235 vim
2545 3183 2707 3237 etiam
2743 3181 2940 3236 amisit.
2973 3179 3172 3253 Taceo,
3219 3184 3422 3256 reliqua
3451 3186 3609 3251 mala,
3637 3197 3692 3241 et

2105 3280 2311 3342 quanta
2347 3287 2418 3327 ex
2461 3272 2564 3327 ista
2615 3273 2890 3343 voluptate
2929 3271 3179 3343 gignatur
3225 3283 3530 3346 tempestas.
3575 3275 3691 3332 Non

2109 3361 2268 3417 inoda
2305 3361 2452 3418 enim
2473 3361 2760 3431 jucundior
2785 3361 2875 3432 qui
2903 3362 2972 3417 ab
2999 3363 3091 3419 illa
3127 3365 3509 3433 abstinet,.scd
3532 3366 3713 3421 etiam.

2110 3454 2296 3516 levior,
2344 3454 2655 3523 faciliusque
2690 3452 2988 3519 recumbet,
3023 3469 3186 3524 quam
3232 3455 3278 3510 is
3318 3456 3408 3524 qui
3449 3457 3694 3512 satietate

2108 3544 2452 3600 distenditur.
2483 3545 2708 3600 Somnus
2735 3543 2900 3608 enim,
2931 3543 3120 3614 inquit,
3151 3545 3382 3599 sanitatis
3418 3546 3474 3599 in
3510 3547 3697 3601 viscere

2109 3637 2366 3692 mdersto
2391 3635 2581 3708 (Ereti.
2613 3637 2704 3692 3t.
2743 3633 2859 3705 24).
2884 3633 3026 3701 Quid
3067 3649 3426 3692 memoremus
3453 3637 3700 3706 morbos,

2111 3744 2355 3795 nauseae,
2377 3728 2728 3795 calamitates,
2751 3727 3044 3798 inanesque
3064 3727 3346 3797 sumptus?
3371 3743 3488 3798 qua:
3511 3742 3579 3785 ex
3609 3727 3693 3787 his

2110 3820 2370 3876 conviviis
2407 3821 2549 3888 lites,
2596 3834 2718 3890 qua:
2761 3817 2990 3883 insidiae,
3027 3833 3146 3890 quae
3175 3818 3364 3873 tittmun
3394 3818 3692 3889 pullulant?

2113 3913 2308 3969 Verum
2343 3927 2507 3968 suave
2533 3922 2618 3968 est
2651 3926 2774 3968 cum
2812 3910 3184 3968 meretricibus
3211 3910 3483 3982 congredi.
3515 3911 3692 3982 Ecqua

2112 4012 2289 4076 potest
2328 4018 2452 4060 esse
2477 4003 2724 4073 voluptas
2752 4003 2805 4057 in
2843 4010 2991 4057 tanta
3035 4001 3391 4071 turpitudine?
3427 4001 3532 4057 Sed
3578 4001 3696 4058 haec

2112 4095 2328 4152 interim
2366 4093 2619 4166 indagare
2657 4093 2990 4158 omittamus,
3031 4107 3132 4149 nec
3157 4092 3227 4148 de
3267 4102 3566 4148 amatorum
3599 4108 3695 4163 pu-

2111 4189 2232 4261 gnis
2272 4190 2573 4260 loquamur,
2603 4201 2711 4243 nec
2745 4186 2814 4242 de
2841 4185 3089 4242 rivaliutu
3130 4186 3572 4242 contentionibus
3605 4186 3691 4242 vel

2113 4280 2539 4337 accusationibus
2568 4297 2582 4334 :
2612 4278 2719 4335 sed
2739 4277 2812 4333 sit
2834 4276 3030 4349 aliquis
3051 4277 3140 4348 qui
3163 4292 3287 4333 enm
3325 4277 3568 4333 libertate
3591 4277 3694 4332 ob-

2115 4388 2296 4430 scaena
2337 4373 2437 4429 illa.
2470 4371 2690 4429 libidine
2727 4370 2955 4438 fruatur,
3002 4385 3176 4442 neque
3215 4371 3438 4427 rivalem
3480 4372 3691 4440 habeat,

2115 4479 2292 4534 neque
2340 4464 2410 4520 ab
2450 4463 2650 4519 amasia
2694 4471 3089 4531 contemnatur,
3141 4463 3397 4535 pecunias
3440 4464 3587 4521 velut
3627 4479 3694 4519 ex

2119 4556 2602 4612 fontibusbaustas
2642 4555 2936 4627 impendat,
2966 4555 3175 4611 etiamsi
3220 4555 3337 4610 fieri
3384 4564 3611 4626 nequeat
3638 4567 3699 4611 ut

2115 4649 2233 4706 hac
2257 4649 2436 4705 omnia
2462 4649 2625 4705 simul
2652 4649 3000 4715 conveniant;
3033 4658 3088 4704 at
3111 4648 3162 4704 ei
3189 4649 3280 4719 qui
3320 4648 3543 4704 rivalem
3589 4662 3695 4704 non

2118 4741 2402 4798 habiturus
2431 4750 2522 4798 est
2545 4757 2739 4798 omnes
2757 4741 3036 4798 facultates
3060 4740 3438 4798 exhauriendte
3466 4749 3611 4807 sunt,
3638 4749 3706 4797 us

2120 4832 2365 4902 largitate
2403 4847 2685 4887 munerum
2715 4832 2848 4887 alios
2874 4846 3064 4888 omnes
3099 4839 3354 4902 superet:
3382 4845 3702 4902 rursumque

2119 4938 2242 4979 eum
2270 4923 2362 4993 qui
2401 4923 2634 4993 inopiam
2674 4922 2896 4989 devitat,
2933 4937 2965 4976 a
3002 4923 3284 4979 meretrice
3319 4931 3603 4994 spernatur
3643 4929 3701 4976 et

2119 5024 2400 5086 respuatur
2447 5021 2679 5084 oportet.
2729 5012 2926 5069 Verum
2964 5013 3322 5072 concedamus
3373 5013 3503 5067 nihil
3557 5009 3700 5080 ejus-

2118 5107 2264 5163 modi
2290 5107 2423 5172 fore,
2445 5105 2540 5161 sed
2561 5105 2739 5163 omnia
2767 5106 2868 5176 ipsi
2889 5121 2955 5162 ex
2975 5107 3238 5162 sententia
3268 5113 3520 5161 eventura
3541 5117 3661 5158 esse
3680 5121 3697 5159 :

2117 5213 2277 5271 quam
2315 5198 2369 5253 iu
2409 5197 2492 5252 his
2514 5198 2841 5268 voluptatem
2872 5197 3033 5253 nobis
3060 5205 3213 5268 potes
3237 5194 3556 5251 ostendere?
3584 5191 3712 5249 Non.

2119 5290 2264 5346 enim
2308 5289 2359 5343 in
2405 5289 2522 5359 ipso
2567 5304 2887 5361 congressus
2934 5275 3174 5358 tempore
3209 5294 3448 5356 apparet,
3489 5285 3581 5340 sed
3612 5287 3701 5355 qui

2185 5424 2202 5455 *
2235 5423 2309 5474 sic
2339 5421 2480 5472 Savil.
2505 5429 2558 5473 et
2590 5435 2774 5474 omnes.
2802 5431 2908 5472 Mss.
2931 5419 3094 5470 Morel.
3121 5432 3258 5480 vero,
3278 5420 3654 5480 exsertantesque
3675 5434 3704 5472 ε

2120 5483 2214 5534 vita
2228 5483 2544 5551 comitentur:
2558 5496 2622 5551 Ae
2639 5497 2718 5534 vos
3202 5479 3480 5551 βιαίου-ἥξει
3503 5479 3702 5532 delicia-

2120 5544 2510 5628 [ιρις
2522 5542 2774 5604 habeantet;
2787 5542 2981 5607 indigne
2995 5542 3152 5605 fertis,
3187 5542 3304 5604 eté.,
3314 5542 3479 5595 multis
3499 5551 3699 5606 prmer-

2121 5619 2337 5720 ωῗδξὰο
2360 5674 2488 5730 Iss.,
2510 5666 2734 5735 primum.
