2734 4342
311 225 381 263 μ’]

307 307 442 342 coitum
477 302 645 350 explevit,
681 299 902 346 voluptatem
935 297 1132 343 exstinxit;
1169 297 1229 346 qui
1263 303 1384 336 autem

306 364 426 403 adhuc
447 366 482 402 in
504 372 702 409 congressu
727 367 796 404 est,
830 370 902 396 non
933 360 969 397 in
989 360 1172 407 voluptate
1199 360 1287 407 agit,
1321 359 1386 397 sed

307 435 420 470 motu,
441 425 567 462 aculeo
585 431 620 461 et
641 423 763 460 furore
777 428 814 460 et
835 421 976 459 fervore
997 422 1199 459 vehementi
1216 423 1381 469 agitatur.

306 489 413 536 Atqui
439 493 561 524 nostra
585 486 751 533 voluptas
775 495 848 522 non
867 484 1072 532 bujusmodi
1089 490 1160 529 est,
1183 484 1300 527 absit;
1322 484 1386 521 sed

306 552 465 586 animum
491 551 591 586 omni
613 549 884 596 perturbatione
905 559 1056 585 vacuum
1079 554 1212 592 servat,
1234 549 1387 586 nullaru-

303 623 374 660 quc
387 611 621 659 agitationem
643 611 797 654 inducit,
819 610 882 648 sed
909 621 1034 658 puram
1055 610 1247 657 quamdam
1267 617 1388 648 servat

305 675 556 722 integramque
581 673 758 716 lzeliliam,
777 683 930 719 eamque
949 673 1158 720 gloriosam,
1177 683 1256 719 qua:
1279 671 1386 708 ﬁnem

303 748 376 774 non
412 737 557 781 habeat,
595 736 773 784 longeque
804 736 1044 783 potentiorem
1082 745 1124 771 ae
1157 734 1384 778 vividiorem,

303 811 413 848 quam
440 805 559 836 vestra
593 800 652 835 sit.
687 798 790 844 Quod
821 799 918 834 enim
949 804 1072 834 nostra
1103 797 1150 833 sit
1176 795 1384 844 jucundior,

303 872 411 910 quant
443 867 578 905 vestra,
613 860 753 908 liquet:
776 869 858 895 nam
889 864 1046 894 vestram
1079 864 1196 894 ructus
1229 857 1387 904 abjiecre

306 929 427 971 potest
447 935 456 960 :
476 924 505 960 si
539 923 636 960 enim
670 922 871 969 Imperator
904 920 1016 958 literis
1049 926 1204 956 mortem
1241 919 1388 956 commi-

305 994 425 1030 netur,
453 987 499 1024 ab
526 997 568 1022 ca
591 986 774 1033 voluptate
794 985 948 1020 maxima
982 994 1063 1031 pars
1085 983 1270 1019 hominum
1289 982 1386 1018 absi-

305 1056 389 1087 stet.
417 1048 587 1086 Nostram
609 1058 695 1085 vero
724 1047 866 1084 etiamsi
889 1047 970 1093 quis
999 1045 1203 1082 sexcenties
1232 1050 1386 1081 rnorlern

305 1113 449 1156 inferat,
478 1121 550 1148 non
572 1110 681 1147 modo
701 1120 771 1146 non
794 1109 1023 1154 persuadebit
1051 1114 1148 1143 utea
1178 1111 1384 1154 spernatur,

307 1185 433 1211 verum
459 1173 692 1216 irridebitur;
722 1171 814 1208 adeo
843 1177 966 1207 nostra
997 1170 1189 1206 violentior
1217 1169 1323 1206 simul
1351 1175 1388 1205 et

308 1238 464 1283 dulcior,
487 1247 594 1285 quam
615 1243 733 1272 vestra
765 1241 834 1277 est,
856 1235 1026 1281 nullaque
1044 1244 1192 1282 prorsus
1211 1240 1266 1270 est
1294 1233 1388 1268 inter

305 1307 497 1348 utramque
512 1299 750 1347 comparatio.
771 1298 821 1335 Ne
840 1299 960 1344 itaque
979 1297 1142 1333 invideas
1160 1296 1249 1338 ﬁlio;
1268 1306 1349 1332 cum
1365 1305 1385 1331 a

305 1365 415 1401 littxis
444 1364 561 1406 bonis,
585 1373 667 1410 qua:
695 1372 741 1399 ne
766 1363 946 1398 exsistunt
974 1360 1135 1407 quidem,
1162 1359 1206 1394 ad
1235 1368 1275 1394 ea
1305 1368 1386 1405 quze

304 1435 388 1465 sunt
420 1435 456 1465 et
488 1433 636 1464 manent
666 1437 707 1464 se
732 1426 892 1467 confert;
915 1435 1032 1471 neque
1061 1424 1184 1468 lugeas
1209 1432 1290 1458 eum
1325 1422 1384 1468 qui

305 1491 538 1526 beatissimus
566 1487 816 1536 praedicandus
850 1493 929 1528 est;
959 1485 1022 1522 sed
1052 1485 1082 1521 i;
1107 1484 1294 1531 lugendus,
1325 1484 1385 1530 qui

306 1563 377 1590 non
399 1553 479 1588 talis
503 1558 572 1596 est,
596 1551 728 1598 quique
748 1549 782 1585 in
801 1549 969 1596 prrrscnti
995 1549 1064 1583 vita
1086 1547 1185 1594 quasi
1209 1547 1242 1582 in
1261 1546 1387 1592 euripo

304 1613 577 1652 circumfertur.
608 1613 726 1659 Atque
758 1617 794 1647 ut
825 1611 869 1646 ad
891 1620 1069 1646 sununam
1089 1607 1386 1645 veniamnszetsi

306 1677 404 1712 enim
427 1682 464 1711 tu
487 1675 632 1722 gentilis
663 1685 716 1718 es,
737 1674 829 1709 hanc
851 1679 968 1709 tamen
997 1679 1155 1708 nostram
1184 1671 1385 1706 orationem

306 1739 495 1784 susci'pies.
517 1737 630 1772 Audis
649 1746 747 1782 sa‘pe
771 1736 938 1782 Cocytos,
965 1741 1001 1770 et
1023 1732 1386 1780 l‘yripblrgetbontas

306 1799 450 1841 ﬂuvios,
469 1804 504 1834 ct
525 1797 646 1844 Stygis
667 1795 814 1836 undam,
836 1802 872 1830 et
887 1795 1076 1830 Tartarum
1099 1799 1234 1828 tantmn
1255 1803 1273 1827 a
1289 1799 1386 1829 terra

311 1861 521 1903 distantem,
555 1864 727 1906 quantum
759 1856 836 1893 haec
865 1857 940 1902 ipsa
975 1855 1083 1890 distat
1110 1865 1128 1889 a
1159 1854 1262 1896 erclo,
1282 1854 1386 1900 pluri-

308 1933 460 1970 mosque
502 1920 765 1968 suppliciorum
809 1917 949 1954 modos.
989 1917 1065 1953 Etsi
1099 1916 1195 1952 enim
1233 1915 1308 1951 bac
1347 1922 1385 1951 ut

306 1992 408 2022 erant
428 1994 601 2022 enarrare
617 1992 688 2019 non
714 1987 910 2028 potuerunt
927 1979 1058 2022 Gra-ci,
1079 1983 1203 2024 utpote
1226 1979 1380 2024 propriis

307 2047 395 2084 moti
415 2045 625 2088 ratiociniis,
643 2053 782 2081 necnon
799 2041 1051 2079 traditionibus
1068 2047 1274 2076 nostrorum
1292 2041 1385 2077 male

307 2109 477 2155 acceptis,
511 2113 669 2143 attamen
701 2105 893 2151 imaginem
914 2103 1106 2150 quamdam
1133 2101 1258 2148 judieii
1280 2111 1383 2138 acce—

307 2177 450 2217 perunt.
471 2169 632 2214 Itemque
652 2166 814 2204 invenies
833 2171 868 2202 et
889 2171 1014 2212 poetas
1043 2172 1077 2200 et
1098 2163 1330 2210 philosophos
1349 2169 1385 2200 et

307 2239 471 2266 oratores
502 2235 610 2275 atque
646 2238 754 2263 omne
781 2227 996 2273 Scriptorum
1026 2235 1138 2272 genus
1171 2227 1236 2260 bac
1271 2224 1317 2260 de
1345 2235 1384 2261 re

307 2291 616 2339 philosophantes.
636 2288 748 2324 Audis
767 2295 886 2323 autem
906 2294 944 2323 et
966 2287 1127 2334 Elysium
1145 2297 1325 2332 campum,
1347 2292 1385 2322 et

307 2355 494 2390 beatorum
521 2352 669 2395 insulas,
691 2358 726 2388 et
747 2358 848 2397 prata
877 2357 913 2388 ct
933 2357 1084 2398 myrtos,
1107 2355 1142 2386 et
1173 2359 1298 2385 auram
1328 2355 1382 2386 te-

307 2426 414 2452 nuem
429 2414 650 2460 odoremque
669 2412 921 2451 suavissimum
937 2422 946 2455 ;
963 2412 1095 2448 choro;
1113 2412 1196 2447 item
1219 2410 1266 2447 ibi
1284 2421 1384 2447 com-

306 2484 503 2522 morantes,
538 2477 690 2512 amictus
716 2475 808 2512 stola
836 2474 1003 2516 candida,
1037 2475 1191 2510 choreas
1219 2480 1382 2522 agentes,

305 2547 412 2588 atque
433 2540 588 2588 hymnos
605 2539 779 2587 quosdam
799 2544 970 2575 canentes
991 2551 998 2573 :
1017 2548 1060 2574 ac
1081 2538 1277 2574 universim
1307 2547 1382 2574 ma-

307 2604 349 2639 lis
366 2608 403 2639 et
425 2601 528 2639 bonis
555 2608 636 2648 post
652 2600 788 2637 obitum
809 2601 1002 2646 repOsitam
1031 2609 1096 2646 pro
1121 2599 1262 2635 meritis
1280 2599 1383 2635 retri-

305 2664 504 2700 butionem.
526 2662 605 2708 Quo
633 2669 736 2709 putas
754 2661 862 2709 igitur
879 2661 988 2698 animi
1017 2661 1148 2698 allecto
1169 2661 1294 2697 vivere
1319 2671 1384 2697 eos

303 2726 366 2771 qui
392 2725 570 2771 ejusmodi
601 2723 840 2770 cogitationes
864 2728 1023 2765 versant,
1051 2721 1128 2758 sive
1147 2722 1276 2766 bonos,
1305 2722 1382 2758 sive

305 2787 445 2823 malos?
465 2785 591 2823 Nonne
613 2785 672 2821 alii
691 2784 852 2832 quidem,
881 2784 949 2822 etsi
969 2784 1005 2820 in
1029 2784 1200 2831 praesenti
1230 2784 1302 2820 vita
1319 2783 1383 2820 de-

303 2855 390 2896 gant
415 2849 494 2886 sine
521 2858 678 2886 mturare
704 2857 919 2893 summaque
950 2857 1033 2883 cum
1059 2846 1256 2892 voluptate,
1278 2845 1380 2893 quasi

304 2911 459 2957 quodam
477 2910 707 2948 conscientia!
727 2909 884 2955 ﬂagello,
905 2909 1182 2955 futurorumque
1203 2909 1381 2945 malorum

304 2973 582 3019 exspectatione
599 2982 745 3018 semper
765 2972 1016 3014 stimulantur;
1038 2971 1119 3007 beni
1139 2981 1229 3007 vero
1239 2971 1380 3007 etiamsi

306 3034 410 3073 malis
447 3034 647 3071 innumeris
685 3039 886 3076 vexentur,
920 3031 1118 3070 secundmn
1159 3031 1378 3075 Pindarum,

306 3107 407 3141 spem
441 3097 588 3141 habent,
615 3107 686 3144 qua
718 3101 942 3140 recreentur,
964 3106 1044 3142 qua:
1074 3095 1164 3131 mala
1187 3095 1378 3142 praesentia

307 3159 402 3203 ipsos
423 3168 488 3194 nec
513 3159 648 3195 sentire
666 3158 777 3196 sinit?
795 3157 916 3204 Itaque
943 3158 976 3194 in
1007 3157 1074 3194 hoc
1091 3167 1235 3204 queque
1264 3157 1380 3202 major

307 3218 385 3254 bace
407 3219 570 3266 voluptas
589 3227 658 3256 est.
681 3219 794 3255 Multo
811 3220 907 3256 enim
929 3219 1058 3255 melius
1075 3225 1132 3255 est
1150 3228 1170 3253 a
1194 3224 1377 3264 tempora-

309 3279 388 3318 neis
414 3279 598 3316 laboribus
627 3281 799 3326 incipere,
828 3288 936 3326 atque
960 3281 994 3316 in
1017 3280 1192 3316 inﬁnitarn
1217 3279 1378 3326 requiem

306 3339 487 3382 desinere,
507 3351 613 3386 quam
639 3341 696 3384 iis,
717 3352 796 3387 quze
815 3341 1074 3387 jucundissima
1095 3342 1262 3378 videntur
1281 3352 1377 3384 esse,

308 3401 466 3443 breviter
482 3401 647 3448 gustatis,
674 3401 708 3437 in
733 3402 965 3438 acerbissima
985 3411 1022 3439 et
1044 3404 1258 3449 graviSsima
1287 3403 1379 3440 mala

307 3463 489 3502 decidere.
519 3462 609 3499 Cum
637 3469 757 3498 autem
791 3463 835 3498 ad
865 3463 942 3500 haec
977 3465 1011 3500 in
1044 3466 1211 3502 confesso
1242 3465 1289 3502 sit
1322 3465 1380 3500 hic

307 3525 418 3563 etiam
434 3525 541 3563 vitam
561 3523 657 3560 illam
679 3522 1037 3569 essejucundiorem,
1057 3537 1191 3572 nonne,
1218 3532 1257 3562 ut
1278 3526 1379 3562 initio

305 3587 488 3632 dicebam,
509 3584 704 3626 miserandi
733 3590 816 3622 sunt
841 3583 879 3628 ii,
908 3586 968 3633 qui
987 3585 1032 3622 de
1053 3586 1182 3624 talibus
1203 3587 1306 3625 bonis
1325 3587 1378 3624 la-

795 219 836 258 S.
862 217 1052 257 JOANNIS
1076 216 1400 257 CHRYSOSTOMI
1428 217 1642 256 ARClllEP.
1670 220 2029 275 CONSTANTINOP.

2425 237 2484 273 318

1444 301 1701 348 .crymantur?
1723 301 1817 338 Sane
1841 302 1938 338 luctu
1969 302 2094 350 dignus
2125 315 2190 342 non
2222 315 2271 344 est
2300 311 2381 348 illius
2404 320 2484 358 tuus,

1462 361 1524 398 sed
1553 362 1677 409 plausu
1704 368 1738 399 et
1759 365 1918 409 eoroois,
1939 375 1998 412 qui
2025 366 2066 402 ad
2097 369 2308 412 tranquillam
2328 375 2421 411 vitam
2440 385 2485 412 tu-

1463 431 1609 473 tumque
1638 431 1782 473 portum
1806 436 1845 464 se
1866 428 2014 473 recepit.
2035 430 2078 465 Λι
2095 434 2297 477 exprobrant
2313 435 2367 471 tihi
2388 446 2488 483 parm

1461 487 1619 532 plurimi,
1649 497 1801 533 quorum
1824 487 1884 524 ﬁlii
1907 488 1941 525 in
1971 492 2130 535 prmsonti
2161 493 2286 529 saeculo
2304 505 2487 542 versantur;

1460 555 1496 585 ct
1516 549 1574 585 alii
1607 559 1689 586 cum
1720 549 1857 595 vident,
1893 558 1986 587 tuam
2018 554 2128 589 vicem
2159 554 2273 592 dolent
2309 557 2332 601 ¹,
2361 559 2489 598 irrident

1460 611 1546 648 alii.
1575 611 1648 649 Cur
1677 617 1714 648 tu
1759 623 1830 648 non
1871 622 1935 649 eos
1975 615 2086 660 magis
2115 615 2236 653 irrides
2261 623 2294 654 et
2324 618 2490 666 deploras?

1460 673 1582 721 Neque
1594 675 1690 711 enim
1704 674 1737 710 id
1751 675 2004 712 attendendum
2017 683 2069 713 est
2082 677 2108 713 si
2125 677 2223 714 nobis
2237 679 2388 725 illudunt,
2403 683 2454 719 sed
2466 685 2488 720 si

1457 736 1539 782 jure
1565 745 1608 773 ac
1632 737 1761 773 merito
1779 749 1788 774 :
1805 743 1842 774 et
1868 737 1898 774 si
1929 737 1976 774 ita
1995 748 2051 775 res
2077 750 2116 775 se
2143 739 2280 784 habeat,
2301 745 2424 779 etiamsi
2450 744 2490 782 illi

1460 809 1530 834 non
1558 798 1712 843 rideant,
1745 809 1811 836 nos
1841 800 2047 847 lugeamus;
2076 801 2130 838 sin
2153 813 2234 838 vero
2257 803 2374 850 injuria
2403 806 2432 842 id
2451 807 2492 842 ta-

1459 861 1569 903 ciant,
1589 862 1731 898 etiamsi
1751 872 1879 899 omnes
1897 863 2050 906 rideant,
2074 873 2138 899 nos
2157 869 2270 902 tamen
2290 866 2402 903 beatos
2421 879 2492 905 cen-

1459 933 1618 967 seamus,
1640 923 1720 959 illos
1736 933 1821 960 vero
1841 924 2036 970 lugeamus,
2062 931 2184 971 utpote
2203 926 2260 972 qui
2285 928 2430 964 omnium
2447 930 2493 965 in-

1461 984 1656 1022 felicissimi
1677 987 1763 1031 sint,
1785 993 1821 1023 et
1842 987 2101 1024 nihiloinsanis
2119 988 2292 1024 meliores.
2311 988 2493 1028 lnsannrum

1459 1048 1592 1095 quippe
1614 1057 1684 1091 est,
1711 1055 1747 1084 et
1767 1048 1943 1096 ejusmodi
1974 1049 2098 1085 morbo
2117 1050 2354 1093 laborantium,
2378 1052 2428 1087 illa
2452 1054 2492 1089 ri-

1459 1110 1560 1155 dere,
1583 1121 1663 1158 qua:
1684 1111 1847 1158 plurimis
1867 1111 2032 1148 laudibus
2059 1117 2095 1148 et
2122 1112 2260 1148 coronis
2288 1111 2384 1159 digna
2412 1121 2492 1150 sunt.

1462 1173 1525 1209 Dic
1551 1174 1660 1214 enim,
1685 1183 1822 1221 quaeso,
1853 1174 1881 1210 si
1908 1173 1954 1210 de
1981 1174 2053 1210 tilio
2071 1179 2130 1210 tuo
2149 1175 2344 1211 saltatorum
2364 1183 2396 1212 et
2413 1178 2494 1213 auri-

1459 1243 1584 1283 garum
1611 1235 1789 1272 insaniam
1822 1235 2022 1272 admirante
2052 1243 2086 1273 tc
2112 1246 2235 1272 omnes
2269 1237 2437 1274 laudarent
2461 1248 2495 1275 ac

1460 1298 1603 1335 beatum
1623 1299 1877 1346 praedicarent,
1905 1309 2026 1336 nonne
2051 1299 2084 1335 id
2111 1299 2295 1336 derisiouis
2313 1300 2384 1336 loco
2401 1300 2494 1337 babe-

1460 1361 1544 1398 res?
1567 1361 1660 1406 Quid
1689 1361 1822 1408 igitur?
1857 1361 1887 1398 si
1917 1367 1952 1398 te
1981 1368 2166 1398 strenuum
2194 1363 2322 1398 facinus
2349 1361 2496 1408 laudequo

1463 1424 1609 1471 dignum
1637 1423 1770 1460 edente
1801 1423 1850 1459 illi
1886 1424 2061 1465 riderent,
2090 1422 2223 1470 tibique
2248 1423 2495 1470 exprobrarent,

1460 1495 1580 1522 nonne
1599 1491 1761 1522 amentes
1776 1485 1858 1521 illos
1875 1495 1955 1521 esse
1971 1485 2136 1521 diceres?
2153 1485 2256 1531 Atqui
2271 1485 2335 1520 hoc
2353 1493 2436 1520 nunc
2453 1483 2496 1519 fa-

1460 1548 1600 1585 ciamus
1618 1561 1626 1584 :
1647 1558 1719 1584 non
1748 1547 1990 1584 multitudinis
2009 1547 2181 1593 opinioni,
2203 1546 2263 1583 sed
2281 1546 2427 1592 diligenti
2452 1555 2498 1582 re-

1460 1621 1538 1647 rum
1559 1611 1714 1647 examini
1736 1611 1914 1646 calculum
1939 1610 1984 1646 de
2003 1611 2076 1646 lilio
2099 1617 2158 1645 tuo
2174 1608 2349 1645 ferendum
2369 1607 2498 1654 permit-

1460 1680 1603 1709 tamus:
1622 1679 1658 1710 et
1679 1672 1818 1710 videbis
1842 1673 2008 1710 irrisores
2029 1673 2108 1708 illos
2135 1671 2378 1718 mancipiorum
2399 1671 2498 1717 potius

1459 1743 1566 1780 quam
1598 1735 1794 1770 liberorum
1822 1740 1990 1780 parentes
2017 1743 2109 1774 esse.
2139 1736 2167 1770 si
2197 1743 2316 1770 eorum
2343 1733 2408 1768 nati
2438 1732 2500 1768 tilio

1460 1803 1522 1832 tuo
1538 1804 1808 1844 comparentur.

1509 1859 1664 1895 Historia
1689 1861 1868 1907 cujusdam
1892 1861 2038 1897 solitarii
2056 1861 2151 1904 cuius
2170 1866 2261 1906 pater
2284 1859 2408 1907 gentilis
2423 1862 2498 1894 erat.

1458 1942 1506 1948 ——
1518 1922 1619 1958 Nunc
1638 1933 1744 1970 porro
1763 1934 1919 1961 mozrore
1937 1924 2188 1961 obtenebratus
2203 1934 2245 1960 ne
2262 1923 2424 1968 respicere
2436 1921 2500 1967 qui-

1459 1985 1540 2022 dem
1572 1986 1636 2022 ista
1667 1987 1824 2032 poteris;
1846 1997 1928 2024 cum
1953 1994 2070 2025 autem
2094 1988 2246 2023 animum
2267 1985 2450 2026 sedaveris,
2467 1983 2500 2018 li-

1459 2049 1597 2096 liusque
1619 2056 1698 2085 tuus
1722 2059 1885 2097 magnam
1917 2051 2082 2087 virtutem
2105 2049 2320 2092 exhibuerit,
2341 2057 2404 2085 non
2423 2045 2500 2081 ultra

1460 2110 1520 2146 tibi
1538 2110 1690 2147 aliorum
1705 2121 1872 2148 sermone
1889 2121 1980 2158 opus
1993 2112 2074 2155 erit,
2091 2111 2152 2148 sed
2167 2116 2201 2146 tu
2217 2105 2290 2146 haec
2303 2116 2335 2145 et
2352 2108 2399 2144 his
2415 2106 2498 2153 plura

1457 2173 1537 2209 aliis
1553 2173 1664 2210 dices.
1686 2174 1729 2210 Et
1750 2174 1827 2212 haec
1847 2185 1914 2222 ego
1935 2184 2004 2211 non
2025 2174 2084 2210 tibi
2107 2180 2238 2211 temere
2257 2171 2427 2211 vaticinor,
2447 2167 2498 2204 sed

1457 2246 1536 2282 quze
1552 2236 1679 2282 loquor
1694 2242 1863 2283 expertus
1881 2247 1976 2273 sum.
1997 2236 2142 2272 Amicus
2158 2235 2250 2271 enim
2267 2233 2347 2269 mihi
2365 2230 2434 2272 fuit,
2450 2228 2499 2274 qui

1459 2305 1597 2345 patrem
1633 2299 1786 2336 habebat
1816 2300 2021 2345 infidelem,
2049 2300 2219 2342 divitem,
2247 2295 2501 2343 spcctatum,et

1458 2361 1694 2409 undequaque
1711 2363 1863 2399 clarum.
1887 2363 1918 2399 Is
1939 2364 2094 2410 primum
2112 2360 2296 2398 concitavit
2322 2356 2498 2404 principes,

1456 2425 1612 2460 minatus
1639 2432 1696 2461 est
1722 2425 1861 2461 vincula
1877 2453 1885 2468 ,
1913 2425 2100 2471 ipsumque
2131 2423 2293 2460 omnibus
2318 2425 2446 2456 exutum
2470 2415 2499 2451 in

1455 2486 1570 2522 aliena
1591 2493 1686 2522 terra
1705 2486 1860 2533 reliquil,
1879 2485 2092 2523 necessariis
2109 2485 2213 2521 etiam
2232 2481 2397 2518 alimentis
2409 2487 2501 2524 egen-

1457 2553 1544 2591 tem,
1562 2547 1630 2586 hoc
1648 2548 1754 2585 modo
1774 2555 1902 2595 putans
1921 2559 1961 2585 se
1982 2549 2078 2584 illum
2100 2547 2142 2583 ad
2165 2545 2280 2582 saeculi
2297 2545 2396 2579 vitam
2411 2539 2502 2576 redu-

1455 2617 1598 2646 cturum
1621 2622 1629 2646 :
1654 2616 1842 2657 postquam
1869 2616 1989 2646 autem
2012 2610 2110 2646 illum
2139 2609 2172 2644 in
2197 2607 2294 2643 nullo
2311 2604 2372 2640 sibi
2391 2601 2502 2638 cedere

1456 2671 1568 2713 vidit,
1589 2671 1704 2707 victus
1729 2671 1871 2707 tandem
1900 2671 2114 2718 palinodiam
2139 2669 2286 2710 cecinit,
2310 2676 2348 2702 ac
2371 2661 2501 2700 nuncin

1458 2732 1596 2769 honore
1626 2732 1740 2768 ﬁlium
1773 2732 1904 2775 habet,
1933 2743 2086 2780 eumque
2110 2731 2221 2778 magis
2240 2739 2340 2776 quam
2367 2727 2393 2762 si
2418 2729 2502 2770 pater

1456 2805 1544 2831 suus
1571 2800 1667 2831 essm
1683 2822 1692 2837 ,
1722 2801 1942 2830 veneratur:
1964 2805 2119 2840 cumque
2144 2793 2232 2829 alios
2257 2790 2377 2827 habeat
2403 2786 2499 2824 ﬁlios.

1457 2862 1639 2903 Spectatos
1658 2856 1768 2899 viros,
1789 2867 1852 2892 eos
1869 2867 1913 2892 ne
1930 2857 2058 2903 dignos
2075 2856 2215 2903 quidem
2233 2853 2290 2900 qui
2307 2850 2392 2887 servi
2413 2846 2502 2892 llt'i'”

1456 2919 1528 2954 sint
1545 2919 1740 2954 arbitratur
1761 2929 1769 2952 :
1790 2919 1868 2965 ipse
1884 2929 2027 2966 quoque
2049 2924 2192 2965 propter
2209 2916 2316 2951 ﬁlium
2335 2913 2429 2957 longe
2441 2909 2502 2943 cla-

1456 2982 1530 3017 rior
1544 2987 1613 3017 est.
1631 2981 1714 3017 lla‘c
1729 2981 1762 3017 in
1780 2987 1840 3018 tuo
1855 2992 1998 3028 queque
2014 2982 2085 3017 lilio
2100 2980 2307 3016 videbimus.
2322 2973 2415 3020 Quod
2431 2979 2502 3006 ιέτο

1456 3055 1526 3080 non
1547 3045 1714 3088 mentiar,
1734 3054 1778 3080 ex
1799 3045 1908 3081 rebus
1929 3045 2016 3091 ipsis
2035 3043 2184 3080 videbis.
2206 3042 2319 3085 Quare
2341 3039 2436 3073 linem
2457 3034 2501 3068 lo-

1455 3106 1750 3153 quendi‘faciam,
1773 3106 1807 3142 id
1825 3112 1962 3142 tantum
1982 3115 2123 3153 rogans.
2146 3110 2182 3140 ut
2201 3111 2291 3139 anno
2310 3109 2376 3136 uno
2393 3104 2502 3139 exspe-

1455 3175 1545 3211 ctes,
1567 3175 1628 3204 ant
1647 3169 1766 3204 minus
1781 3170 1905 3205 etiam.
1925 3168 2052 3205 Nostra
2070 3168 2199 3214 quippe
2213 3165 2322 3200 virtus
2340 3171 2403 3196 non
2424 3155 2503 3192 nud-

1457 3230 1502 3265 tis
1521 3240 1611 3276 opus
1636 3229 1743 3266 habet
1763 3229 1890 3266 diebus
1903 3257 1913 3273 ,
1936 3235 2059 3276 utpote
2077 3239 2155 3275 quzu
2171 3226 2287 3262 divina
2305 3220 2408 3268 gratia
2432 3215 2502 3262 νηι-

1456 3291 1543 3327 lulet
1559 3303 1566 3326 :
1587 3291 1796 3338 videbisque
1807 3293 1851 3327 e'a
1865 3275 1984 3327 omnia
1999 3301 2079 3338 qua:
2093 3290 2184 3326 dicta
2198 3292 2291 3327 sunt,
2309 3283 2408 3320 rebus
2425 3275 2502 3338 ipsis

1456 3352 1602 3398 impleta
1628 3363 1636 3387 :
1666 3337 1781 3397 neque
1809 3351 1918 3388 modo
1943 3361 1985 3388 ea
2014 3337 2092 3398 qua:
2120 3349 2208 3386 facta
2234 3351 2314 3382 sunt
2338 3337 2500 3379 laudabis.

1453 3423 1605 3457 verum,
1627 3412 1657 3449 si
1683 3419 1716 3449 te
1741 3413 1918 3450 tantillum
1943 3413 2100 3450 excitare
2119 3409 2269 3447 volucris
2283 3434 2292 3452 ,
2312 3405 2378 3442 cito
2403 3399 2500 3446 il)Sius

1453 3475 1604 3512 romulus
1621 3475 1716 3519 eris,
1737 3475 1946 3522 magistrum
1967 3474 2102 3512 habens
2122 3474 2156 3510 in
2177 3471 2302 3508 virtute
2321 3465 2438 3502 lilium-

1500 3600 1510 3622 ι
1535 3598 1628 3632 Savil.
1642 3600 1674 3633 in
1698 3600 1860 3642 margine,
1874 3602 1903 3633 te
1919 3597 2019 3642 digito
2033 3593 2212 3638 desigmml-

1276 3741 1561 3814 W
