2734 4342
419 287 485 325 55]

427 360 660 410 excipiendos
679 369 774 402 esse,
797 358 940 396 dicebat
958 370 966 394 :
990 359 1201 406 Quicumque
1217 359 1502 395 scaudalizarerit

419 434 526 460 unum
547 433 590 458 ει
617 421 753 468 pusillis
769 421 856 465 istis,
877 421 1015 468 expedit
1045 421 1076 457 ei
1095 427 1131 456 ut
1153 421 1386 468 suspendntur
1412 420 1504 456 mola

418 485 572 522 asinaria
587 485 679 520 circa
697 483 826 520 collum
842 485 931 532 ejus,
949 491 979 520 et
995 485 1214 532 demergatur
1233 480 1266 519 in
1289 483 1502 532 profundum

419 549 525 585 maris
543 547 687 596 (Matth.
709 547 766 586 18.
789 547 842 596 6).
867 549 986 595 Atque
1009 548 1053 590 is,
1078 548 1138 595 qui
1161 548 1333 584 talentum
1362 547 1504 584 obtule-

419 617 488 654 rat,
504 621 575 646 non
595 609 690 657 quod
705 609 842 658 aliquid
862 621 904 646 ex
926 611 1002 647 suis
1020 609 1310 657 coatcmpsissct,
1325 608 1386 645 scd
1407 616 1504 655 quoa

419 673 668 721 proximorum
689 673 842 709 salutem
864 672 1102 720 neglexisset,
1136 672 1197 708 illo
1218 670 1395 718 supplicio
1421 669 1502 706 afﬁ-

419 723 538 773 citur:
559 734 686 782 Itaque
712 733 780 771 etsi
811 735 920 770 vitam
958 741 1118 770 nostram
1141 739 1241 770 recte
1257 732 1500 776 instituamus,

417 797 510 834 nihil
527 797 561 834 id
581 796 728 844 prodest
747 797 865 842 nobis,
889 806 970 832 cum
992 803 1182 844 peccatum
1203 794 1288 832 illud
1307 794 1422 842 possit
1438 803 1503 830 nos

421 861 457 898 in
477 860 655 908 gehenuzn
683 859 901 908 profundum
934 860 1165 906 immergere.
1197 858 1234 896 Si
1268 859 1366 895 enim
1403 857 1502 894 nulla

420 925 514 961 ratio
543 923 656 970 possit
673 934 738 960 eos
755 924 816 970 qui
839 923 1015 970 proximis
1035 932 1249 970 corpoream
1269 931 1373 968 opem
1407 919 1504 957 ferre

420 989 604 1026 noluerint
623 987 792 1030 liberare,
817 998 956 1029 verum,
985 987 1052 1022 etsi
1074 985 1314 1033 virginitatem
1335 993 1504 1020 servave-

420 1052 508 1092 rint,
533 1058 653 1087 tamen
679 1056 781 1087 extra
809 1050 932 1098 sponsi
957 1049 1154 1085 thalamum
1175 1046 1368 1092 abjiciendi
1402 1045 1500 1081 sint:

421 1115 452 1152 is
469 1114 529 1161 qui
550 1113 645 1161 quod
673 1114 786 1150 multo
807 1113 923 1159 majus
945 1118 1000 1148 est
1019 1111 1182 1147 omiserit
1209 1109 1339 1157 (multo
1368 1108 1504 1156 quippe

420 1177 538 1224 major
559 1183 613 1214 est
631 1176 834 1212 animarum
850 1173 952 1224 cura)
973 1184 1038 1210 cur
1065 1183 1137 1210 non
1169 1172 1262 1208 mala
1279 1171 1401 1206 omnia
1423 1179 1502 1206 me-

419 1239 492 1275 rito
513 1237 690 1285 patiatur?
705 1237 892 1274 Hominem
908 1236 1002 1272 enim
1022 1245 1093 1271 non
1109 1240 1145 1270 ιιι
1165 1233 1230 1270 sibi
1248 1239 1384 1269 tantum
1402 1231 1505 1278 prod-

419 1309 518 1341 esset
541 1301 677 1338 creavit
701 1301 818 1346 Deus,
837 1299 900 1337 sed
922 1305 960 1336 ut
989 1299 1069 1335 aliis
1087 1299 1195 1335 etiam
1212 1297 1348 1334 multis.
1367 1295 1504 1332 Idcirco

421 1364 554 1400 Paulus
597 1364 771 1412 (Philipp.
794 1363 831 1398 εὶ.
866 1363 926 1408 15)
961 1361 1084 1397 ﬁdeles
1114 1359 1303 1396 luminaria
1331 1357 1501 1404 appellat,

423 1427 508 1464 hinc
527 1427 728 1464 ostendens
743 1435 807 1462 eos
822 1425 965 1462 caeteris
987 1425 1096 1460 etiam
1116 1423 1194 1458 usui
1214 1431 1295 1458 esse
1316 1425 1500 1468 oportere:

422 1489 602 1526 luminare
625 1489 772 1536 quippe,
809 1487 982 1534 quamdiu
1015 1487 1174 1532 seipsum
1207 1490 1344 1520 tantum
1367 1482 1504 1519 illumi-

421 1558 498 1596 nat,
521 1552 697 1588 luminare
723 1551 886 1597 profecto
916 1560 986 1586 non
1007 1553 1075 1586 cst.
1097 1548 1291 1595 Propterea
1309 1546 1504 1594 gentilibus

421 1623 568 1660 quoque
601 1613 689 1659 ipsis
723 1611 924 1648 deteriores
957 1619 1039 1648 esse
1069 1609 1134 1654 ait,
1172 1608 1233 1656 qui
1255 1608 1502 1656 proximorum

422 1675 575 1710 salutem
607 1674 845 1720 negligerent,
866 1673 923 1709 his
949 1671 1072 1710 verbis
1093 1684 1102 1708 :
1131 1671 1173 1708 Si
1192 1671 1267 1718 quis
1287 1676 1400 1706 autem
1421 1680 1504 1704 suo-

423 1746 514 1778 rum,
539 1741 570 1770 et
588 1735 736 1770 maxime
752 1735 1014 1770 domesticorum
1031 1732 1283 1776 proridcntiam
1303 1742 1370 1766 non
1400 1730 1500 1778 gerit,

423 1797 524 1844 {idem
557 1797 704 1843 negavit,
733 1802 762 1831 et
783 1801 830 1831 est
863 1795 997 1839 inﬁdeli
1031 1795 1182 1830 deterior
1203 1795 1254 1841 (ι.
1275 1793 1416 1830 Tim.5.
1447 1793 1501 1840 8).

422 1859 514 1904 Quid
535 1859 631 1896 enim
655 1857 723 1894 hoc
743 1858 822 1894 loco
841 1857 1075 1904 providentiae
1095 1857 1242 1892 nomine
1261 1856 1315 1892 vis
1331 1855 1504 1903 intelligi?

419 1932 467 1958 an
507 1922 660 1959 fortasse
697 1921 984 1957 necessariorum
1022 1918 1292 1966 largitionem?
1325 1919 1502 1966 Equidem

421 1991 510 2035 puto
541 1987 657 2032 ipsum
686 1985 810 2020 curam
845 1983 977 2019 anima:
1009 1981 1226 2028 signiﬁcare.
1263 1981 1327 2018 Sin
1345 1992 1431 2019 vero
1466 1988 1503 2018 tu

420 2047 666 2091 coatradicas,
687 2047 739 2083 sic
757 2055 902 2093 quoque
918 2055 997 2081 mea
1019 2044 1197 2080 sententia
1219 2043 1358 2080 ﬁrmior
1378 2053 1502 2080 manc-

422 2111 488 2148 bit.
509 2111 599 2148 Nam
621 2111 650 2146 si
673 2110 717 2146 de
743 2119 900 2156 corpore
929 2108 1008 2144 lucc
1026 2107 1128 2149 dicit,
1151 2117 1307 2154 eumque
1328 2106 1390 2154 qui
1409 2117 1501 2153 quo-

421 2174 596 2210 tidianum
621 2173 717 2208 hunc
733 2173 852 2209 cibum
869 2181 941 2207 non
963 2171 1100 2218 praebet
1121 2176 1222 2207 tanto
1240 2171 1416 2217 supplicio
1437 2171 1504 2207 ad-

421 2235 526 2280 dixit,
544 2235 811 2282 gentilibusque
825 2233 1045 2272 deteriorem
1063 2243 1148 2271 esse
1163 2233 1214 2270 ait
1234 2245 1243 2270 :
1265 2245 1337 2282 quo
1355 2233 1501 2272 tandem

423 2297 459 2333 in
481 2297 558 2333 loco
576 2301 754 2332 statuetur
770 2296 812 2341 is,
833 2296 894 2342 qui
909 2300 1006 2344 quod
1027 2296 1146 2343 majus
1165 2297 1353 2344 magisque
1374 2307 1502 2334 neces-

419 2348 556 2384 sarium
575 2355 630 2384 est
652 2351 879 2387 contemnit?

468 2409 504 2446 5.
536 2409 710 2454 Quantum
735 2411 778 2448 sit
805 2412 933 2448 malum
955 2413 1136 2450 liberorum
1151 2415 1337 2462 neglectus.
1358 2436 1407 2444 —-
1427 2417 1502 2464 Age

419 2469 541 2518 itaque
571 2473 829 2510 ratiocinemur
854 2474 900 2512 de
927 2477 1063 2522 peccati
1091 2479 1204 2515 nostri
1226 2479 1472 2524 magnitudine
1489 2507 1500 2524 ,

417 2544 461 2572 ac
476 2536 647 2582 paulatim
667 2537 906 2575 ascendentes
930 2540 1162 2577 ostendanius
1192 2542 1388 2579 rnaximum
1419 2554 1502 2579 oln-

418 2599 518 2636 nium
539 2606 727 2646 peccatum
745 2612 826 2640 esse
845 2602 1040 2640 liberorum
1061 2604 1278 2651 neglectum,
1309 2612 1344 2642 et
1373 2605 1415 2641 ad
1445 2607 1500 2653 ip-

419 2671 498 2698 sum
528 2663 678 2700 malitia:
712 2665 851 2712 apicem
884 2667 1102 2714 pertingere.
1135 2667 1200 2704 Est
1227 2667 1335 2715 igitur
1365 2669 1500 2716 primus

419 2725 582 2769 malitim,
599 2726 798 2774 iniquitatis
815 2733 852 2765 ct
869 2728 1095 2766 crudelitatis
1113 2730 1260 2777 gradus,
1281 2732 1418 2768 amicos
1438 2743 1499 2770 as-

416 2787 560 2834 pernari
591 2800 598 2824 :
621 2789 705 2836 quin
726 2796 763 2826 ut
782 2790 827 2826 ad
849 2790 1018 2828 inferiora
1038 2802 1243 2831 sermonem
1262 2795 1497 2841 reducamus;

417 2848 451 2885 id
469 2850 564 2887 enim
585 2851 708 2893 nescio
729 2853 910 2900 quomodo
932 2864 990 2892 me
1017 2865 1110 2901 pene
1138 2855 1298 2903 fugerat;
1321 2857 1419 2904 prior
1441 2858 1497 2894 illa

416 2913 474 2950 lex
493 2914 629 2951 ludatis
641 2915 737 2959 data,
761 2927 806 2952 ne
821 2916 983 2964 jumenla
1005 2918 1151 2965 quidem
1171 2919 1398 2956 inimicorum
1431 2931 1497 2958 ne-

415 2975 550 3022 gligere
571 2980 760 3023 permittit,
783 2979 859 3016 sive
873 2979 1087 3025 deciderint,
1103 2981 1180 3018 sive
1193 2983 1392 3020 erraverint
1407 2996 1418 3026 ;
1434 2983 1496 3021 sed

417 3036 493 3074 lucc
510 3038 654 3084 quidem
673 3039 860 3082 reducere,
883 3040 941 3077 illa
962 3051 1048 3078 vero
1069 3043 1208 3090 erigere
1226 3043 1341 3089 jubet.
1357 3045 1420 3082 Est
1433 3045 1499 3082 ita—

394 3089 483 3145 'que
506 3101 654 3146 primus,
675 3103 721 3138 ah
743 3102 874 3139 inﬁmis
895 3103 1136 3150 ascendendo,
1153 3105 1298 3142 malitiae
1317 3113 1352 3144 et
1369 3107 1497 3145 crude-

416 3160 526 3197 litatis
539 3165 684 3209 gradus,
705 3163 931 3202 inimicorum
950 3167 1114 3212 jumcnta
1139 3173 1175 3204 ct
1205 3179 1331 3214 pecora
1361 3169 1494 3206 malum

417 3233 585 3270 perpessa
605 3227 785 3274 negligere
820 3239 829 3264 :
854 3229 1035 3266 secundus
1055 3230 1115 3266 illo
1129 3232 1307 3278 superior,
1330 3231 1496 3270 inimicos

416 3287 516 3334 ipsos
531 3289 768 3336 ncgligentius
785 3303 940 3330 curare:
959 3301 1094 3340 quanto
1119 3296 1215 3332 enim
1243 3295 1352 3332 homo
1381 3296 1496 3334 brutis

415 3355 578 3394 prmslat,
595 3356 694 3386 tanto
717 3359 901 3398 peccaturo
925 3355 992 3392 hoc
1019 3356 1136 3402 majus
1161 3357 1233 3392 illo.
1255 3357 1396 3394 Tertius
1422 3363 1492 3403 est,

415 3409 544 3447 fratres
562 3416 762 3458 aspernari.
783 3415 865 3454 licet
885 3417 994 3464 ignoti
1016 3419 1149 3456 luet-int
1171 3432 1178 3456 :
1202 3427 1364 3466 quartus,
1387 3419 1496 3457 tinni-

413 3472 523 3511 liares
541 3485 684 3522 quoque
715 3477 903 3524 despicere
931 3492 940 3516 :
969 3482 1129 3528 quintus,
1161 3492 1244 3518 cum
1273 3493 1346 3519 non
1376 3483 1492 3519 solum

411 3543 578 3581 corpore,
598 3537 660 3574 sed
679 3537 787 3575 etiam
806 3541 922 3576 anima
939 3551 1064 3580 comm
1085 3550 1270 3590 pereunte,
1289 3543 1494 3580 contemni-

413 3607 516 3634 mus:
535 3605 670 3645 sextus,
690 3611 771 3638 cum
791 3614 862 3640 non
884 3606 1000 3643 solum
1022 3606 1271 3652 familiaribus,
1293 3618 1417 3645 verum
1435 3609 1491 3656 ip-

413 3659 464 3696 ois
483 3671 626 3709 quoque
647 3663 770 3702 liberis
790 3667 1036 3712 pereuntibus,
1052 3669 1286 3716 negligimus:
1301 3671 1490 3718 septimus,

411 3728 494 3756 cum
508 3733 574 3760 nec
591 3724 681 3761 alios
699 3726 758 3772 qui
775 3726 916 3764 illorum
935 3737 1058 3768 curam
1081 3728 1214 3766 trahere
1232 3731 1370 3777 possint
1389 3742 1492 3778 qum-

413 3783 554 3822 rimus:
577 3793 738 3833 octavus,
759 3799 840 3826 cum
860 3798 894 3828 et
908 3800 986 3834 eos,
1013 3790 1075 3836 qui
1100 3791 1134 3826 id
1163 3802 1182 3827 a
1209 3793 1339 3840 seipsis
1371 3792 1492 3833 facere

413 3842 614 3890 instituunt.
635 3859 800 3889 arcemus
823 3859 932 3900 atque
963 3852 1196 3899 prohibemus
1224 3866 1232 3889 :
1254 3863 1384 3899 nouus,
1407 3865 1488 3892 cum

412 3915 482 3941 non
504 3913 638 3948 tantum
658 3912 736 3950 illos
763 3915 1010 3961 prohibemus,
1031 3915 1094 3952 sed
1122 3925 1373 3964 oppugnamus
1401 3928 1490 3964 quo-

412 3975 493 4011 que.
517 3968 636 4019 Itaque
653 3975 682 4012 si
705 3975 873 4024 primum,
894 3976 1089 4015 secundum
1118 3984 1153 4015 ct
1176 3977 1316 4015 tertium
1339 3979 1486 4019 malitia:

930 281 968 320 S.
985 281 1178 320 JOANNIS
1207 280 1527 320 CHRYSOSTOMI
1543 281 1758 320 ARClllEP.
1780 283 2136 324 CONSTANTINOP.
2523 303 2580 341 δερ

1575 357 1682 406 hujus
1702 359 1866 407 gradum,
1889 367 1984 398 tanta
2013 364 2169 410 sequitur
2191 376 2300 412 paena,
2321 379 2350 406 ei
2368 372 2420 418 qui
2439 373 2505 412 illo;
2517 389 2578 416 om.

1575 431 1640 458 nes
1659 428 1818 469 superat.
1840 423 1874 459 in
1892 433 1964 470 quo
1995 434 2058 460 vos
2077 426 2174 470 estis,
2200 439 2319 476 nempe
2343 441 2436 477 ιιοιιοι
2458 446 2578 483 quantus

1575 483 1666 531 ignis
1686 483 1886 521 destinatus
1907 486 1983 522 est?
2012 486 2186 530 Quinimo,
2219 501 2284 528 non
2313 498 2434 531 tantum
2463 509 2576 544 nouum,

1575 557 1642 583 nec
1661 546 1854 591 decimum,
1881 547 1944 584 sed
1965 548 2069 584 etiam
2089 549 2304 588 undecimum
2327 553 2402 600 jure
2425 567 2460 594 ac
2482 562 2578 600 ιιιρτίω

1574 619 1657 646 cum
1676 609 1928 656 appellaveris.
1945 609 2121 648 Curhoc?
2149 612 2234 658 Quia
2263 624 2328 651 noa
2356 623 2464 654 natura
2490 621 2578 658 solum

1575 670 1646 708 hoc
1667 677 1852 719 peccatum
1869 683 1975 719 supra
1995 675 2195 710 memoratis
2206 676 2312 723 majus
2329 683 2390 722 est,
2407 680 2459 716 sed
2475 684 2579 722 ratione

1576 735 1750 782 temporis
1770 735 1930 782 gravius.
1952 735 2042 780 Quid
2063 736 2128 774 sibi
2143 737 2216 774 vult
2231 737 2324 784 illud,
2342 741 2462 779 ratione
2475 751 2578 792 tempo-

1575 797 1656 834 ris?
1673 797 1761 841 Quia
1781 797 1885 834 nobis
1905 799 2030 835 eadem
2049 800 2288 846 peccantibus,
2309 813 2380 849 qum
2412 803 2433 840 ii
2462 807 2510 852 qui
2531 812 2577 845 sub

1575 858 1656 906 lege
1676 864 1792 904 erant,
1815 869 1886 896 non
1907 860 2002 906 paria
2022 861 2189 907 supplicia
2223 861 2396 908 debentur,
2425 866 2477 902 scd
2502 867 2574 916 Iunge

1575 923 1754 971 graviora,
1775 930 1910 970 quanto
1937 923 2074 960 scilicet
2100 924 2224 971 majori
2251 924 2339 961 dono
2367 928 2466 973 potiti,
2491 930 2572 975 perte

1575 986 1677 1022 ctiori
1697 985 1860 1022 doctrina
1884 985 2024 1028 imbuti,
2045 985 2168 1032 majori
2199 986 2325 1024 honore
2347 988 2449 1025 allecti
2473 1000 2572 1028 sumus.

1575 1049 1664 1086 Cum
1683 1049 1791 1096 igitur
1809 1056 1934 1085 natura
1949 1055 1986 1086 ct
1999 1049 2136 1086 ratione
2155 1051 2317 1097 temporis
2335 1051 2396 1089 hoc
2411 1055 2574 1102 scelusgm-

1575 1111 1762 1147 vissimum
1793 1111 1852 1155 sit,
1873 1111 2062 1148 considera
2080 1117 2242 1158 quantam
2261 1112 2423 1150 flammant
2443 1115 2471 1150 in
2486 1127 2575 1154 eorum

1575 1173 1709 1229 capita,
1728 1173 1787 1220 qui
1805 1172 1838 1209 id
1859 1179 2066 1220 perpetrare
2090 1173 2232 1216 audent,
2264 1173 2406 1212 inducet.
2433 1176 2513 1222 Quod
2533 1189 2577 1214 au-

1577 1242 1648 1274 tem
1668 1245 1739 1272 non
1760 1237 1965 1273 temere-ita
1985 1237 2186 1281 ratiocinor,
2209 1247 2249 1274 ex
2268 1248 2306 1275 re
2331 1238 2399 1284 ipsa
2423 1242 2574 1287 exemplum

1575 1298 1738 1343 aﬁ‘cram,
1762 1304 1801 1334 ut
1821 1298 1956 1343 sciatis,
1976 1300 2116 1336 tametsi
2143 1309 2200 1336 res
2228 1305 2360 1336 nostras
2383 1311 2488 1338 ornncs
2509 1309 2575 1338 recte

1576 1361 1822 1406 instituamus,
1838 1361 1868 1397 si
1890 1361 2044 1398 ﬁliorum
2061 1361 2207 1398 salutem
2229 1361 2440 1408 negligimus,
2466 1373 2516 1398 nos
2531 1373 2576 1400 ex-

1576 1429 1709 1460 tremas
1745 1423 1894 1461 daturos
1921 1433 2004 1460 esse
2032 1433 2168 1470 prunas.
2197 1423 2294 1468 Quod
2330 1424 2421 1460 vobis
2449 1424 2578 1461 allaturos

1575 1497 1671 1532 sum,
1694 1497 1766 1524 non
1787 1497 1830 1524 ex
1852 1487 1992 1534 meipso
2010 1486 2164 1533 profero,
2180 1486 2240 1522 sed
2258 1486 2290 1522 in
2306 1485 2578 1533 divinisScripturis

1572 1549 1682 1596 jacet.
1705 1549 1884 1586 Sacerdos
1905 1549 2049 1596 quidam
2067 1548 2158 1596 apud
2176 1547 2312 1585 Judteos
2328 1554 2407 1591 erat,
2425 1548 2470 1584 \ir
2488 1548 2576 1584 mode-

1576 1617 1677 1649 ratus
1697 1622 1739 1648 ac
1754 1611 1902 1659 probus,
1920 1611 1999 1648 lleli
2020 1611 2177 1648 nomine.
2194 1611 2279 1647 lluic
2297 1609 2364 1647 duo
2379 1615 2468 1646 erant
2483 1609 2578 1646 liberi:

1576 1685 1667 1722 quos
1687 1685 1769 1710 cum
1784 1674 1923 1711 videret
1951 1673 1996 1710 ad
2019 1674 2106 1710 vitia
2137 1673 2320 1716 declinare,
2353 1682 2419 1708 non
2447 1671 2578 1714 cohibuit,

1576 1747 1648 1773 non
1669 1736 1849 1780 coercuit;
1886 1736 1958 1772 imo
1989 1735 2108 1783 potius
2135 1734 2290 1772 cohibuit
2316 1739 2350 1770 et
2370 1733 2514 1776 coercuit,
2535 1731 2581 1768 sed

1575 1808 1647 1835 non
1667 1805 1800 1845 quanta
1819 1797 2000 1845 diligentia
2020 1803 2055 1834 ct
2069 1807 2150 1834 cura
2170 1807 2230 1843 par
2247 1802 2332 1832 erat.
2352 1795 2469 1831 llorum
2492 1799 2581 1829 autem

1575 1859 1654 1896 haec
1671 1865 1774 1896 erant
1791 1859 1956 1902 crimina,
1979 1858 2164 1896 forniCatio
2183 1863 2218 1895 et
2232 1857 2324 1906 gula.
2345 1856 2483 1893 lidebant
2497 1854 2578 1897 enim,

1575 1921 1692 1967 inquit
1711 1921 1762 1968 (ί.
1780 1919 1866 1968 Reg.
1888 1920 1924 1956 2.
1943 1921 2019 1968 lli),
2041 1925 2226 1967 antequam
2249 1917 2520 1955 sanctiﬁcarcntur
2541 1924 2582 1950 sa-

1575 1995 1646 2021 cra}
1661 1994 1806 2029 carnes,
1825 1992 1862 2021 et
1878 1985 2083 2032 priusquam
2103 1983 2289 2021 offerretur
2308 1982 2375 2018 Deo
2400 1978 2579 2016 sacriﬁcium.

1574 2046 1638 2083 llis
1655 2046 1853 2094 compertis
1873 2052 1974 2094 pater
2003 2057 2074 2084 non
2101 2046 2180 2082 illos
2211 2053 2312 2092 pinna
2341 2039 2510 2083 muleuvit,
2537 2036 2581 2074 sed

1574 2110 1694 2147 verbis
1711 2117 1748 2147 et
1766 2109 1916 2147 mouitis
1935 2109 1981 2146 ab
2005 2109 2070 2145 hac
2092 2107 2242 2155 nequitia
2262 2106 2352 2152 ipsos
2376 2111 2518 2140 revocare
2539 2109 2582 2135 eo

1575 2179 1680 2209 natus
1708 2179 1778 2218 est,
1795 2179 1902 2220 atque
1923 2172 1978 2209 his
2005 2171 2207 2219 frequenter
2220 2167 2332 2206 verbis
2348 2176 2403 2204 eos
2418 2161 2584 2210 alloqueba-

1574 2239 1633 2271 tur
1655 2247 1664 2271 :
1685 2233 1818 2280 Nolite,
1835 2235 1915 2282 ﬁlii,
1935 2234 2039 2270 nolite
2057 2234 2106 2270 sic
2121 2234 2229 2282 facere
2243 2241 2254 2267 :
2269 2241 2331 2266 non
2349 2228 2426 2264 bona
2442 2229 2518 2274 fatua
2533 2229 2582 2264 at.

1573 2307 1675 2344 quant
1690 2307 1752 2344 ego
1771 2297 1874 2332 audio
1895 2296 1938 2332 de
1953 2295 2060 2339 vobis,
2082 2301 2116 2330 ut
2137 2293 2267 2342 faciatis
2287 2290 2434 2338 populum
2454 2298 2510 2322 non
2529 2295 2583 2320 srr-

1575 2356 1646 2392 tu're
1658 2354 1822 2392 Domino.
1841 2355 1881 2392 Si
1896 2355 2097 2406 delinqucns
2111 2352 2288 2401 peccaverit
2303 2351 2348 2386 vir
2366 2349 2396 2384 in
2413 2355 2516 2387 vll'tlllt,
2531 2354 2585 2408 orit-

1575 2420 1657 2456 lnmt
1678 2431 1740 2466 pro
1760 2419 1821 2456 illo
1845 2418 2056 2463 Dominum;
2077 2418 2128 2454 sin
2148 2423 2257 2452 autem
2275 2411 2410 2448 Domino
2440 2407 2585 2455 parcam”

1574 2485 1689 2528 homo,
1708 2483 1785 2530 quis
1799 2493 1861 2530 pro
1880 2481 1940 2518 illo
1960 2481 2068 2518 orabit
2087 2479 2138 2528 (l.
2159 2478 2241 2525 Reg.
2257 2475 2291 2512 2.
2311 2472 2390 2521 2ι)“ῐ
2405 2469 2496 2508 Mulli
2513 2470 2585 2502 (ἔρι’ιϐ

1573 2552 1629 2584 cst
1642 2546 1800 2594 gravitas
1813 2555 1855 2582 ac
1873 2545 2074 2595 reverentia
2090 2541 2288 2584 verborum,
2298 2547 2372 2586 qua
2387 2535 2484 2571 virum
2496 2532 2584 2566 mcnle

1575 2610 1765 2658 praeditam
1799 2608 1844 2645 ad
1877 2608 2066 2645 meliorem
2098 2605 2232 2653 frugem
2261 2609 2416 2639 revocare
2442 2595 2582 2658 Possml:

1574 2655 1656 2709 nam
1677 2672 1814 2710 crimen
1835 2671 1952 2715 affert,
1973 2681 2016 2708 ac
2048 2667 2270 2707 tremendum
2297 2673 2371 2701 esse
2395 2655 2580 2715 demonstrat.

1573 2735 1780 2782 ingruentes
1800 2744 1886 2772 vero
1906 2743 2034 2781 pinnas
2053 2728 2290 2769 intolerabiles
2307 2731 2340 2763 et
2357 2717 2526 2760 horrendas
2536 2713 2581 2750 de-

1575 2798 1728 2835 nuntiat.
1756 2798 1926 2834 Attamen
1953 2796 2036 2844 quia
2063 2791 2231 2842 quidquid
2261 2786 2424 2837 agendum
2449 2785 2512 2818 erat
2533 2783 2582 2844 non

1572 2860 1747 2901 exhibuit,
1769 2860 1846 2906 ipse
1863 2869 1944 2896 cum
1964 2859 2035 2895 illis
2049 2867 2117 2894 una
2139 2855 2254 2903 periit.
2273 2851 2420 2896 Namque
2433 2835 2582 2907 ιιιιιιειειιά·

1572 2922 1659 2960 dere
1675 2921 1862 2966 debuerat,
1883 2932 1902 2958 a
1922 2926 2117 2968 conspectu
2138 2927 2202 2954 suo
2228 2921 2398 2953 amovere,
2421 2899 2583 2943 verberibus

1572 2985 1762 3032 castigare,
1793 2983 1978 3030 multoque
2009 2983 2078 3020 illis
2110 2980 2253 3029 gravius
2279 2982 2313 3014 et
2336 2973 2448 3012 durius

1571 3028 1788 3094 Quiavigitur
1807 3047 1894 3082 nihil
1915 3028 2044 3083 horum
2067 3028 2151 3090 egit,
2169 3043 2277 3078 Deum
2295 3043 2329 3076 et
2347 3034 2407 3072 sibi
2427 3036 2457 3068 et
2474 3028 2584 3094 illis-iul-

1571 3092 1708 3146 rnicum
1721 3108 1828 3145 fecit:
1851 3113 1960 3156 utque
1980 3107 2061 3144 ﬁliis
2081 3102 2326 3151 intempestive
2343 3095 2497 3156 parceret.

1571 3182 1694 3209 sorum
1711 3176 1748 3208 et
1767 3180 1867 3207 suam
1884 3147 2036 3207 salutem
2051 3167 2183 3205 amisit.
2205 3163 2293 3203 Audi
2315 3168 2394 3207 ergo
2419 3151 2491 3202 ί1¹¹ῖδ
2513 3147 2583 3217 iw

1571 3234 1622 3271 illi
1643 3234 1760 3277 Deus;
1781 3233 1853 3269 imo
1873 3242 1960 3270 vero
1980 3242 2051 3268 non
2069 3231 2142 3278 jam
2176 3229 2240 3271 illi,
2269 3233 2378 3271 neque
2405 3217 2487 3256 cnim
2513 3209 2580 3278 illum

1569 3269 1914 3342 responso'dignum
1936 3269 2089 3340 amplius
2103 3288 2282 3339 judicavit,
2303 3283 2361 3322 sed
2381 3282 2534 3323 tantulum“
2551 3269 2579 3302 ['1'

1569 3357 1705 3394 mulum
1727 3357 1786 3405 qui
1807 3367 1846 3392 se
1863 3358 2022 3404 graviter
2048 3353 2264 3395 olrendissct,
2298 3356 2357 3395 per
2383 3343 2479 3405 alium

1569 3426 1647 3456 tura
1664 3399 1844 3466 ipsi-mala
1860 3399 2087 3466 signiﬁcavit.
2108 3415 2220 3453 Tanta
2253 3419 2332 3448 ltmc
2361 3399 2585 3466 umbellif-

1568 3481 1661 3517 Audi
1679 3459 1802 3527 itaque
1815 3459 1911 3528 quid"
1921 3479 1964 3516 ad
1986 3477 2198 3525 discipulum
2218 3472 2262 3510 de
2276 3467 2432 3515 magimo
2445 3459 2586 3528 Mamili?

1567 3515 1797 3592 siquidem'et
1811 3515 1988 3590 discipulo
2007 3549 2042 3578 et
2064 3539 2168 3576 Μιθΐὶ
2191 3535 2377 3584 Ρτ⁰Ρ¹¹⁰ιίθν
2403 3515 2588 3592 “om”???
2606 3567 2613 3592 ι

1567 3577 1923 3592 -.Ἰ-.--η---ωητ
2011 3577 2038 3578 ρ
2191 3577 2198 3584 .
2256 3577 2264 3582 .
2606 3587 2612 3598 ,

1567 3608 1700 3655 potius,
1721 3617 1828 3654 quam
1846 3607 1910 3650 illi,
1931 3605 1976 3643 de
1996 3603 2115 3641 futura
2129 3599 2326 3638 calamitate
2350 3591 2421 3638 cjlls

1567 3643 1626 3708 iur
1646 3683 1654 3706 :
1673 3643 1766 3708 adeo
1786 3671 1885 3708 illum
1904 3669 1948 3706 ad
1961 3673 2159 3705 extremum
2177 3659 2408 3699 aversabatur.

1566 3731 1682 3780 inquit
1698 3731 1883 3769 Samueli?
1903 3730 2056 3768 Noverat
2079 3724 2172 3774 quod
2191 3718 2428 3760 maledicerent
2452 3704 2588 3780 ﬁliuni:
2624 3725 2630 3729 -

1568 3763 1656 3837 Heio,
1671 3799 1706 3829 et
1725 3804 1798 3830 non
1816 3791 2082 3831 mouet-alces;
2106 3797 2174 3824 non
2193 3783 2243 3821 sic
2269 3786 2392 3817 tamen,
2417 3777 2490 3808 nam

1566 3863 1769 3901 monuerat,
1791 3855 1853 3893 scd
1876 3855 1968 3892 hanc
1988 3853 2080 3890 Deus
2099 3859 2162 3898 pro
2180 3831 2587 3907 admoriitione‘uol‘lnﬂﬁﬁ‘:

1565 3921 1630 3966 pit,
1652 3919 1742 3956 adeo
1763 3919 1860 3956 illam
1883 3915 2118 3965 improbabat,
2141 3908 2232 3959 quod
2254 3894 2584 3979 vclt'ctucnliu'£11111;

1564 3989 1632 4020 sct.
1656 3983 1778 4031 Itaque
1803 3983 1832 4020 si
1863 3981 1942 4019 ﬁliis
1975 3976 2235 4027 provideamus,
2263 3967 2322 4006 scd
2354 3973 2418 4002 non
2444 3956 2568 4004 quﬂﬂlu'
