2734 4342
196 211 266 252 355

193 293 348 337 oportet.
367 296 439 324 non
453 294 497 324 ea
518 289 615 322 certe
638 281 862 331 providentia
889 278 1040 318 dicenda
1068 282 1136 320 est,
1165 275 1260 312 sicut

192 361 261 388 nec
276 349 336 387 illa
359 347 556 386 admonitio
569 345 662 384 lleli.
677 345 768 382 Cum
788 354 875 381 vero
895 343 1032 380 crimen
1061 343 1257 380 narrasset,

191 418 266 450 tum
287 419 430 460 pmnam
458 409 593 458 ingenti
621 418 702 445 cum
733 405 915 444 iracundia
942 403 1093 442 induxit.
1120 400 1258 445 lui-nvi,

191 475 303 520 enim,
319 472 444 520 inquit,
462 471 578 508 domui
595 469 691 515 Heli,
707 470 738 507 si
756 475 928 518 peccatum
948 467 1038 504 istud
1055 465 1172 502 domui
1188 463 1261 500 lle-

192 538 216 574 ii
233 536 438 584 expiabitur,
457 535 525 571 sive
541 533 764 582 thymiamate
791 532 860 568 sive
890 529 1069 576 sacriﬁciis
1095 536 1199 574 usque
1225 524 1260 562 in

191 605 354 637 aeternum
371 597 422 646 (1.
445 596 531 644 Reg.
551 596 588 633 3.
612 593 872 644 li).Vidistine
892 593 1072 640 ingentem
1094 589 1259 635 indigna-

193 660 338 702 tionem,
354 665 569 706 ptenatnque
589 657 686 694 omni
705 665 769 703 spe
791 653 906 692 venite
925 650 1137 690 carentem?
1154 650 1261 686 Pror-

191 730 266 765 sus,
285 719 414 767 inquit,
433 719 532 756 illum
551 718 669 766 perire
685 721 839 764 oportet,
859 725 927 752 nec
945 714 1061 761 ipsum
1087 711 1196 749 modo
1225 715 1261 748 et

191 782 268 830 ejus
290 782 395 827 ﬁlios,
411 780 476 818 sed
491 791 572 818 cum
591 780 668 827 ipso
688 779 834 816 domum
861 778 1082 820 universam,
1105 774 1262 812 nullum-

191 853 260 892 que
279 842 578 880 medicamentum
610 841 692 885 erit,
723 839 818 888 quod
847 838 977 876 vulnus
1007 836 1104 874 istud
1133 845 1261 873 curare

192 906 306 954 possit
326 919 336 943 :
357 906 440 943 licet
460 905 538 943 seni
558 905 608 942 illi
630 910 762 952 praeter
781 903 935 940 ﬁliorum
953 900 1154 948 neglectum
1173 898 1261 935 nihil

191 967 286 1017 quod
303 967 445 1005 crimini
459 966 562 1004 daret
580 965 744 1003 habuerit
757 964 865 1002 Deus.
881 963 969 1000 Erat
988 962 1084 1000 enim
1099 963 1134 998 in
1154 965 1264 998 crete-

191 1030 242 1067 ris
259 1030 425 1067 omnibus
443 1027 690 1072 admirandus,
713 1027 864 1074 ejusque
894 1024 1158 1073 philosophiam
1184 1033 1262 1060 om-

193 1101 274 1128 nem
287 1101 358 1128 non
373 1100 417 1128 ex
429 1090 508 1126 aliis
525 1089 646 1134 modo,
667 1088 731 1126 sed
748 1099 792 1125 ex
813 1087 856 1125 iis
873 1096 1015 1134 quoque
1032 1096 1112 1134 quae
1141 1085 1176 1122 in
1199 1095 1266 1121 ca-

192 1153 352 1190 lamitate
371 1152 612 1200 contigerunt,
635 1151 757 1188 videre
774 1155 842 1187 est.
871 1149 1029 1186 Primum
1057 1147 1153 1184 enim
1180 1157 1262 1184 cum

191 1213 270 1252 hate
287 1215 407 1252 omnia
427 1214 601 1259 audisset,
618 1223 728 1260 seque
741 1212 786 1249 ad
803 1221 1008 1260 supremam
1028 1220 1169 1259 ptenam
1182 1220 1263 1256 pcr-

191 1277 334 1314 venisse
361 1277 600 1324 conspiceret,
632 1285 705 1312 non
734 1275 905 1323 graviter,
937 1283 1009 1311 non
1037 1273 1264 1320 indignanter

195 1339 288 1385 tulit,
310 1350 380 1376 non
398 1339 434 1376 id
454 1339 544 1376 dixit
561 1339 658 1386 quod
680 1338 822 1386 plurimi
846 1337 1022 1374 dixissent
1044 1348 1053 1373 :
1077 1335 1167 1372 Num
1197 1345 1264 1382 ego

193 1401 344 1439 aliorum
361 1401 556 1438 voluntatis
575 1400 742 1438 dominus
763 1399 870 1437 sum?
896 1399 1128 1436 Peccatorum
1161 1407 1264 1434 meo-

192 1475 272 1501 rum
287 1474 411 1511 ptenas
431 1465 530 1502 luere
543 1463 658 1501 debeo
679 1475 689 1500 :
709 1462 770 1500 ﬁlii
789 1468 931 1500 :etatem
957 1461 1104 1506 habent,
1124 1461 1265 1508 ipsique

193 1526 262 1563 soli
282 1526 497 1573 supplicium
514 1532 710 1563 merentur.
725 1525 860 1562 llorum
880 1524 970 1561 nihil
991 1523 1082 1561 dixit
1099 1523 1266 1570 velcogi-

196 1586 308 1630 tavit;
327 1585 390 1624 sed
408 1593 447 1622 ut
462 1596 586 1624 servus
599 1585 698 1624 bene
715 1585 878 1631 affectus,
897 1586 953 1622 cui
973 1585 1008 1621 id
1033 1595 1142 1621 unum
1165 1584 1266 1621 cordi

195 1653 286 1692 erat,
305 1647 543 1684 utadomino
578 1647 698 1684 omnia
729 1647 830 1684 facile
857 1646 1105 1694 patienterque
1137 1645 1263 1690 ferret,

193 1708 458 1754 quantumlibet
474 1709 532 1746 illa
553 1709 682 1746 acerba
705 1715 837 1754 essent,
857 1709 910 1746 sic
937 1709 997 1746 ille
1017 1708 1126 1746 verba
1147 1707 1265 1756 philo-

193 1767 330 1816 sophiae
349 1769 455 1816 plena
475 1769 638 1818 protulit.
667 1769 850 1814 Dominus,
883 1769 996 1815 enim,
1031 1769 1158 1816 inquit,
1187 1776 1265 1814 est;

193 1829 286 1878 quod
303 1837 438 1878 gratum
457 1838 506 1868 est
523 1831 559 1868 in
573 1837 754 1880 conspectu
768 1841 830 1868 suo
843 1831 944 1879 faciet
959 1831 1011 1879 (1.
1030 1829 1116 1878 Reg.
1137 1830 1262 1878 5.18).

193 1891 272 1929 Non
291 1892 406 1930 solum
423 1898 542 1930 autem
562 1893 661 1938 hinc,
677 1893 740 1930 sed
760 1892 905 1930 aliunde
925 1902 1067 1940 quoque
1089 1891 1168 1940 ejus
1191 1891 1265 1928 vir-

195 1958 252 1991 tus
271 1953 489 2002 deprehendi
511 1960 642 2002 potest.
661 1954 750 1994 Nam
779 1965 861 1992 cum
889 1953 985 1992 bello
1013 1960 1263 2001 premerentur

193 2015 322 2061 Judaei,
341 2015 587 2065 accedensque
605 2017 751 2065 quidam
770 2017 855 2054 belli
867 2017 986 2055 clades
999 2017 1261 2063 annuntiasset,

195 2084 302 2127 utque
323 2079 472 2128 turpiter
490 2085 526 2118 et
543 2079 676 2117 misere
697 2079 775 2127 ejus
803 2078 867 2115 ﬁlii
895 2078 930 2115 in
961 2079 1084 2126 praalio
1109 2079 1263 2116 cecidis-

195 2147 287 2187 sent,
306 2141 384 2180 htec
401 2143 522 2190 quiete
537 2142 693 2186 audivit;
715 2147 751 2178 at
779 2141 841 2179 ubi
875 2141 936 2178 ille
968 2147 1100 2189 prater
1126 2142 1262 2180 credent

193 2203 396 2252 hujusmodi
413 2215 535 2242 arcam
553 2205 598 2243 ab
615 2204 778 2242 hostibus
805 2211 949 2252 captam
971 2203 1082 2242 fuisse
1107 2204 1263 2252 adjecit--

193 2271 260 2309 set,
278 2273 362 2304 tunc
379 2276 535 2304 mmrore
553 2265 808 2304 obtenebratus
828 2275 938 2303 senex
956 2265 1086 2303 cecidit
1101 2265 1148 2303 de
1177 2267 1265 2304 sella

195 2334 290 2366 retro
307 2328 406 2376 juxta
435 2329 596 2377 januam,
625 2335 660 2366 et
684 2329 878 2366 contritum
901 2334 958 2366 est
986 2328 1134 2366 dorsum
1154 2329 1233 2376 ejus
1253 2341 1262 2366 :

195 2399 302 2428 senex
316 2391 411 2428 enim
431 2397 520 2436 erat,
539 2397 574 2429 et
586 2391 706 2439 gravis
719 2395 755 2428 et
774 2389 1008 2436 honorabilis,
1021 2397 1058 2428 et
1081 2391 1156 2438 ipse
1169 2391 1266 2438 judi-

195 2452 288 2489 cavit
316 2453 422 2491 lsrael
451 2454 574 2502 viginti
592 2453 710 2491 annis.
727 2453 829 2500 Quod
844 2453 872 2490 si
886 2453 1110 2491 sacerdotem
1124 2463 1262 2499 senem,

197 2514 456 2561 honorabilem,
483 2517 542 2564 qui
573 2516 653 2554 sine
679 2517 825 2564 querela
856 2517 1089 2554 Hebraeorum
1119 2523 1264 2564 gentem

198 2575 320 2622 viginti
348 2577 450 2614 annis
482 2585 640 2624 rexerat,
671 2579 730 2626 qui
753 2578 796 2615 iis
813 2577 1036 2627 temporibus
1054 2577 1154 2623 vixit,
1184 2589 1266 2626 quae

199 2647 270 2674 non
293 2643 425 2675 tantam
445 2639 526 2676 vitae
543 2639 761 2688 diligentiam
777 2640 1022 2688 requirebant,
1034 2639 1122 2676 nihil
1135 2640 1264 2678 horum

199 2709 371 2738 excusare
394 2700 604 2748 potuit;sed
619 2702 650 2738 is
669 2703 751 2749 quia
770 2701 923 2739 ﬁliorum
953 2712 1076 2739 curam
1109 2713 1180 2738 non
1209 2707 1266 2738 sat

197 2761 390 2809 diligenter
402 2761 588 2808 habuerat,
606 2763 737 2801 misere
751 2770 786 2801 et
804 2757 994 2802 infeliciter
1009 2765 1129 2812 periit,
1147 2775 1190 2802 ac
1201 2775 1266 2801 ne-

197 2821 374 2870 gtigentite
388 2823 482 2861 illius
497 2824 636 2861 crimen
657 2825 769 2862 instar
785 2823 914 2863 ﬂuctus
935 2826 1090 2875 ingentis
1107 2826 1168 2864 illa
1186 2837 1265 2864 om-

198 2883 255 2921 nia
273 2885 506 2931 transcendit,
527 2891 563 2924 et
582 2891 680 2924 recte
693 2885 786 2924 facta
801 2887 921 2925 omnia
938 2888 1055 2926 obruit
1073 2901 1082 2926 :
1099 2900 1180 2937 quae
1198 2900 1264 2927 nos

199 2947 286 2985 ultio
300 2948 468 2996 excipiet,
489 2949 548 2998 qui
566 2949 622 2987 his
636 2950 859 2998 temporibus
878 2951 1047 2997 vivimus,
1074 2952 1109 2989 in
1135 2952 1266 3000 quibus

199 3009 312 3057 major
327 3011 553 3060 philosophia
574 3013 782 3061 requiritur,
799 3019 835 3051 et
849 3019 966 3052 tamen
983 3013 1035 3052 illi
1051 3014 1184 3052 virtute
1208 3013 1267 3051 in-

200 3069 346 3110 feriores
363 3085 488 3112 sumus
503 3085 512 3119 ;
527 3084 570 3112 ac
591 3086 662 3112 non
683 3075 792 3112 modo
809 3075 892 3114 ﬁliis
910 3087 984 3114 non
1011 3077 1264 3124 prospicimus,

199 3133 260 3171 sed
277 3135 383 3172 etiam
400 3137 490 3175 alios
507 3137 543 3174 id
568 3137 687 3176 facere
707 3138 861 3177 nitentes
892 3139 1032 3176 insidiis
1063 3139 1267 3187 appetimus

200 3203 506 3247 et0ppugnamus,
529 3211 572 3238 ac
591 3201 755 3239 barbaris
785 3201 1018 3240 immaniores
1047 3213 1129 3251 erga
1163 3209 1267 3240 natos

201 3267 342 3299 nostros
361 3265 510 3302 sumus?
529 3264 676 3303 Illorum
693 3265 824 3314 quippe
842 3266 967 3304 feritas
984 3277 1098 3314 usque
1115 3265 1162 3304 ad
1188 3277 1267 3304 ser-

199 3324 514 3371 vitutem'tantum,
533 3333 569 3366 et
585 3329 788 3366 vastitatem
804 3339 848 3366 ac
861 3331 1104 3378 Captivitatem
1126 3329 1265 3378 patrire,

188 3394 440 3433 'corporeaque
456 3389 548 3426 mala
566 3391 672 3428 szevit
684 3401 694 3436 ;
707 3401 772 3430 vos
787 3397 907 3429 autem
925 3393 1039 3440 ipsam
1059 3393 1216 3430 animam
1232 3393 1267 3431 in

200 3449 405 3486 servitutem
417 3449 592 3498 redigitis,
601 3463 752 3502 eamque
769 3454 863 3492 velut
877 3455 1056 3502 captivum
1069 3456 1266 3504 alligatam,

202 3508 247 3544 ita
264 3510 426 3558 malignis
440 3510 598 3559 ferisque
619 3513 843 3552 damonibus
863 3525 1061 3564 eorumque
1081 3516 1269 3554 affectibus

205 3571 356 3610 traditis.
371 3573 461 3610 Cum
497 3575 594 3612 enim
625 3586 742 3624 neque
771 3578 839 3626 ipsi
872 3578 1056 3626 quidpiam
1085 3579 1271 3626 spirituale

205 3634 370 3680 monetis,
391 3645 509 3684 neque
535 3637 627 3674 alios
650 3637 685 3675 id
703 3639 890 3687 cupientes
907 3639 1026 3678 facere
1049 3642 1268 3689 permittitis,

205 3693 292 3733 nihil
313 3697 472 3745 profecto
489 3699 586 3738 aliud
622 3701 741 3748 agitis.
771 3701 846 3740 Nec
879 3703 968 3740 mihi
997 3702 1095 3741 dicat
1125 3705 1269 3752 aliquis,

207 3757 352 3805 multos,
371 3762 430 3809 qui
447 3762 527 3810 plus
547 3773 652 3811 quam
674 3763 753 3802 lieli
786 3763 879 3802 ﬁlios
905 3765 1162 3814 neglexerant,
1184 3768 1271 3805 nihil

208 3819 324 3860 simile
355 3833 480 3871 passos
499 3835 594 3864 esse.
623 3825 724 3863 Multi
749 3827 846 3864 enim
871 3837 968 3875 stupe
994 3829 1041 3866 ob
1067 3829 1271 3877 hujusmodi

209 3883 346 3930 culpam
364 3885 470 3926 etiam
489 3887 532 3927 iis
544 3887 708 3936 graviora
729 3888 824 3937 passi
843 3894 938 3927 sunt.
959 3889 1048 3928 Nam
1066 3890 1162 3930 unde
1179 3903 1272 3941 pra:-

696 202 938 243 ADV‘ERSUS
956 193 1326 240 OPPUGNATORES
1353 195 1476 234 VITJE
1501 197 1698 237 MONAST.
1727 196 1814 236 LIB.
1843 196 1904 236 Ill.

2337 197 2410 238 351

1333 279 1487 310 maturat
1506 275 1667 312 mortes?
1685 274 1782 312 unde
1797 273 2000 322 gravissimi
2020 276 2057 310 et
2073 271 2278 320 frequentes
2291 274 2408 314 morbi

1333 341 1370 373 et
1383 335 1488 373 nobis
1503 342 1538 374 et
1554 336 1678 374 liberis
1710 337 1847 374 nostris
1876 336 2107 374 inferuntur?
2131 337 2229 374 unde
2261 336 2407 381 damna,

1333 399 1428 437 unde
1445 399 1682 445 calamitates,
1697 400 1792 438 unde
1818 407 2049 445 nocumenta,
2069 399 2166 438 unde
2185 401 2280 437 mala
2301 401 2408 437 innu-

1331 459 1456 497 mera?
1477 471 1598 498 nonne
1616 462 1711 509 quod
1733 463 1917 508 improbos
1947 462 2042 500 ﬁlios
2070 463 2263 500 emendare
2293 463 2409 507 negli-

1331 517 1484 568 gam'us?
1502 521 1603 567 Quod
1623 523 1699 559 hmo
1715 530 1834 560 autem
1862 533 1934 560 non
1967 525 2173 571 conjectura
2206 525 2274 568 sit,
2312 523 2410 560 scnis

1332 583 1429 620 illius
1448 593 1554 620 casus
1574 584 1662 620 satis
1681 585 1852 622 ostendit.
1875 585 1952 632 Ego
1973 596 2060 622 vero
2083 586 2256 632 sapientis
2285 586 2408 633 cujus-

1332 645 1417 682 dam
1433 654 1476 682 ex
1501 646 1637 683 nostris
1656 646 1724 684 hac
1742 647 1786 684 de
1821 658 1860 684 re
1887 648 2022 684 dictum
2055 647 2208 685 referam
2231 660 2238 684 :
2261 648 2306 685 de
2327 648 2410 684 ﬁliis

1332 708 1428 744 enim
1445 707 1640 750 disserens,
1657 709 1702 744 ita
1723 708 1882 756 quuitur
1899 722 1906 744 :
1926 709 1982 745 Ne
1992 708 2116 746 [tueris
2131 710 2165 745 in
2181 709 2262 755 ﬁliis
2277 709 2409 755 impiis;

1332 771 1400 806 nisi
1419 771 1521 817 fuerit
1539 771 1574 807 in
1589 771 1659 807 illis
1683 770 1750 807 Dei
1777 773 1892 815 timor,
1915 783 1958 808 ne
1982 772 2136 818 conﬁdas
2159 771 2299 808 illorum
2332 773 2408 808 vita:

1332 833 1457 880 (Eccli.
1481 833 1538 870 16.
1561 834 1654 882 1-5).
1675 833 1891 882 lngemisces
1902 835 1996 873 enim
2015 842 2234 883 praematuro
2250 835 2410 879 luetu,ct

1332 893 1527 942 derepente
1545 896 1688 933 illorum
1709 897 2023 944 consumptionem
2041 899 2148 934 scies.
2170 897 2319 934 Plurimi
2341 897 2409 944 igi-

1333 959 1404 1001 tur,
1425 963 1462 993 ut
1477 957 1565 1002 dixi,
1588 958 1699 994 multa
1717 958 1896 1004 ejusmodi
1917 959 2011 1006 passi
2033 966 2130 995 sunt.
2155 959 2191 996 Si
2207 965 2325 996 autem
2340 959 2408 994 ali-

1333 1020 1393 1068 qui
1426 1020 1639 1068 elfugerint,
1659 1028 1696 1058 at
1726 1032 1798 1058 non
1833 1023 1866 1058 in
1897 1021 2006 1059 ﬁnem
2039 1023 2211 1070 clfugicut
2233 1023 2258 1065 ί,
2283 1023 2346 1060 sed
2373 1023 2408 1059 in

1333 1083 1460 1130 capitis
1477 1084 1532 1120 sui
1549 1085 1707 1128 malum;
1727 1086 1932 1122 acerbiores
1950 1087 2062 1130 cuitu,
2083 1097 2164 1123 cutn
2185 1087 2410 1124 excesserint
2449 1112 2452 1114 -

1333 1156 1354 1183 e
1372 1147 1458 1190 vita,
1478 1157 1605 1195 pinnas
1621 1148 1732 1184 luent.
1755 1147 1827 1185 Cur
1845 1156 1980 1192 autem,
2000 1149 2154 1196 inquies,
2173 1161 2242 1186 non
2262 1151 2319 1188 hic
2334 1162 2410 1186 nm-

1333 1221 1400 1248 nes
1414 1211 1631 1258 puniuntur?
1650 1211 1739 1258 Quia
1761 1212 1856 1248 Deus
1873 1211 1967 1249 diem
1989 1213 2128 1257 statuit,
2147 1223 2213 1259 qua
2231 1213 2411 1258 judicatu-

1334 1283 1396 1310 rus
1413 1279 1469 1310 est
1486 1274 1610 1310 orbem
1631 1274 1836 1311 universum
1857 1287 1866 1311 :
1889 1274 1967 1311 lucc
1992 1282 2110 1311 autem
2141 1275 2218 1311 dies
2251 1275 2410 1310 nondum

1335 1335 1452 1373 adest.
1472 1336 1526 1372 Ad
1543 1335 1622 1373 haec
1638 1347 1723 1373 vero
1747 1337 1776 1372 si
1805 1337 1853 1373 ita
1884 1336 1998 1380 ﬁeret,
2015 1335 2088 1384 jam
2112 1337 2340 1382 absumptum
2375 1343 2412 1372 et

1334 1399 1522 1446 abreptum
1542 1406 1638 1435 cssct
1652 1409 1759 1436 omne
1783 1409 1896 1446 genus
1926 1398 2138 1434 humanum.
2167 1398 2238 1435 Sed
2273 1403 2312 1434 nt
2345 1408 2412 1434 nec

1337 1460 1406 1498 hoc
1426 1461 1624 1508 contingat,
1644 1471 1710 1498 nec
1730 1461 1874 1508 plurimi
1897 1461 2082 1508 segniores
2107 1461 2193 1496 ﬁant
2217 1470 2263 1496 ex
2298 1459 2410 1496 tardi-

1336 1527 1410 1559 tate
1427 1521 1567 1568 judicii,
1585 1522 1758 1570 quosdam
1775 1523 1868 1560 Deus
1884 1522 2042 1570 peccatis
2062 1521 2240 1559 obnoxios
2258 1521 2316 1557 hic
2336 1531 2411 1568 poe-

1334 1584 1393 1621 nis
1413 1583 1586 1628 afﬁciens,
1605 1585 1734 1621 horum
1753 1585 1918 1632 exemplo
1937 1585 2096 1632 reliquos
2111 1585 2231 1630 docet,
2245 1594 2410 1632 quamam

1336 1645 1384 1681 sit
1401 1645 1658 1692 suppliciorum
1675 1647 1768 1683 ratio
1785 1656 1827 1684 ac
1843 1657 2027 1692 mensura,
2041 1652 2081 1683 ut
2093 1646 2271 1691 ediscant,
2287 1655 2340 1689 se,
2356 1653 2410 1683 ct-

1336 1709 1368 1745 si
1387 1708 1424 1744 in
1444 1709 1510 1745 hac
1529 1709 1599 1745 vita
1616 1719 1740 1756 poenas
1757 1719 1827 1746 non
1848 1711 1962 1754 luant,
1984 1715 2064 1758 post
2083 1719 2270 1747 excessum
2289 1715 2409 1746 tamen

1335 1769 1440 1817 longe
1467 1770 1652 1817 graviores
1681 1771 1866 1809 subituros
1895 1781 1991 1809 esse.
2021 1771 2146 1818 Neque
2181 1771 2278 1809 enim
2313 1770 2409 1828 quod

1334 1831 1548 1880 prophetam
1565 1843 1662 1870 nunc
1681 1843 1752 1870 non
1773 1834 1892 1870 mittat
1911 1833 2023 1879 Deus,
2041 1843 2108 1870 nec
2125 1842 2251 1880 ptenas
2267 1832 2410 1871 denun-

1333 1893 1400 1931 tiet
1417 1900 1456 1932 ut
1476 1893 1555 1931 Heli
1575 1900 1752 1942 tempore,
1769 1895 1850 1933 ideo
1863 1894 2007 1932 desides
2020 1905 2102 1932 esse
2119 1893 2292 1932 debemus
2311 1905 2320 1930 :
2337 1904 2410 1930 non

1333 1957 1431 1994 enim
1449 1957 1705 2006 prophetarum
1739 1957 1808 1995 hoc
1837 1963 1980 2006 tempus
2012 1963 2093 2001 est;
2123 1957 2194 1994 imo
2227 1967 2314 1994 vero
2346 1966 2411 1994 eos

1334 2028 1431 2057 nunc
1447 2029 1590 2068 quoque
1609 2020 1732 2058 mittit.
1755 2019 1874 2070 [Unde
1888 2019 1923 2056 id
1946 2019 2052 2057 nobis
2065 2019 2203 2066 liquet?
2220 2017 2356 2054 Habent
2377 2019 2404 2062 ',

1333 2081 1460 2128 inquit,
1479 2081 1636 2130 Moysem
1648 2089 1682 2119 et
1699 2081 1896 2132 prop/tetas]
1906 2081 2010 2131 (Luc.
2031 2082 2090 2120 16.
2109 2082 2188 2130 29).
2205 2081 2252 2118 Ea
2272 2080 2406 2128 quippe

1335 2155 1416 2192 qua:
1433 2144 1529 2182 illius
1555 2145 1728 2193 temporis
1758 2145 1844 2182 viris
1873 2145 1969 2183 dicta
2002 2151 2100 2190 sunt,
2132 2144 2234 2181 nobis
2265 2153 2410 2190 quoque

1335 2207 1429 2246 dicta
1447 2213 1544 2254 sunt,
1566 2218 1634 2246 nec
1652 2208 1868 2254 modolleli,
1889 2207 1952 2246 sed
1973 2207 2140 2244 omnibus
2161 2207 2264 2244 simul
2281 2205 2408 2242 eadem

1335 2269 1568 2317 peccantibus
1589 2280 1653 2317 per
1672 2270 1771 2307 illum
1789 2280 1925 2318 perque
1943 2269 2038 2306 illius
2053 2269 2276 2306 calamitates
2295 2269 2410 2315 loqui-

1336 2337 1395 2368 tur
1409 2331 1517 2369 Deus.
1532 2331 1608 2370 Nec
1627 2333 1723 2369 enim
1745 2342 1918 2379 personas
1935 2332 2080 2378 accipit,
2100 2341 2168 2368 nec
2185 2332 2244 2378 qui
2269 2332 2406 2368 minora

1335 2400 1546 2444 peccantem
1563 2405 1645 2432 eum
1663 2395 1772 2431 domo
1787 2399 1859 2430 tota
1884 2393 2043 2430 funditus
2072 2393 2216 2437 evertit,
2245 2393 2409 2440 graviora

1335 2467 1527 2506 aggressos
1545 2457 1701 2494 dimittet
1717 2455 1865 2492 inultos.

1383 2521 1422 2558 4.
1451 2519 1558 2568 Leges
1583 2518 1837 2556 educandorum
1857 2516 2040 2554 liberorum
2057 2515 2130 2552 Deo
2148 2515 2250 2552 datis.
2268 2535 2317 2542 —
2330 2515 2407 2552 Non

1336 2583 1432 2620 enim
1449 2581 1571 2620 dicere
1590 2579 1644 2618 fas
1661 2586 1729 2624 est,
1749 2589 1830 2617 eum
1847 2589 1918 2616 non
1939 2577 2087 2614 multam
2105 2577 2212 2623 hujus
2230 2577 2280 2615 rei
2300 2577 2412 2614 ratio-

1336 2655 1419 2682 nem
1451 2643 1598 2688 habere,
1621 2651 1797 2678 summam
1817 2640 1963 2688 quippe,
1985 2639 2252 2676 educandurum
2281 2638 2412 2674 libero-

1335 2716 1416 2744 rum
1433 2704 1709 2743 sollicitudinem
1730 2703 1865 2740 inducit
1886 2714 1894 2738 :
1918 2701 2095 2749 siquidem
2121 2706 2254 2738 tantam
2273 2707 2410 2737 natura:

1336 2768 1662 2816 concupiscentiam
1689 2766 1770 2804 idco
1798 2765 1938 2810 indidit,
1969 2772 2008 2802 ut
2027 2763 2126 2812 quasi
2158 2763 2410 2800 necessitatem

1337 2832 1528 2882 quamdam
1549 2830 1794 2868 inevitabilem
1807 2839 1902 2866 cura:
1921 2827 2074 2865 ﬁliorum
2089 2825 2264 2863 habendae
2279 2835 2414 2871 paron--

1336 2898 1432 2935 tibus
1457 2895 1694 2934 constitueret
1727 2905 1736 2930 :
1770 2893 1867 2940 leges
1886 2891 1970 2929 item
1984 2888 2213 2938 postmodum
2233 2887 2352 2924 intulit
2367 2885 2412 2924 de

1337 2969 1423 2997 cura
1439 2959 1592 2996 ﬁliorum
1612 2954 1768 3004 gerenda
1786 2964 1853 2991 nos
1873 2953 2087 3000 alloquens:
2109 2957 2143 2988 et
2167 2960 2250 2986 cum
2265 2949 2342 2986 dies
2357 2948 2413 2986 fe-

1337 3027 1413 3058 stos
1430 3025 1620 3063 statueret,
1649 3024 1689 3054 ut
1705 3026 1833 3054 causas
1853 3014 1933 3051 ﬁliis
1948 3013 2024 3051 suis
2038 3011 2238 3049 indicarent
2259 3011 2416 3058 impera-

1337 3084 1401 3120 vit.
1431 3082 1520 3120 Nam
1543 3091 1624 3119 cum
1650 3079 1696 3117 de
1718 3077 1894 3116 Paschate
1915 3075 2137 3123 loqueretur,
2164 3071 2296 3120 adjecit
2323 3083 2332 3108 :
2372 3071 2416 3107 Et

1315 3145 1556 3184 'annuntiabis
1591 3144 1665 3192 ﬁlio
1701 3149 1758 3179 tuo
1784 3142 1821 3177 in
1859 3140 1914 3176 die
1945 3138 2007 3175 illa
2041 3137 2156 3173 dicens
2185 3133 2306 3172 :Idco
2337 3134 2421 3181 fecit

1339 3209 1434 3246 Deus
1453 3208 1538 3244 mihi
1567 3207 1653 3250 haec,
1671 3216 1748 3242 cum
1771 3203 1899 3240 exirem
1913 3200 1955 3238 de
1977 3198 2148 3248 JEgypto.
2171 3197 2208 3234 lu
2228 3197 2308 3244 lege
2324 3207 2417 3243 quo-

1339 3283 1410 3323 que
1436 3272 1590 3320 idipsum
1630 3268 1744 3306 facit:
1775 3276 1859 3304 nam
1897 3263 1943 3302 de
1967 3261 2215 3312 primogenitis
2249 3260 2420 3323 tequutus

1339 3321 1464 3376 rurSus
1507 3333 1630 3382 adjicit
1667 3343 1678 3370 :
1723 3329 1764 3369 Si
1795 3335 1910 3366 autem
1953 3324 2210 3374 interrogaverit
2249 3329 2280 3360 te
2325 3321 2420 3368 ﬁlius

1341 3408 1434 3445 tuus,
1451 3398 1566 3435 dicens
1579 3407 1592 3434 :
1617 3393 1709 3441 Quid
1728 3394 1792 3430 hoc
1811 3392 1888 3429 est?
1904 3391 1994 3428 dices
2011 3388 2058 3425 ad
2075 3399 2165 3431 eum,
2185 3385 2276 3432 Quia
2292 3385 2328 3420 in
2342 3394 2418 3418 ma-

1341 3474 1388 3500 nu
1405 3460 1520 3499 valida
1537 3459 1655 3498 eduxit
1672 3468 1733 3494 nos
1753 3456 1919 3493 Dominus
1939 3454 1980 3490 de
2004 3451 2162 3501 .Egypto
2183 3461 2227 3486 ea:
2238 3449 2326 3498 jugo
2347 3455 2420 3482 ser-

1341 3523 1472 3562 vitutis.
1489 3521 1575 3560 Cum
1585 3531 1663 3558 vero
1680 3515 2052 3556 obdurareturPhat-ao
2067 3523 2128 3550 nec
2143 3511 2326 3572 dimitteret
2341 3515 2420 3572 nos,

1343 3586 1468 3624 occidit
1479 3595 1580 3622 omne
1589 3582 1852 3632 primogenitum
1861 3581 1897 3617 in
1905 3586 1995 3616 terra
2002 3574 2150 3624 Egypti
2157 3584 2178 3608 α
2189 3567 2422 3632 ρξὶηιξιθθηίίη

1343 3649 1522 3687 hominum
1538 3628 1644 3694 usque
1654 3628 1941 3693 advprimnaenita
1949 3641 2197 3690 jumentorum.
2212 3628 2348 3666 Idcirco
2359 3635 2424 3673 ego

1387 3727 1399 3749 ⁸
1423 3733 1498 3761 Haec
1511 3724 1628 3766 verba,
1643 3726 1677 3758 at
1691 3731 1754 3757 non
1768 3721 1803 3756 in
1817 3719 1917 3764 finem
1938 3715 2107 3760 effugiam
2122 3711 2156 3744 in
2171 3704 2284 3742 Morel.
2297 3708 2425 3738 tantum

1343 3768 1621 3850 “figite.
1634 3807 1672 3842 id
1687 3805 1779 3841 nobis
1788 3804 1894 3850 tique!
1905 3799 1922 3834 -’
1953 3791 2214 3850 FWI'isziii"?
2223 3790 2426 3850 Ξοηέἕηηὲρῖξ

1345 3833 2178 3896 ννορὶέιἿὰᾍίῗοῶίὶζῖιζὶΒζιρέξέίεξεεςεξκξεετειο
2196 3843 2205 3866 ε
2221 3839 2296 3876 quae
2311 3834 2426 3874 apem

1348 3880 1402 3932 Esi
1407 3880 1768 3940 ihiéii’oﬁiaé‘ﬁre
1783 3885 1912 3921 uncinis
1925 3880 2132 3916 seclusituus.
