2734 4342
375 201 448 238 355

375 277 515 314 immzla
547 274 700 312 Domino
722 283 822 310 autne
841 272 1073 310 inaaculinmu
1095 272 1301 319 adaperiam
1331 272 1466 308 vulvam

375 339 508 386 (Exeo.
522 336 620 373 13.8.
636 335 692 372 Η.
713 335 772 380 ίῢ)
791 345 800 376 ;
816 334 938 371 omnia
955 340 991 371 nt
1005 345 1070 372 eos
1082 334 1126 370 ad
1143 335 1205 371 Dci
1220 333 1465 382 cognitionem

374 399 558 437 adducant
578 397 724 446 pra'cipi
735 408 815 434 ens.
828 396 898 436 Sed
912 404 948 435 et
961 398 1046 445 ipsis
1059 408 1202 446 quoque
1218 397 1299 434 ﬁliis
1312 397 1465 445 plurima

375 462 471 498 circa
502 470 582 504 eos,
612 460 672 507 qui
693 470 731 496 se
751 467 969 508 genuerunt,
1007 461 1173 507 imperat,
1197 460 1289 497 bene
1318 459 1466 498 affectos

377 524 577 570 bonorans,
605 524 768 571 ingratos
794 524 974 570 supplicio
999 523 1190 562 afﬁciens:
1221 523 1388 560 hacitem
1409 534 1466 559 ra-

376 586 474 625 tione
493 586 656 624 cariores
683 586 765 623 illos
787 586 999 634 parentibus
1020 585 1118 622 facit.
1139 585 1227 622 Nam
1249 585 1278 621 si
1299 586 1380 632 quis
1401 595 1466 620 cu-

372 649 532 698 juspiatn
556 660 622 686 nos
651 650 891 686 constitueret
909 649 1092 693 dominos,
1121 649 1260 686 honore
1281 649 1351 685 isto
1368 659 1466 684 sum-

375 723 472 749 mam
491 712 597 748 nobis
618 712 873 756 necessitatem
893 713 1097 758 imponeret
1125 723 1168 748 ne
1184 711 1284 747 illum
1306 711 1466 758 neglige-

375 785 502 813 remus
525 775 684 812 :etenitn
707 776 736 811 si
757 775 842 811 nihil
863 775 972 818 aliud,
996 775 1083 811 illud
1104 781 1202 811 cette
1231 786 1295 811 nos
1314 784 1467 812 exorare

376 844 516 886 posset,
537 838 634 884 quod
662 837 758 874 illius
788 838 910 873 omnia
933 838 1069 873 nostris
1090 837 1124 873 in
1145 838 1310 873 manibus
1329 843 1465 880 essent,

376 912 446 939 nec
473 901 577 937 nobis
605 901 784 938 creditum
816 908 853 937 ut
875 901 1112 948 proderemns
1135 911 1302 947 umquam
1337 898 1468 938 adduci

380 973 586 1011 possemus.
603 963 693 1000 Cum
712 970 832 999 autem
851 969 974 1010 postea
989 963 1097 999 etiam
1121 963 1312 1005 irascatur,
1337 962 1468 1008 magis-

378 1036 449 1072 que
463 1035 569 1069 quam
587 1026 653 1071 ipsi
667 1025 898 1061 contumeliis
915 1024 1005 1066 lmsi,
1025 1024 1245 1072 indignetur,
1262 1033 1468 1071 gravesque

381 1098 509 1135 paruas
528 1087 650 1132 addat,
675 1087 758 1124 hinc
777 1098 920 1135 quoque
951 1087 1064 1122 multo
1088 1087 1202 1133 magis
1233 1087 1277 1121 ad
1308 1085 1468 1122 ofﬁciunt

379 1151 579 1197 perit-altat.
603 1150 706 1194 Quod
728 1150 843 1196 ipsum
869 1150 962 1185 Dens
994 1150 1172 1195 pnestitil.
1209 1149 1263 1186 Ad
1285 1149 1362 1185 hzec
1385 1159 1469 1184 vero

381 1213 525 1248 tertium
560 1218 698 1248 natura)
734 1212 917 1247 vinculum
940 1211 1118 1258 adiunxit,
1143 1210 1198 1247 sin
1228 1203 1346 1247 mavis
1363 1239 1371 1255 ,
1395 1211 1468 1262 pri,-

380 1286 478 1311 muut
505 1288 513 1312 :
543 1286 585 1310 ac
602 1287 645 1311 tte
666 1275 761 1310 illius
775 1274 818 1310 de
835 1274 1034 1310 educandis
1055 1275 1176 1310 liberis
1196 1275 1331 1311 tnonita
1347 1280 1469 1322 patres

379 1344 822 1383 asperumeutur,natnr;e
838 1337 975 1373 addidit
998 1338 1263 1376 necessitatem.
1277 1337 1329 1374 Ne
1348 1344 1468 1374 autem

381 1399 440 1435 illa
463 1399 617 1434 ﬁliorum
641 1399 782 1446 injuriis
816 1399 1032 1434 imbecillior
1064 1399 1192 1435 effecta
1223 1405 1467 1446 rntnperetttr,

379 1470 416 1499 et
431 1474 532 1498 suam
552 1471 585 1498 ct
602 1470 789 1510 parentum
812 1463 984 1499 nltionetn
1004 1463 1156 1499 lit‘tnitet‘
1175 1463 1377 1505 constituit,
1399 1461 1469 1499 hoc

380 1525 488 1562 modo
517 1531 553 1561 et
586 1525 666 1561 illos
695 1537 837 1563 summa
859 1527 1090 1562 accnratione
1109 1526 1273 1562 subditos
1295 1525 1467 1571 reddens,

379 1596 414 1626 et
436 1589 564 1624 horum
598 1600 682 1635 erga
719 1589 811 1625 filios
841 1600 1003 1625 amorem
1041 1589 1220 1625 excitans.
1254 1588 1379 1636 Neque
1401 1588 1470 1626 hoc

381 1659 541 1694 tantum;
563 1652 624 1688 sed
643 1653 714 1688 alio
733 1664 876 1700 quoque
901 1659 936 1689 et
953 1660 1083 1700 quarto
1105 1653 1213 1689 tnodo
1231 1663 1372 1690 summa
1403 1663 1470 1692 nos

381 1715 450 1748 illis
471 1714 656 1758 diligentia
675 1715 865 1759 eonjnnxit
885 1728 892 1750 :
915 1726 985 1751 non
1008 1715 1255 1752 tantumeuint
1272 1716 1366 1752 filios
1383 1727 1468 1762 erga

380 1780 548 1820 parentes
568 1776 726 1820 ingratos
746 1778 861 1819 [manis
877 1775 1003 1819 afficit,
1021 1777 1267 1812 honosautem
1283 1777 1469 1823 amplexa-

381 1842 458 1878 tur;
490 1846 614 1872 verum
637 1836 725 1883 ipsis
746 1847 890 1883 quoque
918 1837 1129 1883 parentibus
1162 1838 1196 1873 id
1221 1838 1336 1884 ipsum
1366 1839 1465 1884 l'aeit,

380 1899 575 1934 liberorum
613 1899 816 1945 neglectum
837 1899 994 1945 graviter
1020 1899 1212 1942 ulciscens,
1235 1911 1360 1935 cormn
1381 1911 1468 1937 vero

379 1972 502 1997 curant
525 1969 559 1998 et
579 1962 858 1998 sollicitudinem
886 1961 1024 1998 honore
1043 1970 1079 2000 et
1097 1961 1264 2000 landilms
1285 1964 1464 2000 afﬁciens.

379 2022 540 2069 Namque
560 2034 683 2060 senem
709 2024 809 2060 illtttn
827 2026 968 2061 tametsi
983 2025 1072 2061 alias
1087 2025 1260 2062 illustrem
1281 2038 1324 2063 ex
1343 2027 1468 2074 hujus-

383 2087 478 2121 modi
509 2094 646 2123 tantum
678 2088 897 2135 negligentia
928 2089 1081 2136 punivit,
1118 2090 1358 2136 patriareham
1380 2101 1467 2128 vero

380 2152 458 2184 non‘
474 2149 592 2185 minus
612 2160 655 2184 ex
686 2149 767 2194 hac,
805 2160 911 2196 quam
942 2160 984 2186 ex
1018 2151 1099 2187 aliis
1118 2153 1228 2195 euris,
1263 2151 1465 2189 honoravit.

379 2209 471 2246 Cum
499 2211 593 2245 enim
618 2211 727 2246 multa
749 2222 950 2260 magnaque
969 2213 1063 2249 dona
1085 2213 1158 2256 iila,
1181 2225 1260 2261 qucc
1276 2226 1314 2250 se
1332 2214 1381 2251 illi
1400 2215 1467 2252 da-

381 2277 499 2307 turutn
529 2272 780 2318 pollicebatur,
810 2284 1013 2320 enarraret,
1045 2281 1081 2312 et
1110 2286 1256 2312 causam
1277 2277 1464 2326 adjiceret,

381 2333 475 2370 hanc
491 2335 628 2371 addidit
648 2347 656 2371 :
683 2335 856 2373 Noveram
885 2339 998 2382 enim,
1023 2339 1152 2386 inquit,
1174 2341 1266 2386 quod
1285 2341 1466 2377 constituet

379 2396 552 2432 Abraham
586 2398 667 2443 ﬁliis
687 2399 772 2444 suis,
806 2407 836 2436 et
856 2400 973 2436 domui
993 2413 1067 2437 suto
1085 2410 1160 2449 post
1187 2414 1276 2446 cum,
1299 2410 1328 2438 et
1348 2411 1464 2440 custo-

379 2460 471 2496 dicnt
491 2461 560 2496 vias
583 2460 721 2498 Domini
744 2462 820 2506 Dei,
856 2470 893 2499 ut
917 2456 1230 2512 faciantjustitiatn
1249 2473 1280 2501 et
1293 2467 1465 2514 judicium

379 2522 482 2570 (Gen.
506 2523 564 2560 18.
587 2524 660 2570 l9).
686 2525 769 2562 liceo
784 2532 905 2562 autem
921 2537 940 2561 a
957 2537 1013 2562 tne
1031 2538 1125 2563 ntmc
1144 2527 1224 2563 ideo
1239 2538 1466 2566 COllllnCnlth

379 2592 517 2629 rantur,
548 2593 584 2622 ut
603 2585 784 2623 discamus
811 2588 924 2624 Deum
946 2600 1017 2625 non
1037 2600 1142 2636 (equo
1168 2591 1289 2627 animo
1307 2590 1464 2628 laturum

378 2658 457 2684 esse
473 2649 502 2684 si
524 2649 574 2685 illi
594 2650 836 2698 negligantur,
853 2652 913 2698 qui
931 2657 1037 2688 tantm
1057 2653 1123 2698 ipsi
1145 2662 1240 2689 cura:
1263 2659 1360 2690 sunt.
1390 2653 1462 2690 Ne-

377 2721 447 2758 que
465 2712 560 2748 enim
591 2712 685 2749 idetn
720 2714 797 2760 ipse
819 2720 937 2762 potest
965 2722 1062 2751 tanta
1086 2727 1150 2762 pro
1171 2717 1314 2762 illorum
1345 2719 1464 2755 salute

377 2774 535 2819 operari,
573 2781 680 2822 atque
711 2776 741 2812 si
770 2776 818 2812 illi
842 2777 1070 2825 negligantur
1092 2778 1180 2814 nihil
1203 2791 1345 2817 curare.
1381 2780 1461 2817 Non

379 2835 498 2882 itaque
530 2838 706 2885 negliget,
745 2839 808 2876 sed
843 2840 1103 2888 indignabitur,
1139 2842 1201 2878 sed
1228 2843 1461 2880 vehementer

378 2897 568 2942 irascetur,
605 2907 640 2935 nt
662 2911 705 2937 ex
729 2901 836 2938 rebus
859 2903 947 2948 ipsis
966 2903 1254 2940 demonstratum
1276 2912 1344 2942 est.
1366 2907 1462 2950 Qua-

380 2967 528 3006 propter
546 2961 672 2998 beatus
693 2963 823 3000 Paulus
842 2963 976 3011 jugiter
1005 2965 1176 3002 atlmonct
1197 2967 1322 3004 dicens
1343 2979 1351 3003 :
1387 2967 1460 3003 Ρα-

379 3029 458 3066 tres,
496 3025 636 3061 cdncate
666 3027 758 3072 ﬁlios
778 3035 904 3075 vestros
929 3029 963 3063 in
991 3027 1173 3075 disciplina
1193 3036 1222 3065 ct
1249 3031 1462 3079 correptione

379 3082 517 3120 Domini
537 3085 696 3134 ‘,E’pltes.
720 3088 755 3139 6.
778 3088 830 3136 4).
865 3087 900 3126 Si
927 3089 1022 3125 enim
1043 3101 1108 3128 nos
1124 3090 1296 3138 jnbemnr
1316 3093 1460 3140 vigilare

379 3156 443 3191 pro
469 3149 658 3185 animabus
682 3160 807 3186 eorum
837 3155 1018 3197 tamquam
1054 3153 1231 3190 rationem
1269 3155 1457 3198 reddituri,

378 3207 492 3243 multo
510 3210 622 3256 ntagis
644 3220 756 3256 pater,
775 3211 834 3258 qui
857 3213 994 3258 genuit,
1023 3214 1083 3260 qui
1101 3213 1281 3260 educavit,
1301 3217 1460 3262 quicum

379 3267 440 3304 illo
456 3269 552 3305 domi
573 3282 718 3318 semper
733 3280 866 3309 manet.
888 3274 1198 3320 Quemadmodum
1219 3279 1314 3315 enitn
1333 3280 1367 3316 in
1387 3280 1460 3315 suis

377 3329 516 3366 delictis
533 3342 603 3367 non
622 3339 740 3378 potest
756 3334 800 3370 ad
820 3338 1094 3375 excusationem
1113 3346 1149 3376 et
1169 3341 1307 3377 veniam
1329 3339 1452 3377 eonl'n-

377 3401 475 3437 gcre,
498 3392 544 3428 ita
565 3404 630 3430 nec
651 3395 684 3431 in
703 3395 760 3439 iis,
776 3407 855 3443 qua:
875 3398 936 3435 ﬁlii
959 3399 1186 3448 deliquerint.
1206 3402 1315 3450 quue
1335 3411 1459 3438 rursus

376 3453 503 3491 beatus
516 3455 648 3493 Paulus
657 3456 815 3495 declarat
828 3461 858 3509 (Ι
868 3488 877 3497 .
889 3460 979 3498 Tim.
992 3464 1028 3500 5.
1041 3465 1091 3511 4).
1103 3465 1192 3501 Cum
1204 3466 1298 3501 enim
1310 3466 1372 3502 ille
1382 3466 1459 3514 lege

375 3517 534 3554 sanciret
548 3519 751 3566 cuiusmodi
771 3533 851 3560 esse
871 3523 1047 3562 deberent
1071 3527 1091 3562 ii
1111 3528 1171 3574 qui
1190 3528 1342 3564 aliorum
1359 3530 1460 3576 prin-

374 3579 530 3626 cipatunt
561 3581 709 3628 adeunt,
738 3595 817 3622 cum
839 3587 919 3625 aliis
939 3589 1121 3634 onmibus,
1145 3601 1224 3637 quin
1243 3590 1312 3626 illis
1333 3601 1460 3627 ncces-

374 3644 470 3680 sario
489 3645 608 3682 ittCSSe
628 3647 822 3692 debebant,
841 3649 996 3688 ﬁliorum
1025 3663 1169 3700 quoque
1187 3665 1310 3690 curam
1330 3655 1456 3700 exigit,

356 3707 475 3754 ,uttasi
494 3707 589 3744 nulla
602 3709 675 3755 jam
697 3711 831 3759 reliqua
853 3724 937 3761 spes
955 3715 1070 3751 venia:
1089 3717 1149 3759 sit,
1173 3716 1203 3752 si
1223 3716 1273 3752 illi
1295 3717 1458 3763 perversi

373 3765 507 3804 fuerint
527 3781 535 3805 :
552 3777 588 3807 et
599 3771 682 3818 jure
695 3774 856 3820 quidem.

427 3830 479 3866 Ea
497 3836 672 3880 preposiw
702 3839 799 3884 probi
823 3845 855 3875 et
877 3839 1024 3886 improbi
1050 3839 1226 3886 efﬁcimur.
1247 3862 1293 3866 —
1315 3840 1403 3877 Nam
1426 3842 1457 3879 si

379 3899 418 3927 cx
439 3901 562 3932 natura
585 3898 668 3935 vina
691 3901 900 3940 hominibus
916 3901 1094 3949 inessent,
1117 3903 1248 3940 merito
1273 3904 1452 3952 quispiam

886 194 925 232 S.
953 193 1144 234 JOANNIS
1168 191 1494 232 CllRYSOSTOTlll
1523 192 1740 232 ARCHIEP.
1769 193 2129 236 CONSTANTlNOP.
2501 210 2556 251 εδδ

1539 270 1584 308 ad
1605 272 1875 310 excusationem
1891 272 2097 321 confugeret
2118 288 2125 312 :
2145 278 2304 323 quoniam
2318 287 2423 319 autem
2440 293 2476 320 ex
2493 297 2557 332 βω·

1541 335 1659 381 posito
1685 341 1721 371 et
1749 334 1905 382 improbi
1933 343 1968 373 et
1989 337 2088 382 probi
2113 337 2294 385 efﬁcimur,
2323 352 2417 390 quam
2439 346 2557 384 tandem

1541 396 1600 434 ille
1621 397 1890 434 excusationem
1924 399 2053 445 poterit
2079 400 2280 448 obtendere,
2301 405 2355 451 qni
2380 416 2472 453 quem
2495 421 2557 446 om-

1541 460 1640 496 nium
1670 460 1827 497 maxime
1854 460 1982 508 diligit,
2005 464 2156 508 perverti
2183 471 2284 512 atque
2303 466 2484 514 improbum
2499 471 2558 510 ficti

1542 524 1729 571 permisit?
1745 524 1799 560 An
1818 525 1913 571 quod
1933 525 2088 562 noluerit
2105 538 2183 563 cunt
2199 529 2338 574 probum
2359 531 2560 572 redderth

1540 597 1663 630 nemo,
1683 587 1744 634 qui
1777 594 1878 634 pater
1898 589 1956 632 sit,
1982 588 2058 625 lucc
2084 590 2230 633 dixerit,
2251 601 2326 627 cum
2346 600 2456 630 natura
2475 593 2560 634 instet

1539 648 1584 685 ad
1609 649 1676 684 hoc
1691 648 1850 686 ofﬁcium
1877 649 1974 686 illum
2003 661 2114 697 usque
2132 651 2303 688 cxcilans.
2324 652 2388 690 Sed
2413 653 2490 696 forte
2503 669 2558 694 nen

1540 711 1685 758 potuit?
1707 711 1831 759 Neque
1850 711 1918 747 hoc
1934 711 2003 748 dici
2024 719 2140 758 potest
2159 725 2166 748 :
2189 724 2267 750 nam
2285 715 2373 760 quod
2393 727 2462 752 eum
2481 724 2559 755 lene-

1542 785 1620 810 rum
1641 775 1838 820 acceperit,
1859 780 1893 812 et
1913 774 2008 821 quod
2035 775 2168 820 primus
2188 782 2220 812 ct
2246 777 2338 814 solus
2360 778 2391 812 in
2409 789 2463 814 sua
2480 787 2558 824 pote-

1541 843 1634 874 state
1655 843 1691 873 et
1718 837 1787 873 sibi
1808 838 2042 874 commissum
2069 837 2246 881 habuerit,
2272 848 2463 886 semperque
2486 841 2558 878 donli

1541 907 1763 942 versantem,
1793 900 1895 938 facile
1924 911 1966 938 ac
1998 900 2096 936 nullo
2125 901 2262 947 negotio
2287 901 2391 948 ipsum
2415 902 2555 940 moderari

1542 963 1668 1009 potuit.
1699 961 1822 1009 Itaque
1847 962 1943 998 nulla
1972 962 2041 998 alia
2067 961 2112 999 de
2139 972 2242 999 causa
2263 963 2407 1008 perversi
2436 964 2557 1000 evadutt

1544 1026 1660 1069 liberi,
1678 1026 1745 1062 nisi
1761 1027 1856 1072 quod
1877 1033 1995 1073 patres
2013 1026 2106 1063 circa
2124 1027 2305 1074 prresentis
2319 1027 2392 1064 vitae
2408 1028 2556 1064 commoda

1533 1088 1737 1135 jnmnianl.
1758 1088 1846 1124 (lum
1869 1089 1966 1125 enim
1986 1088 2031 1124 ad
2056 1089 2116 1124 illa
2143 1089 2254 1125 solum
2274 1088 2459 1135 respiciant,
2477 1089 2557 1125 nihil-

1542 1161 1612 1198 que
1644 1149 1714 1186 illis
1739 1149 2002 1196 put-ferendum
2028 1157 2210 1194 censeant,
2231 1157 2266 1187 et
2292 1161 2385 1186 suam
2412 1152 2520 1197 pariter
2532 1158 2558 1188 et

1543 1212 1738 1248 liberorum
1767 1213 1924 1249 animam
1953 1214 2133 1260 negligere
2159 1219 2337 1261 coguntur.
2359 1213 2423 1249 llos
2441 1224 2496 1260 ego
2511 1224 2558 1260 pa-

1543 1280 1630 1316 tres,
1659 1273 1754 1321 qnod
1789 1285 1896 1310 netno
1932 1279 2050 1310 tamen
2080 1285 2136 1311 tne
2166 1274 2214 1310 ira
2245 1279 2446 1311 commotum
2468 1274 2559 1310 dicere

1542 1339 1738 1382 existimet,
1753 1338 1908 1374 ﬁliorum
1925 1339 2144 1374 occiSoribns
2159 1338 2392 1374 sceleratiores
2409 1348 2475 1374 esse
2485 1337 2558 1374 diie-

1542 1400 1623 1437 rim.
1645 1400 1697 1436 llii
1723 1401 1819 1437 enirn
1841 1411 1973 1447 corpus
1993 1403 2038 1437 ab
2056 1401 2172 1437 anima
2198 1406 2368 1448 separant,
2389 1400 2438 1435 isti
2460 1406 2487 1436 et
2502 1399 2559 1435 ani-

1541 1474 1638 1499 mam
1659 1469 1695 1500 et
1721 1473 1853 1509 Corpus
1880 1464 2057 1509 gcltenna:
2084 1463 2173 1510 ignis
2201 1462 2348 1498 tradunt.
2375 1461 2460 1497 illam
2478 1470 2560 1508 porro

1544 1533 1698 1562 mortem
1729 1526 1881 1561 naturali
1906 1525 1984 1573 lege
2018 1525 2138 1562 subire
2158 1535 2301 1562 necesse
2319 1531 2382 1569 est,
2402 1524 2478 1560 hanc
2496 1533 2560 1560 vero

1541 1586 1702 1635 ell'ugere
1725 1588 1871 1634 licebat,
1893 1588 1959 1625 nisi
1979 1589 2092 1636 ipsam
2123 1595 2258 1635 patrum
2285 1585 2474 1634 negligentia
2492 1586 2561 1621 intuv

1543 1649 1656 1686 lisset.
1677 1650 1728 1686 Ad
1751 1651 1826 1687 haec
1844 1657 1996 1688 mortem
2012 1651 2171 1698 corporis
2189 1649 2373 1686 adveniens
2388 1647 2560 1684 resurrectio

1540 1714 1613 1751 cito
1632 1714 1755 1751 delere
1778 1716 1932 1761 poterit,
1956 1715 2085 1750 animm
2106 1724 2188 1750 vero
2207 1713 2377 1749 interitum
2396 1711 2471 1748 nilnl
2487 1709 2560 1745 sola-

1541 1777 1638 1814 bitur
1661 1789 1668 1814 :
1693 1788 1809 1824 neque
1831 1777 1926 1814 enim
1947 1777 2045 1814 salus
2073 1777 2167 1813 illam
2188 1782 2368 1822 exceptura
2388 1780 2448 1816 est,
2464 1782 2561 1808 verum

1541 1840 1766 1877 immortales
1785 1840 1844 1877 ille
1864 1851 1989 1890 pennas
2009 1839 2210 1877 necessario
2228 1839 2308 1875 luet.
2325 1837 2433 1883 Itaque
2449 1845 2506 1871 non
2522 1833 2561 1869 itt-

1536 1902 1630 1950 juria
1648 1910 1767 1949 patres
1783 1902 1988 1950 huiusmodi
2006 1903 2158 1939 ﬁliorum
2179 1900 2388 1938 occisoribus
2400 1897 2562 1934 deteriores
2620 1925 2623 1934 .

1539 1977 1621 2004 esse
1642 1955 1859 2002 dix'et-itttns.
1883 1967 1959 2004 Non
1981 1969 2026 2002 ita
2047 1966 2190 2003 crudele
2209 1964 2340 2001 facinus
2357 1968 2417 2005 est,
2435 1959 2560 2007 gladium

1539 2038 1669 2064 acuere
1690 2033 1725 2064 ct
1753 2038 1895 2065 armare
1922 2029 2120 2070 dexteram,
2141 2027 2244 2075 inque
2268 2025 2377 2072 ipsum
2399 2022 2452 2059 lilii
2467 2026 2563 2068 guttur

1540 2092 1769 2139 innncrgerc,
1793 2100 1830 2129 nt
1849 2093 2007 2144 animam
2030 2092 2204 2140 perimere
2224 2096 2325 2136 atque
2343 2092 2561 2132 corrumpere:

1540 2165 1657 2202 neque
1677 2155 1774 2192 enim
1794 2154 1878 2192 huic
1895 2155 2047 2192 facinori
2066 2165 2130 2201 par
2151 2151 2327 2200 quidpiam
2345 2154 2406 2186 est.

1587 2219 1622 2257 5.
1647 2217 1743 2255 Varii
1773 2218 1895 2255 salutis
1926 2220 2070 2266 gradus.
2092 2238 2139 2244 -—
2155 2214 2245 2262 Quid
2273 2211 2396 2261 igitur?
2418 2220 2458 2246 an
2476 2208 2501 2244 is
2516 2205 2563 2253 qui

1537 2282 1721 2320 civitatem
1741 2281 1879 2326 incolit,
1902 2282 1962 2329 qui
1976 2281 2122 2318 domum
2142 2279 2246 2315 habet
2260 2284 2293 2314 ct
2310 2284 2454 2314 uxorem,
2467 2271 2562 2308 salvus

1537 2357 1620 2384 esse
1640 2357 1712 2384 non
1742 2347 1900 2394 poterit?
1919 2346 2015 2382 Sane
2044 2355 2114 2380 non
2139 2352 2228 2379 unus
2247 2339 2365 2376 salutis
2384 2334 2562 2394 tnodust‘Sl.

1538 2420 1666 2445 verum
1689 2392 1793 2456 multi
1815 2418 1857 2446 ac
1875 2408 1978 2444 varii.
1997 2406 2100 2452 Quod
2129 2403 2269 2452 quidem
2295 2400 2443 2437 Christus
2461 2392 2562 2461 indeﬁ-

1537 2472 1612 2510 nite
1628 2473 1716 2508 dicit
1730 2500 1738 2514 .
1762 2471 1896 2508 multas
1915 2470 2055 2507 scilicet
2072 2478 2152 2505 esse
2172 2465 2264 2513 apud
2283 2463 2416 2500 Patrem
2429 2465 2561 2495 mansro-

1537 2545 1602 2570 nes
1619 2534 1854 2580 pronuntians
1867 2545 1876 2577 ;
1889 2531 2020 2569 Paulus
2031 2541 2115 2566 vero
2125 2540 2204 2565 cum
2216 2525 2427 2563 distinctione
2437 2517 2559 2582 quadarn

1539 2595 1586 2632 ila
1602 2578 1746 2632 scribit:
1762 2595 1839 2631 Alia
1859 2594 1997 2630 claritas
2017 2592 2112 2636 solis,
2134 2591 2201 2626 alia
2218 2587 2349 2624 claritas
2362 2585 2454 2624 luna‘,
2471 2586 2497 2615 ει
2509 2578 2561 2611 alii

1535 2658 1675 2694 claritas
1695 2657 1867 2693 stellarum
1885 2667 1896 2692 .'
1911 2656 2008 2692 stella
2029 2656 2116 2690 enim
2131 2665 2150 2688 a
2164 2651 2257 2688 stella
2273 2647 2378 2693 (li/fert
2396 2646 2425 2680 in
2439 2640 2561 2706 claritate

1537 2720 1589 2766 (l.
1605 2719 1678 2756 Cor.
1707 2719 1761 2756 I5.
1777 2719 1856 2766 41).
1873 2717 1975 2762 Quod
1989 2723 2107 2754 atttettt
2127 2715 2210 2752 dicit
2227 2707 2417 2758 bujttsmodi
2435 2710 2481 2741 est
2497 2701 2558 2766 :plil

1534 2760 1679 2829 quidem
1699 2760 1884 2826 fulgebunt
1899 2787 1936 2815 ut
1951 2779 2019 2821 sol,
2036 2778 2093 2814 alii
2112 2784 2147 2813 nt
2160 2777 2252 2818 luna,
2265 2773 2320 2809 alii
2337 2779 2370 2807 ut
2386 2767 2494 2804 ςιριιιε.
2507 2760 2558 2798 Sed

1535 2854 1607 2880 non
1621 2843 1677 2880 hic
1688 2844 1788 2879 stetit
1799 2843 2016 2885 differentia,
2030 2842 2092 2878 sed
2107 2841 2139 2877 in
2153 2839 2206 2876 iliS
2219 2838 2301 2884 ipsis
2313 2841 2460 2879 magnam
2471 2832 2559 2863 osten-

1534 2906 1585 2942 dit
1597 2916 1677 2942 esse
1691 2905 1915 2950 varietatem,
1932 2911 2136 2950 tantamque
2148 2906 2310 2948 quantam
2326 2897 2357 2932 in
2371 2899 2457 2930 tanto
2469 2887 2560 2956 stolid-

1535 2978 1614 3003 rnm
1635 2977 1785 3002 nnntero
1803 2967 2012 3012 contingere
2032 2976 2094 3013 par
2107 2970 2173 3000 est.
2195 2960 2301 2999 Stella
2317 2957 2412 2997 enim,
2427 2955 2532 3016 inquit,
2545 2956 2560 2978 (ι

1533 3031 1633 3067 stella
1644 3028 1758 3074 (li/fert
1772 3030 1805 3065 in
1818 3029 1983 3066 claritate.
1995 3026 2179 3075 Perpende
2193 3025 2296 3072 igitur
2305 3032 2322 3057 a
2333 3020 2412 3058 solis
2425 3018 2560 3077 ηιιὶεηξω·

1534 3092 1618 3128 dine
1638 3091 1682 3128 ad
1700 3091 1861 3127 ultitnatn
1878 3092 2062 3127 stellarum
2079 3090 2285 3129 decurrens,
2303 3085 2335 3119 in
2349 3085 2426 3129 quot
2441 3077 2562 3121 dlb'mm'

1535 3163 1609 3192 tntn
1631 3154 1763 3202 gradus
1781 3154 1980 3190 descendas
1999 3158 2173 3201 oporteat.
2187 3145 2366 3196 Quomodo
2385 3152 2446 3178 non

1533 3217 1617 3253 dum
1631 3193 1674 3252 id
1695 3216 1813 3258 fuerit,
1831 3216 1925 3264 quod
1947 3217 1975 3252 si
1996 3193 2033 3252 ίιὶ
2050 3215 2179 3262 regiam
2201 3193 2307 3248 ﬁlium
2325 3205 2476 3266 adduCaS,
2493 3193 2560 3266 nihil

1533 3290 1604 3316 non
1623 3289 1708 3327 agas
1725 3286 1760 3316 et
1780 3280 1942 3328 patiaris,
1960 3279 2148 3326 ipsumqtte
2167 3276 2210 3312 ad
2225 3275 2313 3311 ideut
2329 3265 2506 3307 faciendum
2523 3269 2561 3328 tn-

1533 3341 1657 3386 ducas,
1678 3346 1716 3377 ut
1746 3352 1875 3388 nempe
1895 3341 1968 3390 regi
1996 3353 2014 3378 a
2037 3341 2148 3378 latere
2168 3338 2277 3386 possit
2293 3344 2382 3375 esse.
2403 3337 2462 3366 "CC
2479 3334 2513 3360 ⁸³
2527 3320 2562 3387 df.

1533 3414 1640 3440 causa
1662 3405 1844 3450 quidpiam
1864 3405 2118 3452 subterfugias,
2137 3413 2204 3438 non
2225 3403 2393 3444 sumptus,
2408 3400 2468 3427 non

1532 3467 1626 3507 cnla,
1650 3478 1721 3503 non
1740 3474 1892 3505 mortem
1913 3469 2048 3516 ipsam;
2067 3477 2146 3504 cum
2167 3471 2281 3500 autem
2304 3455 2446 3496 ca-lestis
2462 3447 2561 3516 inibit-“II

1534 3530 1636 3566 nobis
1667 3529 1931 3566 consideranda
1962 3537 1998 3566 et
2029 3526 2228 3576 expetenda
2256 3523 2470 3572 proponatur,
2489 3503 2558 3578 nth

1531 3591 1658 3630 doleas
1683 3593 1711 3628 si
1741 3600 1944 3630 extremum
1964 3592 2133 3628 sortiatur
2155 3590 2284 3628 locum.
2306 3584 2413 3629 εῖιίιιιο
2429 3578 2560 3638 “nimim

1533 3656 1778 3692 novissimus?
1798 3657 1946 3701 Verum,
1967 3655 1995 3692 si
2015 3655 2075 3691 tibi
2093 3653 2244 3695 videtur,
2265 3655 2298 3686 cl
2317 3647 2380 3682 hoc
2398 3642 2499 3688 ipsum
2517 3643 2561 3667 “"

1533 3720 1742 3766 Spiciamus,
1775 3731 1859 3757 num
1890 3720 1932 3762 is,
1962 3719 2020 3766 qui
2054 3718 2088 3754 iu
2116 3715 2232 3753 medio
2264 3717 2375 3748 rerum
2407 3703 2555 3766 versatur.

1532 3782 1645 3828 possit
1664 3781 1762 3818 illam
1783 3789 1919 3820 sortem
1941 3779 2103 3828 adipisci.
2134 3778 2259 3814 Beatus
2288 3766 2368 3819 quid

1533 3842 1677 3881 brevem
1699 3844 1744 3882 de
1764 3844 1833 3881 hoc
1861 3844 2075 3881 sententiam
2103 3840 2192 3884 tulit,
2215 3842 2341 3881 aesque

1534 3917 1680 3953 uxores,
1705 3918 1776 3944 non
1795 3907 1898 3945 aliter
1914 3906 2032 3944 salvos
2047 3913 2124 3942 esse
2144 3909 2246 3951 posse
2263 3894 2415 3934 dcclarav

2371 3775 2422 3804 cm
2451 3756 2560 3798 ΡιιιΙῘΠ⁵

2369 3827 2423 3876 qni
2449 3820 2559 3859 habent

2419 3889 2453 3932 it,
2473 3887 2560 3930 quzm
