3986 6196
359 194 465 248 357

357 310 401 360 si
427 324 518 363 eas
548 311 618 364 ita
649 311 899 368 haberent
929 325 1192 388 tamquam
1219 337 1320 373 non
1353 323 1627 388 habentes,
1657 333 1709 378 et
1740 328 1937 379 mutulo

361 417 464 453 non
498 402 862 458 abuterentur.
895 408 1002 461 Nos
1029 420 1227 477 autem,
1260 413 1302 465 si
1334 415 1521 480 placet.
1553 415 1652 468 hoc
1675 415 1939 484 disquit‘a-

361 507 498 544 IIIIIS.
532 493 758 548 Potesne
780 497 981 564 dicere,
1008 503 1092 554 vel
1117 511 1168 556 te
1190 515 1440 559 monente
1460 505 1725 560 audivisse
1755 505 1938 571 lilium,

323 641 327 649 ν
359 585 440 636 vel
470 600 498 636 a
531 587 710 655 seipso
737 588 1021 654 didicisse,
1065 610 1186 647 eum
1228 597 1316 665 qui
1347 596 1524 665 jurat,
1571 597 1777 651 etiamsi
1821 613 1940 651 cum

361 676 567 730 ratione
593 678 755 748 juret,
792 681 958 736 Deum
987 694 1160 740 tamen
1187 687 1497 743 oll‘endere?
1521 689 1603 744 An
1635 689 1759 744 item
1783 705 1902 743 cum
1925 731 1941 754 ,

360 767 451 833 qui
481 768 792 834 iujuriarum
821 775 1133 829 recordatur
1153 818 1166 842 ,
1219 779 1426 832 salvum
1459 795 1578 834 esse
1616 795 1720 834 non
1750 781 1943 850 posse?

363 878 484 916 nam
525 864 660 928 Vite,
711 867 910 937 inquit,
952 871 1323 925 recordantium
1356 873 1596 942 injurias,
1638 875 1705 927 ad
1733 885 1945 928 mortem

365 953 544 1021 (Prov.
582 957 665 1010 £9.
697 957 815 1025 9.8).
847 963 929 1012 An
952 1002 966 1024 ,
999 962 1136 1029 quod
1170 964 1488 1017 maledicum
1520 966 1586 1018 ita
1615 964 1940 1020 dehonesta-

363 1045 496 1095 verit
527 1046 682 1107 lteus,
719 1059 774 1100 ιιι
798 1064 919 1102 eum
950 1065 978 1102 a
1003 1051 1196 1105 divina:
1224 1055 1514 1123 Scriptura:
1537 1056 1764 1110 lectione
1789 1071 1943 1109 arce-

363 1133 481 1185 ret?
508 1149 597 1198 an,
630 1139 769 1203 quod
793 1150 1127 1209 arrogantem
1157 1152 1208 1196 et
1233 1145 1674 1198 contumeliosum
1705 1146 1770 1199 de
1801 1145 1944 1198 caelis

362 1227 721 1281 exturbaverit
743 1267 758 1294 ,
807 1239 859 1282 et
886 1231 1143 1300 geheun:e
1175 1232 1311 1302 ignis
1339 1234 1654 1288 tradiderit?
1680 1252 1768 1298 an,
1803 1235 1943 1304 quod

363 1332 483 1368 eum
511 1322 598 1386 qui
629 1317 912 1387 impudicis
942 1323 1161 1390 reSpicit
1188 1324 1376 1389 oculis,
1409 1325 1560 1394 quasi
1587 1341 1712 1379 vere
1733 1325 1944 1379 adulte-

366 1421 480 1458 rum
511 1395 730 1474 puniat?
756 1413 840 1464 An
868 1411 1117 1481 frequens
1148 1413 1272 1468 illud
1301 1423 1355 1468 et
1378 1417 1624 1472 omnibus
1646 1416 1798 1469 facile
1822 1431 1944 1485 pec-

363 1508 540 1550 catum
563 1539 578 1563 ,
630 1502 899 1569 proximos
943 1519 1133 1573 nempe
1164 1506 1404 1574 judicare
1427 1517 1481 1561 et
1505 1509 1583 1560 sic
1610 1508 1820 1577 gravius
1845 1507 1944 1562 sibi

366 1591 684 1660 supplicium
711 1593 1002 1660 attrahere,
1035 1606 1091 1651 ut
1127 1596 1333 1668 fugeret
1360 1599 1633 1664 monuisti,
1663 1608 1716 1653 et
1747 1600 1890 1670 leges
1915 1615 1945 1653 a

365 1681 581 1736 Christo
611 1684 710 1738 bac
739 1686 806 1739 de
831 1701 890 1742 re
931 1687 1132 1756 positas
1158 1690 1256 1758 ipsi
1286 1689 1496 1760 legisti?
1517 1702 1582 1744 an
1611 1700 1667 1744 tu
1707 1691 1841 1760 ipse,
1879 1705 1948 1745 ne

363 1775 409 1826 si
429 1777 688 1830 exsistant
707 1778 944 1846 quidem,
970 1781 1108 1834 nosti
1125 1780 1148 1834 ?
1167 1781 1408 1850 Quonam
1431 1798 1558 1853 ergo
1579 1785 1737 1839 modo
1756 1783 1949 1852 poterit

364 1881 426 1917 ea
458 1867 596 1921 titius
625 1870 882 1937 perlicere
899 1900 924 1934 ,ι
943 1887 1170 1942 quorum
1200 1889 1298 1929 nec
1325 1884 1474 1945 pater
1503 1876 1650 1945 ipse,
1677 1877 1766 1944 qui
1797 1875 1945 1929 illum

365 1959 581 2012 erudire
619 1960 910 2028 debuerat,
966 1963 1112 2034 leges
1156 1966 1339 2018 novit?
1381 1967 1554 2036 Atque
1597 1969 1797 2020 utinam
1845 1965 1949 2020 hoc

365 2049 541 2100 solum
565 2048 746 2103 damni
777 2050 1026 2117 adesset,
1057 2053 1196 2123 quod
1223 2053 1354 2108 nihil
1383 2055 1510 2110 utile
1537 2065 1713 2126 patres
1739 2054 1948 2110 consilii

363 2139 575 2202 darent,
607 2156 712 2194 non
741 2153 944 2197 tantum
977 2145 1157 2214 utique
1185 2147 1381 2199 malum
1404 2156 1547 2200 esset
1570 2163 1583 2200 :
1607 2160 1746 2201 nunc
1771 2153 1946 2200 autem

364 2244 458 2282 eos
485 2231 551 2283 ad
576 2235 843 2287 contraria
875 2248 1092 2303 prorsus
1119 2237 1408 2306 impellitis.
1436 2237 1617 2307 Neque
1640 2237 1780 2291 enim
1807 2236 1949 2290 aliud

367 2335 545 2392 patres
573 2327 758 2380 audias
799 2341 918 2382 cum
953 2329 1074 2383 filiis
1109 2338 1369 2394 tractare,
1398 2345 1520 2386 cum
1560 2346 1653 2386 eos
1682 2329 1748 2384 ad
1774 2329 1948 2385 studia

366 2416 634 2468 literarqu
677 2415 992 2482 hortantur,
1027 2420 1128 2473 nisi
1157 2421 1315 2475 verba
1348 2420 1653 2490 hujusmodi
1680 2438 1692 2474 :
1718 2419 1841 2488 Ille,
1870 2421 1951 2475 in-

363 2507 511 2573 quit.
559 2508 805 2574 humilis,
854 2511 1146 2580 humilique
1189 2513 1309 2567 loco
1348 2524 1542 2580 natus,
1593 2513 1947 2582 eloquentiam

365 2601 610 2668 adeptus,
639 2616 878 2656 summos
899 2605 1239 2672 magistratus
1261 2606 1510 2672 obtinuit,
1533 2604 1744 2660 divitias
1763 2607 1948 2676 acqui-

364 2693 491 2744 sivit
517 2693 778 2761 ingentes,
821 2709 1043 2748 uxorem
1090 2697 1239 2750 duxit
1271 2697 1598 2767 opulentam,
1643 2696 1949 2766 splendidas

363 2787 658 2838 construxit
680 2787 844 2851 aedes,
875 2789 1120 2841 omnibus
1144 2791 1332 2843 terrori
1358 2799 1460 2856 est,
1489 2800 1544 2845 et
1570 2789 1736 2860 gloria
1763 2789 1943 2860 fulget.

362 2877 518 2931 Alius
556 2891 762 2931 rursum
789 2897 803 2931 :
827 2878 952 2941 Ille,
1004 2881 1205 2950 inquit,
1237 2879 1422 2936 Latina
1463 2883 1639 2953 lingua
1679 2882 1947 2949 eruditus,

364 2969 418 3021 in
445 2970 590 3038 regia
617 2969 946 3025 clarissimus
966 2983 1068 3037 est,
1092 2983 1387 3042 cunctaque
1418 2974 1558 3028 intus
1588 2972 1944 3028 administrat.

366 3061 436 3114 Et
458 3063 593 3115 alius
619 3064 779 3116 alium
807 3079 989 3119 rursus
1029 3068 1294 3132 ostendit,
1335 3067 1619 3137 cunctique
1657 3082 1750 3121 eos
1775 3067 1865 3137 qui
1893 3067 1945 3121 in

366 3162 509 3207 terra
536 3153 772 3224 insignes
799 3166 922 3209 sunt
952 3169 1268 3222 memorant,
1295 3159 1587 3213 caelestium
1608 3166 1783 3211 autem
1807 3158 1945 3211 nulla

365 3257 588 3314 usquam
619 3246 848 3308 mentio;
880 3248 985 3300 imo
1006 3247 1050 3301 si
1071 3249 1191 3317 quis
1213 3249 1298 3302 illa
1321 3264 1742 3304 commemorare
1762 3265 1949 3319 aggre-

363 3334 562 3400 diatur,
595 3345 654 3389 ut
680 3337 768 3406 qui
798 3347 989 3392 cuncta
1018 3348 1307 3409 pervertat,
1338 3341 1567 3410 ejicitur.

435 3429 490 3484 6.
520 3427 655 3483 Cum
686 3431 846 3500 igitur
872 3446 900 3483 a
933 3433 1194 3502 principio
1225 3435 1338 3486 haec
1368 3433 1474 3487 illis
1495 3431 1754 3487 occinatis
1777 3473 1790 3496 ,
1814 3432 1948 3487 nihil

365 3519 505 3574 aliud
529 3536 625 3575 eos
653 3537 810 3591 quam
841 3524 1078 3577 omnium
1109 3526 1372 3578 malorum
1404 3527 1677 3579 materiam
1702 3526 1906 3579 docetis
1927 3563 1944 3590 ,

363 3612 501 3667 duos
526 3613 945 3670 violentissimos
971 3631 1183 3670 amores
1209 3617 1571 3683 insinuantes,
1607 3619 1947 3687 pecuniarum

361 3703 506 3768 dico,
540 3714 594 3759 et
621 3707 709 3775 qui
742 3706 1144 3778 longeiniquior
1157 3718 1428 3776 est,vanaa
1449 3708 1725 3778 inanisque
1743 3708 1944 3777 gloriar.

361 3791 566 3848 Horum
595 3809 725 3850 vero
753 3796 1010 3851 alteruter
1039 3812 1132 3868 per
1156 3813 1215 3852 se
1253 3799 1398 3851 solus
1423 3809 1612 3853 cuncta
1644 3808 1949 3868 pervertere

361 3892 716 3952 potestzcum
745 3898 920 3940 autem
952 3888 1110 3942 ambo
1139 3887 1191 3942 in
1225 3899 1458 3942 teneram
1480 3889 1692 3958 juvenis
1715 3890 1947 3944 animam

362 3973 677 4041 conﬂuunt,
720 3977 871 4046 quasi
920 3979 1136 4048 quidam
1181 3988 1442 4034 torrentes
1493 3982 1759 4049 conjuncti
1809 3980 1946 4034 bona

360 4067 544 4120 omnia
567 4079 948 4139 corrumpunt,
995 4080 1196 4125 tantam
1229 4073 1336 4126 vim
1377 4074 1649 4143 spinarum
1679 4075 1696 4106 ⁸
1732 4056 1788 4130 ἐι
1823 4090 1946 4129 are-

363 4175 467 4223 nte,
501 4169 699 4214 tantam
726 4163 1006 4217 eollnviem
1033 4164 1431 4230 contrahentes,
1464 4175 1519 4220 ut
1547 4169 1776 4220 animam
1805 4167 1947 4220 illam

363 4251 638 4316 sterilem,
684 4251 1104 4320 infructuosam,
1155 4255 1411 4324 bonisque
1449 4258 1694 4311 omnibus
1727 4273 1946 4312 vacuam

362 4340 621 4397 efficiant.
671 4343 870 4398 Horum
914 4352 1081 4400 testes
1122 4361 1242 4401 esse
1270 4359 1490 4416 possunt
1528 4350 1694 4404 exteri
1734 4364 1948 4418 quoque

363 4432 692 4500 scriptores:
715 4449 940 4503 quorum
963 4451 1098 4491 unus
1118 4437 1342 4491 alterum
1364 4436 1640 4503 affectum,
1682 4453 1786 4492 nou
1827 4454 1947 4492 cum

364 4527 472 4580 alio
493 4529 735 4596 junctum
762 4571 776 4594 ,
810 4529 904 4584 sed
933 4544 1026 4599 per
1056 4545 1114 4585 se
1141 4531 1349 4597 solum,
1380 4545 1556 4585 arcem
1575 4572 1589 4595 ,
1618 4531 1751 4586 alius
1779 4547 1906 4586 vero
1929 4572 1945 4596 ,

363 4629 526 4690 caput
552 4622 810 4675 malorum
841 4624 1092 4693 appellat.
1124 4624 1276 4690 Quod
1320 4625 1364 4677 si
1411 4635 1714 4693 separatum
1745 4639 1838 4678 arx
1867 4633 1950 4678 est

366 4719 421 4763 et
441 4720 620 4780 caput,
651 4726 772 4766 cum
799 4714 934 4767 alius
962 4713 1118 4782 longe
1144 4713 1359 4782 gravior
1386 4722 1440 4768 et
1471 4715 1736 4783 potentior
1761 4728 1946 4768 acces-

364 4803 520 4868 serit,
545 4804 730 4858 insana
754 4819 945 4874 nempe
975 4805 1158 4876 gloria:
1182 4805 1396 4872 cupido,
1419 4816 1612 4860 etcum
1637 4805 1727 4860 illo
1751 4804 1953 4858 violen-

367 4901 452 4948 ter
480 4893 729 4961 irruerit,
765 4895 1076 4966 radicesque
1111 4897 1381 4965 posuerit,
1410 4908 1567 4966 atque
1591 4896 1803 4966 juvenis
1831 4897 1949 4950 ani-

367 5001 518 5040 mum
556 4988 934 5056 occupaverit,
981 4989 1102 5060 quis
1139 4990 1354 5044 demum
1399 4990 1659 5073 ejusmodi
1703 4989 1948 5044 morbum

368 5093 620 5134 amovere
660 5080 865 5148 possit,
897 5095 1020 5135 eum
1061 5082 1292 5136 maxime
1333 5089 1512 5149 patres
1555 5079 1688 5149 ipsi,
1737 5095 1843 5134 non
1895 5088 1953 5134 ut

369 5170 702 5235 evellautur,
746 5171 840 5226 sed
882 5179 942 5225 ut
972 5170 1205 5225 firmiora
1232 5171 1340 5224 sint
1369 5170 1483 5224 haec
1511 5170 1647 5224 mala
1673 5170 1910 5238 germina
1930 5210 1948 5237 ,

371 5261 507 5316 nihil
538 5277 643 5317 non
672 5273 834 5334 agant
862 5271 916 5317 et
944 5265 1160 5318 dicant?
1204 5262 1336 5329 Quis
1380 5263 1540 5333 igitur
1579 5261 1712 5317 adeo
1757 5262 1951 5317 stultus

370 5363 475 5418 est,
507 5363 566 5406 ut
597 5369 702 5408 non
730 5353 980 5422 desperet
1004 5354 1072 5408 de
1099 5353 1272 5409 salute
1295 5355 1444 5422 pueri
1471 5353 1536 5408 ad
1563 5351 1704 5407 hunc
1734 5353 1950 5407 modum

373 5447 640 5502 instituti?
663 5446 964 5518 Optandum
991 5455 1072 5500 est
1099 5447 1330 5500 animam
1350 5445 1632 5500 contrariis
1656 5444 1818 5499 rebus
1844 5443 1948 5498 im-

436 5584 453 5613 ι
487 5590 596 5632 Hac
614 5580 784 5641 verba,
804 5585 985 5630 laruam
1006 5577 1100 5628 vim
1119 5576 1385 5638 spinam,
1407 5577 1584 5628 desunt
1616 5577 1665 5627 in
1697 5575 1860 5628 meret.
1901 5588 1952 5630 ei

371 5646 531 5707 tavit,
554 5646 642 5694 sed
667 5643 904 5694 habentur
929 5644 979 5693 in
999 5641 1187 5690 duobus
1211 5649 1314 5693 mss.

1055 206 1416 266 ADVERSUS
1454 211 1946 270 OPPUGNATOBE

2049 214 2206 270 πιτιε
2246 217 2535 274 ιιθιιτιετ.
2571 219 2698 303 LlB.
2742 220 2826 278 ιιι.
2898 240 2900 243 -

3521 223 3624 280 358

2045 327 2223 383 initam
2244 343 2273 383 ιι
2296 331 2489 385 malitia
2518 348 2576 386 se
2602 333 2927 387 subducere:
2946 333 3160 402 quando
3184 342 3358 388 autem
3387 335 3620 405 undique

2045 418 2269 472 illiciunt
2308 424 2656 490 pecuniarum
2712 426 2963 494 praztnia,
3013 435 3068 480 et
3121 426 3366 481 scelerati
3412 429 3508 480 viri
3555 428 3621 482 ad

2047 511 2355 564 imitamhun
2385 525 2774 582 proponuntur,
2803 531 3042 582 quamam
3077 516 3266 569 salutis
3289 531 3413 584 spes
3432 533 3624 585 supcr-

2046 600 2164 652 est?
2193 598 2325 655 Nam
2357 618 2449 658 eos
2469 643 2484 669 ,
2515 605 2601 672 qui
2637 606 2972 672 pecuniarum
3001 622 3185 661 amore
3235 617 3482 660 tenentur
3507 649 3522 671 ,
3572 620 3626 663 et

2049 691 2274 757 invidos,
2302 700 2358 746 et
2384 695 2652 763 improbos
2681 704 2735 748 et
2756 696 2976 748 multum
3000 696 3262 763 jurantes,
3282 707 3335 750 et
3359 697 3622 765 perjuros,

2045 782 2460 837 contumeliosos
2480 784 2626 847 item,
2654 784 2813 847 fures,
2845 785 3244 848 inverecundos,
3268 787 3619 854 impudentes,

2047 871 2280 941 ingratos
2298 915 2314 937 ,
2341 875 2571 943 denique
2596 877 2739 930 omni
2777 877 3008 946 nequitia
3043 877 3229 946 plenos
3260 892 3380 934 esse
3405 893 3624 932 necesse

2045 971 2147 1014 est.
2192 963 2391 1017 Horum
2430 966 2579 1020 testis
2612 965 2713 1020 fide
2754 967 2947 1036 dignus
2970 977 3054 1022 est
3093 968 3277 1022 beatus
3314 967 3508 1022 Paulus
3542 969 3652 1047 (LV.

2047 1050 2178 1105 Tim.
2197 1055 2249 1108 6.
2268 1055 2377 1125 10),
2405 1062 2493 1124 qui
2527 1057 2756 1113 radicem
2772 1059 3007 1111 omnium
3027 1058 3286 1112 malorum
3307 1073 3426 1112 esse
3449 1060 3622 1112 avari-

2050 1143 2173 1197 tiam
2209 1146 2341 1199 dixit
2367 1165 2379 1200 :
2404 1158 2456 1200 et
2483 1158 2607 1202 ante
2635 1149 2804 1216 ipsum
2831 1148 3072 1203 Christus
3101 1148 3151 1203 id
3182 1149 3352 1218 ipsum
3378 1148 3622 1203 declarao

2047 1223 2434 1306 veratl(Mauli.
2482 1236 2534 1292 6.
2577 1237 2670 1305 24)
2693 1279 2706 1301 ,
2749 1253 3066 1293 asseverans
3095 1254 3199 1292 non
3229 1253 3350 1294 esse
3377 1239 3627 1307 possibile

2047 1323 2159 1380 Deo
2185 1329 2385 1382 servire
2409 1344 2530 1384 eum
2555 1371 2570 1394 ,
2601 1331 2689 1400 qui
2721 1331 2794 1384 illi
2821 1331 3007 1386 morbo
3029 1332 3274 1386 serviret.
3307 1330 3439 1386 Cum
3471 1331 3628 1402 igitur

2047 1416 2200 1471 initio
2220 1417 2432 1487 juvenis
2457 1421 2522 1474 ad
2553 1420 2690 1476 hanc
2726 1424 2903 1476 statim
2943 1422 3236 1478 adducatur
3274 1424 3582 1478 servitutem
3607 1462 3624 1487 ,

2048 1509 2258 1576 quando
2287 1509 2422 1564 liber
2445 1513 2669 1568 evadere
2701 1515 2924 1582 poterit,
2974 1513 3185 1584 quando
3218 1513 3435 1568 fluctum
3467 1513 3630 1570 susti-

2049 1614 2198 1664 uere,
2224 1603 2472 1657 omnibus
2503 1604 2844 1671 pollentibus,
2877 1606 3127 1660 omnibus
3155 1606 3587 1674 immergentibus
3608 1643 3626 1670 ,

2048 1700 2102 1743 et
2130 1691 2179 1743 in
2211 1701 2466 1746 extremae
2493 1694 2878 1749 submersiouis
2903 1698 3275 1750 necessitatem
3299 1696 3468 1765 ipsum
3494 1711 3626 1750 cou-

2049 1783 2434 1837 stituentibus?
2480 1784 2610 1838 Nam
2634 1769 2729 1852 isi,
2769 1786 2918 1840 nullo
2946 1787 3326 1855 perturbante,
3369 1788 3412 1840 si
3449 1786 3629 1841 multis

2049 1887 2263 1924 manum
2289 1874 2702 1945 porrigentibus,
2734 1893 3009 1947 emergere
3043 1879 3209 1947 possit
3241 1893 3306 1930 ac
3328 1878 3626 1946 respicere.

2048 1964 2405 2036 vitiorumque
2423 1967 2744 2038 salsuginem
2763 1970 3003 2034 abluere,
3025 1985 3200 2023 annon
3220 1969 3452 2038 optabile
3470 1968 3624 2021 illud?

2049 2054 2125 2117 si,
2156 2055 2397 2126 inquam,
2431 2057 2588 2128 longo
2610 2067 2850 2130 tempore
2878 2061 3070 2115 divinis
3095 2070 3406 2115 excantatus
3432 2058 3630 2113 carmi-

2051 2143 2244 2212 nibus,
2303 2146 2598 2203 incidentes
2645 2151 2864 2203 morbos
2916 2151 3084 2220 possit
3130 2150 3395 2219 abjicere,
3451 2163 3629 2203 nonne

2052 2233 2387 2303 laudandus,
2447 2254 2624 2293 nonne
2680 2240 2876 2294 millies
2923 2240 3262 2294 coronandus
3312 2240 3438 2294 est?
3490 2240 3625 2294 llura

2048 2324 2246 2394 quippe
2297 2337 2379 2381 est
2434 2329 2806 2394 consuetudo,
2873 2329 3006 2382 dttra
3073 2339 3128 2383 et
3189 2330 3255 2382 ad
3314 2330 3626 2383 vincendum
3711 2349 3715 2355 ·

2049 2417 2468 2488 capiendumque
2511 2421 2742 2474 animam
2787 2429 3124 2489 comparata,
3165 2435 3287 2473 cum
3334 2420 3628 2488 praesertim

2052 2507 2166 2562 ha'c
2203 2513 2528 2581 voluptatem
2566 2513 2882 2581 adjutricem
2915 2513 3124 2573 habeat,
3159 2513 3244 2566 illa
3275 2527 3401 2563 vero
3431 2509 3628 2570 virtus,

2049 2598 2112 2651 ad
2138 2616 2294 2668 quam
2325 2602 2657 2667 festinantius,
2688 2618 2845 2672 quam
2869 2603 3127 2672 attingere
3154 2600 3428 2655 smdeuius
3447 2641 3462 2663 ,
3492 2601 3629 2652 inul-

2052 2701 2134 2744 tos
2161 2692 2312 2746 nobis
2344 2693 2512 2762 pariat
2541 2693 2770 2748 labores.
2796 2693 2996 2748 Idcirco
3022 2694 3180 2757 Deus,
3213 2693 3470 2757 Hebraeis,
3497 2703 3632 2760 quos

2051 2783 2330 2850 oportebat
2370 2784 2619 2838 vitiorum
2676 2792 2911 2839 veterem
2961 2783 3398 2837 consuetudinem
3460 2781 3630 2850 depo-

2049 2889 2199 2938 nere,
2225 2891 2340 2944 qua:
2367 2891 2560 2946 nempe
2589 2876 2641 2930 in
2671 2873 2904 2946 )Egypto
2926 2874 3242 2940 didicerant,
3278 2873 3502 2928 scorsim
3531 2872 3633 2924 ab.

2048 2965 2224 3019 ductis
2255 2967 2307 3020 in
2335 2967 2674 3022 solitudinem
2694 3008 2710 3033 ,
2740 2977 2794 3021 et
2817 2982 2848 3021 a
2887 2964 3289 3036 corruptoribus
3319 2965 3504 3034 procul
3547 2978 3634 3017 se-

2048 3060 2300 3128 gregatis,
2351 3059 2403 3113 in
2450 3059 2666 3114 deserto
2707 3074 2808 3114 ceu
2857 3059 2911 3112 in
2957 3057 3188 3128 quodam
3237 3056 3562 3110 monasterio
3611 3055 3630 3088 ⁸

2049 3167 2233 3204 eorum
2276 3150 2586 3207 instituebat
2627 3152 2858 3216 animos,
2905 3151 3047 3205 viam
3091 3165 3307 3204 omnem
3354 3149 3634 3203 medicinas

2051 3251 2280 3305 tentans,
2327 3253 2436 3296 tum
2485 3245 2830 3312 asperiorem,
2882 3252 2992 3297 tum
3035 3242 3352 3305 dulciorem,
3397 3240 3634 3307 nihilque

2050 3341 2193 3386 retro
2210 3334 2516 3403 relinquens
2537 3350 2743 3400 eorum,
2761 3350 2880 3404 quae
2900 3335 2966 3387 ad
2984 3334 3339 3388 valetudinetn
3360 3333 3631 3400 profutura

2050 3433 2250 3478 essent.
2282 3425 2468 3495 Neque
2507 3427 2585 3480 sic
2614 3435 2789 3480 tamen
2812 3442 2841 3478 a
2871 3426 3103 3495 inequitia
3135 3424 3506 3486 desciverunt,
3539 3423 3633 3476 sed

2049 3531 2170 3570 cum
2211 3532 2402 3571 manna
2443 3532 2622 3586 cepas,
2660 3519 2819 3583 allia,
2851 3527 3152 3585 cmteraque
3193 3517 3372 3570 omnia
3415 3516 3634 3584 Egypti

2051 3590 2189 3662 mala
2219 3609 2578 3678 requirebant.
2611 3609 2840 3665 Tantum
2887 3609 3083 3662 malum
3130 3617 3211 3662 est
3257 3605 3626 3660 consuetudo!

2051 3702 2252 3757 Deinde
2276 3702 2447 3757 Judaei
2475 3710 2621 3757 tanta
2646 3703 2738 3757 Dei
2761 3717 2887 3757 cura
2910 3703 3171 3762 fruentes,
3204 3711 3310 3754 tam
3340 3698 3554 3768 egregio
3580 3705 3636 3750 et

2049 3809 2311 3865 generoso
2333 3794 2584 3864 magistro
2608 3795 2708 3858 usi,
2727 3804 2781 3849 et
2805 3794 2996 3849 timore
3021 3802 3075 3848 et
3100 3793 3274 3856 minis,
3299 3799 3354 3845 ct
3376 3790 3644 3844 beneﬁcio-

2050 3896 2104 3940 et
2132 3887 2393 3958 supplicio
2415 3887 2481 3941 ad
2506 3903 2719 3941 omnem
2749 3887 2964 3940 modum
2996 3885 3221 3940 instituti
3244 3925 3260 3949 ,
3302 3894 3379 3937 tot
3401 3898 3634 3950 conspe-

2050 3980 2148 4032 ctis
2167 3979 2446 4048 prodigiis,
2468 3995 2571 4032 non
2591 3980 2657 4033 ad
2677 3980 2948 4034 meliorem
2966 3995 3024 4033 se
3049 3978 3251 4046 frugem
3275 3985 3590 4044 receperunt
3615 3991 3631 4028 :

2052 4079 2105 4123 ιιι
2134 4085 2262 4124 vero
2293 4071 2456 4124 filium
2485 4079 2633 4126 tuum
2661 4072 3052 4127 adolescentem
3094 4072 3146 4126 in
3178 4071 3352 4126 media
3382 4069 3632 4140 Egypto,

2052 4163 2158 4215 imo
2181 4164 2230 4215 in
2257 4163 2448 4217 mediis
2475 4162 2672 4218 diaboli
2717 4164 2906 4218 castris
2936 4173 3262 4226 versantem,
3303 4162 3632 4230 nullumque,

2050 4253 2139 4322 qui
2187 4252 2328 4322 quod
2373 4254 2502 4307 utile
2543 4254 2612 4307 sit
2653 4255 2931 4307 consilium
2978 4253 3088 4318 det,
3143 4253 3468 4316 audientem,
3520 4268 3637 4305 om-

2051 4325 2252 4414 nesque
2277 4361 2336 4399 se
2365 4344 2430 4398 ad
2458 4348 2723 4399 contraria
2745 4345 3002 4400 ducentes
3028 4345 3317 4409 videntem,
3344 4343 3636 4411 imprimis-

2050 4451 2154 4505 que
2185 4445 2430 4504 parentcs
2459 4446 2513 4490 et
2541 4436 2826 4490 eductores
2851 4450 3011 4499 suos,
3045 4446 3198 4504 putas
3252 4450 3408 4503 posse
3435 4434 3637 4487 diaboli

2055 4528 2272 4595 laqueos
2297 4528 2568 4596 effugere?
2596 4526 2767 4594 Unde,
2797 4527 3013 4596 quaso?
3040 4544 3165 4580 lllttlt
3188 4543 3254 4580 ex
3285 4526 3639 4580 hortamentis

2056 4621 2158 4672 lttis
2181 4618 2205 4670 ?
2230 4619 2387 4687 Atqui
2413 4629 2467 4671 tu
2499 4617 2566 4672 ad
2594 4619 2859 4672 contraria
2903 4633 3123 4680 evocas,
3153 4633 3220 4671 ne
3251 4631 3344 4684 per
3370 4617 3638 4670 somnium

2053 4710 2268 4780 quidem
2298 4725 2418 4769 cum
2446 4708 2797 4778 philosophia:
2833 4708 3143 4762 meminisse
3183 4706 3512 4770 concedens;
3543 4708 3638 4760 St‘ll

2055 4803 2181 4857 dum
2232 4802 2370 4857 hanc
2413 4802 2576 4855 vitam
2623 4800 2845 4870 ejusque
2889 4799 3170 4855 commoda
3217 4799 3359 4852 ultro
3399 4799 3641 4864 citroque

2053 4910 2234 4950 versas
2255 4934 2271 4960 ,
2304 4895 2354 4947 in
2386 4894 2710 4949 decumanos
2738 4894 2886 4946 illum
2926 4891 3266 4960 majoresque
3292 4889 3486 4944 fluctus
3509 4903 3639 4940 cou-

2049 4987 2190 5057 jicis.
2221 4986 2356 5042 Num
2397 5000 2465 5041 ex
2489 4984 2818 5054 semetipso?
2845 4982 3094 5038 Profecto
3131 4982 3344 5050 juvenis
3389 4995 3494 5034 non
3537 4977 3636 5029 sibi

2056 5081 2152 5151 ipsi
2181 5081 2312 5134 satis
2354 5087 2438 5134 est
2464 5079 2529 5132 ad
2561 5078 2808 5132 virtutem
2848 5075 3202 5131 exercendam
3235 5092 3248 5128 :
3288 5072 3385 5128 sed
3427 5066 3635 5124 etiamsi

2055 5171 2181 5241 quid
2215 5187 2280 5226 ex
2309 5172 2489 5240 seipso
2516 5179 2791 5224 strenuum
2819 5167 3020 5238 pariat,
3049 5177 3331 5234 antequam
3359 5160 3409 5215 id
3437 5157 3636 5229 germi-
3727 5199 3762 5204 --

2055 5273 2168 5325 net,
2215 5263 2430 5317 assiduo
2472 5261 2756 5316 verborum
2797 5268 3009 5314 tuorum
3055 5257 3226 5312 imbre
3268 5249 3633 5307 sutl‘ocabitur.

2055 5354 2511 5422 Quemadmodum
2537 5354 2679 5408 enim
2720 5367 2945 5421 corpus,
2975 5348 3117 5420 quod
3143 5345 3459 5400 salutaribus
3501 5341 3637 5397 cibis

2057 5462 2166 5502 non
2196 5447 2403 5510 fruitur,
2429 5446 2524 5501 sed
2553 5444 2910 5500 insalubribus
2930 5443 3108 5506 alitur,
3137 5453 3203 5494 ne
3233 5451 3396 5507 parvo
3419 5433 3630 5506 quidem

2121 5646 2140 5682 ⁸
2174 5647 2347 5707 verba,
2370 5646 2421 5696 tu
2451 5644 2660 5701 deserto,
2697 5643 2748 5691 tn
2778 5637 2941 5690 Morel.
2967 5634 3069 5686 solo
3089 5632 3288 5684 desum.
