2734 4342
276 240 348 279 553

281 324 444 365 tempore
465 311 663 351 subsistere.
686 308 804 351 valet,
824 307 878 343 sic
895 315 964 342 nec
981 304 1100 340 anima
1128 301 1184 338 his
1205 298 1366 338 instituta

275 384 319 416 et
346 364 498 420 imbuta,
519 379 708 410 strenuum
735 367 821 416 quid
843 373 906 405 aut
923 365 1092 414 magnum
1120 364 1281 410 cogitare
1303 371 1370 408 po-

279 439 382 484 terit,
405 437 467 474 sed
494 444 644 472 necesse
665 437 722 468 est
737 441 818 468 eam
837 435 876 467 et
907 426 1114 476 languidam
1145 431 1182 462 et
1201 423 1370 464 mollem,

284 501 531 549 nequitia-ceu
553 496 708 545 quadam
731 501 832 542 peste
849 491 996 529 assidue
1015 491 1214 531 detentum,
1236 487 1290 524 sic
1309 485 1374 523 de-

287 573 386 601 mum
407 563 441 598 in
460 561 664 608 gehennam
685 565 720 594 rt
737 558 772 594 in
793 554 990 603 perniciem
1009 551 1129 600 dejici.

337 627 372 660 7.
391 623 560 661 Parentes
591 631 685 670 εωρθ
702 618 912 657 contrariam
933 613 1138 662 evangelica:
1155 611 1375 659 disciplinam

289 689 373 738 [iliis
393 687 549 724 tradunt.
567 706 617 714 —
635 685 700 722 Sin
714 689 756 721 tu
775 683 898 727 dicas,
913 691 987 718 non
1005 680 1054 717 ita
1071 689 1112 717 se
1127 687 1204 716 rem
1225 675 1375 713 habere.

293 761 475 800 posseque
495 749 532 787 in
553 748 676 786 medio
695 757 818 784 rerum
839 749 1045 783 versantem
1071 742 1245 778 virtutem
1272 748 1379 776 exero

292 825 379 852 cere
398 824 560 856 omnem,
582 821 700 860 neque
717 809 847 848 ludens
867 807 932 846 sed
950 807 1048 845 serio
1066 807 1112 842 ita
1135 802 1314 852 loquaris,
1336 811 1381 838 ne

295 885 345 922 te.
363 887 510 926 qureso,
549 875 668 924 pigeat
689 873 782 911 hanc
799 882 930 910 novam
962 879 1029 907 nos
1055 877 1163 916 atque
1182 865 1380 904 inauditam

295 940 430 977 docere
447 937 678 986 disciplinam
697 948 706 973 :
725 945 841 983 neque
853 934 951 971 enim
971 931 1078 968 velim
1091 936 1230 967 temere
1243 933 1383 964 tantum

297 1003 388 1041 Inibi
421 1001 557 1049 negotii
587 1009 798 1042 assumere.
819 1007 938 1044 neque
956 1001 1008 1032 tot
1027 993 1134 1030 bonis
1164 991 1297 1028 frustra
1325 999 1386 1026 ca-

301 1076 396 1103 rere.
419 1065 551 1101 Verum
571 1062 606 1100 id
623 1061 788 1099 ediscere
821 1059 1028 1097 nullatenus
1049 1064 1217 1104 possum;
1234 1052 1268 1090 id
1289 1051 1386 1088 enim

301 1138 372 1166 ιιοιι
396 1125 606 1176 permittitis
621 1134 686 1161 vos
705 1129 838 1171 :atqne
855 1121 938 1158 huic
956 1117 1147 1159 sententia:
1165 1122 1201 1153 et
1213 1113 1337 1152 verbis
1352 1118 1389 1150 et

301 1191 416 1240 gestis
435 1189 666 1238 repugnatis,
686 1193 724 1224 ct
741 1183 922 1222 contraria
948 1181 1089 1218 docetis
1108 1190 1118 1216 :
1149 1176 1326 1225 siquidem
1348 1184 1392 1212 ac

304 1237 334 1292 si
355 1253 474 1291 dedita
489 1261 600 1299 opera
616 1249 710 1286 filios
746 1246 900 1296 perdere
914 1243 1104 1288 studentis,
1121 1241 1175 1278 sic
1189 1239 1251 1276 illa
1269 1237 1392 1275 omnia

306 1316 500 1365 prrecipitis
518 1315 572 1352 eis
586 1342 596 1357 ,
615 1322 697 1362 quae
727 1311 787 1358 qui
809 1315 1061 1357 exsequuntur
1087 1305 1242 1343 salutem
1264 1311 1394 1339 consc-

307 1379 369 1426 qui
389 1387 461 1414 non
484 1380 650 1424 possunt.
683 1373 776 1411 Rem
797 1371 906 1408 altius
933 1368 1139 1407 considera.
1167 1365 1241 1408 Vae,
1263 1363 1393 1411 inquit.

309 1425 500 1478 ridentibus
527 1437 634 1486 (Luc.
669 1436 705 1474 6.
733 1435 795 1473 24.
825 1441 858 1471 et
889 1431 1024 1480 seqq.);
1057 1439 1122 1466 vos
1151 1436 1271 1464 autem
1308 1425 1396 1472 ipsis

310 1504 444 1540 multas
477 1501 649 1549 prtebetis
675 1497 816 1536 ridendi
843 1497 1056 1534 occasiones
1082 1505 1094 1529 :
1122 1491 1182 1528 Va:
1211 1489 1398 1533 divitibus;

311 1575 379 1602 vos
397 1575 486 1602 vero
506 1570 545 1600 ut
563 1561 752 1611 pecuniosi
773 1551 994 1597 sint'cuncta
1017 1553 1192 1592 molimini
1211 1564 1220 1590 :
1247 1551 1307 1588 Va:
1323 1560 1400 1586 cum

314 1626 548 1664 benedixerint
567 1623 662 1661 vobis
689 1633 807 1660 omnes
827 1620 1004 1663 homines;
1023 1626 1089 1654 vos
1109 1622 1230 1653 autem
1252 1623 1318 1661 pro
1336 1621 1403 1659 po-

315 1689 432 1738 pulari
451 1698 537 1724 aura
558 1686 747 1725 facultates
763 1695 861 1732 smpe
877 1692 1007 1720 omnes
1026 1678 1225 1718 elfunditis.
1244 1677 1402 1714 Rursum

319 1753 364 1796 is,
383 1751 444 1798 qui
466 1749 567 1787 fratri
595 1747 854 1786 contumeliam
874 1743 1007 1787 infert,
1032 1751 1118 1780 rcus
1137 1747 1193 1778 est
1207 1739 1402 1787 gehennm,

320 1823 457 1860 vosque
484 1818 606 1848 tamen
634 1816 672 1847 et
689 1808 894 1846 imbecillos
924 1811 961 1842 et
989 1802 1138 1841 timidos
1155 1811 1238 1838 esse
1271 1799 1406 1846 putatis

321 1884 400 1919 eos,
419 1873 479 1921 qui
501 1873 610 1910 tacite
625 1872 744 1909 illatas
762 1870 830 1907 sibi
849 1868 896 1904 ab
914 1867 994 1903 aliis
1011 1863 1253 1902 contumelias
1273 1861 1405 1898 ferunt.

322 1935 430 1976 Iubet
447 1936 613 1974 Christus
631 1944 768 1982 pugnas
787 1938 824 1970 et
837 1931 918 1968 lites
931 1934 1266 1968 contemnere;vos
1286 1929 1406 1960 autem

325 1999 406 2036 'rHos
423 1999 458 2036 in
479 1998 535 2034 his
551 2007 699 2044 semper
713 1993 818 2032 malis
837 1991 973 2030 versari
995 1989 1143 2027 curatis.
1163 1987 1314 2024 Oculum
1332 1985 1408 2029 ille,

327 2061 358 2097 si
388 2067 532 2102 noceat,
565 2067 698 2098 eruere
727 2065 825 2104 saepe
849 2053 974 2101 jubet;
997 2057 1034 2087 at
1064 2058 1128 2086 vos
1158 2057 1223 2085 eos
1253 2047 1410 2083 maxime

330 2122 432 2160 vobis
448 2120 654 2159 conciliatis
679 2119 836 2160 amicos,
865 2114 926 2164 qui
953 2113 1094 2161 possint
1124 2109 1296 2159 pecunias
1313 2119 1410 2156 prse-

331 2183 442 2228 bere,
465 2181 610 2219 etiamsi
631 2186 831 2216 extremam
853 2174 1050 2223 nequitiam
1066 2173 1234 2211 doceant.
1250 2171 1410 2209 Uxorem

332 2247 524 2298 repudiare
539 2256 610 2282 non
621 2243 818 2292 permittit,
836 2247 1082 2290 praeterquam
1103 2237 1139 2275 in
1155 2237 1230 2274 sola
1245 2235 1412 2273 adulterii

332 2297 614 2353 causa;at'vos
642 2306 727 2344 dmn
761 2303 932 2353 pecunias
966 2301 1156 2350 acquirere
1187 2299 1310 2343 liceat,
1346 2297 1416 2335 hoc

338 2379 556 2420 prmceptum
574 2368 762 2417 despicere
777 2366 930 2404 docetis.
947 2363 1204 2412 Jusjurandum
1218 2367 1316 2398 vetat
1332 2368 1415 2397 'om-

336 2447 405 2480 ne;
427 2445 493 2472 vos
519 2433 550 2470 si
567 2443 674 2480 quem
697 2431 730 2468 id
750 2441 898 2468 servare
926 2429 1092 2466 videritis
1106 2455 1116 2471 .
1137 2428 1246 2464 etiam
1275 2425 1416 2463 ridetis.

337 2498 407 2544 Qui
429 2503 536 2540 amat,
565 2496 694 2544 inquit,
723 2494 876 2531 animam
899 2503 1014 2537 suain,
1048 2491 1166 2540 perdet
1193 2501 1268 2527 cant
1297 2487 1418 2538 (Iona.

338 2561 399 2599 i2.
419 2558 482 2608 25)
499 2570 510 2602 ;
531 2569 594 2595 vos
609 2559 653 2594 ad
677 2558 772 2595 hunc
789 2566 950 2593 amorem
971 2555 1053 2592 illos
1072 2565 1217 2602 semper
1233 2551 1418 2590 inducitis.

339 2621 381 2659 Si
401 2632 470 2658 non
493 2619 707 2664 remiserilis,
731 2619 848 2666 inquit
863 2647 872 2664 ,
900 2617 1095 2653 hominibus
1125 2622 1264 2663 peccata
1278 2644 1288 2660 ,
1315 2625 1422 2658 neque

335 2683 432 2720 nobis
449 2682 598 2719 remitte:
615 2680 719 2717 Pater
737 2687 846 2716 vester
863 2679 1010 2716 ctrlestis
1031 2677 1174 2726 (Matth.
1195 2677 1231 2714 6.
1255 2677 1337 2723 H);
1357 2687 1422 2712 vos

339 2745 414 2785 illis
443 2745 692 2794 exprobratis,
711 2754 794 2781 cum
831 2753 910 2787 eos,
930 2743 990 2790 qui
1012 2751 1052 2779 se
1079 2740 1260 2784 ia-serint,
1297 2739 1422 2776 ulcisci

342 2809 488 2854 nolunt;
509 2815 620 2856 utque
636 2808 670 2846 id
689 2813 829 2844 mature
847 2812 1020 2854 przustare
1049 2805 1188 2853 possint
1217 2804 1298 2842 illos
1317 2803 1424 2840 iusti-

343 2873 458 2910 tnitis.
491 2872 626 2910 Gloria:
657 2870 808 2918 cupidos
838 2869 960 2906 omnia
993 2865 1128 2904 frustra
1159 2877 1267 2916 agere
1303 2865 1426 2903 docuit

344 2933 524 2979 Christus,
544 2935 622 2972 sive
644 2933 693 2970 illi
722 2931 986 2980 jejunavcrint,
1009 2931 1090 2967 sive
1117 2929 1326 2972 oraverint,
1345 2928 1426 2964 sive

349 2997 483 3035 miserti
503 2997 657 3039 fuerint;
674 3001 711 3032 at
727 3005 793 3032 vos
811 3001 850 3030 ut
871 2994 968 3030 illaut
988 2998 1230 3040 assequuntur
1248 2991 1334 3027 nihil
1355 3001 1426 3026 nun

347 3061 464 3107 agitis.
487 3060 624 3107 Ecquid
645 3069 736 3104 opus
756 3057 877 3093 omnia
905 3054 1088 3103 perseQui,
1109 3064 1192 3090 cum
1219 3063 1326 3100 supra
1349 3063 1425 3088 me-

349 3129 487 3161 morata
503 3123 714 3160 innumeras
725 3120 910 3168 gehennas
926 3117 1062 3155 inferre
1076 3117 1228 3164 possint;
1243 3125 1309 3152 nec
1321 3114 1430 3151 modo

350 3185 470 3222 omnia
498 3184 620 3228 simul,
651 3183 715 3221 sed
743 3177 910 3221 seorsum
937 3180 1105 3228 singula?
1134 3181 1181 3216 At
1211 3188 1277 3214 vos
1309 3177 1429 3213 omnia

352 3247 458 3282 simul
475 3253 662 3293 congesta,
683 3252 722 3282 et
739 3243 970 3282 intolerabile
991 3248 1225 3290 peccatorum
1248 3249 1340 3275 OIIIIS
1361 3239 1430 3274 im-

354 3313 554 3354 ponentes,
574 3307 626 3343 sic
644 3307 679 3342 in
700 3306 848 3343 ﬂuvium
882 3306 1028 3352 igneum
1051 3303 1260 3341 immittitis.
1281 3300 1434 3345 Quando

298 3396 300 3399 τ
353 3369 507 3406 salutem
530 3368 687 3404 nancisci
714 3373 884 3414 poterunt
911 3373 1048 3403 tantam
1078 3365 1235 3402 ferentes
1262 3362 1355 3409 ignis
1372 3371 1434 3396 es-

355 3431 461 3468 cam?
479 3431 604 3475 Neque
633 3430 667 3467 id
686 3429 913 3466 solummodo
942 3440 1052 3477 grave
1073 3433 1152 3470 est,
1173 3425 1268 3473 quod
1301 3422 1434 3460 Christi

358 3493 548 3540 praeceptis
561 3492 744 3529 contraria
763 3491 924 3528 doceatis
937 3519 946 3534 ,
967 3491 1029 3528 sed
1051 3489 1146 3537 quod
1172 3486 1355 3535 praeclaris
1375 3493 1438 3530 ap—

359 3555 617 3603 pellationibus
631 3553 719 3592 vitia
733 3554 934 3602 obtegatis,
957 3552 1206 3600 hippodromis
1221 3559 1264 3586 ac
1285 3546 1437 3584 theatris

356 3619 489 3666 iugiter
500 3618 680 3655 interesse
688 3616 930 3654 urbanitatem
940 3621 1125 3652 vocantes.
1139 3611 1284 3649 divitias
1293 3609 1439 3646 liberta-

359 3687 448 3723 tem,
461 3680 586 3724 gloria:
595 3690 757 3718 amorem
773 3678 1121 3727 magnanimitatem,
1136 3673 1380 3720 arrogantium
1395 3671 1440 3706 ti-

360 3743 517 3786 duciam.
533 3743 823 3791 prodigalitatem
835 3724 1124 3779 humanitatem.
1138 3736 1349 3782 injustitiam
1365 3724 1441 3769 fur;

358 3804 566 3842 titudinem.
585 3805 720 3843 Deinde
737 3833 746 3848 ,
781 3803 884 3852 quasi
907 3802 984 3838 lucc
1001 3799 1144 3836 fallacia
1167 3807 1238 3832 non
1254 3794 1409 3832 sufficiat
1429 3820 1440 3836 ,

365 3866 532 3904 virtutem
551 3879 693 3916 quoque
712 3865 906 3905 contrariis
925 3853 1132 3900 nominibus
1152 3857 1290 3894 vocatis
1311 3883 1320 3898 ,
1351 3863 1443 3892 tent-

367 3930 566 3978 perantiam
583 3930 806 3976 appellantes
826 3925 1065 3964 rusticitatem
1079 3950 1090 3967 ,
1109 3918 1324 3957 modestiam
1347 3917 1442 3952 timi-

763 229 802 268 3.
829 224 1020 267 JOANNIS
1045 221 1369 285 Cl-lRYSOSTQMl
1395 219 1609 259 ARCIIIEP.
1638 215 2005 256 CONSTANTINOP.

2408 219 2470 258 360

1441 298 1606 342 ditatem,
1622 296 1802 346 justitiam
1822 294 2117 335 imbecillitatem,
2133 298 2361 340 contemptum
2376 295 2472 334 fastus

1441 359 1611 397 servilem
1645 358 1806 396 animum
1825 385 1836 403 ,
1872 357 2080 404 iujuriarum
2108 355 2321 393 tolerantiam
2343 357 2476 394 infirmi-

1444 429 1555 459 tatem
1573 433 1582 458 :
1617 432 1661 459 ac
1679 421 1708 458 si
1730 420 1901 457 metuatis
1933 429 1978 456 ne
1999 445 2010 462 ,
2031 418 2059 454 si
2085 418 2130 459 ab
2149 418 2224 454 aliis
2238 429 2350 455 veram
2369 421 2478 456 horum

1453 484 1722 532 Ippellationem
1741 481 1921 519 audierint
1941 481 2002 516 lilii
2023 479 2154 524 vestri,
2174 480 2354 527 perniciem
2372 480 2481 528 hujus-

1445 545 1545 583 modi
1566 544 1718 592 fugiant.
1736 543 1858 590 Neque
1872 541 1967 579 enim
1984 551 2108 588 parum
2126 540 2260 578 etnifert
2280 541 2321 578 ad
2334 542 2482 578 vitiorum

1448 609 1676 648 aversionem
1694 635 1704 650 ,
1723 607 1752 644 si
1773 607 1878 643 nuda:
1892 612 1927 642 et
1941 605 2092 653 propria:
2115 615 2236 641 eorum
2255 605 2484 651 appellationes

1450 671 1704 718 proferantur;
1733 669 1795 706 sed
1817 675 1954 706 tantum
1973 667 2007 704 id
2023 667 2128 704 habet
2147 667 2282 704 roboris
2295 667 2336 703 ad
2354 677 2488 713 peccan-

1453 734 1542 770 tium
1569 733 1712 770 animos
1729 731 1910 769 feriendos
1931 759 1940 775 ,
1961 736 1998 767 ut
2014 729 2172 778 plerique
2190 739 2281 776 sa‘pe
2300 729 2490 776 turpissimis

1453 797 1615 845 insignes
1632 795 1726 832 vitiis
1747 823 1758 841 ,
1779 806 1817 832 se
1836 795 1882 831 ita
1901 794 2021 831 vocari
2041 805 2112 830 non
2132 793 2280 829 libenter
2295 791 2419 834 ferant.
2437 793 2491 830 sed

1455 859 1548 897 adeo
1569 859 1720 896 suaviant
1736 865 1773 896 et
1789 857 2020 906 itnlignentur
2041 883 2052 902 ,
2074 867 2114 892 ac
2129 855 2159 892 si
2173 855 2390 893 acerbissima
2407 861 2493 902 pate-

1455 930 1597 962 rentur.
1617 922 1655 960 Si
1675 923 1756 970 quis
1773 921 2012 959 adulteratam
2033 920 2240 963 mulierem,
2267 925 2302 955 et
2319 924 2495 964 stupratum

1459 997 1610 1035 prterunt
1631 997 1675 1024 ex
1695 985 1902 1032 turpissimo
1916 990 1998 1021 actu
2017 983 2208 1027 vocaverit,
2223 979 2498 1019 irreconciliabilis

1461 1052 1620 1089 efficitur
1639 1050 1806 1087 inimicus
1826 1077 1835 1092 ,
1857 1053 1980 1096 utpote
1995 1047 2052 1095 qui
2069 1055 2194 1094 magna
2211 1044 2361 1081 all'ecerit
2374 1043 2497 1088 injuria.

1462 1115 1588 1162 Neque
1612 1114 1678 1150 hos
1705 1119 1844 1150 tantum
1863 1139 1874 1157 ,
1910 1110 1974 1148 sed
2003 1111 2108 1146 etiam
2130 1117 2293 1150 avarum,
2314 1105 2474 1142 ebriosum
2490 1130 2500 1148 ,

1464 1184 1696 1226 arrogantem
1717 1204 1728 1220 ,
1763 1175 1981 1222 demtunqnc
1997 1183 2123 1210 omnes
2135 1169 2340 1219 gravissima
2355 1173 2502 1213 Operatos

1465 1243 1590 1280 videas
1607 1269 1620 1287 ,
1652 1250 1725 1278 non
1747 1245 1819 1276 tam
1835 1237 1880 1275 de
1901 1238 1979 1284 ipso
1998 1245 2108 1282 opere
2125 1262 2134 1278 ,
2165 1232 2324 1279 vulgique
2353 1229 2499 1277 opinione

1467 1305 1549 1353 angi
1566 1310 1600 1342 el
1618 1303 1757 1346 dolere,
1779 1311 1886 1349 quam
1904 1300 1950 1336 de
1965 1297 2162 1334 bucinorum
2181 1292 2374 1331 nominibus
2396 1289 2506 1328 Multos

1470 1378 1580 1416 porro
1591 1366 1674 1404 novi
1687 1367 1755 1402 hoc
1769 1363 1980 1401 emendatos
1992 1359 2111 1402 modo,
2125 1357 2184 1406 qui
2195 1355 2386 1404 opprobriis
2401 1351 2507 1389 mode-

1471 1431 1624 1468 ratiores
1643 1433 1852 1465 evaserunt.
1871 1428 1916 1462 At
1934 1434 1998 1461 vos
2026 1425 2095 1460 hoc
2113 1420 2275 1458 solatium
2295 1423 2394 1464 atque
2413 1424 2510 1451 reme-

1473 1493 1572 1530 dium
1607 1489 1835 1530 sustulistis:
1873 1487 2041 1536 quodque
2067 1483 2210 1532 gravius
2226 1487 2291 1524 cst,
2320 1490 2384 1515 non
2411 1475 2510 1514 verbis

1474 1557 1608 1600 solum,
1625 1555 1688 1593 sed
1707 1552 1876 1600 exemplo
1893 1561 2036 1599 quoque
2051 1555 2086 1586 et
2105 1556 2213 1595 opere
2231 1544 2304 1580 haec
2318 1543 2382 1579 illis
2398 1540 2512 1576 munita

1475 1620 1585 1665 datis,
1603 1618 1690 1656 dum
1711 1609 1810 1654 aedes
1821 1612 2030 1662 Splendidas
2048 1607 2252 1647 conslruitis
2269 1640 2280 1652 ,
2295 1615 2392 1652 agros
2414 1600 2515 1638 euntis

1477 1681 1750 1732 pinguissimos,
1765 1679 1996 1725 reliquosque
2017 1673 2222 1722 magnificos
2237 1673 2416 1717 apparatus
2433 1662 2516 1700 addi-

1479 1748 1524 1786 tis
1547 1775 1558 1792 ,
1593 1754 1818 1795 prorsusque
1832 1742 1941 1780 veluti
1956 1739 2108 1788 quadam
2125 1735 2252 1774 nebula
2266 1733 2396 1768 animos
2412 1735 2517 1765 eorum

1479 1788 1884 1848 Oblétlel)ralis.-Utlde
1916 1805 2025 1852 igitur
2056 1799 2142 1837 mihi
2178 1793 2376 1846 persuaderi
2406 1788 2518 1852 pntel'it

1481 1882 1589 1920 posse
1615 1871 1698 1908 illos
1717 1867 1870 1906 salutem
1891 1863 2062 1911 consequi
2079 1891 2090 1908 ,
2111 1872 2191 1898 eum
2211 1858 2254 1896 ad
2271 1867 2312 1894 ea
2329 1851 2457 1893 evocari
2471 1849 2518 1885 vi-

1481 1935 1586 1972 deam
1603 1963 1614 1979 ,
1634 1944 1715 1982 quae
1733 1932 1792 1979 qui
1825 1931 1963 1968 faciunt
1988 1935 2134 1976 prorsus
2153 1923 2326 1972 perituros
2342 1927 2414 1954 esse
2433 1912 2521 1951 (Zhri-

1483 2003 1561 2034 stns
1591 1993 1816 2032 declaravit?
1845 2003 1928 2030 cttm
1950 1990 2090 2028 videam
2119 1996 2182 2023 vos
2214 1983 2362 2020 animam
2391 1983 2522 2014 eorum.

1483 2061 1586 2109 quasi
1610 2060 1762 2097 minoris
1794 2056 1900 2105 pretii
1933 2052 2072 2102 aliquid
2104 2050 2279 2098 negligere
2298 2073 2308 2089 ,

1485 2135 1566 2172 qua:
1587 2133 1672 2160 vere
1689 2119 1873 2168 superﬂua
1889 2125 1974 2154 sunt
1993 2144 2002 2159 ,
2025 2115 2125 2163 quasi
2148 2108 2342 2149 neces.~aria
2361 2110 2394 2141 et
2417 2097 2526 2148 praecl.

1488 2198 1559 2237 pua
1575 2186 1731 2224 curare?
1750 2183 1914 2230 Namque
1939 2185 1978 2216 ut
1995 2188 2120 2216 servus
2139 2204 2150 2221 ,
2171 2180 2211 2212 ut
2227 2179 2334 2218 equus
2353 2197 2362 2212 ,
2381 2173 2416 2202 at
2431 2161 2526 2200 vesti-

1490 2230 1652 2288 mentum
1673 2246 1958 2296 pulcherrimum
1980 2243 2054 2280 lilio
2069 2241 2128 2284 sit,
2151 2236 2269 2274 omnia
2285 2230 2413 2272 facitis;
2431 2233 2528 2262 utau-

1489 2323 1562 2352 tcm
1577 2313 1656 2360 ipse
1665 2294 1800 2360 probus
1814 2309 1875 2352 sit,
1891 2318 1936 2345 ne
1948 2305 2106 2354 cogitare
2121 2300 2260 2349 quidem
2275 2294 2393 2333 vultis:
2406 2300 2444 2326 ac
2460 2295 2528 2359 cum

1491 2377 1536 2415 ad
1555 2378 1718 2425 lignum,
1737 2373 1782 2410 ad
1813 2372 1968 2419 lapidem
1999 2369 2070 2406 hoc
2098 2364 2252 2404 studium
2286 2361 2295 2382 ι
2319 2351 2527 2425 emendatis.

1491 2411 1536 2415 τ-
1709 2411 1718 2420 ,
1851 2411 1858 2419 .

1491 2441 1650 2477 animam
1679 2447 1725 2474 ne
1755 2435 1904 2474 minima
1937 2431 2086 2480 quidem
2113 2421 2358 2466 sollicitudinis
2375 2422 2464 2464 parte
2481 2411 2530 2480 di-

1827 2497 1899 2536 Sed
1918 2473 1960 2532 ut
1974 2501 2090 2532 statua
2110 2488 2270 2539 qumdam
2291 2486 2324 2522 in
2344 2481 2468 2544 :edi‘bus
2479 2473 2533 2512 ad-

1493 2565 1660 2606 miranda
1675 2563 1848 2612 erigatur,
1861 2565 1992 2598 tectum
2007 2557 2055 2594 sit
2071 2562 2233 2597 aureum,
2247 2549 2396 2586 laborem
2409 2546 2532 2578 omnem

1494 2628 1702 2676 suscipitis:
1723 2625 1885 2662 onmium
1904 2627 2106 2659 statuarum
2125 2610 2372 2664 pretiosissima
2385 2605 2488 2642 anima
2501 2604 2534 2635 ιιι

1496 2701 1605 2730 aurea
1620 2689 1820 2730 efﬁciatur,
1839 2685 1977 2722 nullam
1997 2690 2121 2719 curam
2137 2685 2263 2726 gerere
2282 2670 2397 2709 vultis.

1545 2756 1582 2793 8.
1606 2753 1650 2791 In
1670 2751 1840 2800 nefarium
1868 2746 2119 2786 Sodomiticum
2134 2741 2242 2780 scelus
2267 2733 2422 2773 inuehitur
2435 2757 2445 2772 .
2461 2721 2534 2800 quod

1546 2786 1582 2793 ν.
1606 2786 1650 2791 -.-

1498 2826 1578 2856 tunc
1593 2818 1741 2854 maxime
1760 2811 1942 2850 obtinebat.
1958 2807 2086 2845 -Sed
2103 2803 2259 2843 nondum
2276 2796 2440 2856 malorum
2453 2786 2535 2826 colo-

1500 2883 1658 2931 phoncm
1673 2877 1760 2918 dixi.
1776 2885 1842 2912 nec
1855 2871 2072 2912 calamitatis
2085 2873 2193 2914 caput
2205 2861 2319 2901 dctexi
2332 2869 2342 2902 ;
2357 2853 2537 2931 quatis-"2m

1499 2946 1622 2982 dicere
1640 2949 1832 2988 aggressus
1848 2936 1990 2976 erubui.
2011 2943 2107 2980 smpe
2121 2940 2196 2979 pra:
2209 2925 2339 2975 pudore
2348 2915 2471 2988 destiti.

1501 3006 1586 3055 quid
1603 2979 1790 3042 illttdvest?
1817 2999 2022 3037 audendum
2037 2979 2132 3033 enim
2149 2993 2220 3039 jam
2239 2995 2274 3026 et
2292 2979 2466 3023 dicemlum
2481 2979 2537 3010 εει.

1502 3071 1640 3118 Magum
1659 3067 1791 3115 quippe
1811 3063 1963 3112 ignavia:
1985 3061 2018 3098 id
2034 3065 2144 3101 esset,
2157 3047 2190 3092 si
2206 3051 2288 3100 quid
2307 3045 2540 3118 malilresecill‘e

1503 3133 1692 3180 cupientes
1706 3157 1721 3173 ,
1743 3138 1789 3164 ne
1809 3125 1941 3163 niutire
1965 3123 2110 3170 quidem
2127 3126 2236 3168 super
2253 3113 2310 3150 illo
2327 3106 2540 3180 auderemus:

1506 3164 1648 3180 -..,.-..-
1663 3164 1688 3166 η
1708 3164 1721 3173 ,
1978 3164 1987 3170 ,
2185 3166 2187 3168 η

1505 3208 1548 3234 ac
1567 3197 1595 3234 si
1627 3193 1810 3232 silentium
1840 3187 2091 3236 aegritudinem
2111 3182 2204 3218 ultro
2229 3178 2426 3236 sanaturum
2445 3164 2542 3236 εδεεςξ·

1507 3259 1558 3303 Ne
1577 3263 1762 3294 taceamus
1782 3252 1904 3300 igitur,
1917 3247 2056 3285 etiamsi
2073 3243 2202 3282 millies
2219 3227 2482 3303 erubescenda"l

1507 3323 1630 3368 Neque
1649 3319 1746 3356 enim
1767 3315 1928 3352 medicus
1942 3323 2024 3349 cmn
2035 3303 2270 3357 abstergenda
2283 3293 2426 3368 ρυιΐςάο
2435 3288 2545 3368 ξυξτῖξο

1509 3347 1644 3423 ferrlum
1666 3381 1828 3423 arripere
1845 3374 2026 3414 dubitabit
2043 3401 2054 3417 ,
2074 3377 2110 3408 et
2122 3368 2168 3406 ad
2185 3367 2298 3413 ipsum
2316 3351 2462 3423 vulneris

1509 3405 1554 3423 IUI
1566 3405 1644 3421 Iulll
1666 3405 1828 3423 ιλιι-,πων
1845 3405 2026 3414 ..υ-μημν.-
2043 3405 2054 3417 ,
2078 3405 2108 3408 υ
2125 3405 2143 3406 η
2201 3405 2208 3413 _

1509 3448 1593 3484 dum
1603 3445 1734 3492 digitos
1749 3441 1962 3492 immittere.
1981 3436 2056 3474 Nec
2075 3442 2141 3470 nos
2153 3429 2263 3477 igitur
2281 3423 2325 3460 de
2343 3405 2546 3492 trimeter":

1511 3469 1734 3492 ιιυ...υ.δ.....,
1751 3469 1962 3478 ν-
1981 3469 2054 3474 -.-ε
2076 3469 2081 3470 ,
2171 3469 2190 3477 ν
2440 3475 2447 3482 _
2527 3469 2532 3472 _

1511 3510 1630 3546 facere
1659 3491 1907 3544 recnsabimiis
1928 3528 1940 3546 ,
1959 3497 2285 3546 quantumcumque
2320 3480 2487 3546 molestior

1511 3571 1680 3621 putredo.
1701 3567 1803 3615 Quod
1825 3577 1912 3614 ergo
1933 3561 2078 3600 tandem
2097 3554 2191 3594 istud
2213 3549 2342 3588 malum
2369 3535 2548 3621 “agri:

1513 3594 1588 3621 νιιιι
1598 3594 1680 3608 CIIII.
1701 3594 1803 3615 “uuu
1825 3594 1912 3614 quv
1934 3594 2077 3600 -..η-.-.π

1513 3635 1658 3682 quidam
1680 3641 1796 3669 novus
1815 3639 1858 3666 ac
1878 3623 2122 3674 nequissimus
2156 3618 2190 3654 in
2219 3617 2374 3652 nostrum
2394 3594 2550 3682 Eii-"'2:

1514 3662 1658 3682 .,..........
1681 3662 1795 3669 ..-..--
1816 3662 1857 3666 η
1878 3662 1898 3664 -.
1913 3662 1948 3674 .1
2441 3662 2447 3668 η

1514 3698 1646 3746 irrupit.
1668 3708 1678 3733 :
1697 3694 1846 3734 morbus
1865 3689 1970 3728 irruit
1983 3682 2215 3734 gravissimus
2228 3683 2264 3714 et
2275 3662 2551 3746 iIICltrahlEErL‘:

1515 3721 1558 3736 III
1569 3721 1588 3734 ιι
1619 3721 1646 3734 ιιι
1669 3724 1678 3733 .
1698 3721 1770 3734 unm
1781 3721 1846 3731 νυ.-
1866 3721 1888 3728 ..
1899 3721 1909 3728 .
1919 3721 1970 3728 ν--
1983 3721 2016 3734 νὴ
2028 3721 2046 3722 η

1513 3763 1581 3800 stis
1594 3721 1760 3796 :mnium
1782 3754 1936 3804 pestium
1953 3747 2150 3788 teterrima.
2170 3741 2303 3778 Novum
2331 3736 2366 3800 et
2381 3721 2554 3804 interﬁt

1514 3777 1581 3800 sus
1597 3777 1760 3796 Uututulu
1784 3777 1936 3804 γεω-νη.
1955 3777 2150 3788 .ν.ν........-
2170 3777 2182 3778 κ
2357 3794 2364 3800 ¹

1514 3825 1601 3862 dum
1623 3823 1742 3861 scelus
1759 3819 2000 3867 exeogitalum
2015 3807 2169 3850 est.Non
2191 3801 2282 3841 enim
2300 3797 2434 3839 scriptae
2447 3777 2554 3820 moria,

1559 3919 1572 3939 ί
1598 3917 1716 3952 Verba,
1733 3913 1792 3947 hoc
1807 3908 1966 3947 studium,
1978 3907 2012 3939 in
2023 3898 2132 3937 Morel.
2145 3894 2212 3931 solo
2226 3890 2352 3926 deﬂuu-

2343 2043 2398 2080 ilia
2423 2044 2524 2074 autem
2571 2073 2582 2082 ,
