3986 6196
351 354 457 412 359

342 469 759 542 παιδευομένης),
793 475 1034 543 γενναῖόν
1060 493 1112 529 τι
1137 475 1229 528 καὶ
1253 475 1396 546 μέγα
1424 476 1676 547 ἐννοῆσαί
1707 492 1863 538 ποτε,
1894 473 2014 527 ἀλλ’

345 557 556 625 ἀνάγκη
587 556 684 625 τὴν
710 555 962 629 τοιαύτην
1014 559 1346 613 ἀσθενοῦσαν
1400 561 1511 624 καὶ,
1554 559 2014 630 μαλακιζομένην,

349 637 598 708 καθάπερ
621 640 725 691 τινὶ
754 640 890 712 φθόῃ
920 644 988 712 τῇ
1019 643 1188 714 κακίᾳ
1222 643 1584 714 συνεχομένην
1610 643 1894 714 διηνεκῶς,
1928 643 2020 696 οὑ-

343 740 451 786 τως
491 721 718 795 ὑστέρον
775 727 856 788 εἰς
891 727 990 798 τὴν
1043 728 1280 795 γέενναν.
1321 727 1725 798 καταστρέψαι,
1780 728 1875 781 ml
1921 727 2018 797 τὴν

341 807 616 860 ἀπώλειαν
660 808 758 878 τὴν
795 811 930 862 ἐκεῖ.

413 892 481 954 ζ’.
509 893 568 944 Εἰ
591 891 646 944 δὲ
675 893 750 962 μὴ
773 892 879 962 φῂς
906 892 1078 946 ταῦτα
1110 894 1282 956 οὑτως
1299 893 1613 964 ἔχειν,ἀλλά
1636 894 1861 946 δυνατὸν
1881 889 2020 946 εἶναι

343 975 438 1028 καὶ
482 977 540 1028 έν
599 978 749 1046 μέσῳ
791 977 1156 1048 στρεφόμενον
1210 977 1386 1030 πάντα
1435 976 1803 1047 κατορθοῦντα
1850 989 1877 1016 ι
1919 977 2019 1045 τῆς

344 1059 567 1130 ἀρετῆς,
604 1061 696 1112 καὶ
726 1059 799 1130 μὴ
825 1059 1056 1123 παίζων,
1094 1059 1230 1113 ἀλλά
1267 1059 1580 1124 σπουδάζων
1601 1059 1819 1130 ἀληθῶς
1843 1060 2037 1114 ταῦτα’

343 1141 543 1211 λέγεις.
599 1143 672 1213 μὴ
720 1145 1063 1216 κατοκνήσῃς
1104 1146 1250 1214 ἡμᾶς
1299 1144 1505 1209 διδάξαι
1542 1143 1603 1197 τδ
1646 1145 1832 1198 καινὸν
1862 1143 2021 1196 τοῦτο

345 1228 439 1280 καὶ
471 1226 772 1296 παράδοξον
820 1226 1067 1297 μάθημα·
1101 1228 1219 1280 οὐδὲ
1267 1227 1377 1298 γάρ
1410 1226 1668 1297 βούλομαι
1718 1226 2020 1297 πράγματα

341 1308 466 1378 εἰκῆ
493 1308 734 1361 τοσαῦτα
759 1309 922 1378 ἔχειν,
950 1310 1069 1363 οὐδὲ
1113 1310 1386 1373 τοσούτοις
1405 1309 1432 1349 ιι
1464 1308 1767 1380 ἀπέχεσθαι
1819 1308 2015 1378 μάτην.

355 1390 518 1443 Ἀλλά
543 1391 652 1461 γὰρ
683 1391 744 1443 οὐ
777 1391 1011 1462 δύναμαι
1039 1391 1196 1445 τοῦτο
1225 1392 1434 1463 μαθεῖν·
1464 1392 1524 1445 οὐ
1551 1391 1660 1463 γάρ
1689 1392 1813 1444 έάτε
1841 1392 2016 1461 ὑμεῖς,

343 1476 437 1528 καὶ
471 1475 538 1526 δι’
572 1468 646 1526 ὧν
700 1474 887 1541 λέγετε
928 1475 1022 1528 ml
1063 1474 1128 1528 δι’
1172 1469 1248 1529 ὧν
1282 1478 1484 1528 ποιεῖτε
1531 1473 2018 1543 ἀντιφθεγγὸμενοι

341 1557 514 1630 ταύτῃ
537 1561 602 1627 τῇ
645 1557 830 1628 ψήφῳ,
865 1559 958 1611 ml
1001 1559 1259 1613 τάναντία
1288 1558 1654 1622 παιδεύοντες·
1698 1557 1888 1628 ὥσπερ
1910 1557 2020 1629 γὰρ

341 1641 656 1712 ἐξεπίτηδες
703 1641 996 1695 ἀπολέσθαι
1041 1642 1434 1705 σπουδάζοντες
1479 1640 1606 1704 τοὺς
1639 1641 1810 1702 υίούς,
1847 1638 2020 1703 οὑτως

343 1723 561 1777 ἅπαντα
593 1722 844 1775 κελεύετε
893 1725 1087 1785 ποιεῖν,
1117 1722 1153 1776 ἀ
1179 1724 1307 1786 τοὺς
1337 1722 1624 1783 ποιοῦντας
1652 1721 1888 1790 σωθῆναι
1920 1722 2020 1774 οὐκ

341 1805 424 1858 ενι
467 1807 610 1876 Ὅρα
635 1805 690 1858 δὲ
727 1805 956 1859 ἀνωθεν.
993 1807 1174 1873 Οὐαί,
1211 1808 1365 1876 φησὶ,
1401 1806 1523 1872 τοῖς
1548 1803 1827 1875 γελῶσιν·
1864 1805 2020 1874 ὑμεῖς

341 1890 400 1943 δὲ
424 1889 624 1951 πολλάς
657 1890 840 1951 αὐτοῖς
871 1889 1135 1959 παρέχετε
1167 1891 1402 1957 γέλωτος
1435 1887 1710 1959 ἀφορμάς·
1729 1885 1876 1940 Οὑαί
1897 1886 2021 1952 τοῖς

343 1972 738 2027 πλουτοῦσιν·
758 1973 916 2041 ὑμεῖς
935 1971 992 2024 δὲ
1011 1972 1160 2036 ὅπως
1180 1990 1284 2044 χρη
1295 1973 1631 2043 ματίσαιντο,
1650 1971 1827 2025 πάντα
1847 1970 2020 2040 πράτ-

342 2071 485 2110 τετε·
509 2054 676 2112 Οὐαί.
720 2055 866 2108 ὅταν
887 2055 1086 2120 καλῶς
1118 2056 1370 2110 εῑπωσιν
1395 2056 1553 2126 ὑμᾶς
1583 2057 1807 2122 πάντες
1837 2058 1891 2109 οί
1916 2055 2018 2108 ἇν-

341 2143 580 2208 θρωποι·
611 2139 768 2208 ὑμεῖς
802 2139 859 2191 δὲ
906 2141 999 2192 καὶ
1024 2141 1210 2204 οὐσίας
1248 2141 1573 2212 ὁλοκλήρους
1603 2141 1744 2211 ὑπὲρ
1787 2139 1888 2209 τῆς
1909 2139 2018 2192 τῶν

339 2223 529 2294 δήμων
570 2222 846 2292 εὐφημίας
901 2223 1204 2277 ὲκενώσατε
1243 2224 1522 2287 πολλάκις.
1574 2223 1745 2277 Πάλιν
1775 2223 1832 2275 δὲ
1867 2224 1896 2275 ό
1927 2221 2019 2274 τὸν

342 2303 570 2371 ἀδελφὸν
598 2301 835 2372 ὑδρίζων
862 2301 1158 2365 ὑπεύθυνός
1183 2304 1299 2355 ἐστι
1319 2307 1384 2374 τῇ
1415 2303 1628 2373 γεέννῃ·
1653 2302 1812 2371 ὑμεῖς
1839 2300 1896 2353 δὲ
1927 2301 2020 2353 καὶ

341 2384 591 2453 ἀδρανεῖς
622 2377 760 2433 εἶναι
792 2379 1042 2449 νομίζετε
1071 2382 1164 2433 ml
1190 2381 1398 2444 δειλοὺς
1429 2382 1554 2443 τοὺς
1589 2383 1714 2450 σιγῇ
1745 2379 1845 2441 τάς
1869 2377 2022 2448 παρά

339 2466 450 2520 τῶν
483 2465 685 2535 ἐτέρων
717 2463 978 2534 φέροντας
1005 2463 1211 2535 ῦῦρεις.
1253 2465 1450 2534 Μάχης
1485 2463 1696 2517 κελεύει
1735 2463 1829 2516 καὶ
1861 2462 2022 2532 δίκης

340 2551 702 2622 καταφρονεῖν
747 2549 781 2601 δ’
832 2547 1087 2620 Χριστός·
1137 2549 1297 2618 ὑμεῖς
1339 2547 1395 2599 δὲ
1445 2547 1644 2609 αὐτοὺς
1700 2548 1754 2598 έν
1813 2544 2022 2608 τούτοις

340 2633 608 2705 στρέφετε
670 2633 782 2694 τοῖς
837 2634 1028 2694 κακοῖς
1075 2630 1389 2694 διαπαντός.
1437 2630 1542 2682 Τὸν
1571 2629 1848 2699 ὀφθαλμὸν
1900 2628 2021 2682 πολ-

338 2714 499 2779 λάκις
530 2713 836 2785 ὲξορύττειν
864 2713 1172 2777 ἐκέλευσεν,
1205 2715 1332 2767 ὅταν
1367 2713 1599 2784 βλάπτῃ·
1634 2713 1790 2781 ὑμεῖς
1813 2713 1870 2766 δὲ
1905 2711 2020 2764 τού-

337 2815 468 2861 τους
512 2797 747 2868 μάλιστα
781 2799 986 2850 ποιεῖτε
1049 2796 1257 2866 φίλους,
1311 2797 1534 2865 ὅσοιπερ
1587 2793 1654 2848 ἀν
1702 2793 1964 2848 δύνωνται
1993 2805 2016 2833 ο

339 2883 602 2952 χρήματα
633 2879 836 2942 δοῦναι,
868 2879 971 2933 κάν
998 2879 1096 2949 τὴν
1125 2879 1362 2950 ἐσχάτην
1409 2875 1738 2931 παιδεύσωσι
1799 2875 2018 2930 κακίαν.

352 2960 635 3014 Ἐκϐαλεῖν
673 2962 908 3025 γυναῖκα
955 2961 1055 3014 οὐκ
1105 2959 1310 3030 ἀφῆκε,
1365 2958 1504 3029 πλὴν
1557 2957 1644 3009 ἐπ’
1674 2957 1823 3028 αἰτία
1885 2956 2020 3027 μόνη

340 3040 620 3109 πορνείας·
679 3041 837 3110 ὑμεῖς
891 3038 969 3104 δὲ,
1026 3039 1154 3093 ὅταν
1202 3038 1295 3109 ἐξῇ
1355 3040 1612 3110 χρήματα
1660 3035 1865 3100 λαϐεῖν,
1927 3037 2022 3089 καὶ

338 3121 548 3190 ταύτης
593 3123 953 3191 καταφρονεῖν
1000 3121 1248 3174 κελεύετε
1293 3122 1394 3192 τῆς
1441 3121 1682 3190 ἐντολῆς.
1745 3121 1848 3174 Τὸν
1903 3119 2020 3192 [87]

339 3207 506 3277 ὅρκον
551 3202 776 3275 ἀπεῖρξε
815 3203 1112 3267 παντελῶς·
1156 3205 1314 3272 ὑμεῖς
1355 3204 1431 3270 δὲ,
1484 3203 1550 3257 ἀν
1581 3203 1728 3273 ἴδητε
1759 3203 2024 3272 φυλαττό-

345 3305 526 3358 μενον.
554 3287 649 3340 καὶ
688 3285 906 3354 γελᾶτε.
951 3287 1013 3339 '0
1040 3286 1236 3356 φιλῶν
1263 3287 1378 3354 τὴν
1419 3287 1633 3357 ψυχὴν
1669 3287 1882 3350 αὑτοῦ,
1919 3304 2024 3358 φη-

344 3375 450 3435 σὶν,
504 3371 795 3426 ἀπολέσει
825 3371 1038 3437 αὑτήν·
1095 3371 1254 3440 ὑμεῖς
1305 3372 1362 3424 δὲ
1401 3372 1598 3434 αὐτοὺς
1642 3369 1905 3424 πάντοθεν
1941 3371 2022 3432 είς

341 3455 547 3524 ταύτην
589 3454 888 3523 ἐμϐάλλετε
922 3455 1022 3524 τὴν
1071 3454 1275 3522 φιλίαν.
1317 3453 1454 3507 Ἐὰν
1475 3455 1561 3523 μὴ
1617 3454 1830 3524 ἀφῆτε,
1864 3453 2020 3524 φησὶ,

344 3537 468 3602 τοῖς
510 3535 845 3603 ἀνθρώποις
881 3536 954 3589 τὰ
987 3537 1432 3606 παραπτώματα
1457 3535 1675 3600 αὐτῶν,
1703 3537 1845 3590 οὐδὲ
1880 3534 2024 3604 ὑμῖν

343 3622 377 3672 ό
416 3616 622 3684 Πατὴρ
656 3615 824 3685 ὑμῶν
881 3616 1105 3686 ἀφήσει
1157 3622 1190 3673 ό
1233 3618 1534 3687 οὐράνιος·
1600 3619 1758 3688 ὑμεῖς
1816 3619 1874 3671 δὲ
1929 3619 2023 3671 καὶ

341 3699 653 3764 ὀνειδίζετε,
698 3700 828 3752 ὅταν
879 3703 1005 3764 τούς
1063 3702 1393 3771 ἠδικηκότας
1439 3702 1514 3774 μὴ
1564 3701 1794 3754 θέλωσιν
1827 3700 2024 3770 ἀμύνε-

345 3783 471 3835 σθαι
501 3781 563 3844 ἀ,
605 3783 699 3836 καὶ
743 3785 823 3845 εἰς
872 3781 968 3853 τὴν
1033 3783 1261 3855 δύναμιν
1317 3785 1514 3846 αὐτοὺς
1561 3783 1764 3853 ταύτην
1812 3783 2022 3854 ταχέως

343 3865 629 3932 ἐπείγεσθε
682 3866 936 3934 ἀγαγεῖν.
983 3867 1120 3930 Τοὺς
1169 3868 1325 3937 δόξης
1373 3868 1615 3938 ἐρῶντας
1667 3867 1844 3930 πάντᾳ
1897 3865 2020 3934 εξκῆ

346 3951 520 4000 ποιεῖν
546 3950 860 4019 ἀπεφήνατο
893 3950 921 4000 ὁ
953 3950 1206 4018 Χριστὸς,
1225 3950 1327 4004 κᾶν
1356 3949 1676 4020 νηστεύωσι,
1703 3950 1804 4002 κάν
1828 3949 2024 4017 εὐχωνο

341 4045 456 4092 ται,
495 4030 598 4082 κᾶν
637 4030 878 4083 ὲλεῶσιν·
909 4032 1065 4100 ὑμεῖς
1119 4034 1199 4094 δὲ,
1248 4034 1395 4094 ὅπως
1433 4033 1636 4101 ταύτης
1690 4034 2020 4102 ὲπιτ’χοιεν,

341 4108 558 4164 ἅπαντα
589 4111 1063 4180 πραγματεύεσθε.
1100 4114 1208 4165 Kal
1235 4114 1284 4166 τί
1304 4115 1384 4166 δεῖ
1415 4116 1589 4167 πάντα
1615 4115 1822 4166 ἐπιέναι
1849 4130 1862 4176 ;
1895 4113 2022 4166 ὅταν

344 4193 454 4263 γάρ
470 4194 563 4245 καὶ
580 4193 648 4245 τὰ
669 4194 936 4266 εἰρημένα
963 4183 1159 4264 μυρίας
1180 4195 1338 4249 ἱκανά
1359 4197 1775 4267 παρασκευάσαι
1797 4195 2022 4264 γεέννας

341 4272 402 4345 ᾖ,
435 4276 558 4344 οὐχὶ
611 4277 790 4329 πάντα
830 4276 965 4346 ὀμοῦ
1000 4278 1322 4331 συνελθόντα
1365 4281 1544 4350 μόνον,
1591 4280 1726 4332 ἀλλά
1758 4279 1850 4332 καὶ
1900 4278 2020 4330 καθ’

342 4360 507 4412 ἑαυτὸ
531 4358 778 4412 ετούτων
811 4360 1063 4413 ἕκαστον·
1098 4362 1252 4430 ὑμεῖς
1282 4362 1339 4414 δὲ
1367 4363 1546 4415 πάντα
1571 4362 1706 4432 ὁμοῦ
1737 4364 2019 4433 συμφορή-

345 4459 559 4504 σαντες,
587 4444 680 4496 καὶ
725 4442 787 4494 τὸ
816 4442 1087 4512 ἀφόρητον
1128 4444 1237 4496 τῶν
1285 4445 1700 4514 ἁμαρτημάτων
1743 4445 2022 4507 ἐπιθέντες

345 4525 586 4596 φορτίον,
625 4525 799 4588 οὕτως
849 4527 930 4588 είς
975 4527 1066 4578 τὸν
1116 4527 1211 4579 τοῦ
1261 4529 1432 4598 πυρὸς
1467 4529 1713 4598 πέμπετε
1753 4529 2016 4598 ποταμόν.

347 4610 483 4662 Πύτε
514 4608 753 4678 σωθῆναι
781 4609 1120 4679 δυνήσονται,
1145 4611 1412 4682 τοσαύτην
1435 4613 1750 4682 κομίζοντες
1783 4611 1859 4682 τῷ
1884 4629 1955 4663 πυ
1965 4613 2020 4682 pl

343 4691 443 4762 τὴν
475 4693 720 4761 τροφήνς
751 4693 858 4743 Kal
894 4693 954 4743 οὐ
991 4693 1148 4746 τοῦτο
1201 4695 1360 4764 μόνον
1396 4695 1512 4748 ἐστὶ
1571 4696 1631 4748 τὸ
1681 4694 1879 4759 δεινὸν,
1941 4697 2022 4749 ὅτι

343 4775 606 4826 τάναντία
637 4777 748 4836 τοῖς
797 4774 890 4827 τοῦ
933 4776 1167 4846 Χριστοῦ
1206 4781 1522 4847 παραινεῖτε
1567 4779 2020 4850 προστάγμασιν,

341 4858 460 4912 ἀλλ’
503 4859 586 4909 ὅτι
634 4858 728 4910 καὶ
787 4861 1178 4930 προσηγορίαις
1206 4861 1471 4931 εὐφήμοις
1497 4861 1874 4932 περιστέλλετε
1922 4862 2020 4934 τὴν

342 4941 566 5001 κακίαν,
590 4942 647 4994 τὸ
677 4945 773 5011 μὲν
806 4943 1158 5014 ίπποδρόμοις
1186 4947 1278 4996 ml
1315 4945 1562 5016 θεάτροις
1601 4946 1955 5017 προσκεῖσθαι
1998 4948 2014 4984 ί

341 5022 635 5084 διαπαντὸς
683 5023 1008 5096 ἀστειότητα
1051 5026 1371 5089 καλοῦντες,
1404 5027 1464 5079 τὸ
1486 5028 1543 5081 δὲ
1580 5028 1830 5082 πλουτεῖν
1871 5030 2021 5082 ἐλευο

345 5106 556 5176 θερίαν,
589 5108 652 5161 τὸ
687 5107 743 5161 δὲ
795 5108 952 5178 δόξης
1000 5110 1130 5180 ὲρᾷν
1179 5109 1601 5180 μεγαλοψυχίαν,
1651 5112 1748 5183 τὴν
1788 5113 1844 5166 δὲ
1893 5115 2023 5167 ἀπό-

342 5205 494 5242 νοιαν
519 5190 848 5260 παρρησίαν,
869 5193 961 5245 καὶ
983 5193 1080 5263 τὴν
1100 5193 1198 5263 μὲν
1213 5193 1449 5245 ἀσωτίαν
1467 5193 1895 5264 φιλανθρωπίαν.
1919 5197 2018 5268 τὴν

343 5272 401 5326 δὲ
437 5273 652 5327 ἀδικίαν
678 5275 950 5345 ἀνδρείαν.
983 5277 1133 5342 Εἶτα,
1161 5275 1348 5348 ὥσπερ
1379 5277 1479 5331 οὐκ
1509 5278 1789 5350 ἀρκούσης
1815 5281 2019 5354 ταύτης

410 5401 436 5470 ‘_'
465 5401 546 5470 δίο
563 5413 738 5470 οιηηρε
760 5408 941 5470 ρι’σζῑει·
963 5403 1134 5470 Morel.
1159 5403 1429 5470 qulhhalgcl
1451 5403 1602 5470 ταῦτα
1625 5411 1815 5470 κατορθ.

411 5459 440 5530 _b
464 5463 635 5511 Ilorel.
660 5459 796 5530 solu's
815 5459 1206 5530 ορδιτοσούτωὺ,
1225 5466 1477 5530 ,ευιίίιηοι
1505 5466 1588 5515 alii
1615 5468 1723 5517 οὐδὲ
1748 5459 2017 5530 τοσούτοις.

348 5523 476 5574 Infra
499 5538 622 5572 unus
647 5526 805 5574 codex
831 5527 1082 5584 ἀπολέσαι,
1107 5529 1189 5577 alii
1215 5529 1491 5576 ἀπολέσθαι.

409 5589 433 5616 ⁸
462 5587 568 5634 Duo
586 5599 700 5633 mss.
726 5586 958 5637 δύνανται.
987 5588 1136 5637 Savil.
1166 5598 1218 5637 el
1243 5589 1412 5636 Mnrel.
1439 5589 1684 5637 δύνωνται.
1716 5590 1839 5641 Infra
1861 5595 2011 5644 iidem

344 5648 563 5713 magh’
586 5647 737 5702 αἰτίας
761 5650 918 5713 μόνης.
946 5649 1094 5713 Sayil.
1119 5658 1170 5698 el
1193 5650 1360 5713 Mprlfl.
1389 5649 1461 5713 ἐπ’
1483 5651 1610 5713 αἰτίᾳ
1634 5653 1768 5713 μόνῃ.

409 5708 436 5747 τι
463 5710 567 5757 Duo
601 5708 915 5780 maquSm-ripli
938 5711 1216 5772 ἀμύνασθαι.
1242 5711 1364 5758 Infra
1395 5710 1567 5760 Morel.
1589 5708 1907 5776 νήστιύσιιισι,
1933 5718 2016 5766 alii

343 5783 522 5821 omnes
544 5785 827 5826 νηστευωσι.

413 5844 438 5871 ο
463 5831 570 5898 pqo
597 5844 710 5898 mags.
739 5833 840 5898 καθ’
875 5833 1033 5881 ἑαυτά.
1086 5833 1191 5882 Mox
1238 5847 1363 5882 unus
1401 5846 1487 5883 ms.
1529 5837 1922 5898 συιιφορέσαντες,
1965 5848 2016 5890 οι

347 5903 461 5949 οισι
487 5891 617 5940 idem
649 5892 934 5949 ἐπιτιθέντες.

407 5946 432 5992 ί
474 5952 581 6004 Duo
599 5966 711 6002 mss.
747 5946 952 6020 θεάτροις
976 5957 1226 6018 ἐγκεῖσθαι.

1171 357 1540 416 Λῐινῐζίζὸυὸ
1577 354 2136 415 OI’PUGNA'I'ORES
2175 359 2358 417 V'lTIE
2403 363 2700 420 MONAST.
2743 362 2871 422 LIB.
2913 361 3003 418 Ill.

3682 369 3792 425 ἕω

2119 477 2218 548 τῆς
2250 477 2482 547 ἀπάτης,
2514 481 2607 533 καὶ
2631 478 2728 550 τὴν
2750 477 2950 550 ἀρετὴν
2971 476 3233 540 ἐναντίοις
3267 479 3478 534 καλεῖτε
3512 481 3790 553 ὀνόμασιν,

2121 561 2409 631 ἀγροικίαν
2456 561 2554 631 μὲν
2586 564 2684 632 τὴν
2730 562 3103 634 σωφροσύνην,
3143 560 3345 616 δειλίαν
3388 563 3444 616 δὲ
3483 565 3582 636 τὴν
3616 567 3789 621 ἐπιείο

2122 660 2299 705 κειαν,
2348 643 2633 714 ἀνανδρίαν
2671 643 2726 696 δὲ
2759 643 2857 712 τὴν
2891 642 3236 714 δικαιοσύνην
3274 643 3652 714 ὀνομάζοντες,
3694 648 3793 702 καὶ

2120 725 2180 778 τὸ
2221 725 2320 795 μὲν
2359 727 2560 792 ἄτυφον
2592 725 2978 795 δουλοπρεπὲς,
3013 725 3110 796 τὴν
3141 726 3196 778 δὲ
3239 727 3588 790 ἀνεξικακίαν
3627 730 3791 782 ἀσθέ-

2121 827 2304 864 νειαν·
2339 811 2588 881 καθάπερ
2623 809 2921 871 δεδοικότες
2969 809 3044 878 μὴ
3087 809 3214 880 παρ’
3243 809 3446 881 ἑτέρων
3477 813 3573 881 τὴν
3616 812 3792 884 ἀληθῆ

2121 893 2325 948 τούτων
2360 892 2730 964 προσηγορίαν
2769 891 3118 970 ἀκούσαντες.
3145 892 3358 960 φύγωσι
3388 893 3485 964 τὴν
3527 894 3703 966 λύμην
3741 897 3792 948 οἱ

2124 977 2328 1041 παῖδες.
2364 977 2498 1030 Οὐδὲ
2524 977 2632 1047 γάρ
2661 977 2856 1047 μικρὸν
2881 976 2961 1038 είς
2985 974 3081 1045 τὴν
3114 974 3221 1028 τῶν
3253 975 3439 1028 κακῶν
3473 977 3791 1048 ἀποτροπὴν

2122 1062 2180 1114 τὸ
2204 1060 2414 1130 γυμνὰς
2435 1060 2602 1122 αὐτάς
2626 1061 2720 1112 ml
2741 1057 2938 1128 κυρίας
2960 1059 3066 1111 τῶν
3086 1058 3271 1110 κακῶν
3304 1059 3674 1130 προφέρεσθαι
3696 1063 3793 1124 τὰς

2122 1145 2416 1215 ὀνομασίας
2445 1147 2492 1185 ε·
2526 1143 2660 1196 ἀλλά
2682 1142 2950 1212 τοσαύτην
2980 1140 3092 1211 ἔχει
3111 1141 3210 1211 τὴν
3237 1142 3392 1210 ίτχὺν
3414 1142 3549 1212 πρὸς
3576 1144 3635 1196 τὸ
3661 1143 3796 1212 πλῆο

2124 1227 2210 1292 ξαι
2248 1229 2374 1290 τοὺς
2412 1227 2843 1296 ἁμαρτάνοντας,
2879 1226 2953 1289 ὡς
2984 1225 3212 1288 πολλοὺς
3240 1226 3500 1290 πολλάκις
3543 1227 3636 1280 ἐπὶ
3680 1229 3793 1288 τοῖς

2123 1311 2421 1380 αἰσχίστοις
2449 1309 2609 1371 ὄντας
2641 1311 2958 1378 περιφανεῖς
2989 1309 3063 1379 μὴ
3095 1309 3281 1379 φέρειν
3315 1308 3506 1380 πράως
3527 1308 3793 1377 καλουμέ-

2123 1411 2246 1456 νους
2263 1391 2438 1452 τοῦτο.
2464 1392 2600 1462 ὅπερ
2620 1391 2778 1453 εἰσὶν,
2803 1391 2916 1443 ἀλλ’
2937 1391 3244 1461 ἀγριαίνειν
3265 1392 3358 1445 καὶ
3384 1391 3791 1463 ὲκθηριοῦσθαοκ

2123 1477 2197 1539 ὡς
2221 1475 2287 1528 τά
2308 1475 2584 1528 δεινότατα
2603 1474 2930 1544 πάσχοντας.
2950 1475 3060 1545 Τὴν
3077 1473 3205 1541 γοῦν
3226 1476 3587 1544 ἡταιρηκυῖαν
3611 1473 3797 1540 γυναῖ-

2124 1575 2216 1619 κα,
2239 1557 2334 1611 ml
2360 1557 2452 1610 τὸν
2473 1556 2913 1626 πεπορνευμένον
2946 1555 3110 1608 παῖδα
3142 1556 3207 1608 ἆν
3237 1556 3441 1628 καλέσῃ
3471 1572 3554 1618 τις
3573 1553 3682 1608 ἀπὺ
3700 1556 3798 1622 τῆς

2123 1640 2406 1710 αἰσχίστης
2485 1639 2736 1710 πράξεως
2797 1637 3034 1708 ταύτης,
3104 1639 3511 1702 ἀκατάλλακτος
3579 1638 3798 1706 γέγονεν

2123 1722 2336 1792 ἐχθρὸς,
2355 1722 2450 1774 ἀτε
2471 1722 2540 1774 τά
2576 1721 2808 1792 μέγιστα
2834 1720 3130 1790 ἠδικηκώς.
3154 1722 3263 1774 Kal
3284 1724 3344 1775 οὐ
3359 1722 3584 1784 τούτους
3615 1721 3794 1790 μόνον,

2122 1804 2258 1857 ἀλλὰ
2300 1804 2393 1858 ml
2445 1803 2535 1879 τὸν
2589 1802 2936 1871 πλεονέκτην,
2973 1803 3066 1856 ml
3109 1803 3200 1854 τὸν
3237 1803 3468 1872 μέθυσον
3489 1804 3540 1867 δ,
3575 1804 3670 1855 καὶ
3707 1802 3798 1855 τὸν

2122 1887 2380 1952 ἀλαζόνα,
2424 1888 2518 1940 καὶ
2553 1887 2757 1950 πάντας
2786 1886 2973 1950 ἀπλῶς
3003 1885 3126 1949 τούς
3159 1885 3228 1938 τά
3258 1886 3533 1956 δεινότερα
3562 1886 3802 1955 ἐργασα-

2127 1971 2320 2042 μένους
2365 1971 2461 2024 ίδοι
2490 1989 2572 2032 τις
2603 1970 2667 2024 ἀν
2697 1971 2795 2040 οὐχ
2823 1970 2994 2034 οὑτως
3025 1969 3117 2022 ἐπὶ
3149 1968 3225 2040 τῷ
3257 1970 3514 2040 πράττειν
3535 1969 3677 2021 αὐτά
3705 1968 3801 2023 καί⁵

2123 2056 2186 2124 τῇ
2208 2053 2357 2124 παρά
2381 2052 2487 2105 τῶν
2509 2052 2717 2104 πολλῶν
2743 2052 2866 2123 δόξῃ
2884 2050 3245 2122 δακνομένους
3267 2052 3359 2104 ml
3380 2051 3702 2120 ἀλγοῦντας,
3723 2052 3796 2116 ὡς

2123 2138 2216 2190 ἐπί¹
2254 2140 2368 2200 τοῖς
2415 2135 2524 2190 τῶν
2564 2135 2779 2188 οἰκείων
2818 2135 2996 2207 ἔργων
3041 2136 3288 2206 ὀνόμασι.
3332 2136 3566 2200 Πολλοὺς
3609 2136 3666 2190 δὲ
3706 2136 3802 2189 καὶ

2125 2219 2592 2290 σωφρονισθέντας
2631 2215 2754 2272 οἶδα
2781 2219 2955 2289 τούτῳ
2983 2219 3060 2290 τῷ
3099 2221 3306 2291 τρόπῳ,
3343 2220 3438 2272 καὶ
3472 2219 3798 2290 γενομένους

2121 2307 2236 2367 τοῖς
2271 2303 2530 2356 ὀνείδεσιν
2570 2303 3008 2374 ἐπιεικεστέρους
3068 2305 3206 2358 Ἀλλ’
3242 2305 3400 2375 ὑμεῖς
3452 2305 3546 2358 ml
3587 2303 3791 2373 ταύτην

2123 2387 2438 2456 ἀνῃρήκατε
2467 2384 2566 2454 τὴν
2599 2385 2975 2456 παραμυθίαν·
2993 2386 3169 2440 καὶτὸ
3197 2386 3260 2458 δὴ
3289 2385 3691 2456 χαλεπώτερον,
3717 2388 3799 2437 δτι

2121 2471 2180 2522 οὐ
2211 2470 2300 2522 διά
2331 2469 2440 2520 τῶν
2481 2467 2742 2538 ῥημάτων
2778 2469 2958 2537 μόνον.
2991 2469 3129 2523 ἀλλά
3158 2471 3255 2523 καὶ
3279 2469 3368 2524 διά
3402 2469 3510 2522 τῶν
3539 2470 3798 2541 πραγμά-

2123 2571 2233 2605 των
2275 2551 2478 2621 ταύτην
2532 2551 2719 2611 αὐτοῖς
2767 2550 3004 2603 ποιεῖσθε
3058 2551 3154 2622 τὴν
3210 2551 3568 2621 παραίνεσιν,
3622 2551 3800 2612 οἰκίας

2124 2636 2530 2708 οἰκοδομοῦντες
2563 2634 2822 2706 λαμπράς
2843 2674 2856 2698 ,
2899 2637 3103 2708 ἀγροὺς
3134 2636 3434 2708 ὠνούμενοι
3470 2637 3798 2702 πολυτελεῖς,

2123 2723 2222 2792 τὴν
2282 2721 2447 2790 ἀλλην
2490 2719 2905 2790 περιϐάλλοντες
2953 2719 3272 2789 φαντασίαν,
3326 2722 3419 2774 καὶ
3453 2721 3539 2773 διά
3584 2723 3802 2773 πάντων

2125 2803 2315 2874 πυκνῷ
2343 2821 2447 2856 τινι
2476 2803 2626 2871 νέφει
2659 2800 3246 2864 συσκιάζοντεςαύτῶν
3271 2802 3369 2874 τὴν
3392 2801 3592 2871 ψυχήν.
3628 2801 3799 2856 ῐίόθεν

2123 2883 2215 2940 οὑν
2238 2873 2534 2957 δυνήσομαι
2561 2884 2690 2956 (88}
2711 2883 3024 2952 πεισθῆναι,
3049 2884 3131 2936 ὅτι
3164 2873 3404 2953 σωθῆναι
3437 2879 3549 2936 οἷόν
3576 2901 3634 2936 τε
3672 2884 3799 2938 τού-

2096 2987 2270 3033 τους,
2311 2969 2450 3022 ὅταν.
2485 2967 2578 3020 ἴδω
2621 2966 2758 3037 πρὸς
2797 2965 2971 3019 ταῦτα
3005 2966 3543 3037 παρακαλουμένους,
3583 2968 3618 3020 ἀ
3669 2967 3799 3031 τοὺς

2127 3052 2412 3116 ποιοῦντας
2433 3050 2525 3103 ὀ.Χ
2539 3049 2716 3121 ριστὺς
2739 3048 3054 3118 ἀπεφήνατο
3077 3049 3292 3112 πάντως
3321 3049 3657 3117 ἀπολέσθαιις
3671 3051 3726 3102 ὅτ
3736 3067 3799 3102 αν

2129 3134 2412 3206 θεάσωμαι
2439 3135 2539 3201 τῆς
2572 3135 2671 3206 μὲν
2694 3132 2872 3204 ψυχῆς
2893 3132 3095 3196 αὑτῶν,
3117 3132 3307 3205 ὥσπερ
3327 3134 3472 3198 τινὸς
3494 3135 3796 3204 παρέργου,

2125 3217 2602 3290 καταφρονοῦντας
2649 3217 2830 3288 ὑμᾶς,
2885 3215 2994 3269 τῶν
3045 3215 3102 3270 δὲ
3147 3215 3318 3280 ὅντως
3378 3217 3674 3286 περιττῶν,
3725 3216 3801 3278 ὡς

2125 3301 2434 3370 ἀναγκαίων
2461 3301 2555 3354 ml
2583 3299 3012 3371 προηγουμένων
3043 3299 3458 3369 φροντίζοντας;
3490 3301 3677 3364 Ὅπως
3702 3301 3801 3371 μὲν

2126 3386 2234 3457 γάρ
2253 3384 2470 3454 οἰκέτης
2492 3383 2664 3446 ἔσται,
2691 3383 2784 3435 ml
2811 3383 2957 3446 ὅπως
2986 3382 3172 3446 ἵππος,
3209 3384 3301 3436 καὶ
3321 3384 3466 3446 ὅπως
3493 3382 3704 3452 ίμάτιον
3725 3383 3800 3455 τῷ

2127 3467 2279 3521 ποιιᾶ
2306 3467 2612 3527 κάλλιστον,
2653 3465 2830 3517 πάντα
2860 3467 3064 3517 ποιεῖτε
3087 3483 3099 3496 ·
3137 3465 3285 3527 ὅπως
3317 3465 3373 3518 δὲ
3405 3465 3566 3528 αὐτδς
3592 3467 3803 3534 γένοιτο

2128 3549 2310 3612 καλὸς,
2328 3549 2448 3601 οὐδὲ
2471 3547 2718 3617 ἐννοῆσαί
2741 3563 2871 3598 ποτε
2889 3545 3148 3616 ἀνέχεσθε
3179 3547 3222 3609 ί,
3247 3546 3382 3600 ἀλλά
3404 3549 3497 3602 ml
3515 3548 3684 3612 ξύλων
3707 3550 3802 3602 καὶ

2126 3627 2320 3683 λίθωνὶ
2362 3630 2525 3700 μέχρι
2540 3628 2732 3681 τούτου
2753 3627 3084 3697 προάγοντες
3104 3629 3204 3699 τὴν
3229 3629 3487 3700 σπουδὴν,
3509 3630 3609 3701 τὴν
3624 3630 3801 3702 ψυχὴν

2125 3711 2354 3765 οὐδὲτοῦ
2373 3709 2665 3763 πολλοστοῦ
2682 3709 2782 3779 τῆς
2799 3708 3114 3780 ἐπιμελείας
3129 3710 3329 3781 ταύτης
3341 3710 3552 3777 ἀξιοῦτε
3579 3713 3644 3782 μέ
3652 3731 3796 3784 ρους⁹

2127 3795 2238 3848 ἀλλ’
2265 3795 2352 3848 ἵνα
2389 3793 2488 3863 μὲν
2521 3792 2744 3864 ἄγαλμα
2770 3791 2862 3844 ἐπὶ
2894 3793 2991 3862 τῆς
3019 3793 3195 3857 οἰκίας
3225 3793 3431 3867 ἑστήκῃ
3462 3795 3794 3866 θαυμαστὸν.

2127 3878 2284 3948 καὶὴ
2323 3877 2487 3947 στέγη
2527 3876 2749 3946 γένηται
2790 3875 2990 3946 χρυσῆ,
3046 3877 3224 3929 πάντα
3263 3877 3595 3948 ὑπομένετε·
3631 3879 3692 3931 τὸ
3743 3880 3800 3932 δὲ

2127 3962 2342 4014 πάντων
2359 3958 2583 4030 τιμιώτε
2591 3975 2683 4030 ρον
2704 3959 2979 4030 ἀγαλμαὴ
3009 3958 3156 4030 ψυχὴ
3176 3960 3322 4024 ὅπως
3345 3961 3568 4032 γένηται
3600 3963 3795 4034 χρυσῆ,

2124 4045 2246 4098 οὐδὲ
2275 4041 2581 4113 φροντίζειν
2615 4041 2847 4095 ἐθέλετε.

2193 4131 2263 4194 η’.
2284 4125 2421 4177 Ἀλλ’
2451 4124 2603 4176 οῦπω
2621 4123 2712 4176 τὸν
2735 4123 3013 4192 κολοφῶνα
3043 4123 3152 4176 τῶν
3174 4125 3360 4178 κακῶν
3390 4119 3565 4188 εἶπον,
3598 4126 3720 4179 οὐδὲ
3739 4127 3800 4179 τδ

2126 4208 2416 4276 κεφάλαιον
2439 4205 2742 4275 έξεκάλυψα
2764 4207 2862 4275 τῆς
2893 4207 3198 4278 συμφορᾶς,
3230 4207 3490 4271 πολλάκις
3515 4209 3612 4278 μὲν
3631 4207 3800 4262 ἐλθὼν

2126 4293 2299 4343 εἰπεῖν
2337 4290 2430 4342 καὶ
2471 4289 2821 4360 ἐρυθριάσας,
2865 4287 3207 4353 πολλάκιςνδὲ
3247 4291 3342 4344 καὶ
3369 4291 3696 4362 αἰσχυνθείς.
3732 4291 3799 4343 Τί

2127 4374 2244 4426 ποτ’
2276 4369 2368 4426 οὖν
2421 4373 2539 4425 ὲστι
2589 4371 2778 4436 τοῦτο;
2821 4363 3116 4442 τολμητέον
3159 4374 3268 4444 γάρ
3316 4374 3417 4444 ἤδη
3449 4377 3543 4427 ml
3580 4373 3799 4427 λεκτέον

2126 4455 2278 4507 αὐτό.
2311 4455 2419 4507 Kal
2462 4454 2571 4524 γὰρ
2605 4453 2910 4522 ἀνανδρίας
2943 4453 3008 4508 ἂν
3040 4455 3126 4525 εἴη
3161 4455 3380 4526 πολλῆς,
3419 4456 3710 4526 μέλλοντάς
3744 4472 3796 4509 τι

2126 4537 2291 4590 κακὸν
2318 4536 2553 4607 ἐξαιρεῖν
2587 4537 2634 4598 ιε,
2676 4538 2810 4607 μηδὲ
2839 4537 3021 4608 φωνὴν
3054 4537 3272 4606 ἀφιέναι
3303 4539 3508 4610 τολμᾷν
3533 4540 3674 4611 ὑπὲρ
3703 4541 3800 4593 αὐ-

2126 4619 2240 4682 τοῦ,
2273 4619 2348 4683 ὡς
2381 4621 2477 4690 τῆς
2514 4620 2669 4690 σιγῆς
2698 4620 3017 4689 αὐτομάτως
3055 4619 3346 4691 ίασομένης
3375 4621 3472 4694 τὴν
3500 4623 3672 4676 νόσον.
3722 4624 3795 4676 Οὐ

2125 4700 2300 4754 τοίνυν
2339 4702 2654 4770 σιγήσομεν,
2703 4700 2804 4754 κάν
2843 4701 3099 4772 μυριάκις
3131 4703 3480 4773 αἰσχύνεσθαι
3515 4705 3798 4774 μέλλωμεν

2128 4784 2220 4836 ml
2244 4781 2518 4855 ἐρυθριᾷν.
2549 4783 2682 4835 Οὐδὲ
2710 4781 2819 4854 γάρ
2856 4783 3038 4854 ἰατρὸς
3073 4784 3280 4854 μέλλων
3309 4785 3575 4856 σηπεδόνα
3603 4787 3794 4839 καθαί-

2130 4884 2260 4936 ρειν,
2290 4867 2688 4936 παραιτήσεται
2715 4867 3196 4938 μεταχειρίσασθαι
3217 4869 3457 4941 σίδηρον,
3495 4873 3590 4924 καί⁵
3619 4872 3797 4924 καθεῖ-

2126 4966 2212 5001 ναι
2245 4948 2536 5014 δακτύλους
2582 4952 2659 5012 εἰς
2704 4949 2866 5002 αὑτὸν
2897 4949 2990 5002 τοῦ
3023 4950 3338 5021 τραύματος
3377 4952 3470 5006 τὸν
3515 4952 3792 5021 πυθμένα·

2125 5029 2319 5082 οὐκοῦν
2334 5029 2453 5084 οὐδὲ
2470 5033 2626 5101 ἡμεῖς
2651 5031 2740 5103 τὸν
2758 5031 2897 5101 ὑπὲρ
2913 5030 3116 5084 τούτων
3141 5032 3298 5102 λόγον
3325 5031 3792 5104 παραιτησόμεθα,

2125 5111 2234 5180 ὅσῳ
2267 5111 2360 5164 ml
2383 5112 2736 5181 χαλεπωτέρα
2759 5113 2791 5182 ἡ
2819 5112 3085 5183 σηπεδὼν.
3106 5115 3177 5168 Τί
3203 5115 3322 5169 ποτ’
3339 5111 3430 5168 οῦν
3461 5117 3576 5167 ἐστι
3611 5116 3670 5168 τδ
3699 5134 3796 5170 κα-

2126 5191 2252 5257 κόνς
2293 5192 2474 5264 Ἔρως
2507 5196 2687 5257 καινός
2714 5211 2797 5258 τις
2825 5197 2920 5249 ml
2953 5196 3269 5268 παράνομος
3296 5199 3375 5259 εἰς
3406 5196 3498 5249 τὸν
3527 5198 3796 5271 ἡμέτερον

2123 5273 2465 5344 εἰσεκώμασε
2495 5276 2606 5344 βίον
2623 5292 2636 5305 ·
2671 5277 2884 5347 νόσημα
2911 5278 3146 5330 ἐπέπεσε
3176 5276 3407 5347 χαλεπὸν
3432 5279 3526 5332 καὶ
3545 5279 3782 5333 ἀνίατον·

2125 5355 2314 5426 λοιμὸς
2351 5357 2663 5429 κατέσκηψε
2698 5360 2916 5412 πάντων
2959 5358 3160 5428 λοιμῶν
3205 5358 3598 5431 χαλεπώτερος·
3633 5365 3794 5435 καινή

2125 5452 2206 5497 τις
2239 5438 2548 5508 παρανομία
2576 5437 2842 5508 ἐπενοήθη
2876 5438 2968 5490 ml
2999 5438 3298 5507 ἀφόρητος·
3335 5439 3397 5491 οὐ
3431 5441 3539 5513 γὰρ
3571 5443 3619 5494 οἰ
3650 5443 3794 5497 θετοὶ

2192 5536 2216 5601 β
2241 5535 2411 5601 llorcl.
2436 5544 2489 5585 el
2512 5536 2665 5601 Savil.
2682 5536 2959 5601 ὀνομασίας.
2985 5534 3096 5583 Mss.
3123 5540 3454 5601 προσηγορίας.

2188 5595 2214 5634 ιι
2240 5597 2351 5647 Duo
2369 5612 2484 5646 mss.
2509 5600 2590 5646 τὸν
2616 5595 2860 5658 μεθύοντα.
2892 5597 3044 5645 Iidem
3071 5595 3182 5645 moi
3218 5595 3480 5648 δειέιοτατα.

2191 5659 2206 5698 ί
2234 5660 2384 5708 Savil.
2410 5665 2463 5708 et
2501 5658 2672 5707 Morel.
2697 5658 2934 5719 ἀνέχεσθε.
2979 5658 3088 5708 Duo
3115 5673 3228 5706 mss.
3254 5660 3554 5719 ἀνάσχοισθε.
3592 5663 3697 5713 Mox
3746 5667 3797 5714 in

2126 5721 2431 5787 llotgl._solp
2454 5720 2599 5787 dee_sl
2641 5720 2727 5775 τὴν
2761 5719 2988 5787 σπονδήν.
3032 5719 3184 5770 Paulo
3225 5728 3335 5783 post
3373 5719 3542 5774 Morel.
3581 5728 3798 5787 ἐστ-ήκω,

2124 5783 2273 5830 Savil.
2303 5784 2500 5842 ἑστήκῃ,
2521 5783 2620 5830 duo
2641 5794 2756 5828 mss.
2779 5782 2986 5838 ἑστήκει.

2193 5845 2206 5892 j
2240 5845 2322 5904 Sic
2346 5857 2374 5891 c
2401 5843 2582 5890 Samio
2606 5856 2927 5892 correximus.
2953 5843 3227 5904 Scripseral
3256 5843 3422 5896 Monll.
3452 5846 3581 5901 ξύλον
3602 5848 3685 5896 καὶ
3727 5849 3798 5897 λί-

2124 5908 2217 5954 θον.
2250 5903 2388 5953 Εωτ.

2188 5969 2209 6003 ι
2240 5965 2391 6016 Salii.
2423 5971 2472 6014 cl
2499 5963 2674 6020 Morel.
2699 5968 2889 6032 ἂὶερεῖν,
2914 5964 2996 6018 alii
3027 5969 3234 6032 ἐξαιρεῖν..
