3986 6196
279 310 375 365 361

277 422 372 478 sed
415 421 688 478 naturales
724 422 852 488 ipsae
898 421 1040 490 leges
1071 428 1401 474 evertuntur.
1429 419 1594 472 Parva
1635 433 1721 473 res
1747 418 1854 487 jam

279 525 359 568 est
392 513 458 566 ad
490 511 831 581 impudicitiae
860 511 1116 564 rationem
1147 510 1423 563 fornicatio
1458 526 1470 562 :
1513 524 1574 562 ac
1604 509 1856 578 quemad-

281 602 497 656 modum
524 603 574 656 in
603 601 894 665 doloribus,
919 599 1005 670 qui
1035 599 1313 654 violentior
1342 599 1860 668 supervenitprioris

280 710 497 750 sensum
525 694 702 748 obruit
733 734 748 760 ,
781 694 859 747 sic
901 702 950 747 et
984 691 1141 760 hujus
1184 692 1520 746 eontmueliae
1549 690 1859 760 magnitudo

284 803 389 840 non
429 785 705 855 permittit,
737 793 793 837 ut
833 783 974 853 quod
1003 799 1126 837 vere
1149 782 1478 837 intolerabile
1523 790 1624 845 est,
1644 781 1752 850 jam
1781 781 1862 832 in.

286 876 561 932 tolerabile
603 874 852 928 videatur
878 913 894 939 ,
934 873 1186 926 ohsemna
1239 887 1429 940 nempe
1471 886 1591 924 cum
1624 870 1861 924 mulieri-

284 967 384 1021 bus
407 968 421 998 ¹
444 965 628 1018 libido.
654 963 953 1032 Optaudnm
979 963 1118 1016 enim
1149 963 1356 1015 videtur
1377 975 1532 1030 posse
1559 961 1859 1027 hujusmodi

283 1058 415 1112 retia
443 1057 675 1126 ell'ngere
713 1073 726 1108 :
756 1055 1155 1124 periculumque
1192 1064 1277 1107 est
1310 1069 1376 1106 ne
1402 1067 1561 1106 sexus
1589 1051 1863 1105 muliebris

282 1151 390 1221 jam
437 1149 737 1218 superﬂuus
773 1146 1032 1202 efﬁciatur
1059 1187 1074 1211 ,
1103 1145 1529 1199 adolescentibus
1561 1145 1706 1196 vices
1747 1144 1865 1211 ejus

285 1255 474 1295 OllllleS
503 1239 863 1308 implentibus.
891 1237 1042 1305 Quod
1070 1237 1440 1308 gravissimum
1469 1250 1598 1289 sane
1623 1245 1702 1289 est
1732 1273 1746 1298 ,
1770 1233 1862 1288 sed

289 1333 446 1401 longe
469 1331 705 1385 atrocius
735 1329 875 1400 quod
907 1345 992 1383 res
1021 1341 1125 1382 tam
1153 1325 1479 1383 exsecranda
1515 1325 1713 1394 ingenti
1739 1340 1861 1378 cum

286 1423 502 1476 audacia
534 1430 867 1490 perpetretur
896 1461 909 1483 ,
943 1420 1009 1472 ita
1048 1428 1102 1471 ut
1152 1417 1356 1471 facinus
1375 1417 1509 1470 adeo
1537 1416 1864 1484 illcgitimum

287 1515 342 1567 iu
373 1514 542 1582 legem
569 1510 858 1565 transierit.
887 1509 1054 1563 Nemo
1073 1508 1183 1578 jam
1213 1508 1422 1567 metuit.
1451 1521 1609 1562 nemo
1636 1505 1869 1574 perluor;

289 1605 451 1660 rescit
475 1645 492 1670 ,
531 1618 688 1657 nemo
713 1611 925 1656 veretur
951 1611 1039 1656 aut
1067 1601 1335 1655 erubescit
1365 1642 1378 1658 .
1423 1599 1516 1653 sed
1542 1598 1691 1667 quasi
1719 1600 1786 1652 de
1811 1612 1869 1651 re

290 1695 431 1750 bene
455 1702 604 1763 gesta
631 1692 868 1754 ridetur;
897 1692 993 1760 ipsi
1035 1701 1394 1760 temperantes
1415 1690 1652 1744 insanire
1674 1688 1864 1743 viden~

291 1795 398 1846 tur,
423 1793 476 1838 et
500 1782 791 1837 monitores
819 1781 1029 1844 furere;
1061 1781 1152 1850 qui
1177 1781 1221 1834 si
1249 1779 1626 1834 imbecilliores
1652 1779 1868 1840 fuerint,

289 1873 603 1929 verberibus
631 1872 968 1942 afﬁciuntur;
1017 1872 1098 1926 sin
1129 1869 1454 1940 potentiores
1478 1911 1494 1935 ,
1526 1869 1822 1924 irridentur
1853 1908 1868 1933 ,

290 1966 604 2028 illuduntur,
635 1978 697 2017 ac
727 1963 936 2032 probris
963 1973 1348 2032 resperguntur
1379 1960 1693 2014 innumeris.
1725 1957 1868 2013 Nihil

283 2057 400 2128 jam
428 2057 729 2119 tribunalia,
758 2055 888 2109 nihil
913 2055 1057 2124 leges
1083 2054 1294 2107 valent:
1318 2068 1424 2106 non
1447 2050 1742 2123 p-.r.dagogi,
1768 2065 1871 2102 non

291 2158 493 2218 patres,
523 2164 626 2202 non
658 2148 898 2210 asseclae,
925 2163 1028 2199 non
1057 2145 1321 2215 magistri:
1350 2144 1437 2198 alii
1465 2144 1608 2198 enim
1634 2141 1875 2212 pecuniis

295 2240 530 2310 corrupti
551 2238 801 2304 sunt,alii
833 2238 881 2290 id
906 2238 1076 2290 solum
1099 2244 1354 2290 curantut
1377 2249 1585 2288 merces
1612 2233 1871 2287 solvatur:

294 2348 361 2386 ex
410 2332 475 2385 iis
511 2345 637 2384 vero
671 2329 762 2399 qui
811 2328 946 2396 frugi
996 2337 1163 2392 sunt,
1202 2335 1256 2380 et
1307 2324 1406 2378 sibi
1439 2321 1873 2378 concreditorum

292 2424 454 2479 saluti
531 2421 922 2491 prospiciunt,
996 2420 1089 2473 alii
1159 2418 1316 2473 facile
1389 2415 1877 2471 circumveniuntur

293 2529 359 2568 ac
403 2511 736 2582 decipiuntur
765 2552 778 2574 ,
819 2510 910 2563 alii
949 2507 1334 2578 impudicorum
1373 2506 1660 2576 potentiam
1703 2503 1878 2560 refor-

295 2602 520 2655 midant.
573 2601 805 2655 Facilius
863 2601 1004 2655 enim
1060 2599 1302 2654 elabatur
1348 2598 1438 2667 qui
1502 2599 1553 2652 in
1618 2596 1879 2651 aﬁ‘ectatzn

297 2692 591 2764 tyrannidis
663 2691 1020 2762 suspicionem
1085 2691 1340 2754 venerit,
1404 2703 1563 2758 quam
1643 2688 1878 2756 ipsorum

296 2799 492 2836 manus
541 2780 759 2852 effugiat
827 2780 914 2851 qui
982 2795 1176 2850 pueros
1236 2778 1305 2832 ab
1373 2778 1715 2832 exsecrandis
1772 2777 1881 2831 illis

297 2872 605 2927 hominibus
643 2872 910 2926 abducere
937 2870 1238 2925 tentaverit.
1281 2869 1370 2923 Sic
1415 2868 1604 2922 mediis
1656 2867 1706 2921 iu
1740 2867 1881 2921 urbi-

297 2967 422 3031 bus,
453 2965 604 3034 quasi
651 2965 702 3018 in
747 2972 896 3017 vasta
926 2962 1231 3027 solitudine,
1275 2960 1493 3014 masculi
1531 2961 1582 3014 in
1617 2959 1881 3014 masculos

299 3056 680 3128 turpitudinem
707 3059 976 3111 exercent.
1002 3053 1154 3122 Quod
1179 3053 1222 3106 si
1250 3054 1338 3122 qui
1366 3052 1466 3107 hos
1497 3052 1716 3121 laqueos
1744 3049 1879 3106 ellu-

294 3161 496 3231 gerint,
531 3157 728 3210 malam
764 3164 946 3207 tamen
977 3153 1370 3207 sceleratorum
1409 3147 1607 3200 famam
1653 3143 1869 3200 dillicile

296 3251 547 3304 vitabunt
574 3265 586 3299 :
623 3246 796 3316 primo
816 3243 1060 3316 quidem,
1088 3240 1215 3310 quia
1240 3237 1531 3292 admodum
1561 3236 1716 3305 pauci
1745 3250 1878 3318 cuni,

295 3343 430 3404 sint,
461 3337 833 3408 improborum
862 3329 1212 3386 multitudine
1235 3327 1396 3382 facile
1413 3325 1754 3381 obruuntur?
1784 3338 1868 3379 se-

296 3430 500 3492 cundo.
525 3428 654 3499 quia
677 3425 985 3482 detestandi
1011 3424 1086 3479 illi
1109 3439 1173 3477 ac
1194 3422 1409 3478 scelesti
1428 3420 1723 3482 daemones,
1749 3431 1873 3469 cum

299 3527 707 3588 contemptores
740 3533 872 3572 suos
896 3517 1004 3570 alio
1033 3514 1195 3569 modo
1225 3511 1421 3568 ulcisci
1453 3518 1750 3579 nequeant.
1776 3507 1876 3560 hac

298 3611 384 3663 via
398 3609 591 3663 laedere
606 3615 893 3662 conantur.
913 3604 1050 3671 Quia
1067 3604 1210 3659 enim
1230 3602 1388 3657 letale
1405 3601 1514 3655 illis
1530 3598 1727 3652 vulnus
1745 3596 1878 3650 infli-

295 3717 424 3772 gere
439 3716 546 3756 non
563 3707 813 3770 possunt,
832 3712 1010 3767 neque
1025 3711 1196 3765 usque
1211 3693 1277 3757 ad
1295 3693 1531 3747 animam
1549 3688 1876 3761 pertingere.

300 3794 635 3849 exteriorem
673 3793 866 3848 saltem
915 3799 1168 3846 ornatum
1212 3788 1426 3850 laedere,
1461 3787 1768 3852 bonamque
1803 3781 1882 3835 fa-

297 3905 440 3945 mam
487 3903 699 3942 omnem
746 3883 956 3940 auferre
1002 3882 1265 3936 nituntur.
1307 3873 1664 3940 Quamobrem
1694 3873 1890 3928 multos

295 3980 499 4044 audivi,
541 3980 630 4049 qui
673 3993 732 4032 se
762 3975 942 4031 mirari
972 3974 1233 4033 dicerent,
1269 3964 1410 4036 qnod
1435 3963 1668 4019 nondum
1701 3963 1888 4018 hodie-

295 4088 405 4143 que
447 4072 620 4125 imber
668 4069 806 4123 alius
850 4068 1035 4138 igneus
1064 4064 1314 4132 delapsus
1358 4057 1449 4124 sit,
1493 4058 1743 4129 quodque
1784 4071 1888 4111 non

297 4163 448 4232 paria
497 4177 618 4216 cum
663 4160 910 4215 Sodomis
952 4155 1079 4210 urbs
1127 4163 1307 4208 nOStra
1336 4162 1492 4221 passa
1535 4147 1624 4213 sit,
1667 4161 1787 4218 qua:
1827 4164 1892 4202 eo

301 4255 564 4323 graviore.
596 4249 856 4320 supplicio
903 4247 1059 4317 digna
1103 4253 1208 4307 est.
1239 4257 1346 4314 quo
1389 4256 1460 4297 ne
1490 4238 1634 4296 illius
1679 4237 1890 4308 quidem

303 4349 471 4404 cladis
501 4346 749 4416 exemplo
777 4342 1112 4400 emendatur.
1157 4339 1355 4393 Verum
1386 4332 1598 4391 etiamsi
1630 4332 1714 4386 illa
1746 4329 1894 4399 regio

305 4444 375 4496 ab
399 4441 558 4496 annis
588 4441 669 4495 bis
710 4436 857 4494 mille
895 4449 1028 4489 voce
1056 4431 1295 4503 qualibet
1337 4427 1624 4484 clariorem
1663 4438 1892 4491 Conspe-

305 4543 452 4587 ctum
479 4529 742 4602 prwferat,
775 4542 880 4598 quo
902 4525 1018 4580 orbi
1049 4523 1298 4577 universo
1321 4520 1514 4575 clamat
1545 4533 1612 4572 ne
1635 4514 1760 4587 quid
1791 4512 1892 4568 hu-

301 4623 537 4694 iusmodi
564 4621 776 4684 audeat,
803 4633 909 4672 non
953 4615 1112 4671 modo
1142 4613 1417 4683 segniores
1446 4610 1510 4664 ad
1543 4609 1645 4663 hoc
1691 4608 1895 4662 facinus

309 4714 438 4769 facti
468 4730 574 4768 non
623 4719 767 4776 sunt,
797 4709 892 4764 sed
921 4707 1081 4762 etiam
1111 4716 1236 4759 sunt
1269 4701 1719 4772 impudentiores:
1751 4714 1814 4752 ac
1848 4697 1893 4752 si

306 4821 434 4862 cum
483 4805 593 4858 Deo
617 4799 966 4862 contendant,
1008 4807 1168 4866 atque
1198 4794 1448 4865 operibus
1477 4792 1752 4846 declarare
1781 4798 1895 4843 stu-

307 4901 476 4956 deant
522 4911 643 4950 sese
692 4905 839 4948 tanto
883 4892 1052 4962 magis
1102 4889 1185 4943 his
1234 4887 1387 4942 malis
1430 4885 1710 4939 dedituros
1753 4897 1893 4941 esse.

309 4999 517 5060 quanto
546 4987 778 5055 majores
821 4985 912 5038 ille
958 4997 1140 5053 pmnas
1167 4979 1522 5034 comminatus
1569 4975 1746 5030 fuerit.
1792 4974 1899 5028 Cur

311 5097 440 5151 ergo
477 5077 610 5134 nihil
639 5076 835 5132 factum
861 5081 944 5130 est
989 5069 1322 5142 huiusmodi:
1355 5067 1449 5121 sed
1491 5082 1610 5121 cum
1638 5065 1898 5120 Sodomo-

313 5191 430 5231 rum
455 5171 667 5227 scelera
708 5168 1077 5228 admittantnr,
1109 5163 1463 5219 Sodomorum
1508 5169 1685 5211 tamen
1719 5155 1899 5211 clades

316 5283 423 5321 nou
449 5262 802 5334 contingunt?
831 5259 963 5328 Quia
995 5266 1174 5312 manet
1202 5269 1296 5310 eos
1325 5253 1458 5322 ignis
1486 5251 1641 5320 longe
1667 5249 1897 5319 gravior,

312 5369 368 5411 et
393 5355 717 5425 supplicium
752 5353 910 5407 finem
941 5364 1046 5404 non
1077 5347 1400 5402 habiturum.
1431 5342 1562 5396 Nam
1589 5356 1709 5394 cum
1733 5339 1901 5392 multo

314 5448 563 5517 graviora
593 5445 820 5507 scelera,
850 5455 1007 5511 quam
1040 5439 1072 5493 ii
1098 5438 1186 5508 qui
1215 5435 1367 5506 aquis
1391 5432 1576 5487 diluvii
1608 5430 1892 5500 perierunt,

317 5538 534 5610 plurimi
569 5546 752 5606 postea
776 5531 1113 5595 admiserint,
1143 5530 1314 5583 nullus
1345 5537 1522 5579 tamen
1566 5523 1736 5576 imber
1761 5519 1901 5589 ejus-

378 5696 392 5725 ¹
431 5694 506 5743 sic
521 5689 660 5738 savd.
688 5690 736 5740 in
757 5695 894 5740 textu
921 5693 971 5738 et
995 5684 1090 5735 duo
1113 5689 1240 5743 Mss;
1260 5679 1417 5730 Morel.
1436 5674 1638 5728 etSavil.
1664 5671 1713 5725 in
1731 5686 1906 5736 marg..

317 5771 426 5807 cum
452 5754 670 5805 muliere.

987 305 1346 362 ADVERSUS
1380 303 1929 362 OPPUGNA'I'OBES
1971 306 2153 362 νιτλε
2193 305 2477 365 MONAST.
2523 309 2648 364 LIB.
2694 310 2780 366 ΙΙΙ.

3424 314 3528 368 ωε

1962 420 2102 475 modi
2147 428 2484 492 postmodum
2526 426 2737 480 accidit.
2767 425 2962 480 Eadem
2991 425 3076 481 hic
3119 441 3327 496 quoque
3373 443 3532 481 causa

1961 514 2228 569 afferenda
2251 526 2350 570 est.
2397 517 2504 570 Cur
2529 516 2670 572 enim
2700 519 2754 584 ii,
2781 519 2868 587 qui
2907 521 3062 587 paulo
3092 526 3211 588 post
3240 520 3418 574 mundi
3448 520 3529 572 in-

1964 605 2112 658 itium
2163 605 2395 666 fuerunt.
2425 623 2543 660 cum
2589 623 2760 675 neque
2788 609 3069 662 tribunalia
3114 618 3314 674 essent,
3363 623 3533 676 neque

1963 697 2360 766 magistratuum
2384 707 2556 753 metus
2592 699 2909 762 immineret,
2944 715 3046 752 non
3079 701 3210 768 legis
3236 701 3530 754 comminao

1965 788 2056 850 tio,
2082 803 2185 841 non
2220 787 2596 856 prophetarum
2645 790 2859 851 chorus,
2891 791 2979 857 qui
3012 789 3398 854 moderaretur,
3433 805 3535 842 ιιιιιι

1963 881 2290 948 exspectatio
2317 879 2592 949 gehenme,
2627 895 2730 933 non
2763 881 2907 949 regni
2938 895 3094 948 spes,
3118 896 3223 933 non
3264 881 3364 933 alia
3410 882 3528 948 phi-

1964 969 2226 1039 losophia,
2258 985 2361 1025 non
2393 972 2661 1034 miracula,
2695 985 2813 1040 qua:
2842 979 3060 1039 possent
3092 969 3176 1025 vel
3207 969 3408 1038 lapides
3435 987 3529 1022 ex-

1964 1061 2162 1114 citare:
2193 1075 2307 1125 cur,
2335 1060 2566 1130 inquam,
2590 1061 2662 1114 illi
2689 1060 2775 1129 qui
2806 1061 2950 1114 nullo
2972 1059 3164 1114 horum
3189 1060 3527 1128 potitierant,

1971 1165 2143 1210 tantas
2170 1157 2435 1211 scelerum
2475 1171 2660 1224 poenas
2687 1155 2984 1218 dederunt;
3026 1153 3114 1222 qui
3146 1160 3323 1207 autem
3354 1152 3539 1204 lzorum

1969 1247 2204 1300 onmium
2234 1246 2519 1314 participes
2550 1245 2779 1310 fuerunt,
2811 1255 2865 1299 et
2908 1244 3044 1298 inter
3071 1252 3247 1297 tantos
3272 1251 3380 1296 tmn
3408 1241 3544 1295 divi-

1973 1353 2160 1394 norum
2191 1349 2300 1391 tum
2333 1342 2684 1392 humanorum
2717 1336 3061 1390 tribunalium
3109 1343 3283 1389 metus
3326 1348 3544 1388 versan-

1971 1435 2077 1492 tur,
2125 1427 2356 1481 noudum
2402 1427 2545 1495 paria
2574 1426 2680 1480 illis
2727 1425 2865 1493 passi
2907 1433 3048 1487 sunt,
3077 1438 3198 1477 cum
3243 1422 3350 1477 sint
3393 1422 3547 1490 longe

1969 1517 2196 1586 graviori
2227 1517 2484 1586 supplicio
2511 1516 2697 1584 digni?
2727 1514 2914 1568 Nonne
2943 1514 3024 1568 vel
3055 1528 3218 1582 puero
3247 1513 3410 1582 liquet
3431 1511 3548 1565 illos

1971 1607 2217 1663 atrociori
2259 1607 2444 1660 ultioni
2487 1605 2785 1659 reservari?
2811 1603 2941 1658 Nam
2984 1604 3028 1657 si
3056 1619 3156 1658 nos
3183 1618 3345 1672 super
3371 1602 3451 1656 his
3478 1602 3548 1655 ita

1974 1699 2253 1752 irascimur
2282 1708 2337 1752 et
2365 1696 2720 1766 indignamur,
2754 1694 2898 1749 Deus
2939 1694 3026 1764 qui
3064 1708 3231 1763 genus
3262 1692 3548 1746 bumamnu

1974 1789 2092 1859 plus
2119 1804 2276 1858 quant
2318 1789 2420 1842 alia
2446 1787 2622 1840 omnia
2649 1794 2819 1850 curat,
2859 1794 2914 1840 et
2953 1784 3238 1853 nequitiam
3264 1783 3551 1837 admodum

1973 1890 2269 1946 aversatur,
2307 1878 2577 1949 quomodo
2604 1878 2719 1932 haec
2748 1877 2963 1947 impune
2995 1875 3109 1930 fieri
3140 1876 3406 1945 patiatur?
3437 1874 3550 1927 Non

1977 1973 2045 2028 ita
2072 1983 2238 2037 certe,
2285 1988 2391 2026 non
2421 1973 2490 2024 ita
2527 1985 2587 2024 se
2627 1983 2713 2023 res
2742 1969 2923 2034 habet,
2953 1965 3046 2022 sed
3084 1966 3329 2021 immittet
3356 1966 3408 2018 in
3438 1965 3554 2018 illos

1977 2063 2132 2132 plane
2177 2077 2391 2116 manum
2434 2061 2578 2114 illam
2604 2059 2855 2121 validam,
2902 2057 3214 2127 plagamque
3259 2055 3548 2110 intoleran-

1975 2155 2120 2217 dam,
2151 2163 2309 2223 atque
2338 2152 2669 2206 cruciatuum
2699 2150 2912 2204 illorum
2939 2148 3179 2204 dolorem
3208 2148 3278 2202 ita
3314 2162 3552 2218 gravem,

1978 2256 2038 2300 ut
2079 2245 2432 2300 Sodomorum
2460 2241 2641 2296 clades
2683 2240 2760 2295 illi
2789 2247 3094 2310 comparata
3123 2239 3278 2293 ludus
3315 2237 3557 2292 videatur

1978 2351 2118 2391 esse.
2150 2335 2297 2402 Quos
2325 2334 2467 2389 enim
2499 2332 2572 2386 illi
2604 2331 2860 2387 barbaros
2897 2345 3001 2385 non
3032 2329 3385 2399 superarunt?
3413 2327 3556 2398 quod

1980 2429 2208 2483 ferarum
2253 2442 2422 2498 genus
2474 2442 2568 2494 per
2626 2422 3146 2493 impudentissimam
3205 2436 3550 2490 congressum

1981 2536 2085 2573 non
2111 2529 2253 2573 retro
2276 2515 2619 2586 relinquunt?
2644 2515 2738 2569 Est
2763 2515 2814 2568 in
2838 2511 3154 2582 quibusdam
3174 2510 3345 2567 brutis
3365 2509 3560 2566 ardens

1982 2610 2165 2673 libido,
2193 2607 2494 2676 cupidoque
2520 2604 2895 2668 intolerabilis,
2926 2603 3060 2658 nihil
3087 2603 3157 2657 ab
3183 2602 3387 2656 insania
3416 2600 3562 2654 diffe-

1982 2717 2142 2757 rens:
2175 2716 2294 2770 quze
2339 2695 2512 2753 (amen
2543 2698 2685 2752 hunc
2713 2710 2950 2751 amorem
2980 2709 3089 2750 non
3118 2701 3332 2756 norunt,
3362 2691 3455 2745 sed
3484 2692 3560 2744 iu—

1986 2803 2066 2848 tra
2109 2801 2313 2846 natura:
2363 2788 2621 2843 terminos
2665 2796 2914 2851 manent;
2963 2786 3064 2840 etsi
3111 2784 3306 2840 millies
3347 2781 3564 2836 libidine

1985 2891 2228 2948 urantur,
2257 2893 2459 2936 naturae
2500 2895 2786 2948 numquam
2818 2878 2964 2948 leges
2988 2885 3253 2932 evertunt.
3298 2876 3367 2928 At
3398 2873 3561 2927 ratio-

1985 2976 2191 3032 nabiles
2235 2975 2334 3039 illi,
2381 2971 2559 3028 divina
2602 2971 2752 3044 potiti
2783 2971 3048 3034 doctrina,
3088 2969 3179 3039 qui
3203 2983 3322 3037 qum
3359 2966 3562 3035 agenda

1983 3069 2068 3124 vel
2112 3083 2217 3122 non
2249 3066 2452 3135 agenda
2481 3065 2589 3120 sint
2629 3064 2749 3119 aliis
2790 3063 3100 3134 praedicant,
3153 3060 3565 3129 Scripturasque

1985 3176 2051 3214 ex
2082 3159 2213 3214 caelo
2241 3157 2484 3228 delapsas
2511 3157 2814 3221 audierunt,
2841 3171 2943 3208 non
2971 3154 3041 3208 ita
3071 3151 3408 3222 impudenter
3435 3165 3558 3204 cum

1986 3250 2360 3305 meretricibus
2402 3257 2462 3303 ut
2504 3264 2625 3303 cum
2653 3245 3081 3302 adolescentibus
3120 3242 3559 3314 congrediuntur.

1985 3341 2117 3396 Nam
2143 3340 2293 3410 quasi
2319 3339 2562 3394 homines
2587 3354 2694 3392 non
2721 3337 2851 3403 sint,
2881 3351 3050 3404 neque
3077 3332 3403 3401 providentia
3430 3345 3567 3400 prae-

1985 3433 2057 3488 sit
2095 3431 2258 3487 rebus
2284 3429 2529 3484 humanis
2556 3427 2729 3497 deque
2755 3427 2904 3480 factis
2927 3425 3149 3494 jndicct,
3177 3423 3270 3478 sed
3301 3423 3452 3491 quasi
3483 3429 3562 3475 te-

1988 3523 2169 3578 nebris
2213 3529 2402 3576 cuncta
2447 3517 2853 3587 occupantibus,
2897 3514 3151 3584 tmlloque
3191 3513 3306 3568 lucc
3351 3511 3566 3566 vidente

1987 3615 2072 3670 vel
2095 3613 2366 3676 audiente,
2398 3611 2478 3666 sic
2502 3609 2679 3663 omnia
2700 3615 2898 3663 etcum
2937 3614 3080 3660 tanta
3111 3603 3314 3658 insania
3342 3601 3564 3656 audent.

1989 3707 2306 3762 Vitiatorqu
2333 3711 2508 3758 autem
2531 3714 2816 3771 puerorum
2845 3706 3024 3769 patres
3046 3696 3160 3750 haec
3179 3693 3340 3748 tacite
3368 3692 3566 3757 ferunt,

1993 3805 2092 3846 nec
2121 3808 2304 3848 secum
2329 3791 2470 3846 ﬁlios
2488 3799 2634 3846 terra
2655 3792 2920 3854 obruunt,
2941 3805 3040 3844 nec
3061 3787 3206 3859 quod
3229 3802 3391 3857 quam
3413 3794 3568 3839 tanto

1993 3882 2136 3936 malo
2161 3882 2459 3936 remedium
2485 3889 2757 3953 quaerunt.
2787 3882 2858 3934 At
2883 3879 3027 3936 enim
3049 3878 3095 3936 si
3120 3878 3173 3931 in
3195 3877 3449 3932 exsilium
3473 3875 3566 3929 ab-

1993 3973 2226 4026 ducendi
2250 3980 2435 4027 essent
2466 3972 2582 4034 filii,
2607 3979 2665 4026 ut
2684 3972 2752 4026 ab
2775 3972 2878 4028 hac
2900 3978 3052 4041 peste
3089 3969 3480 4031 liberarentur,
3515 3967 3560 4020 si

1994 4070 2048 4122 in
2068 4078 2237 4128 mare,
2254 4063 2301 4118 si
2319 4064 2372 4117 in
2396 4063 2627 4126 insulas,
2644 4063 2689 4117 si
2710 4062 2764 4116 in
2777 4070 2978 4117 terram
2993 4061 3290 4123 desertam,
3310 4058 3356 4114 si
3375 4057 3430 4112 in
3445 4072 3566 4111 eam

1993 4172 2115 4228 (pta;
2155 4156 2295 4210 ultra
2336 4171 2438 4210 nos
2476 4160 2562 4209 est
2602 4152 2754 4208 orbis
2785 4161 3028 4220 partem,
3062 4166 3244 4207 nonne
3287 4157 3567 4219 Oporteret

1995 4250 2178 4304 omnia
2201 4247 2378 4303 facere
2398 4255 2452 4303 et
2468 4248 2698 4318 perpeti,
2719 4262 2788 4300 ne
2811 4244 3126 4315 huiusmodi
3145 4242 3346 4312 tlagitia
3367 4241 3567 4296 admit-

1998 4337 2277 4394 terentur?
2314 4336 2476 4392 Certe
2517 4336 2564 4392 si
2610 4336 2908 4390 insalubris
2955 4344 3102 4390 esset
3141 4335 3296 4389 locus
3327 4333 3566 4401 aliquis.

2001 4444 2180 4482 nonne
2199 4427 2324 4481 inde
2338 4426 2477 4481 tilios
2490 4433 2924 4495 asportaremus,
2939 4423 3154 4478 etiamsi
3167 4423 3316 4478 lucra
3330 4421 3569 4492 iugentia

2001 4522 2073 4576 ibi
2102 4519 2495 4589 consequuturi
2533 4525 2723 4572 essent
2745 4557 2759 4582 ,
2783 4515 2997 4571 etiamsi
3027 4515 3230 4586 Optima
3263 4513 3572 4569 valetudine

2004 4610 2342 4683 potirentur?
2364 4610 2715 4664 Nuncautem
2738 4623 2864 4662 cum
2889 4614 3040 4662 tanta
3058 4607 3176 4661 lues
3201 4607 3384 4661 omnia
3409 4620 3573 4660 occu-

2006 4713 2094 4776 pet
2125 4720 2230 4758 non
2260 4703 2422 4757 modo
2448 4717 2545 4756 eos
2579 4701 2647 4755 ad
2675 4701 2934 4756 barathra
2971 4700 3263 4767 trahimus,
3290 4699 3388 4754 sed
3410 4698 3455 4754 si
3479 4697 3572 4768 qui

2007 4802 2127 4854 illos
2148 4798 2360 4866 eripere
2405 4796 2607 4859 velint,
2665 4811 2761 4850 eos
2797 4803 2859 4848 ut
2898 4801 3252 4864 corruptores
3298 4792 3575 4862 pellimus.

2007 4893 2221 4956 Quanta
2239 4892 2318 4943 ira
2336 4888 2546 4952 isthzec,
2560 4887 2780 4957 quantis
2796 4885 3117 4941 fulminibus
3130 4885 3292 4954 digna
3306 4899 3414 4938 non
3430 4883 3580 4938 sunt?

2007 5001 2038 5053 q
2050 4981 2446 5052 uandoquidem
2459 4982 2697 5052 linguam
2711 4981 2844 5051 ipsis
2861 4976 3578 5049 perexternamsapientiam

2006 5079 2273 5151 perpolire
2303 5075 2598 5135 studemus,
2638 5069 2869 5124 animam
2916 5079 3045 5121 vero
3090 5063 3142 5117 in
3175 5061 3290 5130 ipso
3314 5053 3581 5151 spurcitia:

1957 5214 1971 5229 ι
2005 5188 2161 5229 emno
2185 5171 2475 5240 jacentem,
2499 5164 2823 5232 omninoque
2849 5163 3266 5229 putrescentem,
3296 5162 3400 5202 nou
3424 5142 3582 5240 modo

2009 5264 2350 5332 deSpicimus,
2395 5258 2488 5312 sed
2518 5255 2680 5311 etiam
2717 5264 3007 5320 exsurgere
3034 5245 3300 5299 volentem
3327 5233 3578 5308 prohibe-

2009 5329 2147 5411 mus.
2197 5353 2333 5409 Num
2383 5351 2500 5420 quis
2550 5346 2727 5402 adhuc
2765 5344 2944 5398 dicere
2981 5338 3122 5393 ausit
3161 5345 3318 5403 posse
3357 5329 3582 5382 salutem

2009 5445 2262 5514 eonsequi
2317 5417 2432 5507 eos,
2461 5439 2549 5510 qui
2602 5438 2654 5492 in
2703 5434 2864 5491 tantis
2912 5429 3066 5483 malis
3107 5417 3424 5478 versantur?
3473 5418 3584 5480 Qua

2011 5507 2254 5595 ratione?
2284 5507 2522 5603 Namque
2552 5531 2610 5592 ii,
2641 5525 2732 5598 qui
2768 5523 3099 5580 exoletorum
3143 5514 3411 5569 vesaniam
3459 5507 3588 5603 cll'u-

2012 5639 2221 5702 geruut,
2269 5625 2360 5698 qui
2410 5597 2558 5695 pauci
2585 5633 2723 5673 sane
2759 5627 2984 5668 numero
3013 5616 3156 5672 sunt,
3208 5617 3422 5658 amores
3449 5597 3590 5702 .illos

2017 5689 2302 5786 violentos,
2343 5689 2432 5785 qui
2480 5710 2658 5768 omnia
2707 5709 3074 5774 corrumpunt,
3106 5695 3344 5769 pecuniae
3387 5689 3594 5746 scilicet
