2734 4342
356 260 428 300 {63

356 346 390 374 ct
411 336 551 384 glorix,
571 346 645 373 non
665 335 841 384 cll‘ugiuut
854 348 862 372 :
877 337 1000 384 plures
1019 343 1190 374 autemet
1207 336 1264 374 Itis
1281 337 1382 384 ipsis,
1402 341 1440 374 et

356 409 425 435 una
435 397 628 444 impudicis
639 398 826 434 amoribus
840 400 1091 436 vehementius
1105 399 1267 447 oppressi
1277 398 1428 436 detinen

360 467 429 495 tur.
446 459 580 496 Deinde
588 469 670 498 cum
681 460 762 497 illos
775 461 958 498 literarum
969 462 1098 499 stttdiis
1107 463 1250 500 tradere
1260 462 1439 505 volumus,

363 532 434 559 tlnn
454 529 593 559 tantum
615 534 657 560 ca
682 535 763 572 quae
781 524 866 562 huic
888 525 1105 563 institutioni
1124 526 1271 564 ofﬁcere
1289 531 1440 574 possunt

355 584 571 628 auferimus,
590 587 653 623 sed
669 598 749 634 qua:
763 588 876 634 ipsam
887 588 1016 636 juvare
1027 597 1180 636 possunt
1194 599 1410 636 apparamus
1427 598 1438 632 ;

358 646 573 694 paedagogos
600 656 638 686 et
659 650 851 697 magistros
881 651 970 698 ipsis
991 663 1250 699 procul-amns,
1270 653 1441 700 pecunias

356 710 612 756 expendimus,
633 719 742 761 atque
762 725 780 749 a
800 715 943 752 caneris
961 716 1069 752 rebus
1084 716 1196 752 otium
1209 723 1438 762 praestamus,

357 782 400 808 ac
419 773 656 820 frequentius,
681 787 790 822 quam
816 777 1026 824 ptedotribze
1051 777 1084 813 iu
1103 777 1303 825 Olympicis
1319 783 1438 814 certa-

357 835 516 872 tuinibus
536 836 780 874 vociferantes
800 867 810 880 ,
833 845 1082 885 paupertatem
1103 850 1210 887 quam
1241 838 1437 886 imperitia,

355 896 501 934 divitias
512 909 601 944 quas
611 900 769 937 eruditio
780 901 886 938 affert
897 902 1126 945 exhibemus,
1142 902 1231 939 nihil
1244 913 1314 938 non
1330 911 1440 949 agen-

357 967 410 998 tes
426 972 466 997 ac
477 963 654 1008 dicentes,
681 971 718 1001 et
743 973 868 1000 nostro
888 972 925 1002 ct
940 967 1092 1002 aliortuu
1111 976 1296 1010 sermone,
1317 971 1355 1001 ut
1375 975 1438 1001 eos

355 1024 401 1061 ad
428 1024 537 1062 ﬁnem
569 1032 677 1064 tanta:
699 1027 954 1065 sollicitudinis
975 1029 1231 1075 perducamus,
1252 1039 1370 1076 neque
1387 1029 1440 1066 sic

355 1087 484 1124 crebro
497 1089 570 1125 voti
583 1096 770 1136 compotes
785 1091 966 1128 efﬁcimur
985 1103 994 1127 :
1011 1103 1153 1128 mortttn
1171 1103 1258 1129 vero
1276 1092 1439 1139 probita-

357 1157 446 1195 tem,
469 1159 507 1188 et
525 1151 689 1190 honestae
711 1153 794 1190 vitae
821 1165 946 1190 curam
975 1155 1070 1190 ultro
1091 1155 1180 1202 ipsis
1200 1155 1439 1192 obventuratn

355 1213 577 1258 pmabitnus,
600 1224 682 1250 cmn
712 1216 869 1252 maxime
903 1222 954 1252 tot
989 1223 1161 1263 tantaque
1188 1217 1273 1261 sint,
1295 1227 1375 1263 qua:
1395 1217 1439 1252 il-

353 1275 427 1312 lant
449 1277 678 1324 impediant?
698 1278 836 1325 Ecquid
853 1279 920 1316 hac
940 1280 1164 1317 absurditate
1185 1280 1346 1317 deterius
1361 1279 1440 1316 fue-

353 1340 414 1380 rit,
433 1339 466 1375 id
488 1341 582 1386 quod
603 1341 744 1378 facilius
760 1348 816 1378 est.
835 1344 868 1378 iu
889 1354 1020 1390 magno
1040 1343 1157 1389 pretio
1176 1343 1311 1380 habere
1329 1371 1339 1386 ,
1365 1349 1435 1379 tam

354 1402 510 1439 sollicite
535 1405 717 1450 persequi,
747 1405 848 1452 quasi
883 1416 954 1442 non
972 1405 1080 1442 liceat
1103 1405 1201 1441 aliud
1230 1405 1338 1442 aliter
1354 1405 1438 1440 adi-

356 1463 462 1510 pisci,
485 1465 579 1511 quod
599 1472 720 1502 autem
738 1466 843 1514 longe
859 1466 1044 1504 difficilius
1065 1473 1133 1511 est,
1150 1468 1218 1504 hoc
1237 1467 1340 1504 nobis
1355 1467 1440 1506 dor-

356 1525 557 1562 mientibus
579 1527 818 1564 obvcnturum
837 1539 918 1566 esse
946 1535 1086 1576 putare,
1109 1529 1210 1576 quasi
1230 1529 1362 1576 aliquid
1385 1531 1438 1566 vi-

355 1586 402 1624 lis
422 1589 528 1635 pretii
548 1596 582 1626 et
603 1591 702 1636 parvi
721 1591 896 1628 momenti
913 1591 928 1627 ?
948 1591 1180 1637 Philosophia
1200 1591 1332 1639 quippe
1357 1591 1439 1628 ani-

356 1659 424 1685 ma:
440 1649 625 1686 literarum
644 1651 869 1689 institutione
885 1660 984 1689 tanto
1003 1653 1186 1690 difficilior
1199 1661 1235 1690 et
1250 1653 1440 1700 operosior

354 1717 424 1753 est,
457 1718 594 1756 quanto
623 1712 809 1750 difﬁcilius
840 1721 897 1751 est
925 1714 1059 1757 facere,
1091 1726 1200 1761 quam
1229 1715 1364 1757 dicere,
1403 1721 1440 1751 ct

355 1778 491 1817 quanto
508 1781 618 1817 opera
636 1780 722 1809 sunt
738 1775 968 1811 sermonibus
989 1776 1243 1812 ialioriosiora.

406 1836 442 1870 υ.
470 1832 702 1881 Philosophia
717 1835 786 1871 sive
805 1845 939 1872 morum
953 1837 1122 1872 institutio
1135 1848 1236 1883 quum
1246 1838 1438 1874 necessaria

358 1894 626 1942 sib—Ecquid,
646 1897 788 1944 inquies
805 1897 1034 1946 philosophia
1047 1906 1084 1935 ct
1103 1900 1318 1937 accttratiori
1331 1900 1438 1937 insti-

357 1957 496 1995 tutione
517 1958 599 1995 ﬁliis
614 1959 748 1996 nostris
768 1961 889 2006 opus?
907 1961 996 1997 Illud
1027 1962 1123 1997 enim
1141 1990 1150 2006 ,
1171 1962 1259 1998 illttd
1285 1963 1437 2000 omnino

355 2025 412 2055 est
429 2020 524 2066 quod
541 2021 661 2057 omnia
681 2021 853 2068 perdidit,
869 2023 963 2070 quod
982 2033 1040 2060 res
1055 2026 1102 2060 ita
1123 2025 1342 2069 necessaria,
1356 2037 1436 2073 qua:

354 2081 464 2118 vitam
481 2083 667 2120 contineat
687 2089 812 2120 nostra
829 2096 865 2128 η,
885 2084 1071 2131 superﬂua
1089 2092 1126 2122 et
1142 2086 1259 2123 otiosa
1278 2097 1360 2124 esse
1376 2088 1436 2124 vi-

354 2142 498 2179 deatur.
519 2141 626 2180 Certe
647 2145 675 2181 si
694 2146 775 2191 quis
795 2145 908 2182 ﬁlium
928 2146 1021 2183 mala
1041 2149 1205 2195 corporis
1228 2149 1435 2187 valetudine

355 2203 579 2240 laborantem
613 2206 757 2249 viderit,
787 2219 983 2255 numquam
1001 2209 1097 2247 dicet
1125 2222 1134 2247 :
1156 2210 1250 2256 Quid
1274 2212 1324 2249 illi
1343 2223 1435 2260 opus

357 2265 450 2300 bona
481 2271 517 2301 ct
545 2265 648 2303 ﬁrma
683 2268 919 2307 valetudine?
943 2271 1007 2308 sed
1039 2273 1161 2310 omnia
1189 2274 1374 2320 molietur,
1397 2281 1436 2312 ut

355 2325 449 2362 bona
469 2327 638 2366 valetudo
664 2329 712 2366 ita
745 2331 811 2378 ipsi
834 2334 1061 2379 restituatur,
1084 2342 1123 2372 ut
1141 2337 1290 2374 mei-bus
1309 2343 1433 2385 postea

354 2401 426 2427 non
449 2391 584 2429 redeat.
606 2395 736 2432 Anima
755 2407 840 2434 vero
861 2405 1074 2445 asgrotante,
1097 2400 1186 2437 nihil
1203 2401 1305 2438 aiunt
1324 2413 1431 2439 cura-

354 2453 450 2490 tione
466 2466 556 2502 opus
576 2467 672 2501 esse,
697 2459 825 2508 hisque
845 2462 998 2508 prolatis
1015 2464 1136 2501 verbis
1165 2472 1286 2512 patres
1304 2476 1345 2504 se
1364 2477 1429 2503 vo—

352 2527 436 2554 care
452 2519 599 2556 audent.
619 2521 711 2566 Quid
734 2523 870 2569 igitur?
893 2526 994 2563 aiunt
1011 2537 1020 2569 ς
1042 2527 1430 2576 philosophahimurne

351 2589 490 2624 omnes,
513 2588 548 2617 et
578 2584 699 2625 omnia
721 2597 802 2632 qua:
827 2587 869 2622 ad
891 2589 1063 2625 s:eculum
1093 2597 1259 2637 spectant
1285 2601 1428 2638 pessqu

352 2640 479 2677 ibunt?
498 2642 576 2680 Non
597 2645 643 2680 ita
667 2657 834 2692 prorsus.
855 2649 1012 2686 virorum
1035 2652 1171 2698 optime
1187 2681 1197 2695 ,
1220 2664 1291 2690 non
1313 2654 1429 2702 philo-

351 2702 494 2748 sophia,
513 2706 576 2741 Sed
595 2706 837 2755 philosophia:
852 2710 971 2758 inopia
987 2713 1108 2749 omnia
1126 2714 1286 2761 perdidit
1303 2723 1341 2753 et
1353 2726 1432 2754 cor-

350 2765 460 2810 rupit.
496 2766 666 2812 Quinam,
704 2781 842 2818 qumso,
882 2781 1098 2820 praesentem
1135 2787 1255 2814 rerum
1291 2784 1428 2816 statum

349 2831 617 2876 corrumpunt?
635 2832 735 2870 illine
753 2836 813 2882 qui
835 2837 1022 2876 moderate
1043 2845 1081 2876 et
1096 2840 1208 2887 probe
1226 2841 1362 2886 vivunt,
1382 2851 1428 2880 an

347 2890 406 2934 qui
437 2901 552 2930 novos
580 2901 616 2931 et
646 2896 791 2943 iniquos
812 2901 1014 2947 excogitant
1037 2902 1249 2940 deliciarum
1266 2905 1426 2942 modos?

349 2951 410 2996 qui
430 2963 488 2989 res
507 2957 670 2994 omnium
689 2959 757 2996 sibi
778 2971 964 3000 assumere
985 2965 1151 3002 nitttntttr
1166 2993 1176 3009 ,
1205 2977 1250 3002 an
1269 2968 1329 3013 qui
1349 2969 1426 3005 suis

347 3016 506 3052 contenti
530 3025 613 3055 sunt
630 3021 645 3056 ?
663 3022 724 3068 qui
752 3022 1034 3061 domesticorum
1056 3027 1252 3075 phalangas
1274 3029 1422 3075 habent,

345 3079 381 3109 et
397 3085 662 3118 assentatorum
685 3084 695 3104 ί
715 3093 854 3121 cuneos
873 3086 1149 3125 circumducunt
1169 3119 1178 3134 ,
1199 3100 1244 3126 an
1263 3091 1322 3137 qui
1343 3103 1422 3128 scr-

345 3145 428 3172 vum
447 3149 555 3177 unuut
575 3144 643 3180 sibi
664 3146 752 3182 satis
765 3157 846 3184 esse
864 3150 1114 3187 arbitrantur?
1131 3152 1308 3199 (nondum
1325 3154 1421 3190 enim

345 3198 390 3263 de
418 3210 585 3247 suprema
617 3205 843 3255 philosophia
877 3211 1018 3257 loquor,
1049 3213 1112 3250 sed
1139 3198 1184 3250 de
1215 3215 1289 3258 illa,
1313 3227 1421 3263 quant

345 3257 486 3326 plurimi
508 3264 609 3302 adire
631 3276 802 3312 possunt:
822 3270 838 3319 )
859 3272 960 3310 illiue
985 3275 1045 3320 qui
1077 3275 1224 3313 humani
1243 3288 1286 3314 ac
1316 3289 1421 3314 man-

343 3326 436 3356 sueti
457 3330 554 3368 sunt,
577 3328 890 3379 multitudinisque
911 3333 1088 3374 honorent
1109 3348 1180 3374 non
1200 3344 1329 3375 curant
1343 3367 1354 3383 ,
1375 3350 1420 3376 an

343 3380 383 3448 ii,
403 3383 465 3428 qui
485 3383 660 3425 honorem
684 3390 762 3436 plus
790 3405 898 3439 quam
926 3407 1036 3436 ontne
1062 3399 1225 3437 debitum
1255 3401 1418 3448 exigunt,

341 3443 614 3494 htuumerisque
633 3452 894 3494 calamitatibus
911 3459 1074 3497 alliciunt
1086 3473 1169 3498 eum
1188 3462 1249 3509 qui
1269 3443 1340 3498 non
1359 3443 1418 3498 as;

340 3514 476 3554 surgat,
497 3520 569 3547 non
601 3513 740 3559 prinms
757 3517 905 3563 Salutet,
929 3533 999 3558 non
1021 3534 1061 3561 se
1081 3525 1244 3569 inclinet,
1267 3531 1416 3562 cuncta-

339 3579 409 3613 que
429 3580 617 3609 servoruut
639 3575 812 3624 obsequia
836 3592 910 3628 pra:
929 3594 969 3620 se
1000 3585 1115 3622 ferat?
1134 3578 1194 3634 qui
1212 3587 1331 3623 alieno
1349 3588 1418 3624 itit-

337 3631 438 3676 perio
453 3643 584 3679 parere
597 3646 740 3682 curant,
763 3652 808 3678 an
829 3645 888 3692 qui
907 3647 1139 3693 magistratus
1158 3649 1414 3694 przefccturas-

338 3703 406 3737 que
436 3703 575 3742 amant,
604 3705 641 3736 et
662 3701 730 3738 hac
759 3703 806 3741 de
832 3717 871 3742 re
897 3708 1017 3744 omnia
1041 3708 1196 3746 libenter
1217 3711 1353 3747 facitmt
1372 3721 1414 3747 ac

337 3753 524 3795 batiuutur
537 3762 553 3795 ἵ
569 3762 629 3807 qui
650 3772 690 3800 se
707 3767 869 3804 omnium
885 3769 1041 3815 optimos
1060 3779 1142 3806 esse
1159 3771 1298 3816 dicunt,
1320 3773 1415 3808 ideo-

334 3822 405 3877 (μιᾳ
427 3819 546 3856 omnia
565 3821 688 3862 dicere
705 3827 875 3866 etfacere
891 3829 960 3866 sibi
982 3830 1093 3868 licere
1108 3832 1344 3876 arbitrantur,
1364 3846 1410 3870 an

333 3904 738 3975 Suiliiifﬁ’iﬁﬂfabcn
753 3920 990 3955 αδδεηιαεονωπ
1015 3923 1046 3954 ει
1061 3919 1294 3964 Ραταδέίονιίηπν
1313 3927 1347 3956 οι
1363 3923 1410 3960 δίε

360 3945 434 3982 Mil.
449 3946 482 3982 in
497 3958 657 3994 margtue.

841 257 879 294 S.
907 255 1098 295 JO.\NNIS
1120 254 1444 296 CIIRYSOSTOMI
1463 254 1679 294 ARCHIEP.
1701 226 2061 298 (SONSTANTINOP.
2482 272 2537 312 3,3;

1515 336 1576 384 qui
1607 346 1647 374 se
1677 335 1816 375 ultimis
1835 347 2095 386 annumerant,
2117 349 2152 378 et
2178 343 2228 380 sie
2244 343 2378 384 brutam
2397 349 2540 389 vitiorum

1513 399 1710 445 potentiam
1725 400 1903 447 castigant
1916 401 1933 438 ?
1944 403 2004 448 qui
2021 402 2222 450 splendidas
2235 414 2433 446 construunt
2447 414 2536 458 mdes,

1513 466 1551 497 et
1566 459 1682 498 lautas
1711 467 1899 508 apponunt
1927 473 2081 506 mensas,
2104 475 2147 501 an
2165 467 2222 513 qui
2247 474 2282 504 et
2297 469 2372 506 cibo
2389 477 2421 507 et
2438 472 2538 509 domi-

1513 523 1596 560 eilio
1623 524 1779 571 simplici
1802 525 1964 561 contenti
1983 525 2070 580 nihil
2101 528 2250 574 amplius
2270 531 2469 578 requirunt?
2491 536 2538 581 qui

1513 584 1702 622 innumera
1719 590 1826 622 terra:
1844 585 2117 634 sulcantjugera
2135 616 2144 632 ,
2163 599 2206 624 an
2223 589 2279 636 qui
2298 601 2338 628 ne
2355 592 2456 638 gleba:
2471 597 2538 641 qui-

1511 645 1596 682 deut
1622 646 1728 682 unius
1741 647 2007 693 possessionem
2024 647 2090 684 sibi
2103 649 2334 687 necessariam
2349 653 2542 692 existimant!

1513 707 1573 754 qui
1591 706 1731 744 foenera
1753 707 1953 746 faenoribus
1971 709 2182 758 adjicientes
2204 711 2353 760 iniquam
2380 716 2542 762 cujuslibet

1513 769 1723 806 commercii
1746 770 1840 806 viatn
1870 771 2020 816 adeunt,
2041 783 2086 809 an
2120 773 2178 820 qui
2205 773 2338 821 iniquas
2368 775 2543 823 hujusmodi

1513 832 1742 880 syngraphas
1770 833 1991 881 discerpunt,
2013 845 2128 884 exque
2152 835 2370 875 facultatibus
2392 839 2457 876 suis
2473 851 2543 887 ege-

1514 903 1583 930 nos
1604 894 1756 932 fovent?
1773 895 1832 942 qui
1853 896 2016 934 mortalis
2040 905 2177 934 natura:
2204 899 2368 936 vilitatem
2399 903 2543 937 censidu-

1513 965 1596 995 rant
1613 986 1622 1000 ,
1643 969 1689 996 an
1709 959 1771 1007 qui
1793 959 1827 997 id
1857 970 1903 998 ne
1932 960 2025 997 scire
2045 960 2187 1008 quidem
2205 962 2334 1005 volunt,
2355 963 2411 1000 sed
2431 964 2542 1010 ingenti

1512 1029 1576 1056 sua
1595 1021 1816 1068 arrogantia,
1835 1032 1875 1060 se
1895 1021 2060 1060 homines
2073 1023 2274 1060 existimare
2293 1024 2483 1061 desierunt?
2497 1026 2543 1073 qui

1512 1082 1724 1120 meretrices
1749 1084 1865 1129 alunt,
1885 1084 2094 1132 alienasque
2111 1086 2250 1132 nuptias
2269 1086 2432 1133 polluant,
2447 1089 2542 1135 anqui

1511 1155 1530 1179 a
1555 1146 1700 1193 propria
1731 1146 1842 1183 etiam
1864 1157 1976 1184 uxore
1996 1147 2206 1185 abstinent?
2223 1148 2343 1186 Nonne
2360 1149 2404 1185 illi
2422 1149 2542 1196 quidem

1513 1207 1622 1243 veluti
1645 1213 1807 1245 tumores
1827 1209 1971 1256 corpori
1990 1209 2156 1257 ventique
2176 1209 2328 1247 furentes
2343 1211 2423 1246 mari
2440 1211 2544 1247 adver-

1513 1280 1576 1306 sus
1615 1276 1752 1307 rectam
1787 1271 1888 1309 orbis
1920 1272 2180 1310 institutionem
2213 1274 2401 1321 insurgunt,
2431 1284 2544 1321 perque

1518 1344 1621 1370 suam
1644 1333 1960 1380 intemperantiam
1983 1345 2048 1383 eos
2067 1364 2078 1380 ,
2096 1335 2154 1383 qui
2175 1336 2318 1372 salutem
2338 1336 2477 1373 nancisci
2492 1347 2540 1382 po-

1514 1401 1643 1440 terant,
1658 1395 1698 1448 in
1719 1395 1852 1433 ﬂuctus
1871 1396 2070 1444 conjiciunt
2088 1409 2098 1442 ;
2116 1397 2150 1434 lti
2173 1408 2254 1435 vero
2275 1405 2438 1445 tamquam
2457 1397 2542 1434 lumi-

1513 1458 1611 1494 naria
1645 1458 1680 1495 in
1703 1459 1890 1506 profundis
1921 1460 2080 1497 tenebris
2112 1461 2286 1506 micantia,
2307 1471 2380 1504 eos,
2397 1461 2449 1508 qui
2469 1471 2542 1496 nau-

1512 1521 1626 1569 fragio
1655 1522 1809 1569 proximi
1836 1522 1871 1559 itt
1894 1522 2014 1560 medio
2033 1530 2243 1568 versantur,
2274 1522 2315 1559 ad
2346 1523 2542 1560 securitatem

1511 1591 1679 1629 evocant,
1701 1591 1738 1622 ct
1760 1585 1999 1633 philosophia:
2020 1585 2114 1623 faces
2143 1587 2176 1623 in
2196 1586 2335 1640 sublimi
2353 1587 2424 1623 loco
2441 1585 2542 1633 procul

1511 1657 1683 1684 accensas
1704 1654 1900 1695 ponentes,
1921 1649 1974 1685 sic
1990 1659 2054 1686 eos
2071 1640 2138 1697 qui
2151 1649 2322 1686 voluerint
2337 1649 2377 1686 ad
2396 1649 2542 1696 trauquil~

1512 1708 1584 1744 lum
1615 1716 1758 1756 portum
1779 1709 1994 1747 deducunt?
2023 1710 2150 1748 Nonne
2170 1718 2311 1758 propter
2327 1711 2401 1747 illos
2416 1709 2540 1746 seditio-

1512 1780 1590 1813 nes,
1613 1771 1720 1814 bella,
1746 1781 1887 1818 pugnae,
1911 1772 2052 1809 urbittm
2081 1773 2231 1817 excidia,
2253 1772 2397 1814 vincula,
2416 1771 2542 1808 servitu-

1512 1838 1580 1875 tes,
1600 1833 1826 1879 captivitates
1840 1861 1850 1878 ,
1869 1833 1989 1871 caedes
2016 1841 2053 1870 et
2084 1834 2265 1871 innumera
2293 1834 2403 1870 Surculi
2417 1833 2495 1868 mala
2514 1831 2542 1866 ’τ

1511 1905 1580 1930 non
1598 1901 1735 1931 tantum
1754 1905 1810 1939 ea,
1833 1907 1914 1943 qua:
1935 1907 2000 1944 per
2019 1896 2182 1933 homines
2195 1896 2390 1933 hominibus
2408 1895 2541 1932 inferuu-

1511 1964 1582 2000 tur,
1602 1957 1666 1994 sed
1684 1959 1793 1996 etiam
1819 1969 1876 2002 ca,
1897 1970 1978 2007 qua:
1995 1959 2040 1996 de
2056 1959 2144 1996 Ctelo
2159 1959 2312 2002 veniunt,
2329 1965 2362 1994 ut
2377 1958 2541 1999 siccitates,

1510 2019 1678 2056 imbrium
1711 2019 1956 2064 exundantim,
1981 2027 2088 2058 terra:
2113 2028 2242 2065 motus,
2279 2020 2397 2062 ruinae,
2425 2017 2540 2053 urbium

1509 2081 1772 2129 demersiones,
1789 2082 1918 2129 fames,
1934 2091 2054 2132 pestes
2071 2084 2210 2133 aliaque
2221 2083 2347 2126 ontnia,
2365 2092 2436 2129 qua:
2455 2079 2539 2116 nobis

1506 2146 1646 2186 caelitus
1663 2147 1932 2186 immittuntur?

1559 2211 1617 2248 10.
1645 2211 1754 2261 Leges
1783 2219 1816 2250 ει
1845 2213 2016 2261 supplicia
2032 2211 2226 2260 reipublicae
2243 2207 2431 2247 necessaria.
2447 2224 2488 2234 -—
2503 2202 2537 2240 lli

1508 2273 1630 2321 itaque
1648 2281 1728 2312 sunt
1742 2303 1753 2320 ,
1769 2275 1830 2323 qui
1855 2275 2114 2322 rempublicam
2132 2279 2305 2316 evertunt,
2323 2271 2436 2317 reique
2461 2277 2542 2305 com-

1507 2337 1605 2373 muni
1639 2343 1776 2384 pestem
1800 2337 1959 2374 inferunt
1986 2349 1995 2375 :
2020 2337 2150 2374 hialiis
2178 2336 2430 2373 innumerarum
2461 2330 2540 2367 cala-

1506 2400 1672 2436 tnitatum
1701 2410 1809 2437 causa
1843 2406 1950 2446 sunt,
1985 2400 2046 2448 qui
2084 2399 2164 2436 vita:
2198 2396 2355 2446 quictiori
2384 2393 2540 2432 studentes

1506 2463 1735 2509 perturbant,
1771 2464 1930 2510 undique
1960 2463 2183 2511 pertrahunt,
2214 2468 2250 2499 et
2277 2458 2434 2496 dilaniant
2457 2468 2464 2492 :
2490 2455 2542 2491 ho~

1505 2535 1584 2561 rmn
1605 2535 1713 2562 causa
1745 2525 1934 2563 tribunalia
1955 2532 2064 2571 sunt,
2087 2526 2196 2574 leges,
2229 2524 2384 2564 mulctm,
2415 2526 2446 2556 ct
2469 2517 2540 2553 varii

1503 2587 1762 2634 Suppliciortun
1797 2588 1892 2624 modi
1932 2599 1941 2624 :
1976 2598 2018 2625 ac
2046 2585 2338 2635 quemadmodum
2368 2583 2400 2619 in
2427 2581 2537 2622 domo,

1504 2649 1564 2686 ubi
1607 2649 1707 2685 multi
1733 2648 1858 2696 jaccnt
1899 2649 2055 2694 inﬁrmi,
2096 2648 2290 2686 ineolumes
2323 2654 2403 2681 vero
2431 2640 2537 2690 palmi.

1502 2717 1540 2748 et
1570 2711 1810 2748 medicamina
1841 2716 1878 2748 et
1919 2711 2078 2749 medicos
2106 2710 2306 2757 Complures
2331 2706 2440 2742 videas
2459 2731 2468 2747 ,

1502 2779 1536 2810 et
1576 2774 1610 2810 in
1629 2772 1720 2810 orbe
1747 2779 1824 2810 toto
1854 2773 1950 2809 nulla
1977 2784 2065 2821 gens
2091 2778 2145 2810 est
2170 2801 2179 2816 ,
2210 2771 2303 2808 nulla
2336 2768 2466 2808 civitas,
2491 2762 2537 2798 ubi

1503 2846 1573 2872 non
1601 2836 1724 2872 multa:
1761 2835 1859 2883 leges
1884 2834 1955 2872 sint
1978 2865 1988 2880 ,
2031 2836 2132 2872 multi
2168 2835 2384 2882 magistratus
2408 2858 2417 2873 ,
2448 2826 2536 2864 muli-'1

1501 2899 1688 2945 supplicia.
1705 2897 1828 2946 Neque
1843 2899 1938 2935 enim
1957 2900 2032 2946 ipsa
2049 2910 2110 2946 per
2125 2909 2163 2935 se
2178 2895 2400 2934 medicamina
2415 2893 2536 2938 posst!"l

1499 2972 1634 3008 (egrum
1655 2961 1809 3008 erigere,
1827 2962 1893 2997 nisi
1912 2962 2031 2998 adsint
2046 2962 2104 3008 qui
2125 2963 2304 3007 imponant
2322 2958 2373 2993 illa
2391 2985 2399 2993 .
2421 2953 2450 2989 hi
2467 2959 2536 2986 vero

1498 3031 1582 3060 sunt
1599 3024 1754 3070 judices,
1771 3024 1831 3071 qui
1850 3035 1980 3071 a-gros,
2003 3025 2114 3060 velint
2136 3023 2272 3065 nolint,
2288 3019 2328 3056 ad
2353 3014 2533 3054 medicinam

1497 3085 1744 3132 accipiendam
1761 3093 1907 3134 cogunt.
1927 3087 2094 3123 Attamen
2113 3085 2158 3121 ita
2179 3083 2320 3120 morbus
2336 3076 2482 3140 obtinuit,
2492 3078 2532 3140 ,ιιι

1498 3146 1610 3193 ipsum
1632 3147 1855 3183 medicorunt
1874 3155 1988 3184 artem
2006 3153 2164 3194 superet,
2182 3145 2341 3192 ipsosque
2357 3138 2479 3186 Ῑ¹¹⁴¹ίθθ⁵
2492 3138 2529 3168 m'

1497 3209 1653 3244 vaserit:
1670 3208 1896 3255 idipsmnque
1912 3210 2100 3256 contingit,
2117 3218 2159 3245 ac
2176 3209 2204 3244 si
2220 3207 2296 3253 quis
2312 3202 2409 3245 febri,
2427 3195 2533 3235 mutbo

1495 3270 1662 3306 interemi
1683 3298 1692 3314 ,
1722 3271 1994 3318 inuumerisque
2021 3271 2101 3308 aliis
2129 3269 2346 3317 gravioribus
2372 3264 2532 3303 eorri'pllls

1495 3333 1774 3374 inﬁrmitatibus.
1796 3333 1889 3370 mala
1911 3333 2056 3381 quidem
2086 3333 2227 3380 propria
2255 3340 2322 3366 nou
2349 3324 2530 3386 superate-ii

1493 3393 1557 3430 sed
1575 3393 1688 3437 alios,
1710 3394 1770 3440 qui
1793 3393 1920 3431 iisdem
1943 3393 2179 3432 incommodis
2205 3391 2422 3429 laborarent.
2441 3382 2480 3418 ab
2495 3382 2531 3416 ἥδ

1492 3455 1634 3500 eripere
1652 3455 1828 3492 studeret.
1851 3455 2037 3502 Siquidem
2059 3453 2226 3501 nequitia:
2245 3452 2378 3492 ﬁuctusi
2396 3449 2530 3512 cc“_'°"

1492 3526 1578 3553 reus
1594 3546 1603 3560 ,
1623 3517 1788 3554 obicibus
1808 3518 1962 3555 sublatis
1981 3518 2148 3554 onmibns
2169 3516 2202 3552 in
2223 3515 2388 3550 humanos
2411 3511 2529 3574 animos

1491 3581 1728 3618 vehementer
1746 3581 1879 3619 eﬁ‘nsus
1893 3588 1960 3618 est.
1987 3580 2120 3629 Ecquid
2133 3579 2257 3626 loquor
2273 3575 2314 3612 de
2330 3577 2427 3610 recta-
2444 3571 2525 3631 iusti-

1490 3643 1640 3679 tutionis
1652 3644 1842 3682 erersiunc
1855 3645 1872 3680 ἲ
1889 3643 2090 3681 Periculum
2110 3642 2204 3679 cuitu
2223 3645 2289 3683 est,
2309 3634 2415 3672 neilla
2435 3633 2527 3675 P95”

1487 3703 1533 3740 ab
1549 3703 1721 3750 impmbis
1740 3705 1947 3743 hominibus
1962 3706 2114 3746 invecta,
2131 3713 2171 3740 ea
2187 3701 2304 3742 etiam.
2321 3707 2392 3742 Ι1³1⁵³⁵
2405 3693 2446 3728 ⁴¹⁴⁵
2460 3698 2526 3736 9"”

1488 3765 1644 3803 videntia
1667 3768 1729 3804 Dei
1749 3778 1769 3804 a
1789 3768 1953 3815 plurimis
1970 3768 2145 3814 disputata
2173 3768 2276 3804 suat,
2307 3756 2436 3795 νείυητιι
2453 3763 2460 3786 ³
2477 3758 2513 3784 ⁸³⁵

1485 3840 1554 3874 que
1568 3829 1660 3866 adeo
1682 3831 1923 3878 progreditur,
1944 3836 2106 3877 augetur,
2128 3826 2242 3864 omnia
2261 3819 2443 3870 perVadrt‘t!
2461 3819 2524 3846 μενι·

1485 3891 1557 3938 agit
1571 3919 1581 3936 ,
1611 3893 1732 3928 omnia
1753 3892 1935 3940 susdeque
1962 3892 2114 3932 evertit,
2130 3894 2339 3928 uentumluc
2358 3879 2514 3914 adversus

1529 3971 1539 3990 ¹
1565 3970 1612 4002 δίς
1636 3968 1728 4004 Savil.
1759 3974 1792 4003 et
1817 3973 1888 4004 Mss.
1908 3973 1941 4002 ω
1958 3967 2066 4003 alorci.
2085 3963 2230 4009 ιιωιάδω
2246 3959 2435 3993 minuma!"
