2734 4342
151 247 220 290 565

147 318 208 351 καὶ
227 315 310 357 τοὺς
338 309 404 361 τῆς
436 307 541 362 δόξης
563 309 602 350 οὐ
627 309 898 360 δῖαφεὺγουσιψ
927 314 959 350 οἱ
979 312 1018 349 δὲ
1038 313 1185 356 πλείους
1209 314 1271 350 καὶ

146 374 285 418 τούτοις
299 374 434 416 αὑτοῖς,
449 375 595 416 καὶτοῖς
608 373 878 421 τῆςάσελγείας
892 372 987 420 μετά
1003 372 1168 414 πλείονος
1191 383 1276 408 κατ-

145 436 286 482 έχονται
307 435 372 481 τῆς
392 433 610 481 ὑπερϐολῆς.
633 430 723 468 Εἶτα
736 433 865 479 λόγους
890 433 955 480 μὲν
973 433 1094 475 αὑτοῖς
1118 431 1274 468 ἐνθεῖναι

147 495 369 542 βουλόμενοι,
387 494 469 541 οὐχὶ
485 495 530 529 τὰ
547 493 790 528 διακόπτοντα
808 493 876 540 τὴν
894 492 1083 528 παίδευσιν
1099 491 1274 539 ἀναιροῦ-

147 565 214 602 μεν
231 554 353 602 μόνον,
371 553 460 589 ἀλλά
478 555 542 589 καὶ
557 553 604 589 τά
620 553 842 588 συνιστῶντα
853 553 1192 600 κατασκευάζομεν,
1206 552 1276 588 ’καὶ

145 613 400 659 παιδαγωγοὺς
416 613 480 648 καὶ
499 611 736 654 διδασκάλους
758 611 994 658 ἐφιστῶντες,
1017 611 1079 646 καὶ
1099 612 1275 659 χρήματα

145 672 411 715 ἀναλίσκοντες,
433 672 495 708 καὶ
511 671 578 720 τὴν
600 671 673 706 ἀπὸ
705 669 778 706 τῶν
795 669 912 706 ἄλλων
931 669 1161 717 πραγμάτων
1179 681 1274 716 παρ-

144 731 287 778 έχοντες
306 731 450 780 σχολὴν,
467 731 530 766 καὶ
545 730 617 766 τῶν
639 731 678 766 ἐν
689 732 764 773 τοῖς
783 730 1046 776 Ὀλυμπιακοῖς
1061 729 1180 776 ἀγῶσι
1195 741 1275 766 παι-

143 789 318 839 δοτριϐῶν
341 789 601 838 συνεχέστερον
622 788 894 836 ἐπιφωνοῦντες
924 789 1050 831 αὐτοῖς
1077 789 1144 836 τήν
1161 800 1201 824 τε
1229 791 1273 825 ἐκ

143 851 207 898 τῆς
225 850 463 892 ἀπαιδευσίας
483 849 628 893 πενίαν,
647 850 711 885 καὶ¹
729 849 790 885 τὸν
831 849 904 884 ἀπὸ
942 849 1010 896 τῆς
1043 848 1273 893 παιδεύσεως

143 908 308 952 πλοῦτον,
325 910 390 945 καὶ
409 909 530 945 πάντα
551 909 741 952 ποιοῦντες
760 909 824 944 καὶ
841 908 1024 955 λέγοντες,
1043 909 1106 944 καί⁸
1124 909 1170 944 δι’
1184 910 1271 945 ἐαυ-

143 969 226 1014 τῶν,
250 970 315 1006 καὶ
332 969 378 1005 δι’
395 969 528 1012 ἀλλων,
565 969 660 1005 ὥστε
683 969 818 1012 αὑτοὺς
853 969 906 1010 είς
931 967 973 1004 τὸ
991 967 1096 1010 τέλος
1117 969 1272 1015 ἀγαγεῖν

141 1029 209 1076 τῆς
220 1027 470 1076 προκειμένης
489 1027 663 1074 σπουδῆς,
676 1027 740 1063 καὶ
755 1027 838 1063 οὑδέ
853 1025 950 1062 οὕτω
972 1027 1148 1069 πολλάκις
1168 1039 1273 1075 περι-

141 1087 340 1134 γινόμεθα·
364 1085 510 1135 τρόπων
531 1085 569 1121 δὲ
589 1085 806 1128 ἐπιείκειαν,
827 1084 890 1120 καὶ
910 1083 1095 1126 πολιτείας
1117 1083 1273 1132 ἀρίστης

141 1146 332 1195 ἀκρίϐειαν
373 1145 580 1193 αὐτόματον
626 1144 828 1192 οἰησόμεθα
871 1143 1164 1192 παραγενέσθαι,
1208 1143 1272 1178 καὶ

141 1207 257 1243 ταῦτα
287 1205 470 1242 τοσούτων
489 1204 604 1241 ὄντων
627 1203 706 1252 [91]
727 1203 802 1239 τῶν
833 1202 1105 1239 διακοπτόντων
1133 1202 1270 1248 αὑτήν;

142 1268 216 1304 Καὶ
237 1267 273 1303 τί
293 1266 433 1314 ταύτης
461 1266 530 1314 τῆς
549 1265 697 1312 ἀλογίας
714 1266 838 1312 χεῖρον
865 1263 1001 1310 γένοιτ’
1037 1262 1097 1304 ἂν,
1138 1263 1180 1298 τδ
1204 1261 1273 1310 μὲν

143 1329 277 1376 ῥᾷστον
307 1327 404 1364 οὕτω
437 1327 601 1376 μεγάλης
619 1325 746 1370 ἀξιοῦν
775 1325 887 1372 τιμῆς
919 1323 985 1360 καὶ
1015 1323 1199 1370 σπουδῆςο
1221 1322 1273 1366 ὡς

140 1387 206 1422 οὑκ
226 1386 307 1422 ἐνὸν
338 1385 477 1434 ταύτης
510 1386 597 1422 ἄνευ
619 1385 710 1421 αὐτὸ
741 1383 1019 1432 κατορθωθῆναί
1047 1392 1160 1418 ποτε·
1187 1381 1206 1418 ὂ
1233 1381 1272 1418 δέ

142 1444 261 1492 πολλῷ
287 1444 572 1493 δυσχερέστερόν
589 1445 682 1488 ἐστι,
701 1443 808 1479 τοῦτο
830 1441 1074 1478 καθεύδουσιν
1096 1441 1186 1488 ἡμῖν
1207 1441 1272 1488 ἐφ·-

143 1501 314 1538 ίστασθαι
332 1501 509 1548 νομίζειν,
525 1501 696 1550 καθάπερ
717 1513 753 1536 τι
775 1501 849 1537 τῶν
867 1500 1016 1548 φαύλων
1038 1500 1103 1536 καὶ
1117 1499 1271 1547 οὐδαμι-

140 1561 212 1596 νῶν
234 1569 276 1603 I;
297 1559 494 1608 Φιλοσοφία
517 1560 591 1609 γάρ
609 1560 730 1608 ψυχῆς
749 1560 867 1606 λόγων
897 1559 1128 1602 παιδεύσεως
1153 1558 1272 1606 τούτῳ

139 1618 410 1668 δυσκολώτερόν
423 1619 464 1655 τέ
487 1619 565 1655 ἐστι
583 1620 647 1655 καὶ
667 1619 950 1667 ἐργωδέστερον,
973 1619 1047 1666 ὅσῳ
1064 1619 1128 1654 τοῦ
1150 1617 1272 1664 λέγειν

139 1679 180 1714 τὸ
201 1679 390 1726 πράττειν,
405 1679 469 1715 καὶ
485 1679 561 1726 ὅσῳ
576 1679 752 1727 ῥημάτων
773 1677 866 1726 ἔργα
887 1677 986 1714 ἐστὶν
1001 1675 1270 1722 ἐπιπονώτερα.

188 1737 231 1774 θ’.
253 1739 330 1774 Καὶ
349 1739 385 1774 τί
401 1739 456 1774 δεῖ
465 1739 694 1785 φιλοσοφίας.
707 1739 810 1786 φησὶ.
826 1739 889 1774 καὶ
899 1737 1084 1780 πολιτείας
1096 1736 1272 1784 ἀκριϐοῦς

140 1799 214 1840 τοῖς
226 1797 423 1845 ἡμετέροις
441 1796 568 1841 παισί;
591 1797 707 1832 Τοῦτο
725 1797 798 1845 γάρ
817 1798 909 1840 ἐστι,
921 1795 1028 1831 τοῦτο
1038 1797 1131 1844 ὅπερ
1150 1795 1270 1832 πάντα

141 1856 382 1900 ἀπολώλεκεν,
416 1857 472 1892 ὅτι
513 1857 671 1904 πρᾶγμα
702 1856 820 1898 οὕτως
850 1855 1066 1901 ἀναγκαῖον,
1099 1855 1164 1891 καὶ
1201 1854 1270 1904 τὴν

143 1916 324 1964 ἡμετέραν
359 1915 507 1964 συνέχον
532 1915 644 1964 ζωὴν,
681 1915 850 1963 περιττὸν
877 1913 969 1951 εἶναι
993 1915 1056 1950 καὶ
1079 1915 1270 1964 πάρεργον

140 1975 247 2011 δοκεῖ.
271 1975 344 2010 Καὶ
364 1975 451 2022 περὶ
474 1974 583 2022 σῶμα
613 1975 680 2023 μέν
701 1975 890 2022 κάμνοντα
910 1974 972 2010 τὸν
993 1974 1072 2010 υἱόν
1102 1986 1158 2017 τις
1185 1973 1269 2010 ἰδὼν

139 2035 204 2070 οὐκ
238 2034 283 2070 ἂν
307 2033 424 2070 εἴποιι
463 2034 507 2070 Τί
543 2033 581 2069 δὲ
610 2033 712 2080 αὑτῷ
741 2033 911 2081 καθαρᾶς
943 2033 1086 2080 ὑγιείας
1119 2033 1174 2069 δεῖ
1203 2033 1268 2069 καὶ

140 2093 335 2140 ἀκριϐοῦς;
369 2092 461 2130 ἀλλὰ
490 2093 611 2129 πάντα
645 2092 690 2128 ἂν
716 2090 1050 2140 πραγματεύσαιτο
1085 2091 1181 2139 ὑπὲρ
1201 2090 1266 2126 τοῦ

139 2152 314 2198 τοσαύτην
333 2151 548 2198 ἐγγενέσθαι
564 2152 631 2198 τὴν
648 2150 807 2194 εὐεξίαν,
829 2150 881 2193 ὼς
911 2149 1044 2198 μηκέτι
1071 2150 1139 2198 τὴν
1161 2150 1268 2186 νόσον

141 2211 346 2247 ἐπανελθεῖν
358 2223 366 2232 -
379 2211 446 2257 τῆς
459 2211 498 2246 δὲ
513 2210 634 2258 ψυχῆς
651 2208 928 2258 ἀρρωστούσης,
941 2209 1045 2244 οὐδὲν
1059 2208 1130 2244 δεῖν
1145 2209 1268 2252 αὑτοῖς

141 2271 336 2316 θεραπείας
356 2271 462 2318 φασὶ,
479 2271 542 2306 καὶ
557 2269 718 2317 τολμῶσι
735 2268 829 2316 μετὰ
841 2268 886 2304 τά
901 2269 1050 2316 ῥήματα
1065 2268 1183 2304 ταῦτα
1198 2280 1269 2304 πα-

139 2330 246 2378 τέρας
263 2331 386 2367 καλεῖν
404 2330 569 2373 ἐαυτούς.
599 2330 642 2365 Τί
663 2326 748 2375 οὗν;
784 2329 1081 2377 φιλοσοφήσομεν
1113 2327 1264 2370 πάντες,

141 2391 320 2438 sanctiﬁcat
334 2391 380 2427 τὰ
393 2391 456 2427 τοῦ
482 2391 560 2438 βίου
581 2391 798 2437 οίχήσεταις
829 2390 880 2426 Οὐ
909 2389 952 2426 τὺ
983 2389 1205 2436 φιλοσοφεῖν,
1237 2384 1267 2424 ὧ

141 2449 315 2496 βέλτιστε,
339 2450 432 2486 ἀλλά
459 2451 500 2486 τὸ
527 2450 578 2498 μὴ
602 2450 711 2486 τοῦτο
732 2450 850 2485 ποιεῖν
875 2448 996 2484 πάντα
1013 2447 1182 2484 ἀπώλεσε
1205 2447 1268 2483 κα)⁸

139 2507 333 2556 διέφθειρε.
369 2509 476 2552 Τίνες
495 2509 582 2557 γὰρ,
595 2507 677 2544 εἰπέ
700 2519 775 2556 μοι.
790 2509 835 2555 τῇ
855 2507 1024 2556 παρούσῃ
1043 2505 1267 2542 καταστάσει

139 2567 388 2614 λυμαίνονται,
419 2569 453 2604 οἱ
477 2568 634 2616 μετρίως
672 2567 809 2612 ζῶντες
847 2567 911 2604 καὶ¹
952 2565 1140 2610 ἐπιεικῶς,
1181 2565 1204 2614 ἦ
1233 2567 1266 2602 οἱ

141 2625 288 2668 καινοὺς
323 2627 388 2661 καὶ
408 2627 642 2674 παρανόμους
673 2626 903 2669 ἐπινοοῦντες
921 2625 1062 2674 τροφῆς
1080 2625 1262 2674 τρόπουςς

139 2686 172 2720 οἱ
191 2684 236 2720 τά
259 2684 406 2720 πάντων
425 2684 686 2733 περιϐαλέσθαι
707 2685 983 2729 σπουδάζοντες,
1012 2685 1034 2732 ἢ
1059 2685 1093 2720 οἱ
1109 2685 1186 2727 τοῖς
1202 2681 1264 2720 οὗ-

141 2755 196 2780 σιν
213 2743 454 2791 ἀρκούμενοι;
472 2745 504 2780 οἱ
521 2744 709 2790 φάλαγγας
730 2745 880 2781 οἰκετῶν
896 2745 1052 2792 ἔχοντες,
1067 2745 1130 2780 καὶ
1143 2745 1262 2792 σμήνη

140 2803 304 2838 κολάκων
321 2803 339 2830 ι’
361 2803 614 2852 περιάγοντες,
633 2803 655 2851 ἢ
675 2805 708 2839 οἱ
732 2803 837 2851 μόνον
851 2804 997 2852 οἰκέτην
1011 2804 1075 2840 ἕνα
1095 2805 1262 2852 ἀποχρῆν

141 2863 260 2906 αὐτοῖς
279 2863 488 2910 νομίζοντες
509 2863 625 2909 (οὔπω
641 2864 714 2912 γὰρ
728 2863 794 2912 τὴν
815 2865 933 2912 ἄκραν
965 2864 1093 2912 τίθημι
1117 2867 1263 2910 φιλοσο-

142 2923 238 2982 φίαν,
258 2924 347 2960 ἀλλά
372 2925 440 2972 τὴν
471 2925 615 2968 πολλοῖς
637 2924 829 2982 ἐφιμτήνμ
851 2926 883 2960 οί
919 2924 1170 2972 φιλάνθρωποι
1199 2925 1262 2961 καὶ

141 2980 268 3029 ἥμεροι
291 2984 354 3019 καὶ
375 2985 426 3031 μὴ
453 2984 616 3031 δεόμενοι
648 2980 716 3032 τῆς
751 2983 854 3032 παρά
878 2983 952 3020 τῶν
971 2984 1113 3020 πολλῶν
1132 2985 1258 3032 τιμῆς,

141 3040 162 3087 ἢ
178 3042 209 3076 οί
226 3043 357 3085 παντὸς
372 3043 581 3091 ὀφλήματος
601 3044 736 3092 μᾶλλον
755 3043 893 3092 ταύτην
911 3044 1013 3092 παρά
1033 3044 1106 3080 τῶν
1121 3044 1261 3092 ὁμοφύ-

141 3099 210 3136 λων
237 3101 487 3146 ἀπαιτοῦντες,
513 3104 578 3139 καὶ
607 3103 743 3151 μυρίας
771 3103 1010 3152 ἐργαζόμενοι
1049 3103 1258 3152 συμφορὰς,

142 3159 261 3206 ἐπειδὴ
282 3160 330 3208 μὴ
351 3162 548 3209 ὑπανέστη,
585 3163 676 3211 μηδέ
694 3164 890 3210 προσεῖπεν
910 3170 925 3189 ο
947 3164 967 3198 ὁ
993 3163 1092 3198 δεῖνα
1128 3163 1260 3210 πρότεο

143 3228 213 3262 ρος.
227 3219 314 3266 μηδέ
324 3220 502 3268 ὑπέκυψε,
516 3222 607 3269 μηδέ
624 3221 671 3258 τὰ
685 3221 758 3258 τῶν
771 3222 1004 3270 ἀνδραπόδων
1021 3221 1233 3266 ἐπεδείξατο
1248 3233 1258 3265 ;

140 3277 170 3310 οἱ
193 3277 414 3322 μελετῶντες
435 3280 627 3328 ἄρχεσθαι,
650 3281 672 3328 ἢ
695 3282 728 3316 οἱ
759 3280 980 3317 δυναστειῶν
1009 3281 1168 3329 ἐρῶντες
1193 3282 1260 3318 καὶ

140 3334 270 3382 ἀρχῶν,
297 3339 361 3374 καὶ
383 3339 501 3375 πάντα
524 3340 619 3389 ὑπὲρ
636 3339 765 3376 τούτου
783 3341 845 3376 καὶ
871 3341 1022 3388 ποιῆσαι
1042 3341 1107 3376 καὶ
1127 3340 1259 3378 παθεῖν

139 3393 364 3444 ἁνεχόμενοι;
385 3397 418 3433 οἱ
435 3395 578 3434 πάντων
604 3398 767 3446 βελτίους
786 3395 881 3434 εἶναι
902 3398 1086 3444 λέγοντες,
1105 3399 1169 3434 καὶ
1197 3398 1258 3435 διὰ

139 3453 238 3490 τοῦτο
275 3456 395 3493 πάντα
418 3458 482 3494 καὶ
511 3457 630 3503 λέγειν
652 3457 717 3494 καὶ
745 3457 920 3505 πράττειν
951 3459 1095 3500 ἑαυτοῖς
1122 3457 1258 3501 ἐξεῖναι

139 3512 356 3563 νομίζοντες,
387 3515 408 3562 ἢ
431 3516 464 3552 οἱ
491 3516 582 3563 μετά
601 3517 672 3552 τῶν
697 3517 862 3564 ἐσχάτων
897 3515 1140 3563 ἀριθμοῦντες
1163 3517 1258 3552 ἐαυ-

139 3573 232 3616 τοὺς,
251 3575 313 3611 καὶ
329 3575 443 3624 ταύτῃ
460 3575 478 3602 ει
497 3575 560 3622 τὴν
579 3576 706 3621 ἄλογον
721 3575 886 3620 ἐξουσίαν
907 3575 978 3610 τῶν
1003 3575 1128 3610 παθῶν
1147 3575 1258 3612 κολά-

141 3629 278 3677 ζοντεςς
295 3637 328 3671 οί
353 3637 419 3680 τὰς
441 3635 616 3683 λαμπράς
631 3635 926 3682 οἰκοδομούμενοι
951 3635 1084 3678 οἰκίας,
1110 3636 1258 3680 καὶτὰς

140 3691 342 3738 πολυτελεῖς
363 3694 650 3744 παρατιθέμενοι
669 3695 855 3740 τραπέζας
869 3721 878 3736 ,
916 3693 938 3740 ἢ
965 3695 996 3728 οἱ
1019 3693 1130 3742 μηδὲν
1149 3695 1256 3731 πλέον

179 3809 194 3828 ³
217 3809 284 3844 ι’)υο
302 3821 378 3847 mss.
396 3813 602 3860 φαυλοτάτων
620 3813 674 3845 καὶ
691 3813 806 3862 οὖδαμ.

179 3848 194 3874 ιι
213 3851 300 3874 nn...
319 3855 421 3874 MA...
446 3855 544 3874 ιηιυη
562 3855 710 3874 ..-τέ-,μη
731 3866 783 3874 υ...
804 3854 990 3874 ..ι-...κτημι
1035 3859 1066 3874 nl
1088 3855 1134 3874 ει..
1151 3856 1224 3874 ρης

139 3851 302 3922 ἱηιξηυηιιδ
319 3851 422 3888 ροόθὶι
446 3855 547 3890 habet
562 3855 710 3888 κολάκων
731 3851 786 3886 καὶ
804 3854 1004 3896 παρασίτων,
1035 3859 1071 3888 et
1087 3855 1135 3889 sic
1151 3856 1254 3892 Savil.

215 3903 338 3934 argme.

178 3935 191 3951 τ
209 3935 276 3966 Duo
291 3946 368 3970 mss.
387 3937 484 3971 εἶπεν.

177 3973 310 4024 (ψιιοιιι
324 3979 440 4024 ταύτην
469 3984 504 4014 el
519 3979 566 4017 sic
583 3981 683 4018 εει-Η.
715 3979 748 4016 in
765 3990 866 4024 marg.
885 3981 984 4017 Savil.
1012 3989 1091 4015 vero
1109 3983 1143 4016 in
1161 3986 1256 4018 textu

139 4017 169 4046 ει
185 4015 297 4054 Morel.
315 4015 422 4064 ταύτῃξ

666 235 923 288 Αογειιευὲ
941 247 1261 288 OPPUGNATOR

1353 249 1473 290 VlT/E
1503 253 1705 291 MONAST.
1735 254 1822 291 LIB.
1849 254 1910 291 lll.

2403 255 2475 292 564

1348 315 1411 350 καὶ
1431 317 1570 364 τροφῆς
1590 318 1652 353 καὶ
1671 319 1850 366 οἰκήσεως
1879 317 1947 366 τῆς
1969 318 2187 364 ἀναγκαίαςκ
2201 317 2418 367 ζητοῦντες;
2441 320 2475 354 οἱ

1346 374 1461 422 μυρία
1485 375 1626 423 πλέθρα
1639 377 1928 424 ἀποτεμνόμενοι
1947 377 2032 424 γῆς,
2053 377 2075 425 ἢ
2093 379 2126 414 οί
2145 378 2234 425 μηδέ
2257 377 2370 425 βῶλον
2387 378 2476 424 μίαν

1343 433 1550 479 ἀναγκαίαν
1568 435 1692 478 αὑτοῖς
1719 435 1812 482 πρὸς
1845 436 1976 482 κτῆσιν
1991 433 2086 473 εἶναι
2101 437 2330 485 νομίζοντεςς
2359 438 2393 472 oi
2417 437 2477 473 τό·

1344 503 1432 535 κους
1451 493 1514 528 ἐπὶ
1539 493 1670 536 τόκους
1687 501 1703 520 ο
1718 493 1969 539 συλλέγοντες,
1991 495 2056 532 καὶ
2075 497 2198 544 πάσης
2213 497 2397 545 ἐμπορίας
2419 509 2477 532 κι-

1343 549 1488 594 νοῦντες
1507 549 1586 587 ὁδὸν
1607 551 1745 594 ἄδικον,
1767 551 1790 600 ἢ
1817 553 1850 588 οί
1867 552 1934 595 τὰς
1957 551 2104 596 ἀδίκους
2129 553 2265 598 ταύτας
2291 554 2476 590 διασπῶν-

1341 621 1405 652 τες
1439 610 1673 658 συγγραφάς,
1707 611 1770 648 καὶ
1806 613 1850 647 ἐκ
1889 610 1965 647 τῶν
1997 612 2152 649 ἐνόντων
2183 615 2260 656 τοῖς
2291 614 2478 662 δεομένοις

1343 671 1625 722 ἐπικουροῦντες
1636 685 1645 719 ;
1659 673 1692 709 οἱ
1703 673 1742 710 τὸ
1754 673 1900 718 εὐτελὲς
1912 673 1978 722 τῆς
1989 674 2224 722 ἀνθρωπίνης
2243 675 2478 724 ἐπεσκεμμέ-

1343 747 1397 772 νοι
1417 737 1576 782 φύσεως,
1599 737 1621 786 ἢ
1646 738 1680 774 οί
1701 738 1794 786 μηδὲ
1813 737 1920 773 τοῦτο
1941 736 2032 773 αὑτὸ
2047 737 2180 773 εἰδέναι
2197 737 2374 780 θέλοντες,
2399 739 2478 774 ἀλλ’

1343 799 1414 836 ὑπὸ
1434 800 1500 848 τῆς
1521 800 1616 847 ἄγαν
1639 800 1853 846 ἀλαζονείας
1871 799 1936 836 καὶ
1953 799 1994 835 τὸ
2019 798 2236 848 ἀνθρώπους
2255 800 2333 850 [9‘2]
2345 802 2479 844 αὐτοὺς

1341 863 1504 910 νομίζειν
1527 863 1820 910 ἀπολωλεκότες;
1847 864 1880 900 οἱ
1903 863 2042 910 πόρνας
2067 863 2280 912 τρέφοντες,
2311 865 2373 900 καὶ
2401 866 2479 907 τοῖς

1341 925 1544 974 ἀλλοτρίοις
1566 926 1826 975 λυμαινόμενοι
1853 926 2048 976 γάμοις,ἢ
2075 927 2110 963 οί
2141 919 2206 964 καὶ
2237 927 2306 976 τῆς
2336 928 2480 964 ἐαυτῶν

1341 988 1564 1036 ἀπεχόμενοι
1582 989 1781 1035 γυναικός;
1799 990 1876 1038 Οὐχ
1892 991 1924 1026 οί
1947 989 2029 1036 μὲν,
2049 988 2178 1037 ὥσπερ
2201 991 2384 1038 οἰδήματα
2411 991 2480 1026 σώ-

1344 1063 1432 1099 ματι
1457 1052 1522 1088 καὶ
1552 1052 1747 1100 πνεύματα
1779 1053 1892 1102 ἄγρια
1923 1053 2100 1102 θαλάττῃ,
2135 1055 2180 1102 τῇ
2218 1053 2385 1102 πολιτεία
2413 1054 2480 1101 τῆς

1341 1117 1563 1166 οἰκουμένης
1577 1117 1809 1164 ἐπιφύονται,
1827 1119 1890 1154 καὶ
1907 1120 1992 1162 τοὺς
2007 1119 2092 1155 καθ’
2111 1120 2266 1162 ἑαυτοὺς
2301 1119 2479 1164 σώζεσθαι

1339 1180 1562 1229 δυναμένους
1594 1181 1835 1229 χειμάζοντες
1864 1181 1923 1217 διὰ
1945 1181 2013 1229 τὴν
2037 1182 2222 1228 ἀκρασίαν
2243 1182 2312 1230 τὴν
2333 1183 2479 1219 αὐτῶν·

1341 1245 1374 1280 οἱ
1407 1244 1446 1280 δέ
1465 1244 1595 1292 ὥσπερ
1627 1245 1666 1280 ἐν
1697 1245 1816 1292 σκότῳ
1845 1243 1950 1291 βαθεῖ
1980 1243 2199 1292 λαμπτῆρες
2223 1245 2371 1294 φαιδροὶ
2393 1246 2480 1290 τοὺς

1341 1307 1382 1343 ἐν
1401 1306 1504 1355 μέσῳ
1525 1307 1778 1354 ναυαγοῦντας
1797 1307 1892 1355 πρὸς
1916 1307 1982 1354 τὴν
2009 1307 2150 1342 οἰκείαν
2169 1306 2344 1343 καλοῦσιν
2360 1307 2482 1354 ἀσφά-

1342 1367 1458 1410 λειαν,
1483 1368 1546 1404 καὶ
1571 1367 1648 1411 ’τάς
1681 1368 1749 1415 τῆς
1783 1367 2000 1415 φιλοσοφίας
2021 1367 2220 1414 λαμπάδας
2250 1368 2314 1414 ἀφ’
2339 1367 2480 1416 ὑψηλοῦ

1343 1432 1536 1480 πόρρωθεν
1555 1432 1728 1480 ἅψαντες,
1743 1430 1840 1467 οὓτω
1865 1431 1951 1473 τοὺς
1979 1429 2220 1478 βουλομένους
2238 1430 2302 1466 ἐπὶ
2320 1430 2383 1466 τὸν
2411 1431 2480 1478 τῆς

1343 1497 1637 1546 ἀπραγμοσύνης
1668 1495 1940 1545 χειραγωγοῦσι
1973 1495 2128 1544 λιμένα;
2161 1495 2210 1532 Οὑ
2233 1495 2280 1530 δι’
2317 1495 2480 1540 ἐκείνους

1344 1563 1492 1604 στάσεις
1518 1562 1584 1598 καὶ
1614 1562 1767 1609 πόλεμοι
1788 1562 1852 1598 καὶ
1881 1561 2010 1609 μάχαι,
2045 1561 2109 1597 καὶ
2132 1561 2271 1597 πόλεων
2292 1572 2481 1598 κατασκα-

1343 1625 1424 1671 φαὶ,
1458 1625 1522 1661 καὶ
1538 1622 1842 1673 ἀνδραποδισμοὶ.
1869 1625 1934 1661 καὶ
1957 1625 2133 1666 δουλεῖαι,
2162 1625 2174 1652 τ
2205 1625 2269 1662 καὶ
2287 1625 2480 1672 αίχμαλω-

1341 1686 1431 1728 σίαι,
1463 1687 1527 1722 καὶ
1550 1687 1665 1733 φόνοι,
1686 1688 1750 1723 καὶ
1777 1688 1824 1723 τά
1847 1686 1960 1734 μυρία
1989 1688 2028 1722 ἐν
2045 1687 2098 1734 τῷ
2119 1687 2186 1734 βίῳ
2210 1688 2330 1729 κακᾶς
2361 1688 2402 1723 ού
2433 1687 2481 1724 τά

1340 1748 1442 1795 παρὰ
1461 1748 1666 1795 ἀνθρώπων
1690 1749 1899 1796 ἀνθρώποις
1919 1749 2132 1796 ἐπαγόμενα
2155 1748 2278 1796 μόνον,
2303 1749 2396 1785 ἀλλά
2414 1752 2480 1788 καὶ

1337 1809 1384 1846 τὰ
1400 1811 1444 1846 ἐκ
1465 1811 1530 1846 τοῦ
1553 1810 1710 1860 ούρανοῦ
1733 1811 1868 1854 πάντα,
1893 1809 1970 1847 οἷον
1997 1811 2148 1858 αὐχμοὶ,
2182 1811 2244 1846 καὶ
2261 1811 2440 1859 ἐπομϐρίο
2451 1823 2478 1856 ι,

1337 1874 1402 1910 καὶ⁵
1429 1875 1588 1923 σεισμοὶ,
1614 1875 1678 1910 καὶ
1711 1873 1983 1917 καταπτὼσεις,
2015 1875 2078 1910 καὶ
2115 1874 2255 1911 πόλεων
2292 1886 2479 1910 καταπονε

1337 1937 1479 1986 τισμοὶ,
1507 1938 1572 1974 καὶ
1596 1938 1711 1986 λιμοὶ,
1733 1939 1798 1974 καὶ
1819 1939 1954 1985 λοιμοὶ,
1974 1938 2038 1974 καὶ
2058 1937 2105 1974 τὰ
2129 1937 2219 1974 ἄλλα
2252 1940 2386 1982 πάντα,
2409 1939 2477 1977 ὅσα

1337 2002 1427 2050 ἡμῖν
1441 2001 1582 2038 ἐκεῖθεν
1603 2001 1809 2048 ἐπάγεται;

1386 2063 1567 2101 ι¹.υὺκοῦν
1577 2058 1676 2100 οὗτοι
1695 2063 1728 2100 ni
1737 2064 1805 2112 τὴν
1819 2064 2004 2101 πολιτείαν
2023 2065 2307 2114 ἀνατρέποντες,
2327 2067 2478 2112 καὶτοῖς

1337 2128 1472 2170 κοινοῖς
1487 2125 1769 2174 λυμαινόμενοι·
1783 2121 1882 2162 οὗτοι
1897 2127 1931 2162 οἱ
1949 2128 2014 2163 καὶ
2030 2127 2173 2176 ἐτέροις
2201 2128 2344 2176 μυρίων
2367 2129 2478 2166 αἴτιοι

1339 2187 1540 2236 συμφορῶν
1553 2215 1563 2231 ,
1587 2189 1620 2224 οἱ
1641 2189 1717 2231 τοῖς
1738 2188 1973 2237 βουλομένοις
1999 2189 2200 2237 ἡσυχάζειν
2225 2191 2476 2238 ἐνοχλοῦντες.

1337 2251 1403 2288 καὶ
1425 2251 1653 2298 πανταχόθεν
1673 2251 1843 2295 ἕλκοντες
1872 2253 1937 2288 καὶ
1973 2253 2267 2301 σπαράττοντες⁶
2300 2254 2360 2290 διὰ
2393 2255 2479 2291 τού-

1335 2325 1422 2356 τους
1445 2314 1680 2362 δικαστήρια,
1702 2315 1766 2350 καλ⁸
1784 2315 1902 2360 νόμοι.
1925 2316 1988 2350 καὶ
2008 2316 2201 2363 τιμωρίαι,
2228 2317 2290 2352 καὶ
2311 2317 2477 2366 διάφοροι

1337 2380 1524 2416 κολάσεων
1561 2379 1706 2427 τρόποι.
1742 2378 1818 2414 Καὶ
1847 2379 2017 2427 καθάπερ
2035 2381 2074 2414 ἐν
2103 2380 2218 2428 οἰκίᾳ,
2240 2381 2325 2418 ἔνθα
2352 2384 2478 2422 πολὶοὶ

1339 2446 1406 2494 μέν
1427 2447 1458 2482 οἱ
1481 2445 1696 2493 κάμνοντες,
1727 2445 1761 2480 οἱ
1783 2444 1822 2480 δὲ
1854 2444 2084 2490 ὑγιαίνοντες
2115 2445 2244 2492 ὀλίγοι.
2281 2448 2346 2483 καὶ
2383 2450 2478 2498 φάρ-

1338 2522 1440 2559 μακα
1480 2511 1544 2546 καὶ
1574 2509 1724 2558 ἰατροὺς
1755 2508 1912 2552 πολλοὺς
1945 2509 2178 2553 εἰσελθόντας
2208 2511 2306 2547 ἔστιν
2327 2514 2474 2562 εὑρεῖν·

1333 2577 1430 2616 οὕτω
1449 2577 1512 2613 καὶ
1537 2577 1578 2613 ἐν
1597 2578 1642 2625 τῇ
1665 2575 1864 2624 οἰκουμένῃ
1882 2574 1950 2610 οὐκ
1969 2574 2070 2610 ἔστιν
2088 2575 2206 2618 ἔθνος,
2229 2577 2297 2612 οὐκ
2319 2578 2395 2614 ἔστι
2417 2581 2477 2616 πός

1333 2644 1404 2687 λις,
1437 2643 1524 2679 ἔνθα
1544 2643 1594 2691 μὴ
1618 2641 1742 2678 πολλοὶ
1765 2641 1832 2689 μὲν
1863 2641 1896 2676 οἱ
1927 2641 2046 2689 νόμοι,
2085 2640 2210 2676 πολλοὶ
2231 2641 2268 2677 δὲ
2296 2644 2327 2678 οἱ
2347 2643 2476 2692 ἄρχον·

1334 2720 1411 2751 τες,
1432 2707 1562 2744 πολλώ
1591 2706 1628 2742 δὲ
1658 2707 1695 2742 αί
1713 2705 1902 2754 τιμωρίαι.
1929 2706 1979 2742 Οὑ
2005 2705 2078 2753 γάρ
2097 2705 2206 2754 ἀρκεῖ
2223 2707 2270 2742 τά
2291 2707 2475 2755 φάρμακα

1333 2774 1428 2812 αὑτά
1459 2774 1542 2810 καθ’
1565 2773 1679 2810 ἐαυτά
1695 2772 1902 2820 ἀναστῆσαι
1928 2772 1990 2808 τὸν
2003 2771 2206 2820 κάμνοντα,
2222 2773 2316 2810 ἀλλὰ
2333 2775 2389 2812 δεῖ
2407 2779 2474 2813 καὶ

1331 2839 1408 2875 τῶν
1423 2839 1658 2875 ἐπιτιθέντων
1690 2838 1800 2880 αὐτὰ,
1821 2837 1931 2885 οἷπερ
1961 2837 2056 2873 εἰσὶν
2090 2838 2123 2874 οἱ
2153 2838 2382 2884 δικάζοντες,
2409 2843 2474 2878 καὶ

1331 2905 1484 2948 ἑκόντας
1514 2904 1577 2940 καὶ
1611 2904 1767 2946 ἄκοντας
1803 2902 2076 2948 ἀναγκάζοντες
2113 2902 2282 2950 δέχεσθαι
2317 2905 2383 2952 τὴν
2419 2908 2474 2942 ία-

1330 2969 1457 3018 τρείαν
1477 2969 1626 3012 αὑτούς.
1660 2967 1756 3004 Ἀλλ’
1787 2968 1889 3015 ὅμως
1911 2966 2028 3007 οὕτως
2051 2968 2256 3015 ὑπερέσχεν
2294 2969 2316 3016 ἡ
2353 2969 2470 3012 νόσος,

1330 3037 1381 3080 ὡς
1405 3037 1468 3073 καὶ
1487 3035 1604 3083 αὐτῆς
1622 3035 1690 3082 τῆς
1709 3033 1782 3070 τῶν
1805 3032 1940 3082 ἰατρῶν
1960 3034 2144 3083 κρατῆσαι
2159 3034 2304 3081 τέχνης,
2326 3036 2390 3071 καὶ
2407 3037 2467 3071 αύ-

1329 3103 1422 3146 τοὺςγ
1443 3101 1612 3138 ἐπελθεῖν
1639 3101 1722 3144 τοὺς
1750 3099 1990 3143 δικάζοντας·
2023 3099 2087 3135 καὶ
2117 3100 2310 3148 συμϐαίνει
2346 3101 2470 3143 ταὺτὸ,

1328 3163 1404 3203 οἷον
1428 3167 1473 3202 ἂν
1498 3166 1534 3202 εἴ
1554 3177 1610 3209 τις
1639 3164 1788 3214 πυρετῷ
1813 3165 1878 3201 καὶ
1900 3164 2018 3212 ὑδέρῳ
2037 3164 2290 3212 συνεχόμενος.
2318 3165 2382 3202 καὶ
2401 3178 2470 3214 μοι

1330 3233 1423 3282 ρίοις
1445 3232 1586 3280 ἐτέροις
1605 3231 1739 3268 πάθεσι
1757 3230 2042 3280 χαλεπωτέροις,
2067 3230 2140 3266 τῶν
2162 3230 2230 3278 μὲν
2251 3231 2398 3267 οἰκείων
2419 3231 2469 3280 μὴ

1329 3297 1556 3347 περιγίνοιτο
1577 3295 1720 3339 κακῶν,
1747 3295 1895 3344 ἐτέρους
1913 3296 1951 3332 δέ
1984 3297 2062 3340 τοῖς
2085 3295 2210 3339 αὐτοῖς
2229 3296 2469 3344 ἐνεχομένους

1327 3363 1458 3405 δεινοῖς
1496 3360 1746 3398 ἀπαλλάττειν
1779 3360 2020 3410 φιλονεικοίη.
2063 3361 2106 3397 'H
2135 3360 2211 3408 γὰρ
2247 3363 2312 3410 τῆς
2335 3362 2468 3404 κακίας

1328 3426 1486 3476 ἐπιρροὴ
1502 3426 1674 3474 καθάπερ
1690 3437 1747 3468 τις
1763 3425 2009 3474 χειμάρρους,
2031 3426 2177 3463 ἅπαντα
2198 3427 2245 3463 τά
2264 3425 2469 3474 κωλύματα

1327 3493 1584 3542 ἀναῤῥήξασα,
1619 3491 1784 3540 σφοδρῶς
1808 3492 1872 3528 ἐπὶ
1895 3491 1963 3536 τὰς
1991 3491 2066 3528 τῶν
2085 3491 2292 3539 ἀνθρώπων
2309 3488 2464 3537 ἐξεχύθη

1325 3558 1460 3606 ψυχάς.
1479 3558 1556 3594 Καὶ
1581 3557 1618 3594 τί
1651 3557 1748 3604 λέγω
1785 3557 1975 3600 πολιτείας
2000 3555 2234 3604 ἀνατροπήνς
2263 3551 2465 3588 κινδυνεύει

1327 3624 1401 3673 γὰρ
1431 3620 1536 3668 οὗτος
1569 3625 1588 3660 ὁ
1621 3624 1761 3672 λοιμὸς,
1781 3625 1801 3660 ὁ
1824 3624 1928 3672 παρά
1949 3623 2024 3659 τῶν
2047 3621 2218 3667 πονηρῶν
2237 3617 2376 3653 τούτων
2393 3616 2464 3664 ἀρ-

1327 3689 1418 3733 θεὶς,
1443 3689 1610 3733 καὶτοὺς
1633 3690 1720 3738 περὶ
1736 3689 1805 3736 τῆς
1822 3679 1996 3737 προνοίας
2019 3683 2082 3720 τοῦ
2103 3681 2194 3718 Θεοῦ
2217 3679 2288 3714 τῶν
2321 3679 2464 3714 πολλῶν

1326 3755 1512 3792 ἀπελάσαι
1535 3753 1685 3801 λόγους·
1713 3755 1811 3790 οὕτω
1834 3753 1979 3800 πρόεισι
2004 3748 2067 3784 καὶ
2089 3746 2240 3793 νέμεται
2261 3744 2325 3779 καὶ
2342 3743 2464 3781 πάντα

1325 3819 1516 3866 ἐπείγεται
1539 3821 1753 3866 κατασχεῖν,
1775 3817 1839 3853 καὶ
1860 3815 1907 3850 τὰ
1935 3814 2012 3849 ἄνω
2046 3809 2149 3846 κάτω
2177 3807 2374 3853 πεποίηκε,
2399 3807 2464 3844 καὶ

1325 3884 1428 3934 αύτῷ
1443 3885 1570 3922 λοιπὸν
1589 3880 1852 3931 ἐπιστρατεύει
1877 3878 1931 3926 τῷ
1949 3876 2110 3925 οὐρανῷ,
2131 3874 2198 3918 τὰς
2218 3873 2291 3910 τῶν
2317 3871 2462 3920 ἀνθρίῖι⁴

1371 3983 1384 3998 ⁸
1403 3983 1468 4016 Αἲὶἰ
1483 3983 1534 4016 ἐπὶ
1553 3982 1670 4014 τόκον.
1754 4019 1761 4020 7
1810 4017 1835 4020 η
1903 4017 1909 4020 Δ
2033 4015 2041 4020 _
2170 4014 2174 4020 _

1376 4015 1467 4058 [Sicf
1481 4023 1582 4058 Savil.
1604 4029 1637 4055 et
1653 4030 1729 4054 mss.
1752 4019 1787 4053 In
1809 4017 1924 4052 hlorel.
1946 4015 2095 4057 quadam
2111 4015 2318 4046 omitlunlur.
