3986 6196
201 487 362 554 ipsum
383 477 570 535 cazlum
591 473 809 544 suscipit
833 471 1028 526 bellum
1044 511 1060 536 ,
1083 469 1206 523 dum
1228 466 1499 522 hominum
1523 463 1748 531 linguas,

197 590 304 629 non
319 571 427 642 jam
457 578 643 623 contra
661 577 972 626 conservos,
996 561 1090 616 sed
1113 568 1299 616 contra
1323 555 1568 612 on'tnibus
1593 555 1756 620 impe-

197 675 390 720 rantem
421 659 697 715 Dominum
725 666 914 709 armat.
945 653 1216 709 Undenam
1244 692 1259 716 ,
1295 663 1475 720 quasso
1498 689 1512 708 ,
1555 655 1632 698 tot
1672 645 1757 698 illa

197 758 381 824 ubique
407 753 475 807 de
505 752 608 804 lato
632 748 933 817 colloquia?
957 745 1220 801 uudeuam
1243 741 1586 797 irrationabili
1612 738 1755 792 side-

197 862 307 899 rum
333 843 497 897 motui
525 839 699 894 omnia
730 853 849 907 qua:
879 836 1030 901 fiunt,
1055 833 1362 888 adscribunt
1388 829 1636 900 plurimi?
1665 843 1761 883 cur

200 935 475 993 fortunam,
503 945 596 983 cur
624 943 804 983 casmn
835 927 1048 996 quidam
1079 921 1410 993 praedicant?
1439 935 1534 973 cur
1560 929 1761 972 temere

196 1034 251 1078 et
289 1023 399 1077 sine
435 1020 641 1075 ratione
681 1016 805 1071 ferri
835 1015 1009 1069 omnia
1049 1011 1274 1083 putant?
1317 1019 1536 1079 propter
1559 1021 1758 1067 eosne,

197 1116 282 1186 qui
304 1112 464 1182 probe
476 1120 529 1166 et
543 1109 816 1164 moderate
827 1109 1026 1167 vivunt,
1043 1121 1108 1157 an
1127 1112 1343 1172 propter
1361 1115 1454 1155 eos
1472 1112 1604 1169 quos
1622 1107 1674 1150 tu
1691 1096 1764 1150 di-

198 1211 350 1264 eebas
373 1203 751 1274 rempublicam
777 1199 1068 1261 continere,
1083 1211 1183 1266 ego
1195 1211 1320 1248 vero
1336 1205 1668 1247 communem
1682 1205 1762 1244 or-

200 1299 280 1353 bis
291 1307 487 1368 pestem
504 1307 623 1349 esse
635 1289 922 1346 monstravi
937 1290 959 1342 ?
972 1288 1194 1355 Propter
1213 1285 1311 1338 hos
1334 1299 1482 1347 sane,
1497 1291 1556 1336 ut
1579 1282 1760 1351 liquet.

198 1388 361 1442 Nemo
383 1385 523 1440 enim
553 1383 884 1451 indignatur,
908 1377 1048 1448 quod
1071 1377 1156 1430 hic
1176 1384 1320 1430 recte
1345 1371 1762 1444 philosophetur,

196 1487 288 1531 aut
307 1475 444 1546 quod
474 1474 562 1528 ille
585 1487 766 1540 aequus
795 1469 950 1539 plane
980 1466 1390 1533 moderatnsque
1414 1464 1503 1528 sit,
1525 1471 1618 1517 aut
1643 1471 1768 1515 tem-

201 1581 409 1635 perans,
435 1562 680 1633 quodque
700 1575 787 1615 res
812 1559 970 1627 hujus
995 1556 1174 1610 saeculi
1197 1553 1487 1624 despiciat;
1513 1551 1607 1607 sed
1628 1551 1768 1622 quod

199 1657 288 1711 ille
311 1657 379 1708 sit
398 1653 680 1722 opulentus
703 1667 719 1716 ;
746 1648 886 1718 quod
912 1647 964 1701 in
994 1646 1199 1700 deliciis
1222 1652 1344 1714 agat
1368 1684 1382 1708 ,
1415 1642 1555 1712 quod
1579 1655 1770 1696 avarus

199 1747 287 1810 sit,
316 1745 456 1814 quod
486 1743 674 1812 rapiat,
704 1741 846 1810 quod
874 1739 942 1792 sit
973 1737 1276 1806 improbus,
1308 1735 1555 1804 vitiisque
1586 1735 1770 1802 plenus

199 1833 510 1897 innumeris,
535 1831 674 1901 quod
704 1827 1014 1900 splendidus
1038 1827 1108 1880 sit
1131 1836 1186 1880 et
1213 1839 1463 1895 prospere
1483 1834 1622 1894 agat.
1649 1824 1772 1877 Haec

198 1934 478 1996 querentes
496 1934 550 1980 et
565 1924 866 1976 incusantes
880 1919 1142 1988 jactitant,
1165 1916 1252 1985 qui
1277 1917 1385 1969 Deo
1402 1929 1506 1968 non
1527 1913 1767 1968 credunt.

199 2015 292 2070 llis
310 2013 646 2068 olfenduntur
661 2011 892 2080 plurimi,
907 2012 974 2062 ita
994 2019 1051 2061 ut
1069 2007 1274 2060 illorum
1297 2006 1482 2074 gratia,
1499 2007 1587 2074 qui
1611 2004 1773 2074 probe

199 2107 356 2159 vitam
377 2112 557 2172 agunt,
576 2117 682 2156 non
707 2100 866 2154 modo
891 2097 1190 2168 bujusmodi
1213 2095 1341 2151 nihil
1361 2095 1623 2164 loquuturi
1645 2095 1770 2159 sint,

201 2198 293 2253 sed
313 2197 514 2266 seipsos
534 2194 853 2258 damnaturi,
870 2192 913 2245 si
929 2191 995 2246 ad
1015 2188 1394 2259 providentiam
1415 2187 1510 2242 Dei
1529 2187 1776 2241 incusan-

205 2289 321 2342 dam
344 2287 534 2342 inducti
555 2286 764 2340 iuerint.
783 2284 934 2351 Quod
947 2283 990 2337 si
1009 2295 1196 2338 omnes
1209 2292 1298 2337 aut
1315 2280 1650 2348 certe-major
1674 2279 1770 2332 hu-

202 2380 399 2434 niinum
419 2393 538 2447 pars
560 2379 628 2430 ita
651 2377 830 2430 vivere
847 2373 1241 2438 vellent,nullus
1253 2386 1500 2440 umquam
1515 2369 1775 2439 ejusmodi
1791 2427 1802 2435 ε

205 2472 358 2525 verba
374 2472 675 2539 cogitasset,
691 2482 862 2537 neque
880 2467 966 2520 ille
981 2467 1240 2520 malorum
1254 2463 1514 2533 colophon
1532 2464 1777 2517 inductus

201 2562 383 2617 t‘uisset
410 2602 426 2625 ,
463 2570 522 2615 ut
558 2570 884 2630 quaereretur
921 2557 1060 2612 unde
1085 2557 1191 2610 sint
1215 2555 1373 2609 mala.
1402 2553 1534 2608 Nam
1563 2553 1608 2607 si
1638 2554 1776 2606 mala

203 2668 300 2709 nec
320 2662 521 2718 essent,
545 2669 641 2706 nec
661 2659 1008 2721 apparerent,
1028 2649 1146 2718 quis
1169 2647 1419 2716 potuisset
1446 2659 1688 2714 quantam
1708 2643 1778 2696 sit

202 2747 465 2800 malorum
491 2758 648 2796 causa
679 2755 936 2810 quaerere,
967 2748 1021 2792 et
1048 2742 1141 2809 per
1167 2738 1300 2790 hanc
1325 2736 1668 2806 quaestionem
1701 2736 1778 2786 in-

201 2853 452 2892 numeras
479 2836 709 2889 haereses
729 2831 1026 2888 suscitare?
1053 2832 1258 2885 Etenim
1283 2829 1513 2884 Marcion
1534 2869 1548 2894 ,
1579 2827 1778 2893 Manes,

202 2926 536 2984 Valentinus.
553 2937 604 2979 et
625 2925 831 2994 plurimi
854 2923 1157 2978 Grzecorum
1182 2920 1304 2975 hinc
1325 2920 1531 2974 initium
1545 2933 1782 2986 sumpse-

201 3029 347 3074 runt.
379 3016 434 3073 Si
460 3028 635 3070 autem
663 3031 848 3069 omnes
870 3013 1364 3084 philosopharentur
1387 3051 1402 3075 ,
1435 3010 1612 3062 nullus
1639 3015 1781 3062 esset

201 3107 326 3162 huic
343 3107 620 3177 quaestioni
645 3107 810 3169 locus;
835 3106 928 3160 sed
955 3104 1000 3158 si
1015 3119 1118 3158 non
1133 3101 1364 3165 aliunde,
1387 3101 1453 3155 ab
1480 3099 1577 3153 hac
1593 3100 1779 3152 saltem

199 3200 402 3268 Optima
429 3196 634 3252 vivendi
659 3177 861 3250 ratitiue
881 3195 1190 3248 didicissent
1215 3205 1420 3255 omnes,
1440 3205 1538 3243 nos
1560 3190 1658 3243 sub
1677 3189 1782 3241 Deo

202 3306 331 3360 rege
355 3290 551 3350 vivere,
569 3288 820 3354 illumque
839 3302 924 3340 res
939 3294 1145 3338 nostras
1165 3283 1454 3338 secundum
1471 3280 1781 3350 sapientiam

208 3381 646 3448 prudentiamque
673 3392 821 3430 suam
849 3374 1218 3428 administrare
1241 3381 1296 3427 et
1320 3371 1604 3426 moderari.
1633 3365 1783 3435 Quod

208 3484 352 3524 nunc
371 3485 577 3537 quoque
593 3468 671 3532 lit,
686 3467 777 3520 sed
801 3483 903 3519 non
930 3463 1082 3518 facile
1103 3463 1416 3533 perspicitur
1432 3460 1502 3515 ob
1520 3462 1782 3529 ingentem

209 3562 357 3616 illam
381 3561 646 3624 nebulam,
675 3574 830 3629 quam
856 3573 948 3626 per
974 3566 1140 3610 totum
1165 3565 1419 3609 terrarum
1445 3552 1626 3606 orbem
1655 3551 1784 3604 ellu-

205 3651 427 3704 derunt.
460 3649 611 3716 Quod
639 3649 685 3703 si
713 3665 797 3703 res
823 3665 928 3702 non
954 3647 1026 3701 ita
1053 3662 1113 3700 se
1140 3645 1391 3709 haberet,
1415 3642 1566 3712 quasi
1597 3642 1648 3694 iu
1676 3657 1787 3694 tne-

207 3743 416 3796 ridiaua
443 3742 561 3795 luce
591 3749 644 3794 et
680 3754 868 3794 sereno
896 3754 1020 3794 aere
1048 3738 1138 3791 Dei
1173 3736 1501 3807 providentia
1537 3734 1788 3788 omnibus

205 3842 514 3904 appareret.
544 3832 675 3887 Nam
705 3833 749 3884 si
776 3847 878 3885 non
902 3831 1182 3884 tribunalia
1210 3839 1408 3894 essent,
1433 3843 1538 3882 non
1568 3841 1787 3882 accusa-

209 3933 360 3978 tores
380 3963 397 3988 ,
429 3939 532 3976 non
561 3923 935 3992 sycophantae,
966 3938 1069 3974 non
1100 3921 1384 3984 cruciatus,
1418 3935 1521 3973 non
1552 3918 1783 3980 mulctac,

207 4030 322 4066 non
354 4027 601 4066 carceres
625 4052 641 4077 ,
672 4028 780 4066 non
807 4011 1093 4080 supplicia,
1125 4026 1230 4064 non
1261 4011 1516 4064 honorum
1547 4009 1785 4079 publica-

210 4105 412 4167 tiones,
444 4119 548 4157 non
579 4105 795 4166 damna,
826 4119 931 4156 non
959 4103 1180 4156 timores
1203 4109 1258 4155 et
1282 4101 1532 4170 pericula,
1561 4113 1665 4153 u0u
1692 4098 1790 4151 iiii-

214 4196 453 4258 micitiae,
478 4213 580 4248 non
603 4195 826 4261 insidiae,
851 4210 954 4248 non
975 4194 1212 4247 convicia
1232 4202 1286 4248 et
1311 4193 1452 4257 odia,
1475 4208 1579 4246 non
1600 4192 1788 4256 faiiies,

219 4303 324 4341 non
351 4299 529 4357 pestes
551 4328 566 4352 ,
600 4303 705 4340 non
731 4286 870 4341 aliud
901 4286 1169 4356 quidpiam
1197 4300 1400 4347 eorum,
1431 4299 1547 4354 qua:
1575 4284 1626 4338 in
1653 4300 1793 4337 airu-

219 4380 363 4432 mnis
399 4390 772 4442 numerantur,
813 4378 905 4432 sed
941 4393 1126 4432 omnes
1164 4386 1488 4446 congruente
1517 4391 1637 4431 cum
1673 4393 1795 4444 pro-

218 4467 388 4521 bitate
417 4468 685 4532 viverent,
717 4468 835 4537 quis
866 4483 1112 4537 umquam
1142 4467 1377 4520 vivorum
1407 4465 1473 4521 de
1507 4465 1792 4537 providen-

214 4559 289 4613 tia
337 4561 514 4614 divina
552 4560 865 4614 dubitaret?
903 4559 1147 4614 Profecto
1185 4558 1381 4612 nullus.
1425 4557 1575 4612 Nunc
1617 4567 1792 4612 autem

214 4650 452 4719 idipsum
495 4651 768 4720 contingit,
795 4666 857 4704 ac
884 4650 927 4704 si
958 4650 1230 4718 ingruente
1257 4656 1584 4718 tempestate,
1606 4648 1797 4717 guber-

213 4753 378 4796 nator
405 4758 528 4796 suas
557 4741 799 4811 impleret
826 4750 1020 4812 partes,
1047 4749 1101 4796 et
1119 4741 1369 4810 scapham
1398 4749 1657 4807 servaret,
1679 4741 1796 4810 ejus

215 4845 404 4888 tamen
430 4835 614 4902 peritia
641 4833 1014 4903 diligentiaque
1038 4848 1067 4888 a
1097 4832 1397 4887 vectoribus
1423 4849 1526 4886 non
1553 4832 1799 4888 adverte-

215 4932 392 4984 retur,
422 4923 492 4975 ob
521 4923 993 4990 perturbationem,
1025 4929 1246 4983 metum,
1277 4921 1797 4991 impendentiumque

214 5013 489 5066 malorum
518 5011 953 5067 sollicitudinem.
982 5012 1120 5066 Deus
1146 5012 1338 5081 quippe
1369 5012 1466 5065 hoc
1493 5011 1795 5066 universum

212 5103 386 5156 etiam
423 5117 562 5157 nunc
599 5101 890 5172 gubernat,
933 5103 1111 5157 multis
1146 5110 1320 5156 autem
1361 5101 1410 5156 id
1451 5117 1556 5156 non
1591 5102 1799 5156 videtur
1865 5093 1870 5100 ’

212 5196 291 5251 ob
321 5211 502 5249 rerum
537 5195 985 5265 perturbationem
1018 5210 1081 5252 ac
1111 5202 1669 5264 tempestatem,quam
1701 5194 1714 5224 ¹
1745 5193 1796 5246 hi

211 5287 459 5339 maxime
483 5287 718 5340 omnium
747 5286 998 5340 excitant.
1023 5285 1205 5354 itaque
1235 5301 1336 5338 non
1366 5295 1566 5338 tantum
1592 5285 1798 5338 institu-

214 5376 428 5429 tionem
459 5392 664 5431 morum
693 5388 969 5443 evertunt,
1001 5377 1094 5432 sed
1129 5387 1183 5432 et
1218 5379 1354 5446 piant
1387 5378 1692 5447 religionem
1724 5377 1798 5431 Ia-

211 5465 535 5521 bcl'actant:
572 5483 670 5523 nec
693 5483 824 5523 sane
858 5469 1098 5539 peccabit
1124 5469 1212 5540 qui
1240 5485 1334 5523 eos
1353 5483 1662 5522 Communes
1692 5465 1794 5521 iui-

283 5624 306 5655 ⁸
341 5628 444 5671 Duo
477 5631 584 5675 atas.
611 5636 715 5686 pro,
751 5637 912 5688 quam,
953 5624 1150 5681 habent,
1178 5625 1575 5687 perturbationem
1612 5639 1721 5688 vero
1751 5629 1797 5688 et

198 5686 564 5756 Natalem
589 5685 684 5736 etc.
703 5685 776 5737 sic
792 5689 936 5737 etiam
959 5688 1074 5756 ii.
1101 5685 1408 5756 nestituimus
1423 5689 1558 5738 savii.
1585 5696 1629 5738 el
1646 5685 1808 5736 Morel.

199 5741 500 5810 lectionem,
526 5741 693 5815 utpote
715 5761 822 5814 qua:
846 5749 1116 5813 expeditior
1141 5749 1346 5799 videtur.

889 357 1246 416 ADVERSUS
1282 350 1822 411 OPPUGNATORES
1863 349 2039 404 VIT/E
2078 349 2365 405 MON.\ST.
2411 351 2540 405 LIB.
2568 351 2654 405 lll.

3327 354 3430 412 566

1869 463 2038 516 micos
2067 464 2425 532 appellaverit,
2457 465 2545 534 qui
2573 463 2693 519 ideo
2720 466 2901 520 vivunt
2928 473 2985 521 ut
3011 473 3322 524 emtorornm
3348 486 3428 524 sa-

1866 554 1958 607 luti
1990 554 2355 619 adversentur,
2386 556 2813 624 exsecrandaqne
2843 573 2934 611 sna
2967 559 3203 612 doctrina
3231 600 3243 622 ,
3275 570 3432 628 atque

1867 642 2224 711 impnrissima
2243 643 2345 697 vita
2367 659 2480 706 eos,
2499 645 2588 714 qui
2610 659 2789 699 secum
2814 648 3078 716 navigant,
3099 649 3432 719 demergunt.

1939 735 2026 787 il.
2055 732 2420 788 Monac/torum
2441 735 2539 788 rita
2561 736 2799 805 angelica:
2828 748 3166 802 comparatur.
3189 769 3260 778 ——
3285 741 3352 792 At
3383 742 3433 793 in

1870 825 2207 878 monasteriis
2251 824 2380 878 nihil
2423 823 2722 894 huiusmodi
2761 826 2939 880 videre
2965 838 3078 890 est;
3108 830 3199 882 sed
3228 830 3433 886 etiamsi

1869 923 2013 968 tanta
2053 923 2337 985 tempestas
2377 917 2726 980 intumescat,
2759 917 2857 971 soli
2904 918 2953 971 in
2996 927 3176 986 portu,
3208 921 3258 973 in
3292 931 3436 973 tran-

1868 1007 2127 1077 quillitate
2155 1017 2210 1062 et
2246 1007 2528 1063 securitate
2567 1023 2756 1078 magna
2794 1009 3065 1076 resident,
3106 1025 3168 1064 ac
3193 1012 3341 1078 quasi
3374 1027 3438 1066 ex

1869 1097 2004 1152 caule
2044 1098 2158 1166 ipso
2185 1108 2499 1152 caeterorum
2543 1097 2813 1168 naufragia
2851 1099 3157 1170 respiciunt.
3203 1100 3438 1170 Namque

1868 1191 1991 1245 vita:
2019 1206 2186 1260 genus
2208 1192 2340 1246 cailo
2360 1192 2575 1262 dignum
2595 1193 2923 1264 delegerunt,
2951 1209 3047 1249 nec
3067 1196 3322 1249 minorem
3346 1212 3440 1248 au-

1871 1283 2041 1353 gelico
2085 1296 2282 1338 statum
2324 1285 2584 1340 obtinent.
2625 1285 3079 1352 Quemadmodum
3117 1287 3256 1340 enim
3301 1285 3438 1355 apud

1872 1377 2088 1445 angelos
2113 1375 2252 1429 nulla
2281 1385 2363 1430 est
2383 1375 2733 1446 inaequalitas,
2751 1393 2923 1446 neque
2946 1376 3032 1430 alii
3059 1392 3326 1446 prospere,
3353 1377 3438 1430 alii

1875 1466 1926 1519 in
1957 1466 2211 1521 extremis
2240 1466 2391 1520 malis
2419 1476 2718 1532 versantur,
2745 1467 2839 1521 sed
2865 1482 3048 1522 omnes
3077 1467 3129 1520 in
3163 1483 3260 1520 una
3291 1483 3439 1536 pace,

1874 1556 2052 1610 lmtitia
2083 1567 2139 1611 et
2166 1557 2365 1625 gloria,
2393 1559 2471 1612 sic
2500 1567 2555 1612 et
2583 1558 2666 1610 his
2695 1557 2746 1611 in
2778 1559 2943 1623 locis;
2978 1574 3134 1613 nemo
3162 1569 3442 1629 pauperta-

1877 1659 1980 1702 tem
2011 1651 2312 1716 exprobrat,
2341 1665 2495 1702 nemo
2523 1650 2590 1704 de
2620 1650 2815 1704 divitiis
2855 1651 3109 1719 gloriatur
3139 1668 3151 1703 :
3183 1667 3357 1706 meum
3389 1659 3442 1705 et

1877 1751 2020 1793 ttnnn
2051 1740 2207 1803 illud,
2241 1740 2377 1808 quod
2403 1741 2579 1794 omnia
2610 1741 2866 1795 subvertit
2889 1751 2942 1794 et
2967 1743 3267 1808 perturbat,
3296 1741 3443 1810 peni-

1877 1837 1961 1882 tus
1985 1831 2180 1883 exulat.
2212 1830 2399 1884 Omnia
2440 1829 2568 1899 ipsis
2597 1831 2895 1884 communia
2920 1839 3042 1884 sunt
3065 1870 3078 1894 ,
3107 1845 3284 1883 mensa
3306 1871 3320 1894 ,
3348 1829 3443 1883 do-

1876 1920 2130 1974 micilium
2157 1961 2172 1983 ,
2204 1921 2538 1976 vestimenta.
2580 1920 2779 1989 Ecquid
2811 1920 3001 1974 mirum
3022 1960 3037 1979 ,
3074 1921 3282 1990 quando
3332 1923 3442 1988 Ipsa

1878 2011 2050 2065 anima
2099 2025 2198 2063 una
2243 2011 2535 2078 eademque
2574 2011 2818 2064 onmibus
2855 2012 2980 2063 est?
3021 2009 3217 2063 Omnes
3261 2011 3442 2064 eadem

1877 2115 2002 2158 sunt
2031 2103 2306 2158 nobilitate
2328 2103 2553 2166 nobiles,
2581 2103 2766 2157 cadent
2792 2101 3042 2156 servitute
3071 2103 3231 2168 servi,
3260 2101 3444 2157 eadem

1879 2193 2123 2248 libertate
2149 2193 2322 2250 liberi.
2350 2193 2477 2248 Una:
2509 2194 2615 2248 illic
2637 2193 2880 2247 omnibus
2913 2193 3106 2247 divitia:
3132 2235 3145 2257 ,
3178 2209 3294 2262 qure
3324 2209 3448 2248 vere

1877 2283 2074 2337 divitia:
2099 2291 2258 2336 sunt:
2289 2299 2390 2337 una
2415 2283 2580 2352 gloria
2603 2325 2618 2350 ,
2646 2299 2763 2352 qua:
2791 2298 2916 2337 vere
2938 2283 3102 2351 gloria
3129 2299 3141 2336 :
3175 2299 3278 2336 non
3305 2285 3445 2336 enim

1879 2375 2116 2438 nomine,
2143 2373 2238 2427 sed
2261 2388 2320 2428 re
2348 2373 2485 2427 bona
2514 2382 2731 2436 tenent;
2757 2388 2860 2425 una
2881 2374 3142 2441 voluptas,
3174 2389 3332 2425 unum
3358 2373 3450 2426 de-

1877 2464 2153 2528 siderium,
2179 2477 2282 2516 una
2306 2477 2429 2533 spes
2448 2463 2731 2516 omnibus:
2758 2477 2819 2514 ac
2839 2462 2987 2530 quasi
3013 2462 3238 2530 quadam
3266 2477 3448 2514 norma

1879 2564 1933 2608 et
1955 2553 2085 2606 libra
2111 2551 2284 2606 omnia
2306 2558 2553 2606 accurate
2575 2549 2907 2604 ordinantur.
2932 2550 3081 2603 Nulla
3106 2550 3450 2619 inmqnalizas,

1881 2644 1974 2698 sed
2006 2643 2155 2706 ordo,
2182 2643 2532 2706 concinnitas,
2563 2642 2857 2706 harmonia,
2887 2650 2941 2695 et
2968 2641 3127 2694 multa
3155 2641 3453 2696 concordia:

1881 2735 2156 2790 servanda:
2198 2735 2509 2804 diligentia,
2559 2744 2918 2803 perpetuaque
2970 2733 3164 2787 laetitia:
3213 2734 3449 2787 materia.

1882 2828 2236 2895 Quamobrem
2285 2841 2472 2881 omnes
2512 2827 2690 2881 omnia
2732 2827 2930 2881 faciunt
2961 2835 3014 2880 et
3057 2827 3353 2893 pa‘iuutur.
3399 2837 3454 2878 ut

1885 2921 2129 2976 heteutur
2165 2930 2219 2974 et
2258 2919 2542 2990 gaudeant.
2591 2920 2703 2974 illic
2731 2919 2871 2973 enim
2915 2918 3086 2972 solum
3133 2920 3311 2972 videas
3341 2921 3453 2972 hare

1886 3013 2117 3082 perfecte
2142 3014 2479 3083 contingere,
2505 3026 2760 3082 nusquam
2791 3011 2913 3064 alibi
2939 3028 2953 3064 :
2986 3025 3088 3064 non
3122 3011 3275 3064 modo
3314 3013 3452 3080 quod

1888 3105 2164 3174 praisentia
2194 3105 2378 3158 omnia.
2399 3111 2775 3168 contemnant,
2811 3110 2969 3171 atque
2997 3116 3208 3154 tuniiem
3241 3102 3366 3154 rixm
3395 3117 3456 3157 ac

1886 3195 2163 3249 discordia
2197 3196 2470 3248 materiam
2505 3194 2860 3257 absciderint,
2901 3193 3280 3262 splendidaque
3323 3197 3457 3246 l'utu-

1888 3302 2068 3340 rorum
2099 3301 2192 3354 spe
2223 3287 2330 3340 fulti
2361 3288 2486 3348 sint,
2516 3287 2609 3340 sed
2639 3287 2798 3340 etiam
2830 3285 2968 3353 qttod
3011 3301 3070 3338 ea
3096 3301 3212 3353 qua:
3240 3284 3457 3354 singulis

1889 3375 2176 3439 accidunt,
2212 3391 2304 3429 seu
2351 3376 2519 3428 tristia
2561 3390 2654 3428 seu
2694 3375 2862 3435 bona,
2889 3374 3134 3426 omnibus
3159 3375 3458 3427 communia

1888 3482 2008 3521 esse
2047 3475 2315 3536 putentur.
2357 3465 2550 3518 Maeror
2589 3464 2784 3534 quippe
2826 3463 3031 3516 facilius
3065 3465 3293 3526 tollitur,
3337 3480 3456 3519 cum
3533 3485 3535 3487 ί

1891 3558 2231 3626 proportione
2263 3556 2488 3624 quadam
2530 3569 2716 3608 omnes
2762 3557 3083 3623 singulorum
3127 3565 3460 3624 component

1889 3665 2052 3703 onera
2077 3665 2090 3701 :
2118 3647 2312 3701 laititiae
2338 3651 2472 3701 'vero
2508 3645 2698 3700 multas
2728 3646 2921 3700 habent
2961 3648 3268 3700 occasiones
3296 3687 3311 3713 ,
3354 3663 3458 3702 non

1889 3740 1956 3794 de
1977 3738 2088 3792 suis
2115 3737 2274 3792 modo
2298 3737 2615 3802 commodis,
2635 3737 2726 3790 sed
2754 3738 2820 3790 de
2849 3736 3070 3790 aliorum
3096 3754 3324 3808 «pioque,
3355 3755 3458 3791 non

1891 3831 2086 3893 minus,
2118 3844 2273 3898 quam
2304 3827 2371 3882 de
2396 3828 2525 3890 suis,
2554 3827 2864 3898 gaudentes.
2889 3827 3054 3891 Quem
3087 3828 3245 3897 igitur
3262 3830 3460 3882 exitum

1892 3919 2162 3974 habebunt
2201 3934 2290 3973 res
2330 3929 2528 3972 nostra:
2548 3960 2562 3981 ,
2591 3919 2636 3972 si
2663 3932 2835 3972 cuncti
2864 3933 2958 3971 nos
2993 3920 3292 3973 Imitemur?
3317 3919 3465 3974 Nunc

1892 4017 2032 4068 enim
2079 4022 2292 4082 propter
2329 4028 2421 4065 eos
2461 4013 2730 4081 perierunt
2767 4028 2828 4066 ac
2866 4021 3110 4080 corrupta
3159 4021 3323 4078 sunt,
3366 4013 3454 4079 qui

1895 4104 2052 4174 longe
2085 4105 2151 4157 ah
2192 4103 2293 4157 hoc
2324 4104 2448 4157 vitae
2482 4105 2720 4157 instituto
2745 4113 3040 4158 versantur.
3070 4105 3111 4158 Τ
3119 4121 3147 4156 ιι
3179 4120 3305 4158 vero
3336 4106 3460 4158 dum

1892 4193 2158 4248 contraria
2188 4193 2467 4259 decernis,
2500 4194 2725 4264 idipsum
2765 4195 2888 4249 facis
2911 4236 2924 4258 ,
2962 4211 3025 4248 ac
3059 4196 3102 4250 si
3138 4197 3255 4265 quis
3301 4199 3465 4268 lyram

1893 4287 2154 4341 concinne
2188 4295 2418 4356 aptatam
2448 4288 2597 4356 quasi
2638 4288 2873 4340 inutilem
2913 4287 3216 4356 reprobaret
3247 4329 3261 4351 ,
3313 4305 3466 4344 secus

1893 4377 2201 4445 dispositam
2227 4417 2242 4443 ,
2276 4376 2358 4430 vel
2395 4377 2685 4431 intentione
2710 4418 2724 4440 ,
2749 4379 2830 4431 vel
2863 4379 3170 4431 remissione
3199 4377 3357 4432 nimia
3389 4379 3466 4431 la-

1896 4467 2208 4522 befactatam
2235 4506 2250 4532 ,
2287 4467 2527 4522 idoneam
2568 4467 2767 4521 diceret
2813 4467 2876 4519 ad
2925 4467 3272 4535 pulsationem
3310 4478 3362 4522 et
3401 4468 3464 4522 ad

1895 4569 2252 4628 spectatorum
2275 4559 2616 4627 voluptatem.
2646 4561 2708 4611 At
2733 4573 2902 4625 neque
2927 4557 2991 4611 ad
3021 4559 3232 4612 musieze
3256 4559 3468 4628 imperi~
3547 4565 3559 4593 ί

1897 4651 2023 4704 tiam
2050 4649 2163 4703 hate
2192 4648 2415 4703 dicentis
2439 4648 2579 4702 aliud
2611 4647 2780 4716 majus
2807 4660 3174 4717 argumentum
3203 4666 3470 4718 quaerere-

1899 4757 2035 4806 mus,
2061 4755 2236 4808 neque
2256 4740 2320 4793 ad
2350 4740 2568 4793 livorem
2592 4749 2645 4793 et
2667 4740 3102 4794 inhumanitatem
3126 4741 3360 4800 illorum.
3379 4745 3468 4812 qui

1901 4831 1969 4886 ita
1996 4832 2306 4895 decernunt,
2330 4829 2849 4884 commonstrandam
2871 4830 3075 4898 signum
3103 4832 3242 4885 aliud
3274 4834 3471 4888 clarius

1901 4924 2281 4993 proferremus.
2301 4923 2490 4976 Verum
2512 4923 2637 4992 quid
2661 4924 2840 4976 dicunt
2867 4934 3044 4993 patres
3070 4925 3140 4980 illi
3171 4926 3260 4995 qui
3291 4927 3472 4982 mode.

1902 5013 2098 5067 ratiore
2126 5013 2304 5066 animo
2329 5014 2486 5067 sunt?
2517 5013 2760 5078 Discant,
2791 5015 2968 5077 aiunt,
3001 5016 3228 5084 pritumn
3261 5018 3468 5082 literas,

1900 5113 2058 5173 atque
2098 5119 2218 5159 cum
2257 5104 2361 5158 illis
2398 5105 2562 5172 probe
2598 5106 2780 5158 imbuti
2825 5105 3051 5174 fuerint,
3087 5119 3209 5160 tunc
3240 5108 3470 5176 philoso-

1903 5195 2078 5265 phiam
2123 5194 2257 5249 hauc
2296 5206 2576 5249 exerceant
2620 5213 2633 5250 :
2673 5208 2796 5250 tunc
2835 5214 2991 5251 nemo
3044 5199 3358 5268 prohibebit.
3407 5198 3471 5252 Et

1903 5285 2040 5340 unde
2065 5295 2270 5340 certum
2301 5289 2401 5339 erit
2425 5288 2541 5340 illos
2565 5288 2630 5341 ad
2655 5291 2858 5344 virilem
2888 5299 3097 5344 aetatem
3125 5297 3470 5359 perventurus

1901 5382 2058 5435 esse?
2089 5381 2236 5434 multi
2256 5383 2398 5435 enim
2431 5395 2743 5452 praematura
2776 5397 2946 5440 morte
2973 5384 3162 5437 sublati
3193 5393 3333 5437 sunt.
3365 5383 3466 5437 Sed

1900 5474 2222 5527 eomtedatur
2251 5473 2300 5526 id
2329 5485 2702 5542 certumesse,
2737 5491 3093 5544 ponamusque
3125 5475 3238 5529 illos
3266 5473 3470 5528 Futurus

1900 5580 2018 5617 esse
2053 5566 2231 5629 virus;
2271 5567 2390 5634 quis
2425 5583 2650 5634 sponsor
2683 5569 2781 5619 erit
2817 5581 2912 5636 pro
2951 5567 3032 5620 illa
3074 5568 3232 5635 priori
3268 5567 3470 5622 aetate!

1900 5656 2166 5710 Nihildum
2188 5660 2518 5712 contentiose
2542 5658 2682 5720 dico,
2702 5673 2820 5711 nam
2849 5659 2892 5712 si
2914 5659 3031 5728 quis
3052 5658 3188 5713 hanc
3213 5657 3472 5729 pra-heret

1907 5748 2168 5814 ﬁduciam,
2187 5765 2252 5804 ne
2273 5758 2384 5805 tum
2409 5749 2616 5822 quidem
2648 5751 2930 5806 educerem
2950 5765 3069 5807 cum
3095 5751 3258 5810 literis
3287 5754 3469 5810 imbuti
