2734 4342
407 295 477 334 567

408 375 546 410 essent,
567 364 630 402 sed
652 372 738 400 tunc
758 358 940 408 prrcipue
961 355 1034 392 illic
1053 360 1203 398 manere
1217 348 1408 396 juberem;
1429 354 1498 381 nec

414 432 600 472 laudarem
621 436 684 464 eos
701 453 712 470 ,
740 423 800 472 qui
826 421 871 459 ad
901 420 1019 466 fugam
1049 415 1350 453 cohortarentur,
1373 407 1437 445 sed
1460 411 1500 442 ut

411 500 624 535 communes
651 471 862 536 reipublicae
888 483 1012 521 hostes
1031 486 1251 516 aversarer:
1274 473 1356 522 quia
1378 471 1498 507 lucer-

411 568 478 596 ttas
493 554 732 594 occultantes,
750 556 786 586 et
805 545 997 584 luminaria
1011 553 1057 580 ex
1073 541 1164 578 urbe
1177 538 1214 574 in
1232 536 1416 572 desertum
1433 531 1502 568 dn-

413 626 554 662 centcs,
566 615 751 653 civitatem
769 608 938 648 maximis
953 606 1137 654 privarent
1151 597 1422 639 emolumentis.
1437 595 1501 632 Sin

415 690 537 720 autem
555 689 663 716 nemo
683 675 806 719 fuerit,
827 673 886 721 qui
906 672 984 708 lucc
998 665 1160 716 polliceri
1179 663 1308 712 possit,
1327 670 1410 708 qua:
1430 658 1503 695 nti-

418 746 500 783 lilas
519 744 549 780 si
567 741 613 778 ad
635 740 827 786 magistros
845 735 1048 774 mittantur,
1067 729 1127 768 ubi
1150 728 1248 776 prius
1272 725 1377 768 vilia,
1395 731 1504 771 quam

418 810 542 846 literas
563 785 727 843 ediscent
743 831 752 842 .
773 801 934 846 dumque
955 796 990 832 id
1009 793 1106 842 quod
1135 791 1252 828 minus
1277 794 1335 826 est
1361 785 1506 834 assequi

419 869 619 907 studcbunt
633 895 647 914 ι
665 862 761 912 quod
786 861 902 908 majus
919 864 974 896 est
997 855 1172 904 perdent,
1190 853 1286 889 vires
1303 849 1414 888 animi
1435 847 1508 884 sci-

421 934 520 975 licet,
543 937 764 974 omnemque
786 921 976 972 probitatis
1001 916 1189 956 indolem?
1209 913 1301 961 Quid
1319 911 1435 960 ergo?
1455 910 1510 947 lu-

421 997 538 1033 dosue
557 1003 685 1030 omnes
706 989 888 1027 literarios
907 986 1108 1027 diruemus,
1130 980 1258 1018 aiunt?
1279 977 1426 1016 Minime
1441 974 1512 1012 hoc

424 1059 508 1095 dico
529 1069 538 1093 :
562 1055 626 1093 sed
648 1060 684 1091 ut
706 1063 754 1090 ne
775 1050 918 1088 virtutis
946 1048 1178 1084 destruatnus
1205 1041 1420 1080 mdiﬁciutn,
1442 1047 1512 1074 neu

426 1121 544 1157 vivam
561 1119 758 1155 obruamus
779 1114 953 1150 animam.
973 1109 1061 1156 Quae
1088 1109 1117 1144 si
1137 1112 1346 1153 temperans
1367 1101 1513 1149 quidem

428 1182 552 1224 fuerit,
573 1179 710 1217 nullum
733 1187 776 1214 ex
798 1176 984 1212 literarum
1004 1169 1184 1217 imperitia
1206 1172 1381 1213 sequetur
1399 1161 1514 1200 detri-

429 1252 614 1287 mentum;
631 1244 685 1278 siu
701 1247 871 1286 corrupta
889 1236 1010 1277 fuerit,
1027 1233 1225 1270 niaximum
1241 1229 1413 1267 damnant
1431 1224 1514 1269 erit,

429 1308 573 1346 etiamsi
604 1307 725 1352 lingua
747 1303 984 1340 vehementer
1008 1303 1112 1334 acuta
1144 1294 1252 1332 fuerit
1271 1299 1306 1328 et
1333 1289 1515 1337 expolita,

431 1378 608 1416 tantoque
635 1351 750 1415 majus
767 1365 965 1405 damnum,
985 1365 1122 1408 quanto
1155 1356 1271 1403 major
1301 1352 1445 1392 dicendi
1465 1351 1519 1388 vis

431 1432 641 1470 accesserit.

484 1494 648 1541 Nequitia
677 1503 754 1528 cum
783 1487 977 1536 eloquentia
996 1485 1182 1532 conjuncta
1202 1468 1294 1530 quod
1314 1479 1522 1516 malmn.—
1551 1491 1558 1497 -

434 1558 600 1606 Nequitia
619 1555 715 1593 enim
733 1564 816 1591 eum
835 1550 978 1590 dicendi
998 1548 1168 1585 facultate
1190 1544 1383 1591 conjuncta
1407 1541 1522 1578 multo

435 1620 630 1662 deteriora,
649 1628 757 1665 quam
784 1614 980 1661 imperitia,
997 1611 1090 1648 mala
1111 1619 1237 1656 parcre
1253 1606 1360 1642 solet.
1379 1604 1472 1649 Quid
1493 1602 1522 1638 si

438 1686 522 1721 illuc
546 1684 736 1722 abeuntes,
765 1678 926 1726 inquiet,
953 1682 1192 1723 praeterquam
1213 1670 1310 1720 quod
1329 1669 1523 1706 tardiorem

439 1746 595 1792 linguam
613 1728 784 1783 habeant,
799 1740 844 1776 ab
863 1739 921 1775 illa
937 1737 1046 1774 etiam
1067 1736 1200 1772 virtute
1217 1732 1411 1770 excidant?
1431 1728 1524 1776 Quid

441 1817 530 1844 vero
549 1806 579 1842 si
605 1811 817 1847 manentes,
842 1801 903 1839 dic
923 1800 1026 1843 tnihi,
1055 1804 1294 1845 praeterquam
1324 1793 1420 1840 quod
1449 1792 1522 1828 ani-

440 1882 535 1908 mam
561 1869 736 1916 perdant,
763 1866 851 1904 nihil
871 1864 918 1902 ad
943 1861 1186 1909 eloquentiam
1209 1861 1244 1896 in
1264 1859 1389 1896 schola
1413 1857 1526 1904 proli-

439 1932 558 1970 ciant‘l
588 1931 673 1967 Mihi
690 1930 822 1976 quippe
839 1925 954 1972 magis
972 1923 1052 1960 hrec
1073 1922 1198 1959 dicere
1215 1920 1399 1964 convenit,
1417 1929 1525 1965 quam

441 1995 499 2032 illa
517 1993 594 2030 tibi.
614 1992 756 2038 Quare?
776 1989 866 2036 Quia
887 1987 955 2024 etsi
975 1986 1157 2032 utrimque
1171 1983 1332 2020 futurum
1348 1982 1526 2019 incertum

442 2065 572 2101 cst,ex
591 2063 648 2092 ltta
678 2060 778 2101 parte
799 2050 974 2088 incertius
999 2054 1068 2086 est.
1100 2045 1290 2090 Quomodo
1319 2052 1355 2081 et
1383 2054 1453 2092 qua
1481 2043 1528 2080 de

441 2117 576 2154 causa?
611 2117 702 2161 Quia
743 2115 946 2150 litterarum
980 2109 1138 2146 studium
1174 2117 1316 2144 morum
1349 2107 1528 2152 probitate

443 2188 534 2224 opus
556 2177 688 2220 habet,
713 2184 853 2211 mortnn
875 2179 994 2209 autem
1021 2171 1180 2218 probitas
1200 2179 1270 2205 non
1292 2170 1377 2205 item
1399 2168 1526 2204 literis.

444 2238 736 2284 Temperantiatn
768 2245 900 2282 nempe
923 2234 1003 2270 sine
1029 2232 1098 2269 hac
1126 2231 1334 2268 eruditione
1355 2241 1528 2268 enercere

448 2309 650 2348 possumus.
671 2297 912 2334 eruditiouem
933 2305 1020 2332 vero
1037 2295 1175 2342 absque
1190 2304 1330 2330 morum
1349 2293 1530 2340 probitate

446 2373 554 2400 IICIIIO
574 2367 788 2408 assequatur
808 2370 993 2406 umquam.
1013 2369 1096 2395 cum
1117 2367 1225 2394 omne
1247 2364 1390 2402 tempus
1409 2356 1444 2392 in
1463 2365 1529 2392 “0‘

448 2425 559 2472 quitia
587 2431 622 2460 et
653 2421 796 2460 lascivia
829 2421 1054 2458 absumatur.
1085 2419 1208 2466 Itaque
1234 2418 1330 2466 quod
1358 2418 1431 2455 illic
1455 2428 1532 2454 meo

449 2488 588 2532 tnebas,
609 2485 668 2522 hic
690 2495 834 2533 quoque
861 2483 1156 2526 timendumest;
1192 2482 1264 2518 imo
1290 2487 1390 2518 tanto
1417 2480 1532 2527 magis

447 2551 520 2596 hie,
536 2555 670 2596 quanto
689 2547 912 2595 frequentius
936 2557 955 2581 a
981 2555 1094 2592 scopo
1119 2544 1323 2584 aberratur.
1340 2549 1376 2580 et
1395 2548 1532 2590 quanto

449 2613 644 2662 majoribus
661 2612 706 2649 de
725 2611 834 2649 rebus
853 2609 1051 2658 periculum
1069 2615 1138 2646 est.
1159 2609 1276 2655 Atque
1298 2607 1369 2643 illic
1383 2605 1531 2652 quidem

449 2677 554 2714 unius
582 2682 721 2712 tantum
751 2674 802 2710 rei
830 2672 1041 2710 exercitatio
1063 2670 1266 2707 necessaria
1289 2676 1342 2706 est
1358 2697 1368 2712 ,
1391 2668 1448 2704 hic
1465 2679 1534 2703 an-

449 2747 520 2777 tem
544 2749 603 2776 res
618 2739 699 2774 dum
719 2735 949 2784 acquirendze
969 2738 1236 2782 proponuntur,
1255 2733 1304 2768 ita
1325 2738 1362 2768 ut
1379 2731 1532 2767 alteram

447 2803 527 2840 sine
539 2803 654 2839 altera
669 2800 828 2838 nancisci
847 2807 1023 2846 nequeas,
1044 2797 1166 2834 literas
1192 2805 1324 2842 nempe
1343 2795 1423 2831 sine
1443 2800 1535 2830 tem-

451 2864 626 2911 perantia.
656 2863 719 2900 Sitt
741 2868 861 2899 autem
878 2863 945 2904 vis,
967 2860 1062 2908 quod
1083 2869 1168 2896 vere
1197 2869 1270 2894 non
1300 2861 1418 2904 potest
1437 2866 1531 2898 esse,

449 2926 692 2963 concedamus
713 2935 795 2962 esse
815 2933 944 2972 posse;
973 2923 1060 2970 quid
1085 2921 1229 2958 tandem
1254 2921 1338 2956 boni
1364 2918 1469 2956 nobis
1489 2918 1536 2954 ab

451 2988 517 3025 hac
545 2989 669 3036 peritia
685 2988 881 3033 contingat,
904 2986 934 3023 si
961 2986 1056 3022 letali
1084 2985 1236 3021 vulnere
1258 2982 1535 3020 confodiatnur?

449 3050 533 3097 quid
554 3061 640 3086 vero
655 3049 739 3086 tnali
761 3049 806 3085 ah
821 3048 1016 3096 imperitia,
1033 3047 1064 3084 si
1085 3058 1164 3094 qua:
1186 3045 1341 3082 maxima
1364 3050 1449 3094 sunt
1473 3055 1534 3080 as-

395 3167 401 3172 .
450 3114 666 3164 sequamur?
689 3113 773 3150 lla-c
792 3123 879 3148 vero
899 3123 968 3148 non
985 3111 1101 3148 solum
1119 3109 1214 3157 apud
1233 3119 1314 3151 nos,
1335 3108 1396 3156 qui
1412 3114 1536 3144 exter-

452 3187 532 3212 nam
550 3177 646 3212 illam
667 3175 880 3224 sapientiam
897 3175 1072 3216 ridemus,
1086 3183 1241 3220 eamque
1255 3171 1443 3208 stultitiam
1455 3179 1538 3206 esse

451 3239 684 3282 arbitramur,
701 3237 763 3274 sed
782 3239 890 3274 etiam
905 3237 999 3284 apud
1020 3238 1118 3284 ipsos
1134 3243 1282 3272 exteros
1301 3231 1537 3280 philosophos

454 3298 488 3332 in
514 3299 680 3334 eonfeSso
700 3299 891 3334 habentur.
923 3298 1007 3334 Ideo
1027 3309 1071 3334 ex
1093 3297 1162 3334 illis
1183 3295 1326 3344 plurimi
1349 3305 1421 3331 non
1447 3293 1538 3329 ntul-

455 3366 528 3394 tum
541 3359 664 3395 literas
673 3365 868 3404 curarunt;
886 3360 946 3396 alii
963 3371 1050 3396 vero
1064 3360 1208 3406 penitus
1223 3361 1536 3403 contempserunt,

454 3427 490 3458 et
515 3421 670 3467 imperiti
693 3431 985 3468 permanserunt,
1003 3429 1189 3470 totamque
1205 3423 1315 3458 vitam
1335 3419 1370 3456 in
1390 3430 1433 3456 ea
1455 3419 1537 3464 phi-

455 3482 629 3528 ιοεθβίλίω
657 3490 772 3528 Par”.
793 3495 873 3530 (pta:
895 3495 1014 3522 inores
1035 3483 1196 3530 reSpicit,
1221 3489 1384 3529 agentes,
1408 3481 1537 3516 claris-

454 3544 537 3580 simi
567 3551 678 3592 atque
699 3544 925 3582 celeberrimi
944 3552 1152 3582 evaserunt.
1183 3545 1323 3582 Etenim
1345 3543 1536 3580 Anachar-

454 3608 505 3644 sis
518 3636 528 3652 ,
548 3606 675 3644 Crates
693 3614 729 3644 et
747 3607 922 3655 Diogenes
939 3609 1018 3656 ejus
1039 3610 1174 3645 nullam
1201 3607 1360 3643 habuere
1387 3615 1536 3648 curam;

456 3671 528 3705 imo
549 3681 594 3706 ne
613 3669 784 3707 Socrates
803 3669 946 3717 quidem
965 3697 974 3714 ,
1001 3677 1040 3707 ut
1059 3669 1220 3706 nonnttlli
1239 3668 1363 3704 dicunt
1381 3694 1390 3709 ,
1415 3665 1539 3713 hujus-

455 3743 526 3777 qne
557 3733 609 3769 rei
639 3733 740 3769 testis
769 3733 874 3770 nobis
896 3744 978 3771 esse
1003 3733 1117 3779 possit
1144 3734 1186 3775 is,
1212 3732 1273 3777 qui
1300 3731 1367 3767 hac
1395 3730 1430 3766 in
1460 3735 1539 3766 arte

458 3791 562 3839 longe
579 3799 731 3831 caeteros
751 3795 958 3838 antevertit,
983 3800 1021 3830 et
1046 3792 1106 3838 qui
1135 3802 1192 3834 ea,
1216 3802 1298 3838 quae
1328 3791 1429 3826 illum
1457 3799 1540 3836 spe-

459 3861 493 3889 ct
506 3855 615 3898 .bant,
631 3857 736 3904 longe
753 3857 958 3894 accuratius
972 3866 1078 3900 quam
1093 3854 1231 3897 caueri,
1253 3859 1414 3890 noverat.

498 3913 622 3953 Verba
649 3917 804 3954 Socratis
837 3916 933 3964 apud
963 3915 1144 3952 Platonem
1161 3915 1260 3951 initio
1279 3914 1472 3962 Apologia.
1490 3936 1540 3942 —

463 3973 550 4010 Cum
563 3977 656 4012 enim
676 3977 775 4016 illum
794 3977 988 4026 aliquando
1004 3976 1052 4015 ad
1070 3977 1226 4015 tribunal
1251 3977 1536 4026 introduxisset,

895 281 934 318 S.
959 274 1151 316 JOANNIS
1175 266 1499 312 CllitYSOSTUMI
1528 263 1748 302 AltClllEP.
1775 257 2134 298 CONSTAN'I‘INOP.
2524 266 2580 303 ωδ

1574 353 1608 378 ιιι
1631 351 1777 378 causam
1802 350 1904 376 Suam
1925 337 2154 381 ’dcl’enderet,
2175 338 2207 374 in
2233 337 2383 386 apologia
2409 340 2447 377 ad
2471 341 2582 387 judices

1573 408 1619 443 ita
1642 407 1850 453 loquentem
1870 403 2007 440 inducit
2023 414 2031 438 :
2059 401 2125 439 Vos
2141 409 2249 438 autem
2268 414 2308 439 ca:
2323 415 2370 440 me
2385 405 2584 459 nuditurjeatis

1573 479 1706 504 onmem
1723 467 1922 511 raritatem;
1941 471 2147 509 nontamen,
2163 476 2212 501 tne
2231 464 2357 507 Hercle,
2372 467 2426 502 viri
2439 468 2585 504 Atheuien-

1573 544 1641 575 ses,
1663 532 1817 567 oratione
1835 529 1995 577 eleganti,
2017 535 2052 564 ut
2070 528 2124 564 isti
2139 555 2148 571 ,
2165 528 2266 564 verbis
2282 540 2320 564 ac
2334 529 2585 568 noniiniltusexor-

1575 601 1659 630 nata
1675 603 1688 629 :
1705 591 1766 628 sed
1790 590 1944 627 audituri
1961 590 2038 626 estis
2057 590 2245 636 vulgaribus
2262 589 2417 636 obitusque
2435 593 2586 630 nominibus

1577 658 1784 704 loquentem.
1815 653 1924 691 Credo
1951 653 2040 689 enim
2059 653 2155 700 justo
2171 664 2239 689 esse
2257 663 2328 700 qua:
2341 653 2428 696 dico,
2447 655 2588 704 nullusque

1579 726 1729 756 vestrum
1745 716 1844 754 aliud
1871 721 2051 762 exspectet.
2076 713 2194 761 Neque
2211 716 2294 750 enim
2311 719 2460 763 profecto,
2473 718 2587 765 judicia,

1579 781 1658 817 huic
1669 779 1762 816 (ctuti
1769 779 1936 820 convenit,
1949 777 2298 820 velntadolesrentnlo,
2310 779 2495 814 concinnatis
2505 780 2540 814 ad
2548 791 2589 816 ros

1580 842 1712 890 ingredi
1729 841 1849 880 verbis.
1872 840 1948 878 Hoc
1961 847 2079 876 antctn
2093 850 2171 876 cum
2185 839 2280 883 dicit,
2291 839 2433 876 ostendit
2447 851 2480 876 se
2492 852 2546 876 non
2557 853 2587 878 et

1582 905 1813 954 negligentia,
1827 904 1890 941 sed
1908 903 2002 950 quod
2019 913 2097 940 eam
2117 912 2188 938 rem
2208 912 2276 938 non
2289 901 2396 948 magni
2410 901 2530 946 faceret,
2543 914 2586 940 nec

1583 971 1768 1013 didicisse,
1788 978 1854 1005 nec
1874 967 1935 1004 illa
1951 977 2052 1003 usuin
2069 965 2190 1002 fuisse.
2206 965 2319 1012 Itaque
2333 975 2396 1001 non
2411 965 2588 1012 philosopho-

1585 1045 1664 1071 rutn
1681 1038 1737 1069 est
1757 1030 1977 1078 eloquentia,
1994 1031 2066 1065 itno
2082 1039 2126 1065 ne
2141 1027 2295 1064 virorum
2308 1027 2450 1074 quidem,
2465 1028 2516 1064 sed
2531 1029 2590 1064 ado-

1586 1095 1868 1134 lescentulormn
1885 1099 2022 1130 tantum
2044 1091 2235 1128 ludentium
2251 1091 2428 1134 asmnlalio,
2443 1096 2477 1127 ut
2489 1097 2517 1127 et
2533 1091 2591 1136 ipsis

1587 1167 1732 1205 quoque
1755 1155 1984 1204 philosophis
2001 1153 2160 1195 videtur;
2191 1164 2254 1189 nec
2272 1153 2348 1188 aliis
2364 1152 2458 1188 tundo
2471 1152 2584 1199 pllllftao-

1590 1219 1685 1267 phis,
1711 1218 1775 1255 sed
1801 1218 1910 1254 etiam
1937 1217 1984 1258 ei,
2004 1216 2064 1262 qui
2090 1225 2215 1251 omnes
2246 1214 2343 1250 facile
2371 1214 2586 1259 superavitzct-

1589 1281 1687 1318 enim
1703 1279 1914 1326 magistrum
1933 1290 1974 1314 ea
1995 1289 2033 1314 re
2047 1276 2168 1313 ornari
2189 1287 2256 1313 nou
2279 1275 2446 1323 pertuittit,
2460 1285 2592 1312 cumcum

1590 1350 1759 1381 ornatum
1788 1349 1928 1389 turpem
1955 1340 2236 1388 philosophoque
2262 1337 2428 1385 indignum
2449 1337 2592 1374 existimet.

1593 1407 1728 1445 Verum
1745 1407 1823 1444 hare
1841 1405 1885 1442 ad
1901 1405 2082 1442 infidelem
2100 1402 2298 1451 quempiam
2317 1402 2432 1438 merito
2449 1401 2513 1448 quis
2523 1401 2596 1436 dixe-

1593 1473 1662 1515 rit;
1695 1471 1768 1508 imo
1787 1481 1874 1507 vero
1892 1469 1936 1506 ad
1957 1469 2099 1506 fidelem
2121 1468 2242 1515 magis.
2270 1465 2442 1512 Quomodo
2457 1465 2597 1501 enimnon

1594 1535 1791 1573 absurdum
1810 1534 1942 1579 fuerit,
1969 1543 2053 1570 cum
2075 1532 2098 1568 ii
2117 1531 2221 1568 etiam
2235 1559 2244 1574 ,
2263 1530 2319 1577 qtti
2340 1527 2540 1565 multitudinis
2555 1537 2596 1560 au-

1596 1613 1672 1639 ram
1689 1606 1930 1648 aucupantur,
1946 1609 2014 1636 nec
2031 1598 2102 1635 alio
2120 1597 2223 1634 modo
2242 1606 2342 1644 quam
2359 1601 2484 1631 externa
2498 1592 2599 1638 Sapien-

1599 1665 1645 1702 tia
1669 1664 1757 1701 clari
1777 1673 1859 1700 esse
1880 1667 2054 1709 possunt.
2085 1670 2163 1698 eam
2200 1658 2283 1695 nihil
2316 1667 2390 1695 esse
2421 1656 2600 1697 arbitrentur,

1603 1737 1670 1763 nos
1688 1727 1786 1763 illam
1803 1735 1917 1772 usqtte
1931 1724 2022 1761 adeo
2038 1722 2157 1760 mirari
2173 1721 2323 1768 tantique
2335 1719 2452 1758 facere.
2464 1724 2494 1752 ut
2505 1728 2536 1753 ea
2547 1727 2603 1763 quae

1601 1791 1758 1826 maxime
1773 1787 1978 1826 necessaria
2003 1792 2086 1824 sunt
2101 1792 2244 1833 propter
2257 1784 2348 1820 illam
2369 1778 2604 1818 emitcmnamus?

1650 1852 1707 1888 12.
1725 1850 1845 1888 Sancti
1862 1850 1925 1886 viri
1938 1855 2066 1898 quanta
2082 1849 2154 1885 sine
2171 1846 2352 1894 eloquentia
2369 1841 2560 1891 praestiterint.
2571 1858 2605 1866 --

1600 1914 1654 1951 Ad
1677 1913 1859 1950 infidelem
1881 1912 2027 1960 quidem
2046 1911 2122 1948 lure
2139 1909 2224 1946 satis
2243 1914 2322 1945 sunt
2339 1920 2347 1944 :
2363 1906 2402 1942 ad
2417 1904 2534 1940 ﬁdelem
2545 1911 2606 1937 vero

1600 1983 1636 2013 et
1657 1976 1734 2012 lucc
1761 1983 1797 2012 ct
1814 1975 1884 2011 alia
1906 1986 1950 2012 ex
1971 1973 2104 2010 nostris
2121 1972 2328 2009 docutnenla
2357 1965 2512 2004 afferenda
2535 1969 2604 2000 Sunt.

1599 2038 1774 2084 Quzenam
1796 2037 1881 2072 illa?
1901 2036 2018 2084 Magni
2041 2035 2091 2072 illi
2107 2041 2140 2072 et
2155 2033 2264 2071 sancti
2284 2031 2368 2073 viri,
2389 2029 2440 2075 qui
2457 2025 2538 2072 primi
2553 2025 2605 2060 fue-

1603 2107 1700 2144 runt,
1719 2110 1802 2136 emn
1823 2100 1938 2136 literae
1959 2098 2116 2134 nondum
2137 2101 2275 2136 essent;
2297 2101 2364 2130 tum
2383 2087 2606 2138 iiquipostillos

1601 2162 1761 2206 fuerunt,
1780 2173 1862 2198 cum
1880 2163 1993 2199 literm
2013 2161 2156 2208 quidem
2175 2163 2305 2201 essent,
2321 2154 2530 2192 dicmdivcro
2543 2148 2608 2196 peri~

1602 2227 1650 2264 tia
1670 2226 1853 2269 nomium;
1875 2233 1912 2262 et
1925 2226 1985 2273 qui
2004 2226 2069 2261 hos
2084 2223 2222 2270 sequuti
2240 2227 2330 2262 sunt,
2347 2229 2420 2255 cum
2438 2223 2469 2254 et
2487 2216 2574 2251 liter-se
2586 2217 2609 2246 et

1601 2291 1746 2328 dicendi
1779 2289 1904 2335 peritia
1937 2290 2072 2326 essent.
2108 2287 2159 2323 Illi
2183 2295 2265 2322 vero
2287 2280 2411 2330 (primi)
2431 2282 2610 2320 utrorumque

1602 2359 1772 2400 expertes
1801 2359 1926 2395 erant;
1956 2362 2028 2388 noti
2051 2349 2158 2387 modo
2182 2347 2275 2385 enim
2298 2335 2609 2391 eloquentiatinstitu-

1605 2417 1716 2458 tione,
1735 2415 1808 2463 sed
1840 2415 1949 2451 etiam
1979 2414 2162 2450 literarum
2192 2409 2313 2458 peritia
2335 2405 2427 2442 vacui
2447 2395 2610 2442 erant:un

1605 2487 1726 2516 tatnen
1749 2479 1805 2514 vel
1835 2478 1878 2513 iis
1899 2479 1932 2513 in
1960 2476 2083 2519 rebus,
2104 2475 2139 2511 in
2158 2474 2284 2521 quibus
2300 2465 2494 2516 eloquentia!
2509 2462 2551 2496 ιλίέ
2566 2468 2610 2494 ηε·

1603 2541 1763 2578 cessat-ia
1783 2551 1866 2576 esse
1885 2540 2042 2582 videtur,
2063 2548 2174 2584 usque
2190 2535 2278 2572 adeo
2293 2533 2347 2576 iis,
2361 2529 2416 2578 qui
2431 2528 2479 2564 illa
2492 2519 2610 2561 instructi

1604 2612 1723 2648 erant,
1745 2603 2046 2644 antecelluerunt,
2069 2607 2106 2637 ιιι
2126 2601 2160 2636 hi
2179 2595 2416 2644 insipientibus
2431 2585 2612 2638 pllerist't'lc'

1606 2668 1722 2704 riores
1743 2676 1826 2703 esse
1846 2665 2069 2701 viderentur.
2103 2661 2191 2700 Cltlll
2209 2660 2302 2697 enim
2319 2650 2526 2704 persuadendi
2539 2645 2609 2681 νίςίιι

1605 2729 1808 2776 eloquentia
1829 2712 1986 2764 maxime
2014 2727 2083 2764 sita
2109 2726 2155 2762 sit
2172 2753 2181 2766 ,
2205 2729 2240 2760 et
2266 2728 2378 2758 tamen
2404 2709 2610 2763 philosophiae

1606 2803 1716 2829 nomn
1737 2789 2124 2839 tunquatn’tyrannum
2149 2781 2406 2834 superaverint;
2427 2777 2470 2813 illi
2486 2782 2552 2809 vero
2566 2769 2612 2803 im-

1608 2856 1710 2903 periti
1741 2862 1776 2891 et
1803 2854 1925 2891 idiota:
1957 2859 2072 2889 totum
2103 2851 2226 2887 orbein
2255 2840 2492 2882 converterint.
2512 2833 2613 2881 ιιῐτιιιιιιη

1606 2925 1662 2955 e~t
1680 2917 1774 2962 apud
1793 2926 1872 2960 eos,
1889 2915 2029 2952 scilicet
2057 2915 2236 2949 literarum
2267 2904 2438 2954 imperitos
2454 2905 2486 2936 et
2501 2895 2614 2956 idiotas,

1607 2980 1794 3026 sapientia:
1817 2979 1973 3026 palmam
1999 2987 2092 3018 esse,
2122 2985 2192 3010 non
2223 2977 2338 3008 autem
2369 2963 2452 3012 apud
2480 2959 2553 2998 ill«iS.
2575 2961 2614 3020 tl'"

1609 3051 1761 3090 utraque
1785 3042 1954 3078 facultate
1980 3038 2176 3087 pollebant.
2207 3034 2304 3072 Adeo
2329 3036 2364 3066 ιιι
2383 3036 2457 3064 Vt‘rtl
2475 3020 2614 3090 szil‘i“"“:"

1609 3117 1766 3153 w-raqne
1797 3105 1950 3141 eruditio
1977 3103 2066 3140 nihil
2085 3099 2179 3138 aliud
2198 3098 2243 3134 sit
2257 3126 2265 3138 ,
2287 3102 2386 3143 quam
2409 3088 2460 3126 Dci
2479 3086 2572 3150 timor.
2587 3079 2617 3112 Ᾱι

1610 3179 1717 3206 nemo
1739 3174 1838 3216 putet
1858 3178 1916 3204 me
1935 3167 2028 3204 hanc
2047 3167 2160 3211 legem
2180 3167 2344 3201 statuere,
2364 3151 2449 3202 quod
2467 3145 2548 3197 pueri
2563 3148 2618 3176 casti

1609 3233 1767 3269 debeant
1787 3229 1958 3277 imperiti.
1978 3229 2048 3266 Sed
2069 3227 2100 3264 si
2115 3227 2194 3274 quis
2209 3234 2264 3260 me
2282 3221 2325 3258 de
2343 3210 2530 3254 necessariis
2543 3211 2616 3277 εξεσκ-

1610 3305 1688 3331 rutn
1709 3299 1912 3340 pra-staret,
1937 3291 2070 3328 nollem
2092 3287 2263 3336 impedire
2287 3282 2368 3330 quin
2395 3278 2454 3314 hoc
2477 3283 2514 3308 ex
2537 3267 2619 3340 aliqu-

1609 3356 1743 3392 dantia-
1753 3355 1868 3390 fieret.
1893 3350 2202 3398 Quemadmodum
2215 3347 2307 3384 enitn
2319 3336 2486 3379 Concussis
2497 3339 2562 3368 cum

1611 3429 1670 3454 mn
1692 3423 1764 3454 tota
1786 3415 2055 3458 fundamentis,
2087 3420 2229 3459 totaque
2255 3406 2382 3444 fabrica
2408 3397 2495 3436 τιιὶίιπ

1611 3488 1724 3525 tante,
1749 3487 1922 3518 extrema:
1957 3479 2149 3517 dementia:
2183 3485 2226 3512 ac
2260 3466 2458 3516 insipientia:
2489 3467 2538 3525 ess

1611 3543 1778 3585 illitores,
1803 3553 1874 3579 non
1894 3541 1938 3578 ad
1960 3546 2160 3577 structores
2176 3543 2318 3572 currere
2337 3543 2343 3566 :
2359 3529 2407 3564 sic
2425 3525 2500 3561 item
2522 3517 2540 3552 il

1613 3613 1708 3642 tuna:
1729 3604 1972 3641 contentionis
1989 3608 2100 3643 esset,
2115 3595 2307 3646 parietibus
2324 3589 2462 3628 firmiter
2474 3589 2540 3618 sla"

1610 3679 1688 3711 eos,
1711 3668 1770 3714 qui
1787 3668 1900 3714 ipsam
1917 3667 2055 3702 illinere
2070 3663 2213 3704 vellent,
2238 3655 2429 3704 prohibere.

1665 3689 1688 3711 ἰ
1711 3689 1770 3714 qui
1789 3689 1900 3714 Ira-tiu
1918 3689 2054 3702 ιιιιιιιιυ
2075 3689 2213 3704 "mw",
2239 3689 2284 3704 ,ην
2301 3689 2332 3692 --ν

1665 3729 1818 3765 Historia
1847 3725 2072 3764 adolescentis
2101 3736 2121 3760 α
2149 3719 2310 3758 monacho
2338 3689 2622 3765 instituti—«Qm‘ld

1612 3799 1734 3829 autem
1751 3792 1784 3828 id
1797 3802 1841 3829 ex
1857 3791 1978 3827 animo
1989 3791 2128 3836 loquar,
2141 3795 2218 3834 qua:
2235 3780 2319 3828 ipsis
2335 3771 2490 3822 operibus
2503 3755 2622 3836 tiSlt'll'“:

1613 3821 1734 3829 νην...
1752 3821 1784 3828 η.
1799 3821 1841 3829 ν..
1990 3821 2105 3836 ,ωιτη
2119 3821 2128 3831 ,
2153 3821 2160 3834 ,
2251 3821 2258 3828 ,
2359 3821 2366 3822 ,

1613 3853 1693 3892 inec
1709 3855 1781 3902 jam
1797 3855 1900 3891 vobis
1915 3852 2082 3890 narrabo.
2101 3821 2624 3902 Adolescensquidamadtnpdfj1

1615 3889 1720 3902 ηπ,
1749 3889 1811 3891 ,
1847 3889 1920 3891 Ἢν

1614 3916 1776 3963 locuples
1793 3913 1987 3962 aliquando
2007 3923 2041 3948 tn
2061 3910 2148 3947 urbe
2169 3911 2284 3944 nostra
2301 3900 2492 3937 demoratus

1619 3947 1775 3963 ...ν-γ.--
1871 3947 1983 3952 .--πμ

1619 3978 1768 4016 ditionis
1787 3947 2159 4024 aeqitirendmgt‘atia,
2181 3967 2310 4007 Latina:
2327 3958 2454 3998 scilicet
2467 3957 2499 3988 et
2511 3947 2626 3985 Gr.wa-

2499 3403 2526 3428 ιιι
2543 3384 2620 3425 tuini-

2540 3460 2568 3489 (τι
2591 3447 2620 3482 ἷίιί

2542 3525 2558 3550 ιι
2563 3520 2622 3558 por-

2544 3575 2621 3611 tibus.
