2734 4342
202 199 272 236 369

202 277 302 314 Hunc
327 275 539 324 ptrdagogus
565 273 780 320 sequebatur
805 281 970 317 semper.
1000 267 1057 306 cui
1083 272 1150 304 ima
1183 276 1265 299 cura

200 343 289 379 erat,
313 343 350 374 ut
367 338 446 384 ejus
465 337 618 373 animam
640 335 864 371 infortnaret.
886 331 988 368 lluuc
1014 340 1081 376 ego
1099 328 1268 376 pzwlago-

199 411 280 446 gum
302 399 427 436 adiens
447 398 538 446 (erat
557 398 651 434 enim
665 408 710 434 ex
729 396 772 432 iis
789 395 849 443 qui
870 395 904 431 in
927 392 1108 430 montibus
1128 389 1267 426 reside--

200 468 285 498 ιιςιιιι
298 463 310 511 )
324 490 335 507 ,
355 473 500 500 causam
521 461 684 498 ediscere
702 459 860 496 conabar
877 468 942 495 cur
959 466 1040 494 cum
1062 453 1266 500 hiljlh'tlltitli

198 525 408 572 sapientiam
443 524 626 571 professus
655 528 770 565 esset,
798 521 832 558 in
862 519 1137 568 paedagogorum
1159 515 1266 552 vitam

199 587 354 632 seipsnm
385 586 603 623 demisisset.
633 585 696 622 llle
717 595 802 620 vero
831 582 1016 629 respondit
1041 579 1109 616 sibi
1141 589 1266 625 parum

198 648 369 694 temporis
389 659 578 694 superesse
605 647 640 683 in
669 644 871 692 hnjnsmodi
897 643 1016 681 officio
1036 641 1240 690 przesmndo
1255 666 1268 687 ,

197 717 232 746 et
247 721 322 748 rem
335 711 442 748 altius
456 712 646 757 repetitam
659 710 839 747 enarravit
856 708 971 746 nobis.
987 707 1116 748 Puero,
1137 705 1267 753 inquit,

198 771 280 809 huic
303 779 402 818 pater
421 779 475 810 est
492 773 616 818 durus,
637 773 752 816 ferox,
775 778 810 809 et
831 770 952 808 mundi
974 769 1080 806 rebus
1099 767 1264 812 inhians;

197 839 313 871 mater
327 841 444 870 autem
463 835 639 879 modesta,
653 841 873 880 temperans,
893 831 1002 878 proba
1018 838 1054 868 et
1069 831 1114 867 ad
1135 831 1264 867 Ctl'lllm

197 901 332 932 tantum
354 897 567 942 respiciens.
588 897 696 934 Pater
719 897 839 943 itaque
853 923 862 939 ,
885 900 1008 940 utpote
1025 893 1086 942 qui
1107 895 1142 930 in
1161 893 1267 930 bellis

195 957 305 994 tnulta
326 957 466 994 fortiter
483 959 648 1005 gesserit,
670 957 782 993 lilium
805 957 878 992 vult
897 957 939 992 ad
963 961 1150 1002 paternum
1169 955 1267 991 ordi-

195 1031 275 1056 nem
300 1019 499 1065 deducere;
521 1027 636 1056 mater
657 1030 742 1056 vero
761 1018 794 1054 id
815 1019 962 1054 minime
981 1023 1079 1064 optat
1092 1043 1102 1060 ,
1122 1016 1184 1053 sed
1202 1015 1267 1052 ad-

194 1083 340 1120 modum
361 1083 576 1130 deprecatur
595 1095 603 1118 :
625 1093 667 1119 ac
681 1083 716 1118 in
732 1082 822 1118 votis
839 1081 944 1117 habet
960 1086 996 1116 et
1015 1080 1150 1125 expetit
1167 1079 1264 1115 illum

193 1146 228 1181 in
250 1145 507 1182 munachorutn
527 1151 622 1182 statu
638 1143 824 1187 florentem
844 1142 978 1178 videre.
995 1141 1127 1177 Verum
1149 1141 1182 1176 id
1204 1151 1267 1186 pa-

194 1209 237 1245 tri
257 1209 378 1244 dicere
402 1219 472 1244 non
493 1218 578 1244 ausa
607 1213 661 1244 est
675 1234 686 1252 ,
707 1207 817 1243 verita
839 1216 906 1248 ne,
925 1205 955 1242 si
977 1205 1010 1241 id
1030 1205 1088 1240 ille
1106 1203 1265 1240 subede-

192 1279 346 1316 raretnr,
367 1277 579 1320 praemature
609 1271 708 1320 illum
737 1269 860 1306 smculi
883 1268 1036 1305 vinculis
1063 1267 1262 1314 obligaret,

191 1343 299 1383 atque
325 1317 375 1373 ab.
400 1335 468 1372 hoc
487 1334 606 1372 studio
620 1317 817 1371 abductum
837 1331 881 1368 ad
909 1331 1065 1368 baltettm
1093 1329 1265 1366 ttansfer-

190 1405 258 1440 ret,
277 1404 314 1435 et
330 1397 374 1434 ad
395 1407 538 1434 otnnem
553 1407 634 1444 qua:
652 1395 734 1432 inde
753 1394 854 1441 sequi
871 1393 965 1430 solet
981 1393 1063 1428 vitze
1078 1391 1264 1438 negligen-

191 1461 293 1504 tiam,
311 1460 358 1496 ita
369 1466 406 1496 ut
419 1465 542 1506 pustea
555 1457 740 1494 emendari
755 1463 790 1493 et
804 1455 849 1493 ad
863 1455 1048 1492 meliorem
1066 1464 1105 1490 se
1123 1453 1261 1500 frugem

191 1524 352 1568 recipere
385 1533 454 1558 non
482 1521 610 1568 possit.
638 1518 852 1567 l-lujusmodi
880 1519 986 1566 igitur
1015 1523 1092 1553 arte
1125 1517 1261 1552 utitur:

191 1590 317 1620 evocat
337 1594 394 1621 me
411 1583 572 1625 domum,
597 1583 737 1629 hocque
752 1580 930 1628 patefacto
949 1579 1113 1620 consilio,
1131 1588 1263 1625 appre-

191 1645 339 1682 hensam
361 1647 460 1693 pueri
479 1645 664 1682 dexteram
685 1644 850 1682 manibus
871 1642 978 1680 tradit
998 1642 1100 1678 meis.
1121 1641 1176 1678 Me
1190 1641 1262 1678 sci-

188 1708 342 1744 scitante
357 1717 421 1745 cur
433 1707 500 1744 hoc
515 1707 662 1751 faceret,
680 1716 802 1748 uuam,
818 1705 946 1753 inquit,
961 1703 1054 1741 hanc
1071 1713 1262 1751 superesse

188 1771 364 1807 rationem
382 1769 616 1817 procuranda:
637 1769 710 1806 lilio
726 1767 866 1810 salutis,
883 1767 912 1802 si
928 1767 1056 1803 vellem
1077 1765 1260 1813 paedagogi

186 1840 318 1871 statum
333 1843 522 1869 assumens
537 1832 598 1868 lilii
616 1843 740 1868 curam
754 1841 916 1874 sumere,
929 1837 966 1867 et
981 1831 1048 1867 huc
1062 1829 1258 1867 accedere:

186 1906 225 1933 se
239 1896 333 1942 patri
355 1905 543 1932 suasuram
564 1904 658 1936 esse.
681 1894 792 1931 etiam
815 1893 846 1930 ei
865 1921 874 1938 ,
894 1893 955 1940 qui
975 1893 1138 1930 militiam
1159 1893 1260 1930 adire

188 1959 288 2000 velit.
313 1960 436 1996 utilem
456 1969 538 1996 esse
565 1959 750 1996 literarum
770 1957 1046 1994 institutionem.
1064 1955 1150 1993 lltec
1167 1966 1234 2003 ego
1247 1983 1258 2000 ,

187 2022 323 2068 inquit,
352 2023 382 2058 si
414 2021 557 2058 efficere
589 2026 765 2068 potuero,
785 2025 822 2056 tu
842 2029 1010 2056 seorsum
1025 2024 1062 2055 et
1085 2018 1120 2054 in
1141 2017 1258 2054 aliena

186 2085 306 2130 domo,
327 2085 384 2121 ubi
405 2094 471 2121 nec
492 2089 593 2130 pater
610 2092 676 2119 nec
697 2081 925 2118 familiarium
943 2079 1118 2128 quispiam
1135 2079 1260 2116 turbas

187 2157 332 2183 movere
350 2149 480 2193 possit,
501 2154 641 2181 summa
662 2144 761 2180 illum
783 2142 954 2179 facultate
980 2141 1136 2177 formare
1153 2149 1259 2188 pote—

187 2211 248 2252 ris,
266 2209 446 2254 vitamque
461 2207 540 2254 ejus
558 2208 604 2242 ita
624 2205 808 2247 ordinare,
819 2214 861 2241 ac
869 2204 898 2240 si
915 2203 949 2240 in
966 2202 1186 2240 monasterio
1196 2203 1258 2240 de-

187 2277 298 2318 geret.
317 2270 497 2306 C:elerum
511 2277 629 2305 annue
643 2266 746 2310 mihi,
759 2276 802 2303 ac
815 2266 852 2302 in
868 2271 1006 2311 mrtem
1019 2263 1263 2302 simulationis

187 2343 326 2370 mecum
342 2332 466 2370 venire
484 2341 529 2368 ne
547 2329 726 2378 graveris.
742 2328 824 2365 Non
845 2337 954 2374 parva
981 2336 1040 2363 res
1064 2327 1193 2373 agitur,
1214 2326 1262 2363 de

190 2397 248 2432 lilii
263 2396 380 2432 anima
394 2399 577 2432 certamen
594 2397 652 2430 est
667 2402 710 2429 ac
727 2391 930 2438 periculum
946 2401 956 2426 ε
973 2399 1020 2426 ne
1033 2399 1186 2436 spernas
1200 2399 1261 2425 ea-

188 2459 367 2496 rissimunt
384 2457 472 2494 mihi
487 2455 653 2494 omnium
667 2454 946 2502 periclitantem,
965 2451 1028 2489 sed
1043 2452 1143 2499 eripe
1158 2451 1259 2489 illum

189 2531 207 2555 a
229 2518 492 2565 circumpositis
509 2517 668 2563 undique
685 2515 842 2563 laqueis,
859 2525 880 2551 a
900 2519 1132 2561 tempestate,
1149 2524 1168 2549 a
1189 2513 1259 2550 llu-

190 2581 319 2618 Ctibus.
335 2579 396 2617 Sin
416 2591 500 2617 vero
519 2585 554 2616 tu
571 2579 722 2626 gratiam
753 2585 930 2624 prmstare
950 2575 1126 2618 nolueris,
1147 2576 1258 2612 Deum

190 2642 260 2688 jam
281 2642 317 2678 in
337 2641 492 2678 medium
511 2641 665 2687 appello,
684 2645 885 2686 testemque
903 2648 994 2676 voco
1013 2647 1073 2676 me
1087 2637 1178 2674 nihil
1193 2647 1259 2674 co—

191 2715 270 2740 runt
288 2703 468 2746 omisisse,
485 2713 565 2749 qua:
579 2701 624 2738 ad
641 2700 748 2748 hujus
767 2702 896 2738 animae
915 2701 1068 2737 salutem
1086 2709 1260 2736 necessa-

189 2767 242 2802 ria
259 2771 379 2809 erant,
400 2764 642 2811 tnundamque
669 2773 750 2800 esse
773 2773 793 2800 a
811 2763 986 2810 sanguine
1012 2762 1114 2810 pueri
1137 2761 1257 2808 hujus.

189 2828 291 2874 Quod
305 2829 337 2865 si-
354 2827 439 2876 quid
459 2825 650 2874 contigerit
666 2825 766 2862 illum
786 2825 860 2872 pati
880 2835 1004 2861 eorum
1019 2853 1030 2869 ,
1045 2834 1127 2872 qua:
1148 2833 1260 2871 puero

190 2891 224 2928 in
245 2891 353 2928 tantis
369 2889 511 2927 deliciis
527 2895 565 2926 et
583 2887 618 2924 in
636 2893 732 2924 tanta
751 2887 966 2934 negligentia
986 2886 1129 2924 vivente
1141 2913 1153 2930 ,
1171 2896 1260 2922 con-

190 2956 326 3001 tingere
341 2957 504 2999 possunt,
521 2951 586 2988 abs
605 2956 640 2988 te
659 2950 717 2986 illa
736 2949 796 2986 die
811 2948 910 2996 pueri
928 2947 1084 2985 animam
1101 2947 1260 2995 requiret

193 3015 298 3052 licus.
314 3015 378 3053 llis
397 3020 438 3051 et.
451 3013 613 3061 pluribus
630 3012 739 3050 etiam
755 3011 875 3048 verbis
893 3009 1128 3058 compellans,
1149 3008 1260 3046 vehe-

192 3082 331 3113 menter
357 3086 400 3112 ac
428 3074 688 3112 miserabiliter
717 3073 972 3120 illacrymans,
994 3071 1082 3108 mihi
1112 3070 1258 3108 tandem

191 3139 390 3184 persuasit,
409 3143 449 3174 ut
468 3137 536 3173 hoc
553 3135 736 3184 negotium
763 3134 984 3180 susciperem
997 3161 1008 3178 ,
1028 3144 1071 3170 ac
1093 3143 1175 3170 cum
1205 3132 1260 3169 his

192 3201 367 3238 mandatis
385 3212 442 3238 me
457 3201 502 3237 ah
518 3211 558 3236 se
571 3199 722 3236 dimisit.
739 3197 812 3234 Nec
830 3208 918 3234 vana
935 3197 983 3234 illi
1003 3196 1068 3233 fttit
1089 3196 1166 3234 haec
1185 3206 1262 3232 ma-

191 3263 348 3300 chinatio
366 3274 374 3297 :
398 3263 444 3298 ita
467 3262 562 3298 enim
583 3261 682 3298 brevi
701 3270 849 3307 puerum
869 3260 1035 3306 egregius
1057 3259 1117 3295 ille
1137 3258 1260 3306 pzeda-

189 3334 302 3372 gogus
317 3323 489 3368 exercuit,
507 3329 715 3370 tantumque
733 3323 766 3358 in
781 3332 826 3358 eo
843 3322 961 3369 ignem
979 3321 1148 3358 desiderii
1164 3321 1261 3359 illius

193 3387 379 3429 accendit,
405 3393 442 3424 ut
458 3392 589 3423 cuncta.
609 3386 714 3422 simul
733 3385 916 3432 abjiceret,
939 3391 1047 3432 atque
1074 3385 1109 3421 in
1133 3384 1260 3421 descr-

193 3459 265 3486 tutn
283 3451 496 3497 aufugeret,
517 3449 658 3496 alioque
677 3459 803 3486 rursus
823 3447 998 3494 indigeret
1023 3449 1143 3489 freno,
1165 3448 1261 3494 quod

194 3513 292 3550 illum
315 3523 334 3548 a
353 3510 623 3548 vehementiore
634 3511 694 3548 illa
711 3509 969 3548 exercitatione
984 3509 1028 3544 ad
1041 3508 1261 3546 moderatiu-

195 3585 268 3612 t'etn
281 3575 498 3627 traduceret.
508 3571 667 3618 Namque
678 3571 909 3610 metuendum
923 3576 1014 3614 erat,
1029 3580 1074 3606 ue
1085 3576 1185 3607 tanto
1199 3571 1262 3608 illo

195 3638 314 3674 studio
328 3645 411 3673 ante
427 3643 569 3682 tempus
585 3634 712 3670 drama
731 3631 842 3671 totum
863 3633 1052 3676 revelaret,
1074 3640 1110 3670 et
1129 3635 1232 3670 matri
1249 3661 1260 3679 ,

197 3699 388 3744 pzedagogo
406 3705 515 3744 atque
530 3695 698 3732 omnibus
711 3695 842 3742 ubique
856 3694 1040 3732 monachis
1051 3695 1182 3732 bellum
1197 3707 1260 3732 cx-

196 3761 321 3796 citaret
351 3759 618 3806 gravissimum:
645 3756 734 3793 Nam
762 3758 792 3792 si
825 3764 926 3804 pater
958 3757 1055 3794 illam
1090 3759 1264 3796 sensisset

197 3823 330 3868 fugam,
349 3832 544 3868 numquam
564 3820 761 3858 destitisset
789 3820 908 3856 omnia
931 3829 1095 3863 movere,
1119 3827 1158 3858 ut
1177 3831 1262 3858 sau-

196 3890 270 3920 ctos
288 3885 365 3920 illos
381 3884 592 3928 expelleret,
618 3893 688 3918 non
705 3892 767 3918 eos
788 3888 922 3918 tantum
938 3910 947 3924 ,
969 3883 1028 3929 qui
1047 3882 1156 3920 lilium
1178 3894 1260 3921 sus-

701 191 948 232 :ADVERSUS
975 186 1344 253 Ol’l'UliNATOBES
1373 188 1496 226 VITAZ
1522 190 1721 228 MONAST.
1751 192 1836 229 LIB.
1867 193 1924 231 Ill.

2345 199 2414 236 570

1345 272 1538 310 ceperant.
1571 268 1634 304 sed
1664 269 1754 304 alios
1781 271 1888 307 etiam
1917 281 2056 308 omnes.
2081 271 2179 310 llunc
2213 273 2319 322 igitur
2349 287 2414 322 ego

1344 337 1491 372 puerum
1503 339 1704 372 aSStnnens.
1720 332 1794 368 hate
1810 340 1844 370 et
1864 333 1965 380 plura
1981 335 2161 382 loquutus,
2181 335 2414 385 philusOpbize

1344 388 1448 434 hujus
1465 389 1683 428 desiderium
1713 394 1746 428 in
1775 405 1818 430 eo
1847 406 1992 432 manere
2019 398 2282 444 permisi,imo
2302 403 2414 448 magis

1344 450 1472 486 adattxi
1491 480 1500 493 ,
1524 451 1558 487 in
1579 453 1667 490 urbe
1690 465 1810 490 autem
1832 455 1992 494 habitare
2013 459 2180 505 rogabant
2197 488 2206 503 ,
2225 471 2268 497 ac
2289 461 2414 498 litera-

1342 521 1421 547 rum
1437 512 1564 550 studiis
1580 515 1716 552 luerere
1733 528 1742 552 :
1763 517 1808 552 ita
1824 518 1919 553 enim
1935 524 1971 555 et
1989 521 2186 567 teqnalibus
2202 523 2277 560 suis
2299 525 2414 560 maxi-

1341 584 1399 609 tne
1420 575 1659 620 profuturum,
1688 585 1724 614 et
1752 589 1827 614 rem
1859 580 1950 626 patri
1982 580 2138 627 ignotam
2160 582 2248 620 fore.
2273 584 2310 622 ιιι
2329 597 2415 623 vero

1341 638 1584 674 necessnt'iutn
1606 649 1686 676 esse
1708 641 1873 687 putabam
1893 671 1901 686 ,
1925 653 1995 679 nun
2017 645 2126 680 modo
2145 654 2350 684 sanctorum
2373 650 2414 685 il-

1340 697 1458 735 lorum
1475 709 1600 743 causa,
1623 711 1695 738 non
1713 704 1851 747 matris,
1871 714 1941 739 nun
1964 705 2146 753 pmdagngi
2170 713 2306 744 tzuttum
2323 737 2332 753 ,
2350 711 2414 747 sed

1340 760 1434 798 illitts
1449 763 1558 798 etiatn
1577 764 1690 810 pueri.
1706 764 1743 802 Si
1761 767 1856 802 enim
1878 766 1978 802 ἱιιὶιιο
1999 767 2188 806 institisset
2215 778 2330 816 pater,
2350 783 2412 818 pe-

1339 823 1490 860 riculum
1519 831 1600 860 erat
1623 835 1668 862 ne
1691 825 1931 872 philusOphiw
1949 829 2090 875 plantas
2111 839 2340 876 concuteret,
2363 841 2414 871 te-

1339 895 1444 920 neras
1475 895 1616 932 nempe,
1650 897 1692 924 ac
1724 899 1840 935 nuper
1873 891 2022 936 positas.
2053 891 2115 928 Siti
2145 903 2230 930 vero
2261 897 2412 933 multum

1340 947 1512 992 tctuporis
1534 949 1758 994 procederet,
1775 957 1810 988 et
1832 952 1970 988 radices
1993 952 2104 1000 probe
2123 955 2292 997 mitteret.
2311 959 2413 996 valde

1337 1009 1576 1052 conlidebam,
1597 1011 1768 1058 quidquid
1789 1013 1932 1049 tandem
1951 1014 2192 1061 contingeret,
2215 1028 2410 1064 numquam

1339 1069 1494 1106 futurum
1526 1079 1564 1108 ut
1591 1079 1692 1118 pater
1721 1074 1830 1110 ﬁlium
1861 1083 1981 1120 posset
2004 1077 2158 1113 laedere:
2179 1079 2274 1125 quod
2305 1081 2413 1118 etiam

1338 1133 1485 1176 evenit,
1521 1143 1588 1170 nec
1616 1145 1673 1170 me
1705 1145 1788 1181 Spes
1816 1147 1894 1172 mea
1917 1135 2056 1174 fefellit.
2079 1138 2169 1176 Cum
2195 1141 2290 1178 enim
2313 1149 2414 1188 pater

1337 1194 1415 1239 ejus
1439 1195 1666 1240 postmodum
1689 1197 1802 1232 multo
1820 1198 1945 1244 elapso
1965 1205 2125 1245 tempore
2145 1202 2241 1238 illum
2263 1205 2414 1242 adorans

1337 1265 1468 1301 magno
1498 1265 1580 1293 cum
1613 1257 1749 1303 impetu
1783 1257 1959 1301 irrueret,
1991 1271 2062 1296 non
2088 1261 2196 1297 modo
2220 1263 2412 1302 a-dilicmtn

1337 1319 1544 1356 nullatenus
1563 1327 1690 1356 ttutarc
1709 1319 1791 1357 fecit
1810 1349 1820 1365 ,
1849 1321 1912 1358 sed
1941 1321 2028 1358 illud
2050 1321 2190 1360 firmius
2210 1334 2292 1362 esse
2310 1337 2431 1362 mon--

1335 1381 1476 1418 stravit.
1497 1380 1833 1430 Condi~cipnlorum
1853 1391 1974 1422 autem
1995 1385 2136 1432 plurimi
2150 1397 2194 1424 ex
2210 1387 2305 1424 illius
2322 1399 2411 1426 cun-

1334 1441 1448 1478 sortio
1464 1449 1600 1480 tantum
1617 1444 1863 1492 profecerunt,
1880 1452 1918 1482 ut
1935 1446 2098 1494 ejusdem
2115 1448 2266 1485 instituti
2283 1449 2412 1488 fierent

1335 1505 1468 1540 ammli.
1501 1505 1592 1542 Cum
1625 1507 1721 1542 euitn
1755 1507 1814 1544 ille
1843 1517 1990 1554 semper
2017 1507 2114 1544 domi
2146 1509 2413 1549 moderatorem

1335 1563 1498 1609 haberet,
1529 1576 1596 1603 ccn
1615 1573 1733 1603 statua
1752 1569 1888 1615 jugiter
1914 1579 2020 1605 manu
2050 1570 2200 1608 artiﬁcis
2230 1572 2412 1619 expolita,

1334 1639 1387 1666 εις
1407 1631 1566 1678 quotidie
1585 1632 1714 1669 anima:
1735 1633 2012 1680 pulchritudinis
2035 1634 2300 1672 incrementum
2319 1639 2413 1674 acci.

1335 1693 1466 1740 piebat.
1487 1693 1532 1729 Et
1551 1693 1646 1740 quod
1664 1694 1863 1731 mirabilius
1883 1701 1952 1738 est,
1971 1705 2054 1732 cum
2076 1697 2162 1732 foris
2180 1697 2411 1743 Versabatur,

1333 1754 1422 1790 nihil
1437 1753 1583 1791 differre
1604 1755 1796 1792 videbatur
1813 1767 1833 1792 a
1849 1757 1992 1793 cteteris
2011 1769 2022 1794 :
2045 1768 2116 1794 non
2143 1758 2240 1796 enim
2267 1762 2412 1799 rusticis

1333 1823 1369 1852 ct
1389 1815 1583 1862 incomptis
1603 1816 1766 1855 moribus
1779 1845 1790 1862 ,
1813 1827 1884 1854 non
1906 1824 2010 1856 veste
2029 1819 2202 1866 singulari
2222 1826 2324 1865 erat,
2346 1821 2410 1859 sed

1331 1878 1460 1915 similis
1480 1879 1561 1916 aliis
1579 1878 1705 1916 habitu
1720 1907 1730 1923 ,
1753 1887 1900 1926 aspecm
1915 1909 1926 1926 ,
1949 1891 2039 1918 voce
2055 1909 2070 1924 ,,
2085 1883 2298 1930 caeterisque
2317 1891 2410 1924 erat.

1331 1941 1573 1988 Quamobrem
1592 1951 1636 1979 ex
1655 1943 1724 1980 sibi
1747 1942 1986 1980 familiaribus
2006 1944 2182 1991 plurimos
2201 1946 2328 1984 iisdem
2349 1957 2410 1984 re-

1332 2004 1428 2042 tibus
1455 2007 1574 2054 cepit,
1597 2006 1747 2043 multam
1779 2007 1966 2045 occultans
1998 2007 2216 2046 intrinSecns
2249 2009 2410 2056 philoso-

1331 2067 1464 2115 phiam.
1485 2068 1586 2105 ltnmi
1605 2079 1689 2106 vero
1710 2069 1740 2106 si
1755 2069 1834 2115 quis
1853 2069 1953 2106 illum
1973 2069 2135 2112 vidisset.
2154 2076 2316 2117 putasset
2329 2082 2412 2110 esse

1331 2131 1522 2178 quemdam
1542 2141 1586 2168 ex
1607 2131 1664 2175 iis,
1680 2131 1738 2179 qui
1759 2131 1794 2168 in
1814 2131 1998 2169 montibus
2017 2132 2124 2169 sedes
2144 2133 2322 2170 haberent
2335 2145 2344 2170 :
2357 2133 2411 2170 si-

1331 2193 1474 2239 quidem
1495 2193 1625 2230 domus
1642 2195 1720 2240 ejus
1737 2193 1783 2230 ad
1805 2194 2014 2231 monasterii
2033 2205 2198 2231 normam
2218 2196 2412 2233 ordinaba-

1333 2260 1405 2296 tur,
1419 2253 1478 2290 ubi
1491 2255 1839 2300 pnetcrnecessaria
1851 2255 1940 2291 nihil
1955 2255 2096 2292 aderat.
2113 2256 2272 2304 Tempus
2286 2264 2411 2295 autem

1331 2325 1440 2352 omne
1460 2316 1614 2353 lectione
1633 2322 1842 2353 sanctorum
1861 2316 2038 2354 librorum
2061 2318 2296 2365 transigebat.
2317 2319 2410 2356 Cum

1331 2377 1428 2415 enim
1445 2377 1519 2414 acri
1539 2377 1585 2415 ad
1601 2377 1810 2425 disciplinas
1829 2377 1978 2425 ingenio
1992 2384 2114 2424 esset,
2136 2387 2299 2417 extenua
2325 2393 2411 2418 eru-

1331 2440 1458 2478 ditioni
1493 2439 1670 2476 modicam
1701 2440 1770 2476 diei
1802 2447 1940 2486 partem
1971 2440 2198 2486 insumebat,
2230 2442 2409 2490 reliquum

1331 2513 1418 2539 vero
1437 2502 1610 2548 temporis
1626 2501 1796 2548 precibus
1816 2500 2066 2548 frequentibus
2085 2502 2260 2550 librisque
2277 2505 2411 2541 divinis

1330 2563 1550 2611 deputabat,
1577 2573 1621 2599 ac
1645 2563 1724 2600 sine
1748 2561 1830 2599 cibo
1857 2569 1930 2598 tota
1956 2563 2214 2610 perseverabat
2231 2563 2314 2608 die;
2339 2565 2410 2602 imo

1332 2637 1398 2662 nec
1426 2636 1496 2662 una
1529 2631 1665 2661 tantum
1697 2623 1777 2667 die,
1809 2634 1929 2669 neque
1954 2623 2118 2670 duabus,
2137 2624 2201 2662 sed
2233 2626 2408 2672 pluribus.

1330 2687 1464 2726 Noctes
1482 2697 1590 2734 porro
1612 2687 1660 2722 illi
1679 2686 1807 2722 horum
1825 2685 1982 2722 conscia:
2001 2692 2106 2723 erant
2119 2713 2129 2730 ,
2150 2685 2410 2736 lacrymartttn,

1331 2760 1478 2798 precum
1511 2749 1792 2796 hujusmodique
1818 2747 1986 2785 lectionis
2013 2759 2026 2784 ι
2046 2758 2128 2795 qua:
2155 2749 2275 2785 omnia
2306 2751 2413 2788 nobis

1332 2811 1546 2860 ptedtqgogus
1576 2811 1668 2847 clam
1712 2810 1975 2847 annuntiabat:
1999 2820 2088 2857 puer
2118 2811 2214 2846 enim
2248 2811 2412 2858 indigna-

1331 2875 1437 2911 batur
1454 2873 1702 2917 vehementer,
1723 2872 1754 2908 si
1775 2871 1859 2920 qttid
1878 2872 2082 2918 hujusmodi
2096 2872 2216 2910 eﬂ'erri
2234 2884 2413 2922 cognoce-

1331 2944 1400 2975 ret.
1421 2937 1569 2974 Dicebat
1585 2946 1672 2982 ergo
1691 2937 1806 2983 ipsam
1825 2935 1893 2972 sibi
1912 2935 2069 2972 cilicium
2093 2935 2129 2972 in
2149 2944 2284 2972 vestem
2305 2948 2412 2984 para-

1331 3001 1450 3047 visse,
1480 3001 1612 3048 illaque
1641 3011 1704 3046 per
1731 3007 1874 3036 noctem
1904 2999 1990 3036 dum
2019 2999 2194 3036 dormiret
2225 2999 2346 3044 indui,
2368 3011 2414 3037 eo

1330 3063 1470 3101 scilicet
1496 3063 1649 3100 consilio
1664 3089 1674 3104 ,
1705 3068 1744 3098 ut
1763 3062 1868 3099 citius
1888 3072 2083 3109 exsurgere
2104 3068 2230 3110 posset
2249 3073 2258 3098 :
2279 3063 2314 3098 in
2333 3064 2414 3100 aliis

1331 3136 1476 3174 quoque
1509 3125 1628 3172 ipsum
1665 3123 1926 3161 monachorum
1960 3123 2188 3170 disciplinain
2221 3123 2414 3172 diligenter

1331 3198 1493 3233 servare,
1513 3188 1648 3234 Deique
1666 3186 1874 3234 frequenter
1889 3185 2017 3222 laudes
2028 3186 2248 3232 persolvere,
2263 3187 2326 3234 qui
2344 3187 2414 3223 sibi

1332 3257 1406 3288 tam
1435 3251 1533 3288 leves
1561 3249 1801 3297 philosophia:
1830 3259 1969 3295 pennas
1998 3248 2202 3285 indidisset.
2232 3248 2356 3296 Itaque
2382 3249 2413 3285 si

1331 3316 1414 3363 quis
1431 3314 1520 3352 mihi
1539 3324 1637 3351 nunc
1655 3313 1814 3350 animum
1843 3314 1889 3349 ita
1910 3319 2160 3360 comparatum
2179 3313 2386 3350 ostenderet
2401 3339 2412 3354 ,

1334 3379 1640 3428 predagognmque
1656 3377 1811 3414 similem
1831 3377 2032 3423 pra-heret,
2053 3376 2196 3424 aliaque
2223 3377 2343 3412 omnia
2361 3375 2414 3412 si.

1333 3445 1469 3482 militer
1485 3453 1526 3480 se
1547 3441 1778 3488 polliceretur
1795 3447 2017 3483 curaturum,
2034 3439 2167 3476 millies
2183 3446 2347 3485 optarem
2366 3437 2414 3477 ita

1335 3508 1428 3553 ﬁeri,
1448 3507 1557 3554 idque
1576 3505 1705 3552 magis,
1725 3515 1833 3552 quam
1852 3503 1918 3550 ipsi
1940 3509 2120 3551 parentes.
2137 3501 2196 3539 Sic
2215 3501 2312 3537 enim
2331 3507 2414 3544 pra-

1336 3572 1430 3608 fecto
1457 3569 1574 3616 majus
1604 3568 1742 3604 lucrum
1773 3565 1986 3610 accederet,
2019 3575 2102 3602 cum
2134 3567 2282 3610 possent
2311 3557 2412 3605 pueri

1336 3631 1542 3680 hujusmodi
1557 3658 1566 3674 ,
1602 3641 1666 3678 per
1696 3631 1778 3666 vita:
1809 3629 2010 3672 rationem,
2033 3637 2099 3672 per
2117 3629 2261 3661 :ctatcm
2285 3631 2329 3657 ac
2346 3630 2411 3666 per

1335 3695 1418 3744 inge
1437 3695 1662 3732 consortium
1683 3693 1842 3740 :equales
1859 3701 1946 3727 suos
1965 3690 2140 3725 inescare.
2160 3686 2207 3720 At
2224 3682 2344 3718 uultus
2355 3690 2414 3744 est

1335 3758 1396 3806 qui
1411 3757 1518 3795 scita
1538 3756 1716 3794 facturum
1733 3755 1959 3803 polliceatur.
1976 3750 2066 3786 Cum
2091 3755 2179 3782 vero
2200 3745 2320 3780 nullus
2339 3743 2386 3780 sit
2399 3769 2411 3788 ,

1337 3805 1488 3856 summae
1500 3817 1726 3856 crudelitatis
1743 3822 1841 3853 esset
1858 3823 1938 3849 eum
1954 3839 1964 3855 ,
1994 3810 2053 3859 qui
2082 3818 2127 3844 ne
2152 3805 2311 3853 seipsum
2331 3806 2413 3854 qui...

1339 3882 1422 3919 dent
1442 3881 1638 3919 defendere
1655 3879 1781 3926 possit,
1797 3875 1860 3913 sed
1875 3874 1993 3921 jaceat
2011 3869 2209 3908 innumeris
2224 3869 2411 3906 confossus
