2734 4342
357 187 422 226 δτι
855 179 893 216 S.
922 175 1111 216 JOANNIS
1135 172 1456 213 CIIRYSOSTOMI
1486 172 1698 212 ARCIlIEP.
1727 173 2089 212 CONSTANTINOP.
2469 181 2526 222 δη

357 262 592 304 vulneribus,
627 259 789 306 aliosque
825 253 1045 293 inﬁrmiores
1074 252 1224 295 reddat.
1257 253 1292 288 in
1317 251 1437 288 medio

355 323 496 362 concidi
517 321 742 369 permittere,
764 327 847 354 cum
862 321 1050 364 oporteret
1066 325 1150 351 eum
1167 325 1186 349 e
1202 323 1321 361 pugna
1336 322 1437 348 sum-

355 395 516 423 movere.
537 382 698 428 Namque
721 378 889 416 similiter
907 378 983 415 dux
1013 375 1214 424 puniendus
1240 381 1357 419 esset,
1375 373 1438 421 qui

355 456 514 495 pugnare
534 444 698 481 valentes
715 441 852 479 milites
866 451 910 478 ex
930 439 1054 488 prtelio
1071 438 1282 480 abduceret,
1296 437 1439 474 saucios

353 516 473 546 autem
491 515 525 544 et
549 512 765 554 prostratos,
786 505 847 554 qui
865 504 948 542 aliis
968 501 1229 551 impedimento
1247 506 1384 544 essent,
1400 499 1436 536 in

353 569 473 608 medio
490 579 636 617 semper
649 568 771 616 jacere
787 567 946 614 iuberet.

401 633 462 671 13.
493 632 626 669 Verum
651 631 735 680 quia
762 635 952 678 parentum
983 626 1127 675 plurimi
1161 625 1296 663 instant
1313 652 1322 666 ,
1347 623 1438 660 libe-

355 705 489 743 rosque
505 705 592 732 suos
613 695 648 731 in
667 694 784 731 literis
802 693 914 729 vitatu
934 701 1042 738 agere
1061 689 1212 737 cupiunt
1229 717 1239 734 ,
1260 699 1302 725 ac
1323 688 1351 725 si
1373 697 1438 734 pro

357 764 460 795 certo
478 757 638 794 habeant
654 756 752 804 ipsos
771 754 816 792 ad
839 755 983 792 culmen
1005 752 1220 800 eloquentia:
1242 755 1438 798 perventu-

353 831 416 857 ros
441 832 450 857 :
470 819 537 856 hac
557 818 704 867 quidem
725 818 772 854 de
797 827 838 854 re
866 827 913 853 ne
936 814 1199 852 contendamus
1215 841 1224 858 ,
1246 823 1315 849 neu
1335 812 1437 848 dica-

354 894 434 920 mus
454 882 572 930 ipsum
593 893 612 917 a
642 891 754 928 scopo
781 881 1062 920 aberraturum;
1097 876 1160 914 sed
1193 874 1439 913 concedamus

353 955 436 982 eum
463 945 571 981 studii
603 944 657 980 sui
681 943 839 980 fructum
867 939 1072 988 hujusmodi
1100 946 1434 986 cottqutinturum,

353 1013 392 1044 et
410 1006 455 1043 ad
477 1006 619 1043 culmen
639 1012 833 1042 venturum
848 1014 944 1041 esse.
957 1003 1145 1040 Sitautem
1163 999 1266 1037 nobis
1285 1001 1436 1035 duarum

355 1080 477 1106 rerum
498 1068 598 1116 optio
616 1079 626 1111 ;
646 1067 704 1104 vel
724 1067 768 1103 ad
784 1066 1053 1113 ludimagistros
1071 1063 1304 1112 prolicisceus
1317 1060 1440 1098 erudi-

353 1133 487 1168 tionem
524 1131 667 1178 assequi
699 1128 922 1173 coutendat,
957 1127 1014 1163 vel
1045 1125 1279 1163 solitudinem
1311 1130 1438 1172 petens

353 1194 484 1230 animae
503 1193 723 1241 prospiciat;
743 1198 825 1228 ntro
845 1191 880 1227 in
901 1190 1022 1228 studio
1052 1200 1130 1226 rem
1159 1187 1324 1225 obtinere
1344 1196 1438 1232 pra:-

352 1256 453 1292 stat?
473 1255 562 1292 Nam
590 1255 619 1292 si
650 1257 684 1292 in
718 1261 872 1301 utroque
897 1254 1104 1299 conlingat,
1139 1250 1173 1287 id
1202 1260 1270 1296 ego
1295 1258 1440 1296 quoque

353 1317 461 1361 volo;
482 1317 537 1353 sin
557 1317 772 1352 alterutrum
791 1313 1065 1362 relinquendum
1081 1313 1128 1349 sit
1144 1340 1154 1357 ,
1174 1311 1270 1358 quod
1291 1317 1439 1358 pra-Sla-

352 1380 460 1420 bilius
475 1379 680 1427 eligendum
695 1384 764 1416 est.
782 1378 898 1415 Etiam
916 1405 926 1422 ,
944 1377 1113 1423 inquiunt
1129 1403 1137 1418 ,
1157 1373 1221 1410 sed
1238 1376 1307 1410 hoc
1321 1373 1438 1420 ipsum

351 1442 448 1480 unde
466 1441 570 1478 nobis
593 1446 762 1477 constare
783 1438 940 1486 poterit,
963 1447 1046 1474 etim
1067 1440 1384 1482 perseveraturum
1402 1443 1440 1472 et

351 1514 562 1542 mansurum
579 1530 590 1548 ,
611 1512 678 1540 nec
698 1502 883 1549 lapsorum
901 1499 1013 1538 esse?
1033 1498 1137 1536 multi
1159 1507 1315 1544 namque
1337 1495 1438 1533 deei-

357 1569 502 1606 derunt.
521 1567 568 1605 At
582 1566 678 1604 unde
695 1571 864 1613 constare
883 1569 1003 1612 potest
1021 1563 1118 1610 ipsos
1137 1572 1208 1598 non
1231 1569 1440 1608 persevcra-

357 1639 458 1670 turos
478 1637 515 1669 et
534 1639 728 1668 mansuros
745 1628 856 1666 esse?
877 1627 977 1665 Multi
997 1635 1154 1673 namque
1175 1628 1438 1672 perseverant,

351 1701 389 1730 et
415 1693 560 1741 quidem
589 1693 710 1739 plures
741 1691 813 1734 iis,
837 1689 898 1738 qui
928 1688 1128 1726 decidunt:
1161 1688 1209 1724 ita
1240 1693 1279 1722 ut
1309 1685 1438 1722 horum

353 1764 463 1790 causa
485 1753 599 1799 magis
619 1751 874 1789 conﬁdendum
894 1752 966 1799 sit,
994 1759 1101 1796 quam
1133 1749 1278 1786 illorum
1307 1747 1440 1783 timen-

351 1815 453 1851 dum.
474 1813 548 1850 Cur
566 1819 686 1849 autem
705 1823 776 1850 non
797 1812 952 1858 idipsum
976 1810 1073 1847 circa
1103 1809 1289 1846 literarum
1320 1807 1438 1844 studia

353 1876 512 1918 metuis.
543 1875 603 1912 ubi
633 1875 788 1912 maxime
816 1872 1016 1910 timendum
1040 1870 1121 1907 est?
1149 1869 1312 1916 Namque
1343 1868 1440 1916 apud

355 1937 555 1974 monachos
582 1937 729 1984 quidem
766 1946 810 1972 ex
843 1933 964 1970 multis
997 1931 1100 1980 pauci
1132 1930 1221 1979 lapsi
1251 1938 1363 1975 sunt,
1401 1930 1438 1967 in

356 2001 492 2037 scholis
529 2007 650 2036 autem
683 1998 885 2036 liberalium
919 1997 1192 2042 disciplinarum
1231 2005 1276 2032 ex
1314 1995 1439 2032 multis

354 2063 458 2109 pauci
481 2062 645 2108 peritiam
661 2066 918 2107 assequuntur.
939 2057 1064 2105 Neque
1085 2057 1168 2094 inde
1186 2063 1324 2092 tanturn
1344 2087 1356 2098 ,
1372 2056 1438 2093 sed

352 2124 460 2160 etiam
482 2123 606 2159 multis
625 2122 706 2158 aliis
719 2121 764 2158 de
783 2121 903 2158 causis
921 2119 956 2156 in
975 2119 1043 2156 hac
1062 2125 1165 2166 parte
1180 2119 1294 2166 ntagis
1309 2119 1440 2156 timen-

354 2185 440 2220 dum
465 2190 535 2221 est.
560 2183 746 2230 Siquidem
777 2189 814 2218 et
839 2182 940 2229 pueri
971 2181 1142 2218 obtusum
1169 2180 1381 2228 ingenium,
1403 2187 1440 2218 et

357 2245 612 2292 magistrorum
626 2243 804 2290 imperitia
818 2271 829 2287 ,
855 2249 892 2279 et
915 2242 1190 2290 pmdagogorum
1204 2241 1438 2290 negligentia,

356 2312 394 2344 ct
413 2306 526 2354 patris
545 2307 697 2351 incuria,
714 2317 756 2342 ac
770 2314 978 2354 sumptuum
994 2305 1244 2354 mercedisque
1257 2306 1437 2349 defectus,

356 2375 393 2406 et
409 2379 548 2406 morum
563 2368 821 2405 dissimilitudo
833 2396 842 2413 ,
860 2375 897 2405 et
912 2368 1242 2414 condiscipulorum
1258 2369 1437 2416 nequitia,

355 2437 393 2468 et
419 2432 511 2468 livor
538 2431 765 2478 invidiaque,
791 2431 934 2479 aliaque
961 2432 1114 2478 plurima
1141 2432 1188 2468 ab
1213 2431 1440 2479 assequendo

357 2494 429 2531 ﬁne
447 2493 652 2531 deturbant.
675 2493 800 2541 Neque
821 2493 899 2530 haec
925 2499 1062 2530 tantum
1081 2522 1090 2538 ,
1121 2494 1184 2531 sed
1211 2501 1295 2542 post
1321 2495 1439 2542 ipsum

354 2558 464 2594 etiam
483 2557 681 2594 studiorum
701 2556 809 2594 ﬁnem
839 2557 909 2594 alia
937 2563 973 2594 et
993 2557 1097 2605 plura
1120 2557 1265 2605 quidem
1287 2558 1440 2606 impedi-

355 2626 476 2656 menta
497 2626 707 2656 occurrunt.
737 2619 932 2666 Postquam
950 2620 1047 2656 enim
1069 2619 1249 2666 superatis
1269 2619 1439 2656 omnibus

357 2681 575 2729 elapsusqne
593 2681 757 2718 obicibus
773 2680 817 2716 ad
835 2681 952 2728 ipsum
969 2680 1182 2717 eruditionis
1195 2681 1339 2717 culmen
1358 2691 1439 2727 per-

356 2745 522 2789 venerit,
551 2744 631 2782 alia:
657 2753 801 2781 rursum
828 2743 968 2780 insidia:
992 2751 1076 2781 sunt
1103 2743 1244 2791 positze.
1272 2743 1436 2792 Namque

359 2807 528 2854 principis
549 2806 672 2843 odimn
690 2834 700 2850 ,
721 2805 944 2843 consortium
965 2805 1101 2842 invidia
1119 2834 1128 2850 ,
1149 2811 1352 2852 temporum
1371 2806 1440 2842 dif-

359 2870 499 2905 licultas
514 2897 524 2912 ,
545 2869 744 2905 amicorum
764 2868 883 2916 inopia
901 2895 911 2912 ,
931 2874 1127 2915 paupertas
1144 2896 1154 2913 ,
1185 2871 1232 2904 ab
1263 2868 1342 2916 ipso
1367 2868 1440 2904 ﬁne

357 2941 610 2979 swpcnumero
629 2930 841 2966 excludunt.
868 2930 975 2977 Atqui
1002 2929 1096 2976 apud
1127 2930 1326 2966 moaacltos
1351 2929 1438 2966 nihil

357 2993 476 3030 simile
492 3005 502 3033 :
521 2992 585 3030 sed
605 3002 676 3030 una
699 2997 837 3028 tantum
867 3002 907 3027 re
935 3001 1026 3038 opus
1051 2998 1108 3028 est
1124 3020 1134 3036 ,
1164 2992 1273 3028 nobili
1301 2992 1437 3028 scilicet

359 3061 466 3102 atque
483 3054 616 3092 eximia
635 3053 823 3090 alacritate
839 3063 848 3096 ;
871 3063 952 3100 qua:
970 3053 999 3089 si
1019 3052 1174 3089 adfuerit
1189 3080 1199 3095 ,
1216 3053 1305 3089 nihil
1327 3054 1441 3100 impe-

365 3117 419 3153 dit
437 3117 633 3164 quominus
653 3115 697 3152 ad
720 3116 827 3152 ﬁnem
849 3115 992 3151 virtutis
1010 3115 1253 3160 perveniatur.

410 3178 522 3221 Quam
546 3177 774 3224 praestabilior
798 3177 865 3212 vita
893 3177 1141 3212 monachorum
1168 3178 1237 3212 vita
1263 3177 1437 3214 simulari.

358 3259 406 3268 —
423 3239 612 3284 Quomodo
633 3239 741 3285 igitur
767 3249 838 3275 non
862 3239 1021 3285 iniquum
1049 3237 1182 3281 fuerit,
1211 3239 1272 3276 ubi
1302 3240 1438 3285 Optima

360 3311 444 3356 spes
461 3307 515 3336 est
529 3301 720 3337 manifesta
735 3308 770 3336 et
785 3303 946 3346 proxima
964 3329 974 3345 ,
991 3301 1187 3349 desperare
1201 3313 1243 3338 ac
1261 3310 1436 3346 tremere;

361 3361 420 3397 ulii
445 3371 531 3397 vero
557 3361 624 3396 alia
658 3371 743 3407 spes
769 3363 950 3397 contraria
967 3390 978 3406 ,
1008 3363 1249 3399 remotissima
1283 3369 1364 3406 est,
1397 3373 1440 3399 ac

360 3421 484 3458 multis
503 3420 668 3456 obicibus
687 3421 913 3467 intercipitur
927 3449 938 3465 ,
959 3434 1030 3458 non
1051 3423 1246 3470 desperare
1261 3452 1272 3468 ,
1293 3425 1366 3460 imo
1387 3426 1439 3461 rei

361 3484 466 3529 longe.
497 3480 718 3518 difﬁcillima:
750 3481 942 3518 maximam
972 3483 1041 3520 sibi
1074 3495 1174 3531 spem
1201 3495 1436 3532 proponere:

359 3553 468 3593 atque
493 3545 528 3582 in
556 3545 739 3580 literarum
753 3543 978 3587 stndiis,nca
995 3546 1107 3583 tristia
1123 3559 1202 3594 qua:
1215 3547 1439 3595 frequentius

361 3608 530 3645 accidunt
545 3636 554 3650 ,
576 3607 640 3644 sed
655 3607 746 3643 bona
761 3616 842 3653 qua:
855 3617 938 3642 raro
952 3609 1165 3655 contingunt
1181 3611 1436 3654 considerare;

364 3680 458 3706 circa
477 3676 610 3705 statum
632 3678 720 3704 vero
747 3666 1006 3704 monachorum
1036 3670 1260 3706 contrarium
1290 3672 1408 3708 facere
1424 3699 1436 3716 ,

362 3737 398 3765 et
415 3731 472 3765 ubi
494 3740 577 3776 spes
597 3730 772 3766 bonormu
793 3728 915 3764 multa:
931 3734 1016 3763 stitit
1032 3755 1044 3773 ,
1062 3729 1107 3764 ad
1126 3731 1240 3767 tristia
1255 3733 1439 3779 respicere

363 3797 500 3839 tantum
517 3803 528 3834 ;
549 3793 607 3829 ubi
625 3802 713 3829 vero
728 3791 774 3828 de
792 3791 974 3828 Contraria
989 3800 1054 3836 spe
1071 3791 1189 3838 agitur
1203 3819 1215 3836 ,
1247 3803 1329 3839 qu:e
1342 3793 1435 3830 bona

364 3859 445 3891 sum
465 3859 601 3891 tanwnt
621 3853 853 3898 considerare
868 3852 1120 3901 ?Quamquatn
1137 3852 1210 3890 illic
1227 3853 1435 3901 frequenter

1512 251 1689 299 contingit
1703 280 1712 296 ,
1737 258 1775 288 ut
1793 262 1874 288 cum
1895 252 2014 288 omnia
2035 263 2112 300 qua:
2127 263 2329 293 concurrere
2347 256 2460 296 debent
2476 271 2528 308 pro

1511 320 1596 350 voto
1613 313 1829 361 contigerint
1845 341 1856 358 ,
1879 319 2092 360 pnematura
2110 324 2204 350 mors
2218 315 2374 354 athletam
2400 328 2467 365 post
2490 324 2527 358 iu-

1511 375 1631 413 ﬁnitos
1651 376 1804 413 sudores
1821 375 1980 412 nondum
2001 383 2203 412 coronatum
2220 377 2380 426 abripiat;
2400 382 2448 419 hic
2460 395 2530 420 \‘rrn

1509 438 1651 475 etiamsi
1679 439 1714 475 in
1747 437 1877 475 mediis
1905 439 2157 476 certaminibus
2183 439 2264 476 illud
2291 443 2437 486 accidat,
2462 453 2530 484 tunc

1510 501 1669 538 maxime
1689 500 1902 548 splendidus
1920 507 1958 538 et
1972 507 2161 538 coronatus
2175 503 2413 549 proﬁciscatur.
2432 507 2532 554 Itaque

1509 563 1540 601 si
1569 563 1728 600 futurum
1759 563 1916 608 metuis,
1944 563 2039 600 circa
2069 563 2244 600 literarum
2272 566 2377 603 stmlia
2403 570 2530 608 maxime

1509 625 1709 662 timendum
1729 631 1785 661 est
1804 653 1814 667 ,
1834 624 1892 661 ubi
1915 635 1961 662 ne
1980 624 2023 662 ad
2042 626 2226 662 terminum
2244 629 2447 673 perveniatur
2463 631 2528 676 pill-

1511 687 1602 724 rima
1619 693 1704 723 sunt
1722 685 1992 734 impedimento.
2013 687 2066 724 Tu
2080 697 2162 724 vero
2183 687 2248 724 illic
2261 689 2391 736 quidem
2405 693 2530 737 resides,

1509 751 1773 798 diuturnasque
1793 761 1914 788 moras
1931 751 2088 788 sustines
2102 779 2112 795 ,
2133 761 2200 787 non
2217 762 2255 788 ea
2284 763 2356 798 qum
2381 753 2411 790 iu
2437 756 2532 792 medio

1512 814 1626 860 posita
1659 820 1766 858 sunt,
1797 821 1960 860 sumptus
1987 823 2128 860 nempe,
2164 825 2354 858 airumnas,
2387 816 2531 855 incertum

1509 882 1680 913 eventum
1698 903 1708 920 ,
1729 875 1793 912 sed
1826 875 1932 911 ﬁnem
1963 880 2099 911 tantum
2131 875 2340 922 reSpicieus:
2367 876 2418 913 hic
2437 885 2532 915 autem

1509 949 1592 976 cum
1614 939 1772 976 nondum
1787 937 1831 975 ad
1849 938 2063 975 vestibulum
2078 938 2347 986 pucringrcssus
2365 940 2422 981 sit.
2441 953 2533 988 neque

1511 1000 1605 1036 hanc
1634 1000 1911 1047 pulcherrimam
1957 999 2214 1046 philoSOphiam
2241 1000 2404 1046 attigerit,
2436 1009 2531 1039 Slﬂllm

1510 1063 1616 1099 times
1633 1069 1671 1100 et
1690 1063 1848 1111 trepidas
1864 1091 1874 1107 ,
1891 1062 1964 1108 jam
1981 1062 2187 1108 despcratas
2201 1063 2415 1108 cogitationes
2428 1064 2532 1099 adiuit-

1510 1125 1557 1162 tis
1569 1125 1586 1152 ⁷
1604 1126 1711 1171 Atqui
1735 1126 1813 1172 ipse
1829 1125 1935 1172 paulo
1949 1132 2033 1162 ante
2047 1125 2189 1161 dicebas
2206 1137 2213 1160 :
2229 1124 2314 1169 Quid
2328 1125 2412 1161 enim
2425 1126 2438 1161 ?
2451 1127 2510 1162 isne
2521 1154 2531 1172 ,

1509 1188 1571 1235 qui
1592 1188 1717 1224 urbem
1739 1188 1862 1224 incolit
1879 1195 1914 1224 et
1934 1188 2078 1224 domum
2097 1217 2107 1230 ,
2128 1188 2270 1223 salutem
2303 1189 2453 1235 Consequi
2478 1201 2531 1224 non

1511 1251 1660 1298 potest?
1682 1251 1775 1297 Ergo
1799 1249 1828 1286 si
1855 1262 1935 1287 cum
1957 1250 2044 1286 urbe
2062 1278 2071 1292 ,
2104 1250 2210 1285 domo
2230 1256 2263 1285 et
2289 1261 2390 1286 uxore
2413 1251 2532 1286 saluti-ui

1511 1311 1687 1359 consequi
1707 1319 1810 1358 potes
1827 1340 1837 1355 ,
1859 1313 1972 1348 multo
1993 1312 2105 1357 magis
2123 1312 2198 1351 sine
2219 1322 2322 1348 uxore
2339 1317 2370 1347 ct
2395 1312 2464 1347 aliis
2484 1314 2532 1347 ιω-

1507 1375 1682 1424 jusmodi.
1702 1375 1826 1423 Neque
1843 1376 1940 1412 enim
1960 1381 2015 1412 est
2033 1375 2189 1421 ejusdem
2209 1374 2356 1411 hominis
2376 1385 2456 1410 nttuc
2471 1375 2532 1421 qui-

1511 1438 1594 1474 dem
1613 1437 1798 1475 conﬁdere
1815 1465 1824 1478 .
1847 1437 1988 1474 etiamsi
2008 1436 2236 1474 s:rcnlaribus
2257 1437 2396 1483 negotiis
2411 1436 2534 1483 illigatus

1511 1501 1620 1539 fuerit
1635 1529 1645 1546 ,
1664 1511 1706 1538 ac
1721 1502 1750 1538 si
1774 1501 1842 1538 hoc
1859 1511 2004 1549 quoque
2033 1500 2138 1536 modo
2163 1500 2256 1537 salus
2273 1499 2396 1547 acquiri
2421 1499 2533 1546 possit:

1512 1576 1608 1604 nunc
1626 1576 1714 1603 vero
1734 1594 1744 1610 ,
1773 1565 1840 1602 etsi
1860 1565 1906 1602 ab
1922 1564 2088 1602 omnibus
2109 1565 2197 1601 liber
2213 1563 2385 1607 evaserit,
2412 1570 2536 1599 tremere

1511 1639 1554 1666 ac
1571 1635 1735 1665 metuere
1751 1655 1762 1673 ,
1783 1627 1884 1675 quasi
1903 1627 1983 1664 sine
2001 1627 2070 1663 illis
2090 1627 2197 1673 probe
2216 1626 2332 1663 vivere
2353 1636 2416 1661 non
2433 1624 2534 1672 possit.

1510 1691 1600 1730 Nam
1620 1691 1651 1728 si
1672 1691 1716 1734 is,
1734 1691 1795 1738 qui
1817 1690 1943 1727 urbem
1965 1689 2101 1733 ineolit,
2125 1694 2243 1735 posset
2271 1687 2410 1724 salutem
2437 1687 2532 1723 nam-i-

1511 1753 1562 1790 sci
1581 1782 1591 1797 ,
1611 1759 1650 1788 ιιι
1675 1752 1766 1789 dicis
1783 1780 1794 1797 ,
1825 1751 1939 1788 multo
1964 1750 2077 1798 magis
2096 1750 2155 1797 qui
2185 1750 2219 1786 in
2248 1748 2425 1785 solitudine
2447 1748 2534 1793 degit.

1511 1815 1603 1861 Quid
1620 1814 1802 1862 igiturhic
1818 1824 1889 1851 nou
1905 1824 2011 1861 posse
2026 1814 2130 1850 times
2144 1841 2155 1858 ,
2172 1821 2250 1849 cum
2264 1811 2333 1848 illic
2346 1820 2408 1846 non
2422 1810 2534 1848 timeas,

1511 1877 1572 1914 ubi
1594 1877 1716 1925 potius
1736 1877 1936 1914 timendum
1957 1875 2086 1913 esset?

1560 1941 1620 1978 Η.
1642 1939 1820 1983 Praecepta
1835 1939 1953 1976 eadem
1972 1938 2146 1975 monachis
2159 1943 2190 1974 et
2208 1935 2422 1972 srrcnluribns.
2440 1953 2479 1960 -—
2492 1933 2537 1973 At,

1511 2002 1666 2050 inquies,
1688 2012 1758 2038 non
1778 2011 1844 2049 par
1874 2001 2012 2038 crimen
2044 2007 2099 2036 est
2133 1999 2333 2035 szrcnlarem
2355 2005 2494 2042 IN'Ct‘ﬂrC.
2510 1999 2536 2026 rt

1510 2075 1592 2103 eum
1608 2065 1667 2112 qui
1689 2064 1800 2102 semel
1819 2074 1860 2100 se
1872 2064 1946 2100 Deo
1963 2061 2224 2100 consecraverit
2237 2072 2244 2095 :
2259 2069 2366 2105 neque
2380 2056 2462 2093 enim
2477 2065 2540 2090 am-

1511 2128 1558 2164 bo
1575 2128 1620 2164 ab
1638 2126 1764 2164 eadem
1787 2125 1977 2163 altitudine
1994 2123 2126 2162 cadunt
2143 2133 2154 2168 ;
2171 2132 2276 2170 quare
2287 2130 2401 2158 eorum
2419 2117 2539 2153 vultu-ra

1512 2200 1582 2226 non
1601 2189 1752 2235 :eqnalia
1775 2194 1873 2226 sunt.
1897 2188 2064 2235 Teipsum
2085 2193 2228 2233 prorsus
2246 2182 2347 2224 fallis,
2363 2181 2388 2216 si
2407 2179 2465 2215 alia
2485 2188 2536 2222 pu-

1511 2257 1566 2288 tas
1584 2261 1603 2288 a
1619 2251 1798 2292 smenlari.
1821 2250 1890 2286 alia
1911 2260 1931 2286 a
1948 2247 2124 2286 monacho
2133 2245 2238 2293 exigi.
2261 2243 2440 2281 Discrimen
2456 2239 2539 2286 quip-

1511 2323 1557 2360 pe
1578 2313 1671 2349 inter
1686 2312 1768 2350 illos
1787 2313 1854 2349 hoc
1870 2317 1940 2354 est,
1955 2310 2050 2358 quod
2069 2310 2160 2346 alius
2187 2308 2290 2345 ducat
2305 2313 2452 2345 osorem,
2467 2301 2540 2336 alius

1511 2387 1584 2413 non
1604 2376 1726 2418 ducat.
1749 2386 1814 2422 pro
1834 2375 1913 2412 aliis
1933 2385 2022 2412 vero
2047 2373 2213 2410 omnibus
2231 2377 2440 2408 communem
2455 2365 2541 2400 multo

1511 2438 1689 2475 rationem
1704 2437 1882 2475 reddituri
1898 2442 1996 2474 sunt.
2026 2435 2116 2472 Nam
2130 2435 2190 2482 qui
2220 2431 2375 2469 irascitur
2387 2427 2473 2464 fratri
2487 2433 2541 2459 suo

1510 2501 1590 2537 sine
1609 2510 1734 2543 causa,
1756 2500 1833 2536 sive
1868 2498 2052 2536 saecularis
2085 2497 2161 2533 sive
2179 2493 2368 2531 monachus
2379 2490 2432 2532 sit,
2450 2488 2540 2523 Deum

1510 2561 1678 2598 similiter
1707 2560 1857 2597 oll'endit
1878 2572 1886 2597 :
1907 2565 1944 2596 ct
1963 2559 2022 2606 qui
2057 2558 2202 2605 respicit
2229 2555 2402 2592 mulierem
2419 2549 2456 2586 ad
2472 2557 2540 2583 con-

1509 2622 1770 2670 cupiscendum
1788 2631 1883 2665 eam,
1906 2621 2077 2657 utrolibet
2096 2620 2130 2655 in
2149 2623 2238 2655 statu
2253 2616 2311 2659 sit,
2329 2613 2442 2650 cadent
2459 2607 2540 2670 adul-
2561 2608 2565 2612 ”

1511 2669 1589 2722 terii
1607 2685 1782 2732 plectetnr
1800 2694 1926 2730 poma;
1955 2684 2028 2718 imo
2041 2692 2128 2719 vero
2152 2680 2181 2717 si
2213 2678 2294 2726 quid
2327 2669 2540 2732 ratiocinando

1510 2748 1645 2785 addere
1662 2748 1714 2784 las
1733 2747 1794 2790 sit,
1815 2746 2000 2783 szecularis
2021 2745 2089 2782 hoc
2117 2740 2356 2791 agensminns
2387 2734 2476 2772 venia
2497 2731 2540 2766 (Ιὶ-

1510 2821 1604 2857 guns
1616 2815 1684 2846 est.
1701 2809 1778 2846 Non
1799 2809 1896 2845 enim
1917 2818 1981 2854 par
1995 2807 2132 2844 facinus
2153 2809 2207 2841 est
2225 2812 2320 2845 eum,
2339 2798 2393 2846 qui
2418 2800 2541 2857 exoret»

1511 2873 1632 2916 habet,
1653 2879 1690 2908 et
1719 2871 1787 2907 hac
1805 2871 2054 2907 consolatione
2088 2868 2230 2910 fruitur,
2249 2862 2397 2902 mulieris
2411 2853 2540 2905 pulchri-

1512 2933 1636 2970 tudine
1650 2933 1791 2975 abduci,
1808 2933 1863 2969 vel
1879 2943 1961 2970 cum
1979 2931 2041 2980 qui
2055 2931 2124 2967 hoc
2139 2938 2280 2977 prorsus
2293 2922 2478 2962 destituitur
2492 2926 2543 2952 atl-

1511 2995 1611 3039 xilio,
1627 2995 1673 3031 ab
1688 2995 1750 3031 illo
1766 2995 1860 3031 vinei
1873 2995 1982 3031 malo.
2005 2994 2141 3030 Rursus
2158 2991 2218 3039 qui
2235 2991 2339 3037 1111⁵³⁸,
2350 2987 2383 3022 ίη
2400 2990 2540 3031 ⁴1¹¹⁰⁰¹¹¹¹¹⁶

1510 3069 1582 3106 quc
1607 3064 1700 3094 statu
1716 3065 1892 3100 versetur,
1914 3058 1989 3104 pari
2006 3056 2112 3093 modo
2125 3055 2322 3091 damnatur.
2343 3048 2453 3094 Neque
2463 3041 2541 3079 enim

1511 3121 1676 3157 Christus
1697 3131 1779 3157 cum
1796 3121 1862 3156 hac
1887 3121 1933 3156 de
1963 3131 2003 3157 re
2023 3123 2194 3156 statueret
2212 3117 2388 3162 legemque
2403 3108 2540 3156 ponerrl,

1513 3182 1604 3218 hanc
1617 3181 1889 3217 distinctionem
1910 3181 2009 3226 fecit,
2036 3189 2151 3227 neque
2170 3179 2270 3220 dixit,
2294 3176 2329 3212 Si
2350 3175 2377 3210 is
2392 3170 2444 3217 qui
2466 3167 2543 3214 Ῑιιηι

1511 3242 1710 3279 utonachus
1724 3243 1783 3286 sit,
1799 3253 1842 3278 ex
1857 3243 2014 3290 maligno
2025 3239 2330 3289 estjusjurandum
2346 3247 2355 3277 ;
2375 3235 2401 3270 si
2415 3237 2542 3268 nonum-

1511 3305 1663 3348 nacltns,
1697 3315 1768 3340 non
1797 3305 1880 3340 item
1904 3317 1912 3340 :
1934 3305 1996 3340 sed
2017 3303 2228 3351 simpliciter
2258 3298 2429 3342 semelth
2444 3290 2540 3351 ouini-

1513 3367 1578 3401 bus
1591 3365 1680 3401 dixit
1698 3377 1706 3401 :
1725 3365 1798 3411 Ego
1813 3372 1927 3400 autem
1959 3366 2035 3402 ilico
2064 3349 2167 3406 vobis,
2204 3373 2270 3397 non
2289 3359 2402 3406 jurare
2428 3349 2542 3388 οιηυίηο

1511 3426 1523 3472 (
1545 3425 1670 3461 Matth.
1687 3426 1722 3462 5.
1746 3410 1793 3462 ἐι
1813 3425 1840 3473 ).
1868 3418 2072 3472 Iternmqnc
2101 3434 2182 3461 cum
2216 3422 2276 3465 ait,
2303 3418 2359 3455 νω
2385 3410 2542 3452 τὶᾱεηιὶθιιε

1511 3487 1612 3536 (Luc.
1635 3488 1669 3524 6.
1687 3488 1736 3524 95
1757 3486 1786 3534 ).
1805 3497 1877 3524 non
1899 3487 2050 3531 addidit,
2071 3483 2266 3528 monachis,
2279 3480 2338 3519 sed
2363 3473 2541 3536 siml'lidff'

1511 3531 1563 3584 sic
1581 3531 1881 3595 omnibusvlegem
1902 3548 1993 3584 tulit.
2012 3547 2142 3594 Sicque
2172 3545 2254 3582 fecit
2283 3541 2384 3578 etiam
2415 3536 2445 3572 in
2479 3531 2543 3598 ill-“5

1510 3611 1678 3647 oumilms
1688 3611 1828 3657 magnis
1842 3610 2136 3656 mirabilibusque
2151 3605 2346 3655 praeceptis.
2363 3599 2444 3637 Cum
2460 3602 2540 3631 enim
2578 3626 2580 3632 ,

1511 3676 1558 3709 ait
1579 3675 1590 3719 (
1613 3673 1737 3709 Matth.
1757 3674 1794 3712 5.
1811 3674 1901 3711 5-12
1918 3675 1945 3721 ),
1977 3673 2075 3710 Beati
2097 3678 2268 3718 pauperes
2296 3665 2426 3712 spiritu.
2445 3659 2536 3721 luit”.l

1513 3742 1585 3779 tes,
1606 3736 1725 3774 mites.
1747 3719 1950 3773 esurientes
1968 3741 2004 3772 et
2036 3734 2196 3770 sitientes
2225 3727 2402 3776 justitiam,
2422 3719 2542 3756 miseri-

1511 3795 1652 3838 cordes.
1679 3797 1802 3833 mundi
1823 3796 1946 3837 corde,
1979 3794 2130 3842 paciﬁci.
2167 3791 2225 3839 qui
2261 3781 2540 3842 ιιθΐεε¹1¹³¹¹¹ίίξ¹⁵⁰ξ¹¹

1512 3834 1699 3903 patiuntur
1719 3863 1865 3905 propter
1892 3834 2080 3904 jnsliiiam,
2099 3834 2134 3891 et
2149 3834 2207 3900 qui
2240 3834 2338 3886 lauda
2356 3851 2390 3882 et
2419 3834 2540 3877 infanda
