3986 6196
409 324 513 377 373

411 451 505 504 pro
533 433 650 502 ipso
677 431 744 487 ab
769 429 852 494 iis,
881 428 966 498 qui
996 426 1124 481 foris
1153 433 1297 487 sunt,
1329 422 1578 476 audi‘nnt:
1615 435 1786 489 neque
1804 434 1971 473 sarcu-

410 524 551 588 laris,
583 537 753 590 neque
782 518 1024 574 monachi
1047 531 1239 571 nomen
1261 515 1512 583 apponit;
1543 512 1632 565 sed
1663 513 1774 564 haec
1789 511 1976 565 distin-

406 615 511 668 ctio
539 613 606 667 ab
633 612 902 664 hominum
932 618 1108 663 mente
1138 607 1350 661 inducta
1380 612 1480 659 est.
1517 603 1800 671 Seripturte
1847 615 1977 656 vero

408 703 540 758 nihil
571 709 762 756 norunt
791 699 1112 769 bujusmodi,
1140 698 1230 752 sed
1261 697 1441 752 volunt
1461 709 1643 749 omnes
1670 695 1826 747 vitam
1857 707 1976 747 mo-

410 795 697 846 nachorum
716 806 891 860 agere,
922 791 1082 844 etiam
1113 790 1155 843 si
1184 802 1375 842 uxores
1398 786 1644 838 habeant.
1669 783 1807 838 Audi
1834 785 1975 837 enim

407 881 530 952 quid
561 881 702 936 dicat
747 881 972 942 Paulus;
1002 895 1121 933 cum
1179 877 1398 931 Paulum
1448 874 1681 944 profero,
1710 873 1976 928 Christum

406 976 525 1028 dico
548 988 752 1027 rursus.
783 971 879 1027 Hic
896 972 1052 1042 igitur
1069 985 1186 1024 eum
1214 968 1508 1038 conjugatis
1533 967 1834 1021 hominibus
1855 967 1978 1020 scri-

407 1069 578 1132 beret,
613 1045 868 1134 filiosque.
900 1062 1270 1126 nutrientibus,
1314 1075 1525 1114 omnem
1571 1059 1638 1113 ab
1666 1059 1769 1112 illis
1796 1073 1977 1111 mona—

407 1164 591 1215 sticam
619 1158 943 1228 diligentiam
967 1157 1162 1224 exigit;
1193 1168 1310 1208 nam
1332 1153 1546 1207 delicias
1566 1166 1750 1205 omnes
1773 1151 1976 1220 penitus

409 1267 674 1316 resccans,
711 1263 817 1304 tum
846 1265 936 1305 eas
961 1265 1078 1318 quat
1103 1246 1166 1300 ad
1199 1255 1390 1310 vestes,
1421 1255 1528 1298 tum
1558 1259 1648 1299 eas
1672 1260 1786 1313 qua:
1806 1243 1870 1296 ad
1900 1243 1977 1297 ci-

411 1345 506 1400 bos
531 1344 818 1413 pertinent,
853 1341 965 1394 huic
992 1340 1065 1393 ait
1093 1357 1106 1392 :
1137 1337 1375 1392 Mulieres
1395 1338 1445 1389 in
1470 1335 1642 1388 habitu
1671 1343 1845 1388 ornato
1866 1349 1978 1386 cum

410 1433 702 1488 verecundia
721 1443 768 1486 et
795 1432 1057 1486 sobrietate
1077 1439 1308 1484 ornantes
1336 1445 1416 1494 se,
1442 1437 1484 1480 et
1506 1443 1605 1480 non
1633 1427 1684 1478 in
1713 1425 1851 1478 tortis
1876 1425 1978 1477 cri-

411 1525 573 1588 nibus,
593 1534 834 1586 autauro,
858 1530 942 1574 aut
962 1520 1265 1589 margaritis,
1287 1517 1364 1570 vel
1385 1528 1511 1570 veste
1531 1514 1807 1586 pretiosa(l
1822 1513 1976 1567 .Tim.

409 1618 462 1672 2.
498 1616 575 1686 9)
609 1631 624 1680 ;
652 1628 714 1668 ac
735 1628 966 1676 rursum,
1000 1611 1132 1677 Qua:
1176 1620 1342 1662 autem
1388 1609 1440 1661 in
1485 1608 1676 1660 deliciis
1698 1616 1788 1672 est,
1816 1607 1980 1659 vivens

411 1718 606 1759 mortua
627 1715 697 1758 est
723 1705 795 1774 (1.
821 1702 952 1757 Tim.
985 1703 1037 1756 5.
1061 1701 1114 1772 6)
1145 1718 1158 1766 ;
1189 1701 1503 1768 iterumque,
1539 1697 1788 1750 Habentes
1817 1705 1980 1749 autent

409 1803 665 1862 alimenta,
693 1808 736 1851 et
766 1794 942 1866 quibus
963 1803 1204 1865 tegantur,
1231 1793 1309 1845 his
1338 1791 1553 1845 contenti
1572 1791 1727 1844 simus
1752 1789 1824 1859 (l.
1843 1788 1976 1842 Tim.

411 1893 464 1947 6.
486 1891 560 1962 8).
589 1888 722 1958 Quid
744 1888 968 1956 amplius
991 1893 1165 1956 posset
1183 1885 1370 1953 aliquis
1392 1898 1418 1935 a
1444 1871 1716 1936 monachis
1735 1881 1981 1949 exigere?

411 1986 540 2040 Cum
563 1991 738 2036 autem
757 1981 889 2034 alios
916 1977 980 2032 ad
1004 1978 1229 2046 linguam
1258 1972 1629 2028 continendam
1659 1971 1979 2036 institueret,

408 2081 683 2130 accuratas
713 2086 922 2126 rursum
953 2069 1096 2138 leges
1137 2066 1321 2120 statuit
1348 2082 1360 2129 ;
1395 2063 1652 2132 talesque,
1710 2061 1892 2131 quales
1918 2076 2011 2116 ne.

409 2169 508 2238 ipsi
539 2165 750 2237 quidem
783 2161 1025 2216 monachi
1048 2159 1198 2213 facile
1221 2157 1491 2226 impleant.
1512 2153 1626 2209 Non
1646 2155 1785 2208 enim
1809 2153 1983 2222 turpi-

413 2258 669 2316 tudinem.
695 2263 747 2308 et
775 2251 1158 2319 stultiloquium
1183 2258 1405 2309 tantum,
1435 2245 1525 2299 sed
1556 2246 1712 2298 etiam
1739 2243 1982 2296 scurrili-

411 2357 572 2402 tatem
600 2345 838 2400 eliminat
870 2359 884 2394 :
913 2354 1016 2394 non
1041 2338 1292 2401 furorem,
1336 2337 1467 2389 iram
1506 2345 1557 2389 et
1580 2332 1982 2386 amaritudinem

412 2439 602 2500 solum,
641 2435 735 2491 sed
786 2432 944 2487 etiam
973 2431 1258 2486 clamorem
1288 2427 1354 2479 ab
1377 2441 1470 2480 ore
1497 2425 1727 2479 fidelium
1760 2431 1982 2478 resecat.

414 2529 613 2594 Omnis,
644 2526 831 2596 inquit,
864 2525 940 2576 ira
980 2532 1024 2575 et
1050 2519 1349 2590 indignatio,
1392 2527 1436 2570 et
1466 2517 1656 2570 clamor
1682 2525 1725 2566 et
1752 2514 1984 2581 blasphe-

414 2622 515 2672 mia
545 2618 754 2672 tollatur
781 2635 808 2666 a
836 2615 985 2675 vobis,
1022 2629 1133 2664 cum
1155 2611 1291 2664 omni
1323 2607 1515 2660 malitia
1543 2605 1755 2678 (Ep/tes.
1789 2607 1839 2659 -l.
1866 2607 1980 2675 5i).

413 2711 548 2763 Num
573 2711 686 2762 hare
714 2707 803 2760 tibi
834 2720 989 2774 parva
1015 2700 1662 2767 videnturiAtexspccta,
1693 2707 1744 2752 et
1768 2697 1848 2751 his
1874 2696 1987 2749 lon-

410 2819 479 2872 ge
499 2801 695 2870 majora
719 2797 920 2863 audies,
937 2811 1052 2866 qum
1075 2793 1142 2849 de
1168 2795 1424 2848 malorum
1451 2789 1722 2845 tolerantia
1742 2788 1987 2843 omnibus

413 2891 671 2962 [ir-.ccipit.
705 2889 820 2955 Sol,
869 2887 1056 2955 inquit,
1107 2902 1204 2938 non
1254 2885 1447 2937 occidat
1489 2896 1642 2950 super
1674 2881 1988 2933 iracundiam

412 2994 626 3035 t'c’sll'am
656 2981 674 3051 (
704 2978 968 3048 Ephesi.
1016 2976 1142 3047 9.6).
1182 2973 1354 3027 Videte
1399 2991 1462 3028 ne
1503 2975 1611 3040 quis
1655 2971 1846 3026 malum
1897 2987 1988 3039 pro

412 3073 548 3126 tr'alo
577 3071 807 3141 cuiquam
832 3069 1007 3121 reddat
1035 3081 1055 3130 ;
1083 3067 1168 3120 sed
1189 3081 1382 3130 semper
1406 3065 1537 3133 quod
1563 3064 1745 3116 bonum
1791 3071 1864 3116 est
1905 3077 1989 3116 se-

412 3164 620 3216 ctamini
641 3165 691 3214 in
711 3162 938 3225 invicem,
963 3169 1010 3212 et
1031 3162 1082 3211 in
1101 3173 1271 3211 omnes
1296 3155 1551 3223 (LThess.
1568 3154 1715 3222 5.15)
1742 3171 1755 3207 :
1781 3167 1844 3207 ae
1870 3169 1988 3207 rur~

414 3270 555 3319 sum,
580 3251 701 3306 Noli
719 3252 849 3305 vinci
875 3267 905 3302 a
926 3250 1079 3313 titulo,
1105 3247 1196 3301 sed
1211 3247 1348 3299 vince
1368 3246 1419 3298 in
1445 3245 1571 3298 bono
1599 3242 1785 3296 malum
1812 3241 1986 3313 (Rom.

416 3349 506 3403 1'2.
533 3347 598 3401 2-1
625 3348 669 3418 ).
703 3345 962 3400 Vidistine
983 3339 1329 3412 philosophia:
1357 3350 1410 3393 et
1439 3337 1851 3406 longanimitatis
1879 3349 1991 3390 nta-

413 3440 740 3512 gnitudinem
759 3437 823 3491 ad
843 3446 1148 3505 supremum
1173 3433 1382 3486 culmen
1408 3428 1826 3484 ascendentem?
1853 3428 1990 3482 Audi

416 3532 540 3598 quid
567 3530 636 3584 de
662 3530 904 3592 caritate,
924 3541 1042 3596 qua:
1068 3533 1149 3579 est
1177 3531 1335 3591 caput
1361 3522 1642 3585 bonorum,
1670 3520 1943 3590 praecipiat
1971 3536 1986 3573 :

417 3631 692 3690 postquam
747 3619 888 3672 enim
942 3631 1058 3671 eam
1109 3615 1412 3680 extulisset,
1465 3611 1686 3682 ejusque
1737 3612 1990 3680 pratelara

412 3720 561 3781 gesta
587 3714 875 3770 narrasset,
895 3706 1136 3761 eamdem
1164 3719 1222 3760 se
1241 3719 1270 3758 a
1291 3702 1632 3758 saecularibus
1647 3702 1861 3772 exigere
1887 3702 1988 3757 de-

411 3807 604 3870 clarat,
637 3817 796 3872 quam
833 3799 1078 3855 Christus
1103 3815 1134 3853 a
1189 3797 1487 3867 discipulis.
1532 3795 1988 3862 Quemadmodum

415 3897 820 3953 enim’Christus
840 3904 1134 3950 extremum
1153 3894 1388 3948 caritatis
1407 3891 1696 3947 terminum
1718 3903 1837 3945 esse
1859 3888 1992 3943 dixit

415 3989 645 4043 animam
677 4002 826 4042 suam
877 4000 1073 4054 ponere
1106 3999 1204 4054 pro
1232 3984 1416 4037 amicis
1443 3982 1572 4048 suis,
1619 3983 1696 4036 sic
1719 3989 1773 4036 et
1799 3979 1990 4035 Paulus

413 4080 642 4148 idipsum
670 4076 967 4131 subindicat
986 4076 1070 4128 his
1098 4074 1276 4127 verbis
1301 4091 1314 4125 τ
1337 4073 1535 4127 Caritas
1557 4085 1665 4126 non
1679 4072 1856 4141 qua'rit
1877 4085 1991 4140 quae

417 4188 507 4224 sua
529 4179 644 4223 sunt
669 4169 686 4239 (
712 4169 760 4222 1.
788 4166 904 4222 Cor.
927 4167 1013 4221 l5.
1042 4163 1130 4236 5),
1187 4175 1343 4234 atque
1389 4163 1690 4233 hujusmodi
1713 4163 1987 4217 caritatem

413 4260 608 4315 sectari
632 4261 649 4290 ι
677 4259 844 4327 jubet.
875 4258 948 4312 lta
978 4266 1036 4310 ut
1060 4258 1102 4310 si
1133 4256 1183 4309 id
1225 4257 1394 4310 solum
1435 4255 1633 4310 dictum
1669 4263 1842 4318 esset,
1873 4253 1988 4307 ido-

415 4366 575 4406 neum
608 4351 657 4404 id
685 4359 826 4405 esset
871 4357 1264 4419 argumentum,
1317 4349 1501 4403 eadem
1532 4349 1687 4418 ipsaa
1716 4347 1987 4404 saeculari-

415 4444 538 4510 bus,
567 4457 729 4512 qutea
758 4441 1051 4507 monachis,
1081 4442 1275 4511 requiri
1307 4442 1453 4494 :htec
1495 4441 1688 4510 quippe
1709 4451 1790 4493 cst
1811 4441 1990 4494 vincu-

418 4535 525 4587 lum
556 4545 607 4588 et
639 4534 786 4588 radix
838 4534 1018 4587 multa:
1048 4534 1291 4597 virtutis;
1335 4547 1475 4586 nunc
1506 4543 1681 4587 autem
1713 4533 1855 4586 illam
1885 4533 1989 4586 nii-

415 4627 641 4680 nutatim
684 4634 738 4679 et
767 4640 862 4694 per
905 4634 1083 4694 partes
1115 4623 1298 4678 refert.
1330 4623 1466 4689 Quid
1498 4625 1656 4694 igitur
1683 4622 1780 4678 hac
1810 4623 1987 4693 philo—

415 4715 602 4786 sophia
628 4715 799 4784 majus
825 4715 1163 4785 requiratur?
1188 4715 1319 4770 Cum
1347 4716 1488 4771 enim
1519 4717 1613 4780 ira,
1646 4719 1844 4779 furore,
1876 4718 1988 4770 cla-

418 4823 586 4873 more,
617 4808 959 4877 pecuniarum
1006 4808 1313 4878 cupiditate,
1345 4810 1548 4864 ventris
1597 4809 1848 4878 ingluvie,
1873 4824 1986 4861 ma-

413 4901 738 4970 gniﬁceutia,
762 4901 903 4955 inani
939 4901 1127 4972 gloria,
1172 4910 1226 4955 et
1280 4902 1438 4956 rebus
1486 4901 1606 4954 aliis
1649 4900 1988 4954 szecularibns

414 4992 719 5060 superiores
749 5007 845 5047 nos
872 5007 1012 5058 esse,
1035 5000 1089 5046 et
1107 4992 1237 5046 nihil
1266 5007 1386 5046 cum
1416 5001 1557 5047 terra
1587 5007 1868 5045 commune
1889 4989 1986 5043 ha-

417 5087 542 5139 bere
571 5086 1002 5154 praecipiat,cum
1047 5085 1283 5138 membra
1329 5095 1505 5138 neStra
1559 5083 1861 5150 morti/icore
1908 5083 1990 5152 ju-

418 5177 560 5239 beat,
587 5178 755 5244 palam
780 5186 860 5232 est
888 5192 1051 5231 euma
1073 5178 1226 5231 nobis
1253 5176 1490 5231 eamdem
1519 5178 1638 5229 vitae
1667 5176 1988 5246 diligentiam

417 5269 708 5335 requirere,
739 5283 894 5337 quam
925 5269 1166 5324 Christus
1187 5284 1216 5322 a
1242 5268 1538 5336 discipulis;
1569 5277 1726 5336 atque
1745 5283 1840 5323 nos
1869 5282 1989 5336 pec-

417 5361 550 5413 catis
578 5370 814 5414 mortuos
840 5376 959 5416 esse
989 5361 1145 5426 velle,
1177 5376 1239 5416 ae
1263 5360 1306 5414 si
1327 5360 1436 5428 jam
1492 5360 1684 5413 mortui
1719 5369 1772 5414 et
1797 5360 1987 5428 sepulti

418 5465 676 5507 essemus.
733 5453 1064 5523 Quapropter
1113 5453 1237 5507 dicit
1277 5472 1289 5506 :
1324 5452 1459 5506 Nam
1509 5453 1595 5523 qui
1644 5464 1868 5506 mortuus
1893 5461 1983 5518 est,

415 5545 722 5614 jastiﬁcatus
752 5557 824 5600 est
843 5561 873 5599 η
907 5547 1149 5610 peccatof
1179 5545 1326 5601 Rom.
1355 5546 1407 5600 6.
1437 5547 1468 5599 7
1494 5547 1535 5616 ).
1583 5545 1984 5617 N'atnumquam

484 5724 501 5753 '
537 5728 701 5783 Deest,
719 5725 906 5785 sectari,
930 5727 975 5773 in
995 5725 1179 5774 duobus
1200 5733 1298 5774 Msa.

1145 308 1507 368 ADVERSUS
1544 306 2079 363 OPPUGNATORES
2118 306 2296 361 ΥΙΤΑΕ
2322 308 2613 362 MOl‘lAST.
2655 308 2782 364 LIB.
2823 308 2910 364 lli.

3544 317 3646 372 δη

2084 418 2207 472 item
2236 419 2301 472 ad
2331 418 2545 485 Christi,
2581 437 2678 476 nec
2708 433 2907 490 tantum
2938 424 3002 478 ad
3048 425 3446 495 discipulorum,
3476 431 3648 487 imita-

2081 509 2278 561 tionem
2311 523 2406 562 nos
2427 510 2683 586 hortatur.
2715 513 2918 566 Etenim
2947 531 3065 570 cum
3091 532 3185 570 nos
3216 517 3531 576 hortaturad
3558 539 3649 578 ca-

2081 599 2310 662 ritatem,
2343 599 2464 654 inde
2518 601 2680 654 sumit
2721 604 2982 672 exempla,
3032 608 3377 677 snniliterque
3432 627 3548 665 cum
3581 613 3646 667 ad

2081 687 2394 754 injuriarum
2436 689 2776 759 oblivionem,
2836 703 2991 763 atque
3041 697 3104 749 ad
3152 699 3485 756 modestiam.
3517 705 3644 758 Cum

2082 777 2259 846 itaque
2286 794 2388 832 non
2434 775 2724 836 monachos
2775 792 2973 838 tantum
3021 801 3084 840 ac
3132 787 3442 859 discipulos,
3473 796 3565 849 sed
3593 804 3647 850 et.

2081 870 2253 938 ipsum
2285 872 2478 926 imitari
2528 873 2796 929 Christum
2823 876 3026 944 jubeat,
3071 887 3126 933 et
3165 896 3268 934 non
3322 885 3647 943 imitantibus

2083 963 2368 1016 maximum
2443 973 2602 1032 ponat
2637 967 2975 1036 supplicium,
3028 984 3130 1038 qua
3185 973 3396 1028 tandem
3443 979 3646 1035 ratione

2081 1053 2214 1107 dicis
2240 1055 2383 1109 illam
2413 1072 2532 1112 esse
2577 1058 2744 1128 major
2781 1076 2830 1112 nt
2875 1059 3250 1115 altitudinem?
3280 1065 3358 1118 Ad
3409 1071 3646 1124 eamdem

2082 1151 2220 1204 enim
2253 1152 2419 1220 ipsam
2453 1170 2639 1210 omnes
2688 1157 2929 1211 homines
2975 1163 3262 1217 ascendere
3319 1171 3562 1234 oportet:
3595 1177 3650 1222 et

2082 1241 2220 1307 quod
2250 1243 2550 1298 universum
2591 1249 2781 1302 evertit
2823 1250 3005 1304 orbem
3062 1252 3184 1305 illud
3231 1264 3332 1319 cst,
3361 1256 3500 1325 quod
3521 1259 3651 1312 solis

2083 1333 2355 1385 monachis
2382 1333 2468 1387 illa
2495 1335 2764 1404 diligentia
2793 1354 2925 1406 opus
2967 1356 3086 1396 esse
3117 1352 3380 1412 putemus,
3412 1349 3648 1402 caneris-

2084 1439 2185 1492 que
2215 1425 2540 1496 negligenter
2585 1430 2763 1485 vivere
2795 1432 2970 1487 licere.
3005 1434 3117 1488 Non
3152 1436 3217 1489 ita
3263 1453 3409 1502 sane,
3444 1457 3546 1494 non
3582 1443 3650 1495 ita

2084 1524 2183 1574 est,
2209 1515 2301 1569 sed
2348 1517 2530 1572 eadem
2559 1520 2625 1572 ab
2660 1522 2906 1577 omnibus
2946 1523 3277 1595 philosophia
3324 1533 3608 1600 requiritur
3637 1553 3650 1586 :

2085 1604 2244 1674 idque
2278 1606 2617 1664 vehementer
2647 1613 3025 1668 al'tirmavcrim
3053 1634 3068 1680 ;
3094 1616 3198 1670 imo
3247 1635 3370 1674 vero
3399 1638 3499 1673 non
3531 1640 3647 1694 ego.

2083 1695 2246 1751 sedis
2270 1699 2355 1766 qui
2384 1700 2826 1768 nosjudicaturus
2861 1713 2959 1758 cst.
3011 1703 3100 1760 Sin
3137 1705 3310 1763 adhuc
3349 1714 3554 1766 ini-raris
3604 1726 3657 1767 et

2087 1786 2276 1853 lucres,
2320 1804 2414 1858 age
2451 1806 2656 1844 rursum
2704 1808 2769 1847 ex
2811 1793 2997 1848 iisdem
3042 1799 3446 1867 seaturiginibus
3496 1819 3650 1858 aures

2086 1884 2204 1931 tuas
2237 1879 2574 1947 inundemus,
2605 1891 2664 1936 ut
2690 1884 2861 1938 omnis
2891 1885 3270 1942 incredulitatis
3296 1900 3394 1943 tino
3426 1897 3654 1963 nequitia

2085 1967 2348 2023 abluatur.
2374 1971 2698 2026 Documenta
2741 1989 2867 2029 vero
2897 1991 3099 2032 sumam
3130 1995 3195 2034 ex
3240 1982 3510 2050 suppliciis
3548 1985 3652 2038 diei

2087 2059 2244 2113 illius.
2279 2061 2434 2114 Dives
2471 2062 2586 2128 ille,
2619 2079 2723 2116 non
2752 2065 2891 2134 quod
2921 2067 3209 2123 monachus
3242 2071 3468 2126 crudelis
3495 2087 3654 2139 esset,

2087 2149 2207 2203 ideo
2224 2151 2589 2206 vehementius
2614 2155 2966 2224 cruciabatur,
3007 2159 3098 2212 sed
3125 2160 3165 2212 si
3196 2162 3319 2232 quid
3347 2180 3373 2214 a
3401 2164 3551 2218 nobis
3580 2165 3657 2218 in-

2086 2250 2297 2295 ventum
2317 2243 2455 2312 loqui
2483 2241 2559 2297 fas
2579 2244 2664 2309 sit,
2694 2245 2813 2314 quia
2853 2248 3118 2302 swcularis
3172 2265 3290 2303 cum
3315 2261 3477 2320 esset,
3503 2253 3552 2307 in
3582 2255 3658 2307 di-

2088 2331 2225 2385 vitiis
2256 2341 2308 2386 et
2330 2333 2379 2386 in
2410 2349 2636 2402 purpura
2661 2335 2878 2404 degens.
2907 2337 3162 2392 Lazarum
3191 2341 3240 2393 in
3264 2352 3498 2396 extrema
3529 2361 3656 2412 pau-

2089 2433 2293 2492 pertate
2319 2425 2581 2478 viventem
2609 2425 2870 2495 despexit.
2891 2429 3150 2482 Caeterum
3171 2447 3340 2500 neque
3367 2432 3466 2488 hoc
3489 2451 3658 2504 neque

2090 2514 2216 2568 illud
2248 2515 2439 2581 dicam,
2464 2517 2555 2570 sed
2574 2519 2743 2571 solum
2770 2519 2890 2586 quia
2914 2521 3145 2576 (ηυδε-ΠΒ
3167 2533 3298 2587 erat,
3320 2525 3437 2578 ideo
3459 2525 3660 2594 majore

2090 2604 2225 2672 ignis
2269 2607 2524 2674 supplicio
2573 2609 2907 2677 puniebatur.
2961 2611 3204 2682 Virgines
3253 2630 3482 2687 quoque,
3539 2620 3662 2689 quia
3717 2637 3722 2640 '

2091 2693 2470 2750 humanitatem
2514 2696 2968 2766 posthabuerunt,
3004 2702 3120 2756 ideo
3149 2719 3177 2756 a
3224 2705 3454 2761 thalamo
3481 2714 3660 2778 Sponsi

2089 2785 2314 2854 repulsa:
2339 2796 2461 2840 sunt
2484 2804 2497 2852 ;
2529 2803 2590 2841 ac
2616 2789 2657 2841 si
2687 2790 2810 2858 quid
2832 2807 2861 2844 a
2884 2792 3035 2846 nobis
3057 2795 3183 2863 ipsis
3203 2795 3379 2852 dicere
3406 2813 3537 2867 opus
3558 2801 3656 2867 sit,

2092 2889 2194 2929 non
2224 2875 2395 2930 solum
2424 2877 2525 2930 illis
2547 2878 2810 2934 cruciatus
2842 2896 2943 2934 non
2993 2883 3131 2937 aucti
3179 2894 3320 2948 sunt,
3347 2888 3485 2957 quod
3515 2890 3660 2961 virgi-

2093 2966 2308 3019 nitatem
2361 2967 2668 3032 coluissent,
2711 2970 2806 3025 sed
2855 2972 3093 3028 mitiores
3128 2974 3246 3030 ideo
3284 2976 3515 3033 fuerunt.
3548 2980 3661 3036 Non

2092 3059 2524 3114 cnimaudierunt
2555 3079 2568 3114 :
2595 3060 2675 3117 Ite
2714 3063 2768 3116 in
2804 3063 2968 3133 ignem
3025 3077 3257 3136 paratum
3283 3070 3481 3125 diabolo
3502 3083 3547 3126 et
3566 3090 3662 3127 an-

2091 3153 2214 3222 gelis
2263 3153 2372 3224 ejus
2403 3151 2630 3227 (Matth.
2677 3154 2764 3212 25.
2815 3156 2923 3231 41)
2951 3173 2964 3221 ;
2995 3159 3087 3213 sed
3132 3169 3358 3227 tantum,
3389 3163 3510 3220 Non
3554 3170 3665 3221 novi

2091 3258 2196 3298 vos.
2220 3243 2274 3298 Si
2292 3246 2411 3313 quis
2438 3261 2563 3302 vero
2583 3245 2724 3301 dicat
2757 3249 2856 3302 hoc
2877 3261 2930 3303 et
2960 3249 3085 3305 illud
3123 3250 3351 3323 idipsum
3374 3271 3512 3321 esse,
3536 3257 3663 3312 nihil

2092 3337 2415 3406 repugnabo.
2433 3337 2563 3392 Nam
2591 3340 2732 3409 quod
2758 3340 2884 3395 mihi
2907 3357 3046 3396 nunc
3080 3347 3361 3403 ostendere
3388 3349 3663 3420 incumbit,

2092 3425 2220 3480 illud
2247 3436 2348 3490 est,
2372 3429 2514 3497 quod
2545 3429 2924 3485 monachorum
2970 3435 3074 3488 vita
3103 3452 3206 3490 non
3231 3441 3471 3507 graviora
3499 3455 3666 3499 attra-

2094 3516 2185 3571 hat
2207 3519 2456 3586 supplicia
2483 3520 2612 3583 ;sed
2636 3520 2773 3589 quod
2805 3523 3086 3578 saeculares
3103 3526 3288 3582 eadem
3332 3543 3544 3598 peccata
3567 3535 3666 3588 ad-

2092 3607 2362 3662 mittentes
2404 3609 2590 3662 iisdem
2639 3611 2746 3664 sint
2794 3612 2965 3681 poenis
3019 3615 3256 3671 obnoxii.
3290 3618 3338 3673 ls
3381 3623 3523 3676 enim
3575 3627 3663 3695 qui

2091 3699 2322 3754 sordidis
2341 3700 2574 3754 vestibus
2599 3701 2823 3756 amictus
2841 3712 2973 3768 erat,
2992 3714 3045 3760 et
3073 3707 3116 3760 is
3142 3709 3228 3777 qui
3257 3721 3470 3766 centum
3499 3713 3667 3769 dena-

2092 3788 2202 3843 rios
2227 3789 2486 3859 exigebat,
2508 3805 2612 3845 non
2640 3793 2779 3862 quod
2809 3795 3052 3851 monachi
3071 3807 3250 3855 essent
3277 3816 3337 3855 ea
3360 3804 3497 3872 passi
3523 3813 3665 3874 sunt,

2093 3897 2210 3951 qua:
2237 3883 2377 3951 passi
2424 3883 2758 3951 referuntur;
2805 3888 2900 3942 sed
2949 3891 3086 3944 alter
3134 3892 3204 3947 ob
3243 3892 3665 3961 fornicationem,

2093 3973 2232 4028 alter
2250 3973 2388 4044 quod
2417 3989 2520 4028 non
2549 3976 2934 4044 condonasset,
2951 3981 3242 4049 perierunt.
3287 3984 3353 4039 Et
3379 3987 3509 4041 alios
3530 4003 3664 4058 quo-

2092 4080 2194 4134 que
2221 4067 2485 4135 supplicio
2511 4076 2636 4122 tunc
2661 4069 2877 4124 all‘ectos
2902 4073 2946 4125 si
2983 4074 3101 4142 (piis
3143 4087 3440 4144 percurrat,
3470 4080 3663 4150 depre-

2097 4158 2292 4214 hendet
2321 4173 2414 4213 eos
2441 4170 2657 4229 propter
2688 4173 2902 4230 peccata
2957 4166 3128 4220 solum
3171 4183 3354 4238 ptenas
3391 4171 3569 4226 luisse.
3608 4172 3664 4228 ld

2095 4263 2222 4304 vero
2241 4251 2426 4304 ‘nonin
2456 4251 2727 4321 suppliciis
2759 4261 2984 4319 tantum,
3018 4257 3110 4310 sed
3141 4258 3190 4311 in
3218 4260 3666 4316 admonitionibus

2093 4355 2304 4412 quoque
2333 4345 2741 4399 animadvertas.
2775 4346 2906 4400 Nam
2946 4363 3063 4401 cum
3094 4349 3255 4405 dicit:
3299 4351 3471 4407 Venite
3497 4356 3562 4408 ad
3593 4373 3670 4409 me

2093 4449 2263 4486 omnes
2287 4434 2371 4502 qui
2393 4434 2629 4488 taboratis
2658 4446 2702 4489 et
2729 4438 2920 4489 onerati
2944 4439 3079 4504 estis,
3109 4449 3153 4491 et
3203 4456 3292 4511 ego
3318 4443 3538 4511 reﬁciant
3561 4462 3664 4499 vos.

2098 4522 2280 4578 Tollite
2288 4525 2473 4595 jugum
2500 4540 2665 4579 meum
2691 4544 2842 4596 super
2859 4543 2964 4592 tios,
2997 4540 3041 4583 et
3066 4530 3240 4584 discite
3267 4549 3296 4584 a
3324 4551 3400 4588 me
3424 4538 3542 4604 quia
3566 4539 3664 4590 mi-

2093 4615 2156 4667 tis
2179 4631 2289 4667 sum
2319 4626 2365 4668 et
2383 4616 2585 4669 humilis
2605 4618 2774 4679 corde,
2802 4627 2845 4670 et
2876 4620 3134 4673 invenietis
3161 4625 3376 4692 requiem
3399 4627 3663 4683 animabus

2093 4707 2264 4760 vestris
2297 4706 2505 4775 (Matth.
2533 4709 2618 4763 ll.
2638 4709 2707 4763 28
2734 4710 2751 4780 )
2780 4725 2793 4772 ;
2825 4727 2929 4763 nun
2954 4714 3228 4769 monachis
3257 4726 3457 4772 tantum
3490 4722 3663 4793 10(ιυὶ-

2095 4807 2196 4860 tur,
2226 4799 2318 4852 scd
2345 4800 2438 4852 toti
2469 4799 2698 4853 humano
2739 4803 2940 4871 generi.
2989 4804 3229 4875 Cumque
3270 4808 3418 4878 jubet
3445 4827 3541 4881 per
3567 4831 3665 4869 an-

2094 4901 2296 4961 gustam
2323 4892 2567 4946 incedere
2592 4894 2750 4956 viam,
2782 4911 2886 4947 non
2946 4896 3064 4950 illos
3119 4899 3300 4966 modo,
3359 4904 3451 4958 sed
3482 4920 3667 4961 omnes

2095 4984 2338 5039 homines
2362 4985 2648 5054 alloquitur
2679 5004 2691 5038 :
2720 4996 2771 5041 et
2796 4988 3026 5042 animam
3077 5006 3225 5046 suam
3253 4995 3378 5050 odio
3402 4997 3596 5052 habere
3615 4999 3663 5052 in

2096 5079 2196 5133 hoc
2233 5079 2455 5146 mundo,
2483 5090 2534 5134 et
2563 5081 2753 5135 similia
2782 5085 2957 5136 omnia
2992 5088 3254 5141 universis
3302 5090 3499 5156 pariter
3525 5106 3662 5158 pra:-

2095 5173 2254 5240 eepit.
2282 5171 2414 5224 Cum
2460 5181 2637 5227 autem
2671 5190 2772 5228 non
2825 5178 3069 5232 omnibus
3106 5179 3334 5246 loquitur
3360 5182 3438 5232 vel
3493 5181 3662 5250 legent

2094 5261 2205 5328 dat,
2236 5263 2462 5332 idipsum
2492 5264 2643 5319 nobis
2669 5268 2840 5334 palam
2870 5268 3012 5322 facit.
3040 5269 3171 5323 Cum
3203 5271 3377 5338 itaque
3405 5271 3470 5325 de
3499 5273 3663 5341 virgi-

2096 5355 2259 5407 nitate
2301 5354 2626 5424 loqueretur,
2683 5357 2875 5422 intulit,
2903 5359 3002 5424 Qui
3048 5368 3207 5427 potest
3253 5376 3432 5427 capere
3471 5364 3663 5430 capiat-

2098 5442 2116 5515 (
2151 5443 2334 5497 Matth.
2365 5446 2451 5498 l9.
2483 5445 2550 5498 1‘2
2577 5445 2620 5513 ),
2643 5462 2813 5516 neque
2859 5448 3005 5512 illud,
3039 5449 3220 5513 omnis,
3254 5450 3529 5518 adjiciens,
3562 5469 3659 5507 ne-

2093 5550 2196 5604 que
2223 5535 2272 5589 id
2305 5536 2354 5589 in
2384 5539 2630 5606 princepti
2658 5537 2822 5592 forma
2853 5539 3110 5592 statuens.
3133 5540 3220 5595 Sic
3245 5541 3401 5610 etiam
3428 5545 3617 5599 Paulus
3646 5565 3658 5596 :

2097 5641 2215 5681 nam
2247 5627 2549 5696 Magistrum
2581 5628 2775 5697 ubique
2820 5629 3010 5683 imitari
3054 5629 3486 5698 deprehenditur,
3510 5652 3659 5689 cunt-

2093 5734 2196 5792 que
2222 5719 2274 5774 in
2304 5719 2441 5776 idem
2465 5729 2827 5790 argumentum
2853 5720 3142 5788 incidisset,
3172 5726 3378 5784 aiebat:
3409 5727 3486 5786 De
3511 5729 3661 5796 virgi-
