2734 4342
347 219 416 238 9"!‘5

347 232 418 254 ῦὸ.)

348 298 448 334 nibus
466 302 581 332 autem
602 298 811 340 prwceptum
830 290 972 327 Domini
1002 302 1071 327 non
1107 291 1278 338 lutbeo(l.
1296 291 1375 328 Cor.
1393 293 1430 330 τ.

342 359 392 396 25
407 360 433 404 ).
456 355 558 401 Quod
575 354 681 401 igitur
700 352 1009 390 etsaacularetnet
1027 353 1245 390 monachum
1267 353 1312 390 ad
1328 353 1425 390 idem

341 428 516 456 cacumen
536 416 742 464 pertingere
758 421 938 463 oporteat,
957 421 993 452 et
1009 415 1106 463 quod
1128 422 1281 462 uterque
1304 415 1431 464 lapsus

343 480 470 519 eadem
488 479 638 516 vulnera
660 483 876 526 accepturus
895 478 956 524 sit,
992 487 1038 514 ne
1067 476 1263 514 admodum
1285 477 1433 526 quidem

340 543 612 580 contentiosum
645 547 682 579 et
712 541 964 589 impudentem
1006 539 1180 588 deinceps
1211 547 1429 589 negaturum

338 612 440 654 puto.
1306 633 1310 637 .

387 669 447 706 f5.
469 668 546 706 Hoc
559 675 680 706 autem
712 674 838 716 aperte
858 668 1122 712 demonstrato,
1143 679 1210 716 age
1232 669 1319 707 illud
1337 679 1432 718 quo-

337 744 408 782 que
426 733 667 781 inquiramus,
689 733 770 782 quis
789 732 939 770 facilius
970 733 1138 780 lapsurus
1158 734 1218 770 sit.
1245 733 1354 771 Certe
1373 734 1433 772 hic

338 806 411 832 non
444 796 708 844 perquisitione
732 806 824 844 opus
845 802 930 840 est;
962 795 1224 833 continentiam
1251 797 1387 844 quippe
1401 797 1431 834 is

337 861 398 908 qui
415 871 564 898 uxorem
585 860 710 904 habet,
729 859 868 898 facilius
885 859 1060 904 servabit,
1078 866 1204 908 utpote
1223 864 1281 908 qui
1301 861 1431 898 solatio

339 923 452 960 multo
463 923 602 960 fruatur
620 935 627 959 :
647 923 680 959 in
700 923 849 970 reliquis
863 929 985 959 autem
1007 932 1078 959 non
1100 924 1148 959 ita
1161 923 1258 960 clara
1277 934 1336 961 res
1355 929 1427 960 est.

329 984 472 1023 Verum
495 987 529 1023 in
561 986 621 1022 illa
641 996 786 1033 quoque
816 995 858 1022 re
887 986 1009 1032 plures
1032 985 1194 1022 videmus
1210 985 1427 1033 coujugato—

333 1061 415 1087 rum
437 1050 582 1094 cadere,
599 1061 706 1097 quam
735 1049 1013 1086 tnmtachorum.
1042 1048 1166 1096 Neque
1195 1049 1292 1086 enim
1312 1055 1364 1085 tot
1383 1059 1429 1085 ex

333 1113 569 1150 monasteriis
591 1113 635 1149 ad
663 1112 808 1160 nuptias
844 1117 1047 1156 transeunt,
1065 1117 1152 1159 quot
1183 1121 1227 1148 ex
1246 1111 1427 1159 coujugali

331 1183 415 1213 toro
436 1176 478 1213 ad
497 1183 632 1214 scorta.
649 1176 754 1222 Quod
770 1175 800 1212 si
826 1175 862 1212 in
881 1175 1145 1212 certaminibus
1163 1174 1234 1211 illis
1248 1175 1314 1211 sibi
1341 1174 1427 1210 faci-

330 1239 429 1275 libus
443 1249 556 1286 usque
571 1237 663 1275 adeo
683 1239 908 1286 frequentius
929 1237 1074 1280 cadant,
1094 1236 1179 1284 quid
1195 1236 1232 1274 in
1251 1236 1330 1273 aliis
1345 1237 1426 1273 atti-

331 1301 380 1338 mi
415 1300 605 1338 afl‘eetibus
641 1301 771 1338 facturi
806 1306 905 1346 sunt,
940 1300 999 1337 ubi
1039 1300 1156 1348 magis
1193 1299 1424 1346 exagitantur

329 1375 438 1412 qttatn
460 1363 628 1401 monachi
648 1363 663 1400 ?
685 1363 776 1400 Nam
799 1363 1094 1410 concupiscentia
1117 1361 1263 1409 quidem
1279 1360 1346 1397 hos
1357 1371 1424 1398 ve-

328 1426 538 1464 hementius
553 1425 731 1470 stimulat,
755 1432 882 1473 utpote
903 1425 963 1472 qui
984 1425 1123 1460 milium
1148 1423 1308 1461 habeant
1339 1433 1422 1460 cum

329 1489 544 1526 mulieribus
563 1487 803 1525 consortium.
841 1487 998 1534 Reliqua
1020 1496 1106 1523 vero
1129 1485 1174 1522 ad
1201 1485 1266 1522 hos
1312 1495 1424 1532 prope

328 1549 508 1588 accedere
521 1555 730 1598 nequeunt;
751 1549 834 1586 illos
852 1557 974 1586 autem
996 1548 1179 1586 violenter
1190 1548 1419 1593 adoriuntur,

327 1620 365 1650 et
390 1625 409 1649 a
438 1613 558 1660 capite
577 1612 818 1662 prmcipitaut.
841 1611 948 1658 Quod
963 1612 1008 1657 si,
1032 1611 1090 1648 ubi
1106 1611 1314 1649 violentiori
1326 1611 1424 1648 bello

329 1685 546 1724 premuntur
568 1675 995 1723 monachi,frequontius
1013 1681 1200 1723 superant,
1225 1685 1334 1723 quam
1354 1675 1420 1718 illi,

327 1751 410 1776 cum
429 1740 561 1787 quibus
581 1740 772 1776 remissius
792 1740 925 1787 agitur,
954 1739 1073 1786 palam
1094 1746 1151 1776 est
1176 1749 1240 1776 eos
1257 1739 1293 1776 in
1309 1744 1422 1776 caete-

326 1803 391 1846 ris,
413 1802 472 1838 ubi
496 1811 567 1838 non
583 1801 827 1848 exagitantur,
845 1800 997 1838 firmiter
1016 1801 1252 1839 constituros.
1276 1802 1420 1839 Etenim

326 1864 492 1912 pecunia:
507 1874 625 1909 amor,
658 1865 818 1912 itemque
859 1863 1156 1910 concupiscentia
1190 1863 1420 1912 deliciarum,

326 1928 512 1976 potentiae,
546 1928 844 1975 reliquorumque
871 1926 1034 1963 omnium
1052 1954 1062 1972 ,
1103 1927 1245 1965 facilius
1281 1927 1418 1974 abhis,

326 2003 434 2039 quam
454 2002 474 2030 a
492 1991 742 2035 saacularibus,
763 1990 859 2028 vinci
881 1990 1016 2027 solent.
1046 1989 1158 2036 Quasi
1195 1991 1231 2028 in
1252 1992 1332 2029 acie
1351 1991 1421 2040 igi-

327 2064 388 2094 tur
403 2064 512 2105 atque
531 2057 568 2093 in
592 2056 717 2103 prmlio
739 2055 833 2093 hanc
853 2054 942 2092 belli
969 2060 1112 2103 partem
1141 2054 1319 2093 leviorem
1338 2066 1421 2094 esse

326 2120 504 2166 dicemus,
524 2129 597 2156 non
620 2119 655 2156 in
673 2128 744 2166 qua
785 2127 880 2156 unus
899 2127 1010 2165 super
1026 2118 1138 2155 alium
1156 2124 1192 2156 ct
1212 2117 1422 2167 frequentes

327 2182 474 2226 cadunt,
497 2180 562 2218 sed
597 2181 634 2218 in
667 2191 738 2229 qua
759 2180 863 2228 pauci
881 2185 919 2218 et
938 2179 1011 2218 rari
1033 2191 1042 2216 :
1061 2181 1117 2218 sic
1134 2179 1235 2219 etde
1255 2180 1312 2220 his
1331 2191 1420 2220 sen-

326 2244 478 2281 tentiam
494 2243 589 2281 ferre
608 2253 674 2290 par
705 2247 775 2280 est.
804 2241 994 2290 Siquidem
1017 2242 1209 2280 avaritiam
1236 2253 1310 2282 non
1341 2244 1418 2290 ille,

327 2307 387 2354 qui
407 2307 442 2343 in
461 2305 582 2343 medio
597 2315 723 2343 rerum
740 2310 920 2355 versatur,
950 2304 1016 2344 sed
1051 2306 1126 2351 hic,
1146 2306 1208 2354 qui
1227 2306 1262 2344 iu
1282 2307 1419 2345 monti-

328 2369 395 2406 bus
414 2367 566 2411 residet,
589 2368 730 2409 facilius
765 2368 968 2416 superabit.
993 2368 1086 2407 Nam
1109 2369 1171 2408 ille
1188 2376 1289 2409 certe
1317 2371 1420 2408 nullo

328 2432 475 2478 negotio
492 2431 658 2478 capietur
674 2441 684 2468 ε
702 2431 733 2468 is
746 2441 835 2469 vero
853 2431 915 2480 qui
934 2431 1086 2469 avaritia
1105 2433 1318 2480 corripitur,
1336 2444 1419 2471 cum

326 2494 526 2532 idololatris
549 2494 846 2533 annumerandus
872 2501 944 2533 est.
967 2495 1020 2532 Ac
1040 2496 1244 2534 monachus
1271 2497 1418 2545 quidem

326 2559 550 2607 propinquos
565 2563 601 2596 et
616 2558 816 2596 familiares
849 2567 922 2596 non
949 2557 1142 2607 despiciet,
1177 2559 1208 2597 si
1247 2560 1420 2607 pecunias

327 2621 473 2668 habeat,
494 2621 559 2660 sed
591 2621 741 2670 largiter
759 2621 804 2659 iis
830 2621 911 2660 illas
942 2622 1128 2668 effundet;
1151 2622 1212 2660 ille
1245 2633 1332 2661 vero
1347 2634 1419 2662 non

329 2692 470 2724 tantum
491 2696 556 2724 eos
575 2686 770 2734 despiciet,
793 2695 919 2724 verum
941 2686 1050 2724 etiam
1072 2685 1178 2724 ircdet
1192 2696 1264 2726 non
1281 2688 1416 2733 minus,

326 2762 435 2799 quam
455 2751 607 2789 alienos.
633 2749 745 2797 .Quod
764 2749 930 2799 profecto
948 2749 1048 2788 aliud
1067 2749 1285 2790 idololatria:
1303 2761 1420 2800 genus

327 2820 384 2853 est
404 2814 518 2862 priori
536 2814 642 2862 longe
658 2813 818 2862 gravius.
839 2812 979 2862 Ecquid
999 2813 1070 2850 alia
1084 2813 1206 2851 omnia
1223 2823 1419 2852 recensere

325 2888 432 2926 opus,
453 2888 535 2926 quae
548 2887 630 2916 cum
642 2887 663 2915 a
677 2876 868 2916 monachis
887 2876 1029 2914 facilius
1046 2881 1280 2925 superentur,
1299 2886 1418 2914 saecu-

329 2940 426 2978 lares
439 2951 521 2979 cum
539 2940 770 2979 vehementia
788 2933 966 2988 dejiciitnt
981 2939 996 2976 ?
1013 2938 1088 2978 Cur
1101 2949 1189 2988 ergo
1204 2949 1277 2977 non
1296 2939 1417 2984 times,

327 3012 394 3040 cur
405 3014 476 3040 non
494 3003 668 3051 trepidas,
695 3002 782 3040 dum
805 3001 902 3040 hanc
917 3002 1028 3039 vitam
1059 3001 1151 3050 agis.
1175 3000 1267 3039 ubia
1287 3002 1417 3050 nequi-

328 3065 379 3102 tia
393 3065 465 3104 cito
478 3067 662 3114 capieris?
678 3065 774 3105 Num
803 3065 870 3104 tibi
889 3076 1040 3114 parvum
1066 3064 1154 3114 quid
1174 3064 1318 3103 videtur
1335 3075 1419 3102 esse

329 3128 535 3166 idololatria
552 3130 683 3175 teneri,
705 3136 742 3167 et
760 3129 966 3168 infidelibus
980 3129 1199 3168 deteriorem
1219 3139 1316 3175 esse,
1331 3129 1417 3166 Dei-

329 3201 400 3238 que
411 3191 600 3229 servitium
615 3193 787 3240 operibus
798 3193 996 3240 abnegare,
1013 3203 1095 3240 quae
1113 3191 1235 3230 omnia
1261 3191 1417 3235 facilius,

328 3265 437 3302 quam
455 3254 636 3298 menachi,
656 3255 839 3303 patientur
853 3255 878 3293 ii
900 3255 963 3304 qui
993 3255 1129 3293 steculo
1146 3253 1280 3292 addicti
1299 3259 1386 3291 sunt
1403 3252 1419 3288 ?

331 3316 488 3354 Videsne
503 3317 597 3364 quod
611 3327 710 3354 mera
743 3317 841 3355 fictio
861 3324 981 3355 metus
1005 3317 1075 3356 iste
1091 3317 1165 3355 sit?
1180 3315 1269 3354 Nam
1289 3316 1319 3353 si
1337 3326 1416 3353 meo

329 3379 506 3418 tuendum
525 3386 636 3425 esset,
674 3391 746 3417 non
766 3381 836 3418 illis
855 3387 953 3419 certe
970 3381 1222 3423 metuendum.
1251 3380 1311 3428 qui
1330 3390 1418 3428 pro-
1470 3426 1472 3428 _

327 3442 442 3480 cellas
467 3441 621 3490 fugiunt,
653 3452 720 3480 nec
751 3443 822 3480 illis
849 3444 912 3491 qui
940 3444 986 3482 ad
1015 3451 1160 3492 portum
1194 3443 1368 3480 festinant
1389 3443 1416 3484 ',

330 3505 395 3543 sed
416 3506 474 3551 iis,
497 3506 559 3553 qui
591 3507 750 3553 procella
768 3513 805 3544 et
827 3512 1044 3556 tempestate
1073 3508 1271 3555 iactantur.
1305 3506 1419 3542 Citius

329 3570 426 3606 enim
444 3569 529 3606 hinc
541 3569 727 3618 naufragia
747 3570 921 3617 timenda,
940 3570 1037 3619 quod
1057 3571 1160 3618 plura
1176 3570 1249 3606 siut
1270 3573 1416 3616 pertur-

327 3631 462 3677 bantia,
481 3639 515 3669 et
532 3633 721 3680 segniores
740 3633 779 3678 ii,
795 3633 856 3681 qui
874 3634 1046 3670 resistere
1060 3633 1210 3670 debent.
1235 3631 1300 3668 Hic
1327 3639 1416 3667 vero

329 3705 400 3732 non
420 3702 473 3733 tot
501 3695 633 3733 ﬂuctus
661 3697 856 3741 habentur,
897 3695 962 3733 sed
992 3705 1121 3742 magna
1161 3694 1415 3742 tranquillitas,

330 3758 518 3805 majorque
534 3759 721 3807 diligentia
738 3770 880 3802 eorum,
895 3767 987 3806 quos
998 3757 1175 3794 adversus
1196 3757 1256 3793 illa
1275 3766 1416 3804 pugna-

327 3825 534 3865 reoportet.
569 3820 814 3865 Quamobrem
849 3829 916 3857 nos
945 3819 982 3855 in
1018 3818 1203 3856 desertum
1238 3817 1416 3854 trahimus

329 3889 407 3924 eos,
428 3891 500 3918 non
518 3889 557 3918 ut
574 3892 680 3920 sacco
696 3883 905 3924 induantur,
925 3891 996 3918 n0n
1015 3885 1056 3917 ut
1072 3879 1234 3916 cinerem
1252 3880 1418 3917 subster-

371 3956 382 3977 ι
401 3956 514 3997 verba.
527 3966 584 3991 nec
600 3957 666 3993 illis
675 3957 731 4001 qui
742 3957 787 3992 ad
795 3961 925 4001 portum
940 3955 1105 4000 [εειὺιαπι.
1117 3957 1151 3990 in
1158 3955 1269 3990 Morel.
1279 3955 1414 3991 desunt.

833 213 872 250 S.
901 211 1092 250 JOANNIS
1112 211 1436 252 CHRYSOSTOMI
1465 213 1682 252 ARCHIEP.
1711 215 2078 254 CONSTANTINOP.
2475 228 2533 266 373
2601 218 2604 222 ’

1512 295 1623 330 nant‘
1646 301 1800 338 tantum,
1821 295 1884 331 sed
1906 295 1939 330 in
1961 295 2083 341 primis
2095 296 2218 333 utvitia
2247 297 2380 345 fugiant,
2405 303 2533 351 eligant.

1507 366 1577 402 que
1596 357 1778 394 virtutem.
1798 356 1890 402 Quid
1927 357 2034 404 igitur
2053 357 2067 393 Τ
2099 368 2266 397 omnesne
2289 363 2448 410 euujugati
2465 377 2531 414 per.

1507 416 1613 456 ibunt
1631 418 1647 454 ?

1555 481 1750 519 δέει-αἰανῆ
1771 482 1896 530 majori
1912 493 1992 518 cum
2009 481 2201 530 diﬂicullate
2214 487 2293 522 salui
2313 487 2403 534 fiunt.
2418 511 2458 517 —
2468 491 2528 530 Non

1507 544 1675 591 equidem
1691 544 1727 581 id
1752 545 1853 590 dico,
1875 545 1940 583 sed
1967 546 2161 593 majoribus
2191 559 2251 586 eos
2267 550 2432 590 laboribus
2444 555 2533 592 obnt»

1508 606 1588 644 Iios
1606 617 1703 651 esse,
1733 608 1763 645 si
1779 609 1935 646 salutem
1963 610 2134 658 consequi
2163 611 2282 656 velint,
2314 614 2408 662 idque
2425 617 2466 654 ob
2481 619 2534 655 im-

1507 671 1708 708 minentem
1725 674 1994 711 necessitatem.
2011 673 2098 711 Nam
2119 675 2146 712 is
2165 676 2222 724 qui
2239 677 2368 717 solutus
2385 687 2445 726 est,
2463 682 2535 721 faci-

1507 734 1577 771 lius
1596 741 1732 780 currct,
1755 746 1863 782 quam
1879 736 1910 773 is
1928 736 1988 784 qui
2009 743 2063 774 cst
2081 738 2232 776 vinculis
2245 739 2434 780 obstrictus.
2458 745 2534 793 Ergo

1505 797 1706 844 majoribus
1731 798 1791 835 ille
1822 799 1980 846 priemiis
2008 799 2210 846 donabitur,
2247 802 2534 854 illustrioribusque

1505 860 1682 897 coronis?
1703 861 1849 898 Minime
1869 872 1955 898 vero
1979 874 1986 898 :
2009 873 2092 899 nam
2123 863 2212 901 hanc
2239 865 2296 902 ille
2319 866 2380 903 sibi
2400 870 2533 906 necessi-

1505 928 1616 960 tatem
1646 923 1812 972 imponit,
1841 934 1923 962 cum
1956 925 2080 963 liceret
2115 937 2183 963 non
2219 927 2402 975 imponere.
2431 929 2534 979 Itaque

1503 985 1691 1033 quoniam,
1713 992 1752 1022 ut
1772 998 1792 1023 a
1814 987 1918 1024 nobis
1931 987 2028 1025 clare
2045 987 2318 1026 demonstratum
2336 997 2398 1034 est,
2428 992 2531 1030 iisdem

1502 1057 1627 1085 sumus
1659 1047 1792 1086 officiis
1822 1049 1985 1096 obnoxii,
2021 1051 2149 1098 quibus
2170 1051 2342 1098 moaachi,
2369 1053 2531 1092 faciliorem

1503 1121 1761 1158 percurramus
1783 1112 1896 1156 viam,
1916 1111 1962 1148 ad
1982 1122 2134 1160 eamque
2151 1113 2239 1150 filios
2256 1113 2476 1158 altrahamus;
2497 1127 2532 1153 ne

1503 1173 1584 1211 illos
1600 1173 1872 1222 demergamus,
1891 1185 1983 1212 neve
2002 1175 2081 1211 illos
2091 1174 2136 1212 ad
2167 1174 2341 1227 barathra,
2375 1183 2410 1212 ut
2434 1176 2530 1215 hosth

1500 1242 1538 1274 et
1554 1236 1704 1283 inimici,
1718 1238 1998 1286 prmcipitcmus.
2014 1237 2099 1276 Il.rc
2109 1239 2204 1276 enim
2215 1239 2242 1275 si
2255 1231 2310 1286 qui
2323 1239 2379 1276 alii
2390 1240 2529 1284 facerent,

1500 1310 1572 1338 non
1594 1301 1686 1339 adeo
1703 1312 1814 1350 grave
1833 1309 1943 1340 esset.
1959 1303 2049 1339 Cum
2070 1308 2188 1340 autem
2214 1303 2277 1350 ipsi
2295 1309 2458 1351 parentes,
2485 1304 2530 1351 qui

1499 1365 1729 1403 sa'cularintn
1739 1366 2032 1402 rerumomnium
2044 1366 2322 1413 experimentum
2337 1371 2529 1412 acceperunt,

1499 1428 1560 1476 qni
1578 1429 1753 1476 operibus
1766 1429 1854 1476 ipsis
1875 1428 2080 1472 didicerunt
2099 1427 2258 1476 frigidam
2279 1427 2452 1464 admodum
2469 1438 2530 1466 esse

1500 1491 1735 1539 praesentium
1768 1502 1892 1529 rerum
1920 1491 2154 1538 voluptatem,
2188 1489 2276 1528 adeo
2300 1490 2472 1533 insaniant,
2503 1495 2530 1526 ut

1498 1553 1590 1590 alios
1611 1553 1655 1589 ad
1673 1553 1801 1591 eadem
1821 1553 1897 1601 ipsa
1918 1553 2142 1600 pet-trahant,
2163 1552 2324 1600 quoniam
2340 1552 2398 1599 ipsi
2410 1551 2473 1598 jam
2489 1549 2532 1588 bis

1498 1615 1566 1652 frui
1585 1625 1650 1663 per
1670 1621 1814 1652 mtatem
1835 1617 2086 1663 prohibentur;
2104 1625 2186 1654 cum
2203 1621 2318 1652 tamen
2347 1614 2470 1661 seipsos
2493 1623 2529 1651 ex

1496 1678 1542 1716 iis
1559 1690 1640 1727 qum
1664 1686 1942 1727 prircesserunt,
1969 1679 2132 1717 infelices
2161 1679 2348 1727 przedicare
2365 1677 2529 1721 deberent;

1502 1741 1554 1778 illi
1571 1748 1712 1786 contra,
1735 1743 1840 1780 morti
1853 1743 1930 1790 jam
1949 1742 2102 1790 proximi
2119 1747 2155 1780 et
2174 1741 2352 1789 tribunali,
2377 1741 2531 1788 pomisque

1482 1839 1485 1842 .
1498 1803 1566 1840 sibi
1589 1803 1789 1850 deputatis,
1802 1805 1892 1842 alios
1908 1811 2026 1842 tamen
2035 1804 2277 1852 praecipitent;
2289 1803 2435 1851 quzeillis
2446 1812 2531 1840 excu-

1495 1865 1590 1904 satio
1609 1866 1850 1914 relinquetur,
1873 1877 1955 1915 qua:
1969 1867 2088 1912 venia,
2108 1877 2186 1914 qua:
2205 1863 2455 1902 misericordia?
2469 1861 2528 1900 Non

1498 1933 1636 1964 tantum
1657 1928 1754 1965 enim
1775 1936 2005 1976 peccatorum
2022 1938 2166 1967 suorum
2181 1937 2302 1976 pinnas
2317 1925 2451 1970 dabunt,
2479 1923 2528 1962 sed

1495 1991 1603 2029 etiam
1629 2001 1770 2036 eorum,
1793 2003 1874 2039 quze
1886 1992 1983 2030 circa
1995 1991 2087 2029 filios
2101 1991 2176 2028 ausi
2188 1995 2284 2034 sunt,
2297 1989 2365 2026 sive
2379 1987 2452 2025 illos
2464 1997 2532 2034 sup—

1497 2054 1668 2103 plautarc
1680 2055 1884 2101 potuerint,
1903 2055 1986 2092 sive
1999 2065 2072 2091 non
2093 2053 2284 2101 potuerint.
2330 2095 2339 2099 _

1545 2117 1606 2155 16.
1639 2117 1724 2154 Vere
1734 2125 1832 2168 pater
1843 2127 1893 2155 est
1905 2119 1962 2167 qui
1972 2118 2037 2165 ﬁlii
2051 2116 2192 2154 salutent
2203 2114 2399 2152 curat—At
2410 2111 2532 2149 fortasse

1495 2181 1590 2220 filios
1603 2181 1761 2219 filiorum
1783 2181 1908 2220 videre
1938 2181 2083 2230 cupitis.
2103 2181 2148 2218 Et
2163 2177 2335 2228 quomodo
2349 2176 2438 2221 illud,
2464 2184 2529 2212 cum

1494 2254 1561 2282 vos
1576 2245 1738 2283 nondum
1765 2252 1890 2295 patres
1915 2245 2022 2283 sitis?
2055 2244 2180 2293 Neque
2199 2243 2291 2280 enim
2306 2247 2436 2290 patrem
2463 2237 2531 2276 facit

1492 2308 1681 2355 generatio
1701 2320 1711 2346 :
1742 2308 1839 2356 qnod
1860 2308 1928 2356 ipsi
1955 2318 2100 2356 quoque
2119 2311 2282 2354 parentes
2312 2304 2462 2344 fatentur,
2476 2298 2526 2346 qui

1493 2380 1577 2408 cum
1605 2370 1699 2408 filios
1723 2371 1850 2409 vident
1872 2371 1910 2408 in
1939 2376 2140 2409 extremum
2169 2367 2330 2416 nequitia:
2357 2361 2528 2403 devenisse.

1493 2435 1597 2482 quasi
1615 2444 1688 2472 non
1714 2445 1803 2472 suos
1821 2434 1997 2482 abjiciunt
2013 2440 2049 2472 et
2067 2433 2233 2470 abdicaut
2253 2443 2260 2466 :
2283 2438 2391 2476 neque
2406 2432 2529 2464 mlum.

1493 2509 1612 2548 neque
1636 2499 1839 2547 generatio,
1862 2508 1982 2547 neque
2007 2497 2124 2535 sitnile
2148 2494 2324 2544 quidpiam
2349 2493 2434 2539 ipsos
2447 2486 2530 2553 ςυιιίτ

1493 2563 1583 2602 bere
1616 2569 1748 2612 potest.
1783 2562 1836 2601 Ne
1849 2561 1964 2610 igitur
1995 2567 2117 2609 patres
2147 2559 2332 2606 dignentur
2363 2549 2528 2590 existimari

1492 2637 1634 2670 eorum,
1652 2626 1784 2674 quibus
1795 2624 1995 2663 secundum
2015 2621 2250 2671 philosophia:
2267 2619 2430 2656 rationem
2443 2613 2529 2656 leuga

1493 2688 1685 2726 inferiores
1693 2694 1780 2726 sunt
1792 2699 1801 2724 :
1817 2686 1882 2725 sed
1893 2697 1976 2724 cum
1989 2686 2072 2724 illos
2086 2686 2154 2723 hoc
2163 2691 2303 2732 quoque
2313 2677 2529 2722 modotth

1495 2753 1586 2799 rint,
1603 2757 1690 2789 tunc
1703 2756 1856 2799 nepotes
1871 2749 1981 2788 etiam
2001 2753 2186 2798 quierant:
2209 2752 2290 2783 tunc
2307 2741 2396 2781 enim
2414 2742 2527 2780 tantum

1493 2815 1592 2862 ipsos
1605 2813 1731 2852 videre
1748 2819 1932 2862 poterunt.
1945 2812 2037 2851 Sunt
2048 2812 2146 2850 enim
2161 2810 2230 2848 illis
2237 2806 2312 2852 filii,
2325 2808 2402 2842 sunt
2417 2800 2528 2846 utiqut‘.

1494 2876 1578 2914 Non
1597 2887 1641 2914 ex
1654 2876 1896 2925 sanguiuibus,
1924 2886 2033 2924 neque
2057 2885 2100 2912 ea:
2113 2873 2284 2911 voluntate
2298 2867 2416 2909 caruit,
2445 2868 2529 2925 ΜΨ

1491 2951 1536 2977 ea:
1548 2922 1816 2984 voluntatet'iri,
1831 2939 1892 2976 sed
1906 2949 1949 2977 ea:
1961 2922 2036 2974 Deo
2049 2933 2292 2985 ipsogenerati
2304 2927 2455 2980 (lotam.
2469 2922 2527 2969 15).

1493 3002 1538 3040 lli
1554 3012 1664 3050 porro
1685 3001 1750 3040 filii
1767 3011 1840 3041 non
1868 3001 2107 3049 pecuniarum
2137 3007 2243 3039 causa
2269 2996 2394 3034 luctum
2421 2995 2529 3056 pater

1494 3065 1590 3105 tibus
1605 3064 1796 3112 afferrent,
1832 3075 1906 3103 non
1926 3065 2148 3112 nuptiarum,
2175 3072 2244 3100 non
2273 3057 2410 3096 alterius
2433 3056 2532 3115 ευμξξ·

1491 3139 1648 3178 cumque
1681 3129 1733 3167 rei
1760 3108 1892 3176 gratia,
1913 3108 1989 3165 sed-
2009 3127 2090 3164 illos
2109 3124 2206 3164 omni
2232 3131 2314 3160 cura
2347 3117 2464 3178 liberos
2487 3108 2532 3146 di-

1493 3177 1639 3238 missos,
1656 3191 1783 3240 majori
1804 3190 1994 3238 voluptate
2013 3188 2186 3233 afficiunt,
2208 3194 2310 3233 quam
2329 3181 2356 3218 si
2373 3177 2432 3226 ίβθί
2447 3177 2530 3242 "nm:

1492 3255 1590 3293 rales
1605 3264 1733 3292 eorum
1753 3259 1876 3301 patres
1888 3257 2027 3290 essent.
2047 3249 2125 3290 Non
2146 3249 2242 3286 enim
2270 3243 2387 3283 eadem
2415 3240 2530 3301 ratione

1491 3319 1688 3367 gignuntur
1709 3295 1994 3360 tie-nutriuntur,
2026 3325 2096 3363 qua
2122 3313 2198 3357 illi;
2219 3309 2280 3348 sed
2300 3306 2404 3345 mtdto
2432 3295 2531 3367 ειοέῖέ

1490 3364 1627 3419 lentius
1646 3389 1690 3417 ac
1709 3377 1959 3426 splendidius;
1982 3375 2216 3426 quamobrem
2237 3370 2366 3418 majore
2389 3364 2529 3432 Ρίπῆηιθέ

1495 3442 1678 3490 voluptate
1704 3441 1880 3479 afficiunt.
1917 3441 2007 3479 illud
2029 3445 2201 3488 prteterea
2218 3433 2388 3482 adjiciam,
2419 3430 2528 3490 mittit"

1492 3516 1564 3543 nou
1586 3516 1667 3543 esse
1681 3515 1760 3550 eos,
1779 3506 1840 3552 qui
1861 3503 2119 3543 resnrrectioni
2140 3511 2210 3539 non
2239 3496 2395 3536 credunt.
2421 3489 2461 3552 δέ
2485 3485 2530 3552 if“

1492 3570 1630 3616 lugere,
1647 3549 1781 3617 quippe
1793 3549 1924 3616 quibus
1937 3568 2014 3604 haec
2027 3567 2102 3604 sola
2114 3564 2331 3609 relinquatur
2346 3549 2529 3620 consolﬂll‘l'

1491 3615 1544 3669 At
1566 3643 1633 3669 nos
1652 3615 1879 3680 qui-mortem
1899 3639 2066 3667 somnum
2096 3636 2176 3665 esse
2192 3629 2364 3672 putamus,
2380 3615 2433 3680 qui
2453 3615 2529 3680 ναξ·

1491 3694 1607 3731 sentia
1627 3676 1750 3731 omnia
1768 3694 1956 3740 despicere
1975 3690 2071 3728 docti
2088 3696 2226 3732 sumus.
2245 3693 2310 3732 qu“
2331 3676 2529 3741 "mea":

1492 3757 1551 3794 nia
1569 3756 1670 3804 digni
1685 3731 1846 3801 erimus:
1859 3755 1890 3792 si
1909 3753 1955 3792 de
1973 3753 2030 3790 his
2044 3752 2239 3799 lugeamus,
2263 3745 2414 3787 filioSflne
2425 3731 2531 3804 ’ίδέῖῗ

1493 3798 1696 3862 cupiamus.
1713 3798 1899 3856 atnne'hic
1911 3798 2132 3864 relinquere,
2152 3810 2243 3850 unde
2260 3805 2323 3855 ipsi
2336 3798 2532 3841 transmeat’e

1533 3913 1544 3934 ⁸
1570 3917 1654 3954 Hme,
1673 3922 1736 3947 non
1753 3898 1943 3947 induerem
1959 3909 2171 3947 substernunt,
2188 3905 2220 3938 in
2238 3896 2343 3934 Morel.
2357 3895 2470 3928 tantum
2481 3882 2527 3918 αθ

1492 3962 1580 3989 ειελιι.
