3986 6196
393 202 495 256 577

390 312 732 379 festinamus,
767 312 854 368 ubi
879 329 996 368 cum
1027 314 1213 378 simus,
1267 313 1698 383 ingemiscimus?
1755 314 1821 367 Et
1861 314 1975 368 lucc

389 403 609 477 quidem
637 404 704 458 ad
730 420 843 468 eos,
877 404 964 474 qui
988 404 1376 475 spiritualiores
1406 412 1550 470 sunt,
1581 404 1719 458 dicta
1745 406 1871 457 sint.
1917 403 1973 458 Si

391 499 480 569 qui
513 513 643 552 vero
667 498 774 551 sint
806 499 1047 566 corporis
1105 509 1368 564 amantes,
1416 506 1574 567 atque
1614 497 1738 550 huic
1779 498 1975 552 smculo

387 591 605 661 penitus
633 589 848 655 addicti,
911 589 977 643 iis
1007 588 1135 642 illud
1178 589 1431 655 dixerim,
1484 591 1655 658 primo
1702 589 1969 642 incertum

389 697 511 737 esse
536 697 602 735 au
631 696 694 736 ex
725 680 1070 734 matrimonio
1103 680 1193 734 lilii
1221 681 1327 735 sint
1347 681 1655 750 sequuturi;
1712 679 1970 744 secundo,

383 774 429 828 si
456 779 762 837 nascantur,
795 771 1049 840 tnajorem
1095 787 1215 828 esse
1253 773 1499 826 mereris
1549 785 1806 825 causam:
1865 784 1970 823 non

381 867 526 920 cnim
557 874 760 918 tantum
789 864 1010 928 Letitite,
1037 874 1290 934 quantum
1316 865 1560 920 mmroris
1589 863 1896 932 accipin-tus,
1941 875 1971 914 a

381 956 691 1027 quotidiana
710 958 849 1011 circa
877 972 972 1011 eos
996 957 1373 1022 sollicitudine,
1402 957 1670 1011 anxietate
1683 966 1735 1010 et
1759 957 1970 1010 timore.

379 1048 448 1106 Et
473 1051 580 1112 cui,
615 1049 787 1116 dices,
821 1049 1186 1118 relinquemus
1212 1063 1388 1117 agros,
1445 1048 1652 1111 domos,
1705 1062 1888 1102 servos
1917 1056 1971 1102 et

381 1140 609 1196 aurum?
635 1157 757 1195 nam
783 1150 837 1196 et
864 1140 979 1195 haec
1008 1155 1219 1210 quoque
1244 1141 1364 1194 illos
1389 1149 1776 1209 conquerentes
1789 1138 1966 1194 audio.

381 1234 442 1288 Ei
473 1232 735 1303 profecto,
766 1233 852 1301 qui
882 1231 997 1286 haec
1023 1240 1177 1286 antea
1208 1231 1528 1287 hereditario
1554 1233 1672 1299 jure
1695 1238 1970 1299 posseSsu—

381 1341 472 1380 rus
497 1333 631 1388 erat,
657 1338 904 1392 tinuoque
934 1331 1079 1377 tanto
1100 1323 1288 1392 magis,
1338 1337 1497 1391 quam
1552 1322 1718 1390 prius,
1766 1331 1967 1390 quanto

379 1421 572 1472 horum
593 1418 756 1474 tutior
773 1426 953 1471 custos
978 1425 1032 1470 et
1061 1415 1308 1470 dominus
1331 1415 1538 1468 futurus
1560 1423 1659 1467 est.
1677 1413 1803 1468 Haec
1825 1413 1964 1467 enim

376 1519 532 1564 antea
553 1509 714 1563 multa
741 1505 1174 1577 pessumdabant,
1211 1507 1384 1568 tinem,
1409 1505 1715 1560 diuturnum
1754 1513 1967 1570 tempus

385 1602 542 1666 edax,
577 1600 744 1664 fures,
776 1599 1140 1671 sycophantae,
1198 1597 1380 1663 invidi,
1435 1596 1595 1650 futuri
1625 1594 1963 1661 inccrtitudo,

383 1692 736 1746 humanarum
787 1706 965 1746 rerum
992 1690 1330 1755 instabilitas,
1388 1705 1532 1744 mors
1584 1688 1796 1742 tandem
1847 1688 1958 1757 ipsa

376 1795 429 1840 et
455 1784 695 1854 pecuniis
719 1792 772 1838 et
796 1781 1227 1853 possessionibus
1247 1782 1362 1835 istis
1388 1781 1554 1835 lilium
1585 1788 1730 1833 tuum
1761 1779 1966 1849 privas-

376 1887 500 1934 set:
557 1891 701 1932 nunc
755 1891 884 1930 vero
933 1875 1184 1929 omnibus
1235 1873 1354 1926 istis
1407 1873 1710 1940 superiores
1753 1870 1965 1924 divitias

377 1971 638 2040 reposuit,
669 1970 790 2023 loco
817 1967 1102 2022 iuviolabili
1124 1975 1356 2035 reperto,
1387 1965 1451 2018 ad
1478 1980 1635 2034 quem
1660 1963 1787 2018 nulli
1818 1980 1956 2033 prmo

375 2063 636 2119 dictarunt
659 2060 887 2130 pestium
908 2059 1084 2116 aditus
1135 2072 1254 2112 esse
1297 2063 1489 2125 potest.
1539 2055 1588 2110 ls
1635 2069 1764 2109 vero
1814 2053 1963 2108 locus

375 2153 560 2208 caelum
591 2162 693 2214 est,
724 2151 884 2207 nullis
913 2149 1118 2204 insidiis
1167 2149 1426 2218 pervium,
1469 2148 1612 2200 omni
1646 2156 1800 2200 terra:
1846 2145 1962 2200 solo

374 2246 624 2312 feracius,
649 2254 808 2314 atque
832 2244 1029 2313 ingenti
1070 2257 1191 2298 cum
1237 2241 1441 2296 laetiore
1466 2239 1828 2310 depositorum
1862 2252 1960 2307 pe-

371 2339 646 2396 cuniarum
675 2337 878 2391 fructus
904 2334 1181 2390 metendos
1207 2333 1448 2402 prtebens
1479 2332 1545 2386 iis
1566 2331 1652 2400 qui
1683 2331 1825 2399 ipsas
1863 2330 1957 2384 de-

371 2430 668 2500 posuerint.
701 2429 816 2484 NOn
845 2427 1006 2498 igitur
1035 2441 1096 2482 ea
1130 2424 1290 2479 verba
1312 2422 1535 2477 dicenda
1565 2431 1743 2487 erant,
1773 2421 1869 2476 sed
1915 2421 1958 2475 si

371 2522 514 2577 [ilius
543 2503 817 2578 smcularis
855 2535 976 2575 esse
1002 2518 1296 2582 maluisset,
1355 2524 1479 2572 tunc
1533 2513 1767 2569 ﬂendum
1822 2522 1957 2579 erat,

370 2623 494 2670 tunc
519 2613 800 2668 dicendum
833 2631 847 2668 :
879 2612 974 2667 Cui
1004 2624 1162 2680 agros
1189 2609 1572 2678 relinquemus,
1604 2606 1690 2661 cui
1738 2621 1956 2671 aurum,

367 2708 452 2763 cui
474 2706 732 2774 pecunias.
757 2703 1025 2774 reliquas?
1805 2701 1809 2705 '

441 2800 543 2867 Qui
570 2815 806 2869 pecunias
834 2797 1048 2867 largitur
1067 2836 1082 2858 ,
1117 2792 1279 2848 verius
1305 2805 1558 2862 possessor
1574 2798 1666 2851 est,
1690 2804 1840 2859 quam
1867 2787 1960 2856 qui

366 2894 612 2948 recondit.
636 2922 703 2933 —-
734 2893 884 2948 Nunc
909 2899 1084 2945 autem
1119 2896 1261 2942 tanta
1289 2884 1641 2956 possessionis
1660 2892 1715 2938 et
1738 2882 1956 2936 dominii

367 2987 523 3055 copia
551 2995 654 3051 est,
682 2994 742 3040 ut
767 2999 832 3038 ne
861 2991 978 3052 post
1015 2981 1218 3036 obitqu
1248 2976 1459 3046 quidem
1482 2975 1571 3028 illa
1595 2973 1833 3036 excidat;
1865 2972 1959 3032 sed

368 3089 494 3134 tunc
523 3077 752 3135 niaxime
781 3090 962 3132 eorum
994 3073 1143 3126 lucro
1183 3069 1385 3123 fruatur
1416 3081 1534 3122 cum
1563 3064 1686 3118 hinc
1711 3077 1958 3118 excesse-

367 3176 556 3226 rimns.
588 3170 740 3236 Quod
778 3169 822 3222 si
869 3167 954 3220 hic
999 3177 1208 3233 quoque
1247 3175 1433 3217 eorum
1459 3158 1731 3211 dominum
1757 3165 1811 3212 et
1839 3170 1964 3225 pos-

369 3278 634 3320 sessorem
665 3261 843 3314 videre
885 3256 1088 3326 cupias,
1135 3254 1184 3308 id
1217 3267 1426 3322 quoque
1469 3247 1731 3303 monacho
1771 3247 1956 3317 magis,

369 3375 526 3428 quam
552 3353 792 3412 saeculari
829 3350 1119 3418 continget.
1149 3345 1278 3412 Quis
1304 3343 1466 3405 enim,
1500 3340 1586 3394 die
1609 3339 1759 3402 mihi,
1783 3338 1960 3428 potius

371 3425 617 3506 dominus
645 3454 746 3510 est,
780 3443 892 3498 isne
920 3439 1012 3509 qui
1049 3453 1234 3506 magna
1264 3448 1382 3488 cum
1425 3432 1668 3486 libertate
1699 3425 1962 3498 impendit

371 3552 424 3598 et
453 3541 692 3610 largitur,
728 3553 794 3590 an
824 3535 869 3588 is
891 3531 978 3600 qui
1009 3544 1117 3598 prec
1145 3524 1364 3580 avaritia
1404 3536 1472 3575 ne
1498 3519 1805 3610 contingere
1844 3516 1962 3585 qui-

369 3639 490 3693 dem
520 3609 698 3696 audet,
731 3626 824 3684 sed
851 3621 1068 3679 sntfudit
1110 3633 1194 3681 ea,
1233 3615 1302 3669 ab
1347 3613 1518 3682 iisque
1563 3609 1793 3664 abstinet
1833 3616 1962 3660 tam-

371 3741 530 3800 quam
556 3722 655 3778 sibi
682 3716 905 3774 alienis?
926 3713 1014 3784 qui
1031 3711 1118 3765 illa
1137 3707 1362 3762 inaniter
1381 3719 1441 3757 ac
1459 3712 1658 3757 temere
1680 3696 1958 3767 impendit,

371 3792 440 3879 an
469 3818 560 3891 qui
589 3817 643 3871 id
676 3809 1056 3869 convenienter
1084 3801 1224 3873 agit?
1250 3799 1337 3870 qui
1366 3796 1591 3852 seminat
1620 3792 1673 3847 in
1706 3799 1869 3852 terra,
1893 3804 1958 3842 an

371 3884 541 3986 qni-iu
566 3905 740 3964 cado?
773 3901 860 3958 cui
889 3915 983 3954 sua
1026 3894 1202 3950 omnia
1241 3890 1434 3962 quibus
1478 3884 1702 3940 voluerit
1739 3895 1963 3986 erogare

371 3971 480 4061 lion
523 3996 866 4071 permittitur,
909 4007 975 4044 an
1014 3987 1102 4057 qui
1132 3985 1199 4039 ab
1239 3980 1484 4071 omnibus
1514 3972 1772 4071 ejusmodi
1801 3971 1963 4071 vectis

370 4067 885 4168 galia-exigentibus
931 4081 1065 4136 liber
1094 4073 1294 4132 evasit?
1347 4067 1606 4168 agricolae
1643 4078 1872 4168 namque
1909 4069 1966 4117 et

372 4156 688 4257 negotiatori
719 4175 868 4232 multi
901 4171 1132 4238 undique
1161 4172 1284 4220 sunt
1313 4161 1507 4216 tributa
1539 4156 1845 4257 persolvere
1869 4167 1964 4206 co-

373 4246 578 4350 gentes,
616 4285 670 4329 et
705 4285 855 4325 suam
885 4265 1082 4335 quique
1124 4265 1328 4328 partem
1369 4260 1668 4320 repetentes
1704 4265 1718 4300 :
1760 4246 1810 4348 ei
1837 4259 1964 4299 vero

373 4338 463 4442 qui
487 4366 670 4439 egenis
698 4378 793 4418 sua
823 4370 1044 4426 erogare
1067 4350 1234 4420 cupit,
1265 4361 1420 4401 nemo
1447 4343 1566 4396 talia
1593 4338 1962 4398 comminatur,

377 4437 446 4521 ita
473 4437 643 4518 ut—hie
671 4457 848 4528 potius
885 4462 1101 4507 suorum
1131 4441 1376 4499 dominus
1419 4437 1506 4492 sit.
1558 4438 1636 4528 ᾼιι
1667 4446 1793 4528 vero
1819 4442 1960 4528 eum,

375 4560 465 4628 qui
505 4523 895 4612 meretricibus,
925 4540 1122 4601 ventri,
1151 4533 1420 4606 parasitis,
1452 4523 1816 4628 adulatoribus
1853 4523 1967 4614 lth

377 4612 622 4711 effundit,
647 4641 869 4712 gloriam
905 4648 1062 4690 suam
1089 4631 1140 4684 in
1173 4623 1514 4697 ignominiam
1536 4616 1714 4677 vertit,
1742 4612 1967 4712 salu-tem

376 4703 575 4796 amittit
609 4703 782 4805 'seque
818 4723 1166 4784 deridendum
1215 4709 1791 4805 propinattdomiuum‘
1821 4703 1969 4805 dicas

376 4795 565 4890 eorum
592 4795 715 4899 qua;
738 4824 816 4879 sic
841 4815 1133 4889 impendit;
1165 4811 1208 4866 si
1237 4819 1413 4863 autem
1443 4802 1508 4859 ad
1538 4813 1718 4856 veram
1744 4795 1966 4899 gloriam

379 4885 788 4989 utilitatemque,
834 4885 1124 4969 secundum
1175 4903 1266 4958 Dei
1310 4899 1582 4989 placitum,
1621 4906 1749 4989 cum
1802 4885 1968 4989 mplta

381 4976 660 5090 prudentia
684 4976 1079 5076 illa'expendat,
1111 5011 1216 5052 non
1248 4994 1372 5048 item
1397 4986 1582 5042 dicas?
1608 4985 1796 5090 Aurum
1828 4976 1968 5090 idem

383 5073 535 5172 lacis,
565 5121 631 5160 ac
676 5103 721 5157 si
761 5073 1061 5170 quempiam
1107 5083 1430 5159 perspiciens
1460 5081 1514 5133 in
1552 5073 1890 5172 aqumduetus
1917 5075 1973 5122 et

382 5161 602 5255 canales
627 5210 720 5250 sua
767 5161 1061 5249 eﬂuudcre,
1103 5193 1287 5236 eorum
1327 5172 1599 5228 dominum
1637 5179 1756 5221 esse
1794 5161 1967 5255 dicas;

383 5293 465 5349 sin
509 5303 638 5344 vero
681 5279 996 5339 necessariis
1037 5273 1220 5328 usibus
1264 5262 1589 5334 impendere,
1642 5271 1764 5310 eum
1794 5251 1972 5349 Aqttasi

384 5343 742 5455 impensarum
785 5369 1080 5428 dominium
1124 5379 1228 5417 non
1275 5358 1558 5413 habentem
1598 5345 1814 5455 lugeas?
1859 5343 1972 5445 imo

389 5434 578 5455 ‘—tvpr
1655 5439 1685 5450 η
1859 5434 1871 5445 ο
1918 5434 1930 5442 .

388 5491 515 5532 vero
555 5486 659 5525 non
711 5468 778 5522 iis
808 5461 898 5533 qui
929 5470 1128 5515 temere
1177 5451 1482 5510 absumunt,
1521 5439 1614 5498 sed
1655 5452 1741 5503 us,
1770 5450 1874 5533 qui
1917 5447 1968 5485 tn

388 5529 576 5636 capitis
595 5563 673 5620 sui
695 5529 982 5632 perniciem
1009 5549 1060 5607 id
1081 5547 1294 5607 lat-lunt,
1314 5541 1399 5598 isti
1424 5541 1440 5571 ¹
1467 5529 1806 5605 comparandi
1822 5534 1968 5582 sunt.

454 5682 470 5713 ⁸
507 5686 609 5728 nuo
626 5683 730 5725 Mss.
767 5683 871 5735 pro,
907 5662 1223 5726 isti,bsbent,
1241 5652 1349 5721 ﬁlii.

1141 201 1498 258 ADVERSUS
1524 201 2072 257 OPPUGNATURES
2113 203 2298 260 VlTJE
2329 207 2621 262 MONAST.
2656 207 2783 262 ΗΒ.
2826 210 2912 264 Ill.

3565 220 3667 273 578

2077 306 2190 369 ἰιιιυ
2237 333 2462 388 namque
2508 336 2753 388 expensa:
2799 323 3103 389 clariorem,
3159 323 3570 392 opulentiorem,
3607 343 3658 382 et

2085 406 2332 459 tutiorem
2385 407 2585 461 faciunt
2637 410 2936 477 hominem;
2988 411 3071 467 lue
3117 430 3244 469 vero
3294 434 3398 473 non
3455 432 3658 490 turpem

2077 494 2261 560 .modo,
2295 505 2349 551 ct
2379 499 2662 566 opprobrio
2704 500 2942 570 dignum,
2978 503 3071 558 sed
3096 503 3416 561 damnationi
3445 525 3660 578 prorsus

2081 587 2395 641 obnoxium.

2157 681 2241 732 17.
2269 680 2404 746 Quid
2445 697 2591 750 ergo,
2635 682 2861 751 inquies,
2906 698 3080 738 annon
3120 695 3238 753 post
3267 690 3656 748 matrimonium

2079 783 2139 822 ac
2164 759 2439 838 susceptos
2469 772 2663 826 liberos
2692 772 2870 826 licebit
2899 771 3036 826 hanc
3065 773 3454 845 philosophiam
3489 781 3542 836 in
3577 798 3656 836 se-

2080 868 2291 914 nectute
2319 861 2602 929 amplecti?
2647 863 2714 916 At
2761 863 2877 932 quis
2921 863 3073 918 nobis
3117 866 3445 933 polliceatur,
3488 872 3659 938 primo

2077 950 2290 1018 quidem
2337 967 2434 1007 nos
2483 953 2549 1006 ad
2587 962 2876 1008 extremam
2918 965 3242 1010 senectutem
3277 973 3653 1027 perventuros;

2077 1041 2331 1108 secundo,
2361 1043 2403 1096 si
2447 1043 2514 1097 ad
2551 1059 2668 1098 eam
2713 1045 3100 1114 perveniamus,
3154 1049 3396 1103 eamdem
3445 1066 3656 1118 prorsus

2075 1144 2306 1188 mentem
2355 1145 2660 1190 servaturos
2697 1137 3068 1208 csse?Neque
3115 1140 3256 1194 enim
3300 1144 3576 1210 pnestituti
3605 1147 3655 1200 iu

2075 1227 2180 1283 vita
2226 1229 2481 1294 temporis
2518 1227 2717 1281 domini
2757 1244 2940 1284 sumus
2965 1247 2977 1281 :
3003 1230 3160 1299 idque
3184 1231 3363 1286 decuit
3397 1248 3494 1288 nos
3519 1225 3677 1288 Pan?

2075 1315 2155 1370 lus
2181 1318 2330 1370 ‘cum
2351 1318 2482 1371 dixit
2515 1338 2527 1372 :
2552 1318 2671 1372 Dies
2696 1318 2916 1387 Domini,
2947 1321 3071 1373 sicut
3101 1325 3185 1391 fur
3209 1323 3260 1376 in
3290 1333 3450 1391 nocte,
3472 1327 3540 1378 ita
3572 1343 3651 1380 oe-

2074 1407 2172 1459 niel
2201 1409 2278 1474 (l.
2305 1406 2484 1462 Thess.
2520 1409 2571 1462 5.
2598 1409 2656 1480 2)
2685 1429 2696 1460 :
2721 1425 2894 1479 neque
2937 1427 3121 1466 rursus
3152 1414 3201 1466 iu
3232 1415 3416 1468 eadem
3447 1431 3654 1486 semper

2071 1500 2344 1554 alacritate
2385 1503 2639 1570 propositi
2668 1504 3017 1572 cogitationes
3058 1515 3255 1560 nostrae
3295 1521 3649 1576 perseverant.

2071 1591 2404 1661 Quapropter
2441 1594 2650 1661 sapiens
2677 1595 2887 1662 quidam
2927 1596 3176 1652 admonet
3214 1598 3294 1651 his
3322 1599 3496 1653 verbis
3525 1618 3538 1652 :
3574 1599 3654 1654 Ne

2070 1684 2237 1737 tardes
2280 1686 2498 1738 converti
2556 1686 2623 1738 ad
2651 1685 2946 1752 Dominum,
2992 1698 3039 1742 et
3081 1705 3142 1742 ue
3171 1676 3378 1755 cli/feras
3415 1693 3478 1744 de
3504 1693 3652 1745 dicit:

2067 1773 2198 1826 diem
2221 1773 2404 1842 (Ereti.
2434 1776 2486 1830 5.
2520 1775 2588 1829 8⁸
2619 1779 2660 1845 ),
2691 1791 2758 1831 ne
2787 1774 2944 1841 forte,
2985 1777 3108 1830 dum
3139 1787 3196 1831 tu
3239 1794 3440 1832 tuoram
3490 1781 3652 1834 trahis

2065 1865 2380 1930 conteraris,
2429 1875 2484 1920 et
2531 1865 2582 1919 in
2627 1875 2866 1934 tempore
2914 1867 3127 1922 ultionis
3174 1883 3384 1938 pereas.
3433 1870 3649 1926 Etiamsi

2067 1971 2196 2014 Vero
2222 1969 2405 2011 eorum
2436 1956 2569 2010 nihil
2615 1965 2758 2012 esset
2785 1957 3078 2024 incertum,
3118 1975 3186 2013 ue
3232 1959 3310 2014 sic
3346 1960 3558 2029 quidem
3587 1961 3648 2014 li-

2067 2048 2226 2103 beros
2254 2059 2464 2104 nostros
2504 2050 2700 2104 morari
2742 2050 3080 2116 deberemus,
3122 2067 3293 2120 neque
3326 2062 3524 2105 tantum
3559 2052 3648 2106 de-

2067 2139 2377 2196 trimentum
2413 2141 2696 2212 negligere.
2725 2140 2857 2195 Nam
2883 2153 3134 2196 extremae
3172 2142 3453 2210 dementia:
3481 2153 3642 2204 esset,

2061 2227 2310 2297 juvenem
2339 2231 2578 2286 aauxilio
2624 2241 2893 2302 egentem,
2950 2231 3256 2286 adversario
3304 2234 3647 2287 vehementer

2067 2322 2316 2388 instante,
2338 2323 2528 2390 jubere
2558 2323 2870 2376 scettlaribus
2911 2323 3150 2392 immergi
3172 2325 3350 2388 rebus,
3380 2325 3446 2377 ita
3477 2335 3530 2378 ttt
3556 2341 3643 2377 su~

2066 2426 2252 2486 peratu
2300 2417 2469 2470 facilis
2515 2417 2799 2478 evaderet;
2848 2425 3125 2485 postquam
3172 2426 3348 2470 autem
3385 2418 3649 2470 sexcentis

2065 2508 2374 2561 vulneribus
2413 2506 2694 2561 confossus
2726 2507 2871 2561 nulla
2909 2521 2972 2560 ex
3014 2513 3166 2574 parte
3203 2521 3365 2559 sanus
3391 2515 3493 2570 est,
3525 2515 3648 2560 tunc

2063 2612 2271 2652 armare
2302 2599 2447 2650 illum
2477 2608 2530 2652 et
2573 2599 2805 2652 excitare
2841 2597 3105 2665 jaccnlem
3147 2596 3540 2667 inﬁrmumque.
3572 2597 3652 2656 lta-

2064 2704 2213 2754 sanc,
2245 2691 2486 2759 inquies;
2522 2699 2643 2744 tunc
2685 2691 2825 2745 enim
2869 2691 3000 2745 levis
3029 2705 3200 2760 pugna
3240 2692 3361 2755 erit,
3393 2691 3649 2761 facileque

2063 2795 2354 2845 Ct‘t‘L‘tlllctl,
2379 2783 2486 2850 jam
2518 2782 2776 2836 exstincta
2807 2783 3256 2851 concupiscentia.
3289 2782 3415 2848 Qua:
3455 2799 3642 2852 pugna,

2064 2890 2180 2928 cum
2212 2874 2384 2928 nttlltts
2409 2874 2549 2928 adsit
2573 2883 2757 2929 centra
2805 2889 2902 2928 nos
2933 2874 3109 2943 pugil?
3152 2874 3275 2927 ideo
3305 2889 3401 2927 nec
3435 2890 3648 2928 corona:

2071 2978 2196 3021 tunc
2227 2968 2473 3020 illustres
2499 2975 2658 3020 erunt
2689 2983 2701 3018 :
2733 2965 2919 3019 Beatus
2956 2966 3096 3019 enim
3142 2965 3228 3034 qui
3265 2966 3648 3034 portaverit’ju-

2062 3076 2180 3128 gtmt
2213 3057 2234 3088 ³
2264 3060 2325 3111 ab
2365 3058 2699 3111 adolescentia
2741 3072 2874 3120 sua;
2911 3055 3094 3110 sedebit
3123 3057 3397 3119 solitarius,
3441 3066 3485 3108 et
3513 3066 3644 3108 tace-

2063 3151 2132 3201 bit
2161 3149 2375 3216 (Tltren.
2411 3150 2462 3203 5.
2491 3150 2604 3218 Ἢ).
2642 3149 2733 3202 llic
2776 3148 3042 3202 sexcentis
3073 3148 3312 3201 laudibus
3354 3147 3564 3217 dignus,
3594 3158 3647 3201 et

2067 3240 2478 3312 bentﬂudinibtts
2519 3251 2571 3295 et
2615 3241 2915 3310 prareoniis,
2966 3241 3055 3309 qui
3103 3239 3362 3293 furentem
3403 3251 3644 3294 naturam

2065 3331 2272 3395 frmuat,
2309 3342 2363 3386 et
2389 3333 2441 3386 in
2468 3333 2576 3401 ipsa
2612 3332 2940 3398 tempestatis
2970 3332 3019 3384 vi
3046 3331 3295 3400 scapham
3326 3332 3506 3401 eripit.
3542 3333 3645 3386 Ve—

2057 3429 2176 3467 rum
2228 3431 2294 3469 ne
2335 3431 2500 3484 super
2529 3417 2616 3472 his
2654 3419 2816 3472 rebus
2875 3421 3304 3481 contendamus,
3354 3422 3626 3474 concedu-

2058 3519 2286 3572 mustjue
2336 3507 2381 3559 si
2429 3506 2510 3561 vis
2562 3513 2691 3561 tunc
2738 3507 2902 3560 etiam
2953 3508 3154 3562 bellum
3201 3525 3323 3563 esse
3361 3511 3622 3564 futurum.

2058 3595 2201 3650 Sane
2241 3596 2287 3651 si
2332 3611 2500 3665 penes
2547 3613 2648 3653 nos
2703 3608 2849 3652 esset
2894 3607 3108 3667 tempus
3151 3601 3467 3655 certaminis
3519 3613 3626 3655 sta-

2057 3694 2207 3740 tucre
2233 3727 2248 3749 ,
2289 3687 2416 3756 jure
2457 3697 2671 3758 tempus
2711 3689 2844 3744 illud
2885 3697 3206 3759 eXSpectare
3253 3691 3439 3746 liceret
3473 3711 3488 3747 :
3543 3694 3629 3746 sin

2056 3795 2186 3835 vero
2217 3796 2311 3849 per
2343 3788 2511 3834 totam
2537 3783 2698 3836 vitam
2724 3783 2883 3838 nobis
2911 3785 3282 3838 dimicandum
3306 3791 3412 3848 est,
3437 3801 3632 3854 nempe

2058 3871 2128 3926 ab
2173 3874 2619 3937 ineuntemtate,
2670 3875 2786 3930 sive
2816 3893 2844 3927 ιι
2891 3874 3156 3930 decennio
3197 3880 3292 3945 (ex
3327 3893 3391 3931 ea
3429 3877 3634 3947 quip,c

2057 3970 2216 4017 :rtate
2260 3969 2610 4031 peccatorqu
2663 3966 2926 4020 rationem
2980 3965 3246 4019 reddituri
3303 3982 3525 4027 sumus,
3573 3981 3634 4020 ut

2060 4055 2234 4122 palam
2271 4043 2478 4108 radunt
2503 4058 2655 4125 pueri
2683 4056 2789 4120 illi,
2822 4057 2915 4126 qui
2947 4058 3090 4126 quod
3126 4057 3358 4112 Ellscum
3404 4059 3632 4114 irridere

2061 4147 2180 4199 ausi
2219 4156 2436 4211 essent,
2469 4149 2536 4201 ab
2566 4149 2712 4203 ursis
2743 4150 2982 4205 devorati
3029 4150 3225 4219 sunt),
3279 4159 3333 4204 ιι
3379 4167 3523 4206 ιιιιιιο
3569 4171 3640 4206 es.

2064 4237 2153 4290 illa
2194 4247 2353 4293 mtate
2396 4240 2756 4308 prmliandum
2789 4251 2904 4305 est,
2940 4257 3048 4310 qua
3103 4242 3304 4297 bellum
3346 4243 3634 4298 adversum

2065 4343 2166 4382 nos
2210 4331 2597 4398 gravissimum
2651 4331 2940 4386 imminet:
2983 4349 3088 4402 qua
3146 4335 3359 4388 ratione
3405 4343 3472 4387 ιιι
3503 4344 3640 4388 tom-

2066 4437 2168 4490 pus
2235 4424 2632 4479 certaminibus
2679 4425 3020 4482 constituis?
3076 4424 3284 4480 Etenim
3343 4427 3389 4480 si
3447 4428 3498 4479 in
3549 4435 3648 4479 tua.

2066 4515 2332 4583 potestate
2380 4527 2525 4570 esset
2578 4516 2795 4570 diabolo
2846 4515 3137 4584 praecipere
3186 4527 3243 4570 ut
3293 4533 3399 4571 non
3444 4518 3644 4571 iurum-

2070 4623 2236 4685 peret,
2272 4613 2351 4665 vel
2376 4623 2600 4680 pugnam
2642 4606 3019 4662 committeret,
3065 4599 3178 4652 lucc
3226 4607 3312 4651 tua
3356 4594 3646 4652 admonitio

2072 4703 2260 4759 rationi
2284 4716 2390 4755 non
2428 4699 2626 4752 absona
2659 4709 2778 4749 esse
2801 4692 3100 4754 videretur;
3133 4689 3213 4740 sin
3241 4696 3416 4740 autem
3448 4700 3513 4738 ex
3540 4700 3644 4737 una

2074 4803 2222 4863 parte
2260 4793 2431 4862 ipsum
2461 4801 2694 4858 pugnare
2737 4784 2918 4838 sineus
2969 4791 3024 4836 et
3071 4779 3191 4834 telis
3235 4779 3513 4845 impetere,
3564 4791 3649 4826 tm:

2070 4887 2256 4957 jubeas
2278 4883 2586 4952 quiescere,
2619 4877 2736 4931 imo-
2763 4884 2951 4944 sponte
2980 4871 3326 4926 succumbere
3345 4907 3360 4931 ,
3390 4864 3515 4934 quid
3550 4863 3647 4915 hoc

2073 4982 2268 5036 damno
2285 4975 2514 5031 deterius
2542 4971 2717 5035 fuerit,
2750 4969 2956 5022 furente
2982 4965 3228 5018 nimirum
3263 4959 3496 5019 inimico,
3525 4971 3642 5007 eum

2053 5073 2161 5141 .qni
2188 5068 2455 5138 impetitur
2478 5063 2638 5117 anuis
2667 5075 2860 5116 exuere
2879 5099 2893 5122 ,
2920 5067 2974 5112 ct
3000 5056 3076 5110 sic
3112 5055 3166 5107 in
3195 5053 3310 5119 ejus
3333 5062 3516 5103 n'iauus
3537 5054 3636 5141 tia-

2076 5137 2235 5218 dere?
2260 5137 2477 5214 .luvenis
2493 5166 2570 5208 est
2588 5162 2642 5207 et
2666 5149 2942 5206 inﬁrmus?
2965 5147 3188 5214 ideoque
3211 5139 3393 5208 majori
3410 5137 3656 5192 cautione

2141 5383 2157 5413 ι
2193 5385 2294 5427 nuo
2316 5380 2420 5423 Mss.
2449 5378 2497 5420 et
2521 5368 2658 5418 Savil.
2679 5367 2876 5427 habent,
2900 5360 3157 5427 Christus.“
3189 5419 3198 5427 θ

2141 5445 2162 5475 ⁸
2196 5420 2680 5489 Ηιιξιιξῖκῇόιιιρδιίιδιιαι
2701 5429 2841 5480 aliter
2859 5426 2988 5487 jacet
3014 5423 3062 5469 iu
3085 5420 3228 5468 Mitis
3265 5423 3373 5464 LXX
3412 5420 3654 5473 Interpre-

2078 5513 2179 5556 tum
2204 5510 2255 5550 et
2275 5501 2322 5548 in
2346 5498 2558 5559 Vulgata.
2722 5557 2747 5559 μ

2141 5543 2177 5598 ἶ,
2196 5543 2695 5619 ὗῖιόᾞιδέηυάιὶυειιεηι.
2720 5548 2853 5605 Editi,
2875 5543 3050 5608 lilium.

2146 5631 2168 5662 δ
2203 5633 2348 5686 Unus,
2361 5621 2535 5685 jugmu
2557 5625 2720 5678 graui:-
