2734 4342
337 225 408 263 379

337 306 392 338 est
409 306 500 346 opus
511 324 524 342 ,
541 293 733 342 majorque
751 289 934 338 diligentia
947 287 1152 326 adhibenda
1183 295 1253 326 est.
1277 287 1414 336 Hujus-

339 361 436 399 modi
465 365 586 396 autem
606 355 726 392 virum
743 354 781 391 in
802 353 1064 400 tranquillitate
1083 357 1120 389 et
1138 351 1262 400 quiete
1284 351 1417 398 degere

338 427 494 471 oportet,
515 429 588 456 non
603 418 640 455 in
649 415 793 464 negotia
807 425 847 453 se
865 414 1047 462 conjicere
1061 414 1148 451 etin
1159 413 1279 451 medio
1292 423 1419 450 versa-

338 485 384 530 ri,
404 480 668 522 ubitumultus
693 479 822 527 ingens
857 488 900 516 ac
933 476 1174 526 perturbatio.
1207 475 1263 514 Tu
1293 481 1419 513 contra

336 557 415 593 eos,
434 545 564 594 quibus
596 544 729 582 bellum
745 543 866 580 acrius
884 541 1072 585 imminet,
1093 546 1130 578 et
1149 549 1214 588 per
1241 545 1384 578 aetatem
1406 538 1418 560 ¹

337 616 374 648 et
401 619 468 657 per
486 607 734 645 inﬁrmitatem
765 611 804 644 et
837 615 904 653 per
933 603 1172 652 imperitiam,
1192 608 1230 640 et
1259 601 1357 650 quod
1383 601 1420 638 in

336 682 459 710 rerum
475 671 596 708 medio
611 675 827 714 versantur;
848 667 930 712 hos,
945 667 1049 715 quasi
1062 677 1102 704 re
1115 667 1190 714 jam
1211 665 1304 702 bene
1320 670 1421 713 gesta

339 741 376 774 et
392 734 566 782 acquisita
588 731 822 777 fortitudine,
845 731 884 767 in
903 729 1062 767 medium
1083 728 1220 774 trahis,
1243 737 1311 765 nec
1333 727 1424 763 sinis

340 799 376 834 in
397 797 581 834 desertum
607 793 784 842 proﬁcisci
815 798 854 829 ut
879 797 1123 829 exerceantur
1141 796 1177 827 et
1196 789 1241 826 ad
1266 799 1422 836 pugnam

337 869 378 896 se
391 862 603 904 comparent
623 867 631 892 :
651 853 956 903 quemadmodum
974 853 1004 890 si
1025 853 1106 900 quis
1124 862 1222 898 eum,
1237 851 1300 900 qui
1310 851 1424 888 millia

338 925 463 968 posset
479 919 618 967 erigere
638 924 796 966 tropma,
823 916 970 964 juberet
993 926 1070 953 rem
1100 915 1266 953 bellicam
1302 915 1424 962 quiete

339 982 508 1020 inedita-ri
533 987 571 1018 et
588 980 798 1024 addiscere;
830 979 1037 1026 imperitum
1057 988 1146 1016 vero
1171 977 1234 1026 qui
1268 986 1424 1026 pugnam

337 1055 385 1082 ne
401 1044 582 1090 respicere
599 1042 746 1090 quidem
765 1047 902 1090 posset,
924 1040 1006 1078 ideo
1027 1049 1183 1088 pugnam
1196 1042 1426 1078 committere

333 1107 539 1154 juberet,ac
550 1105 686 1153 majora
703 1104 784 1142 ideo
799 1103 1058 1151 impedimenta
1073 1108 1238 1150 poneret,
1249 1101 1346 1150 quod
1365 1111 1425 1140 res

337 1169 496 1206 difﬁcilis
515 1173 625 1204 esset.
649 1167 831 1204 Prmterea
853 1175 941 1203 vero
959 1165 994 1202 id
1020 1163 1326 1202 considerandum
1347 1170 1422 1210 est,

338 1242 410 1267 non
433 1230 541 1267 licere
561 1235 643 1276 post
653 1228 796 1276 nuptias
813 1227 985 1276 cuiquam
1005 1236 1110 1264 suum
1125 1237 1206 1264 esse
1221 1226 1422 1270 dominum,

337 1291 399 1329 sed
419 1291 632 1328 alterutrum
653 1289 900 1326 necessarium
918 1297 1014 1333 esse,
1030 1293 1184 1325 autcum
1197 1297 1311 1325 uxore
1328 1298 1426 1325 sem-

337 1365 402 1402 per
423 1352 576 1396 versari,
597 1351 627 1388 si
652 1351 732 1399 ipsa
750 1351 866 1393 velit;
884 1349 944 1387 vel
976 1349 1007 1386 si
1028 1349 1089 1386 illa
1108 1349 1339 1387 continenter
1368 1349 1425 1386 vi-

338 1427 426 1454 vere
444 1413 615 1458 voluerit,
628 1423 672 1450 ea
689 1413 840 1450 dimissa
861 1411 898 1448 in
918 1411 1135 1449 adulterium
1148 1411 1321 1450 incidere.
1331 1411 1424 1458 Quid

337 1490 397 1517 me
417 1479 540 1516 dicere
560 1486 653 1524 opus
675 1482 732 1513 est
748 1475 818 1512 alia
834 1475 1061 1512 necessitatis
1076 1475 1221 1512 vincula
1234 1501 1245 1519 ,
1265 1475 1422 1521 liberos,

335 1541 390 1580 rei
403 1539 593 1578 familiaris
607 1549 726 1584 curas,
745 1549 826 1587 qua:
843 1547 989 1576 omnem
1009 1538 1186 1586 propositi
1199 1538 1424 1577 alacritatem

335 1603 537 1642 obtundere
568 1602 728 1650 possint,
748 1600 974 1648 multumque
1003 1599 1134 1638 anima;
1167 1606 1348 1648 torporem
1369 1601 1426 1638 in-

337 1666 515 1704 fundere?

383 1727 444 1764 18.
471 1726 502 1762 Α
525 1727 638 1774 prima
661 1732 760 1762 (etate
785 1725 901 1762 virtuti
927 1724 1204 1761 incumbendum.
1219 1745 1270 1752 -—
1286 1723 1423 1770 Quam-

335 1788 462 1825 obrem
483 1788 590 1834 longe
619 1788 752 1824 melius
777 1793 846 1830 est,
866 1787 1053 1824 dominum
1073 1787 1130 1822 sui
1159 1797 1202 1823 ac
1225 1787 1383 1824 solutum
1401 1799 1422 1824 a

337 1849 510 1896 primaeva
525 1855 633 1886 :etate
651 1849 764 1885 armis
778 1849 984 1892 instruere,
1001 1857 1072 1884 non
1093 1846 1140 1883 ob
1161 1857 1203 1884 ea
1223 1858 1304 1895 quae
1327 1849 1422 1886 dicta

335 1916 602 1954 sunttantum,
626 1909 691 1947 sed
721 1919 793 1946 non
821 1908 941 1945 minus
957 1908 1066 1945 etiam
1095 1907 1174 1955 ejus
1209 1909 1262 1946 rei
1291 1911 1420 1957 gratia,

333 1983 416 2020 quae
433 1983 518 2010 mox
535 1973 694 2010 dicetur.
719 1971 808 2008 Nam
827 1971 889 2019 qui
911 1981 1042 2008 versus
1071 1971 1180 2008 finem
1215 1972 1297 2010 vitae
1330 1973 1422 2012 hanc

335 2035 601 2084 philosoithiam
630 2034 838 2082 aggreditur
851 2062 862 2079 ,
878 2043 988 2070 omne
1013 2039 1160 2080 tempus
1179 2035 1362 2080 conterit,
1383 2041 1423 2074 ut

335 2105 480 2146 peccata
509 2099 624 2145 possit
657 2099 694 2135 in
715 2097 897 2145 praiterita
917 2102 1025 2134 aetate
1054 2096 1212 2142 admissa
1246 2097 1418 2145 abluere;

331 2160 482 2207 ejusque
507 2166 621 2196 totum
639 2160 798 2198 studium
819 2159 943 2197 hacin
964 2169 1005 2196 re
1024 2160 1276 2207 consumitur;
1305 2173 1421 2210 smpe-

333 2231 404 2267 que
421 2221 597 2268 contingit
618 2227 658 2257 ut
677 2232 748 2258 non
769 2227 826 2258 sat
845 2220 1022 2267 temporis
1042 2221 1199 2268 habeat,
1223 2232 1260 2262 et
1289 2237 1334 2264 ex
1352 2226 1420 2264 hac

331 2282 404 2318 vita
431 2281 596 2319 discedat
627 2282 820 2319 vulnerum
839 2282 1013 2328 reliquias
1045 2293 1169 2324 secum
1197 2287 1334 2326 ferens.
1373 2290 1421 2326 At

333 2355 422 2382 vero
438 2345 498 2392 qui
515 2356 534 2381 a
549 2345 662 2392 prima
680 2351 788 2383 aetate
805 2356 845 2383 se
863 2345 980 2390 exuit,
992 2357 1063 2384 non
1080 2349 1148 2388 hac
1167 2352 1202 2389 in
1217 2362 1258 2390 re
1277 2358 1420 2399 tempus

331 2407 500 2450 absumit,
520 2418 587 2445 nec
605 2407 708 2446 sedet
731 2418 867 2446 curans
894 2411 1064 2458 vulnera,
1095 2413 1161 2451 sed
1187 2415 1235 2452 ab
1267 2415 1418 2452 exordio

333 2471 478 2518 praemia
493 2472 696 2518 accipit..Ac
714 2472 764 2509 illi
782 2474 930 2521 quidem
948 2477 1037 2513 satis
1053 2483 1110 2514 est
1126 2479 1326 2516 sarciendis
1340 2478 1418 2516 cla-

332 2533 437 2570 dibus
451 2535 620 2571 omnibus
641 2545 796 2582 pugnam
817 2537 931 2580 inire;
955 2537 1012 2576 hic
1027 2546 1150 2578 autem
1171 2540 1218 2577 ab
1234 2542 1314 2589 ipso
1331 2551 1417 2578 cur—

333 2607 396 2634 sus
417 2598 580 2646 iugrcssu
602 2604 736 2646 troptea
759 2600 888 2648 erigit,
911 2607 948 2638 et
966 2602 1140 2640 victorias
1159 2603 1324 2642 victoriis
1352 2603 1418 2641 ad-

333 2659 502 2706 dit,ve|ut
513 2660 689 2710 Olympici
701 2663 910 2701 certaminis
920 2665 1050 2710 victor,
1063 2667 1123 2714 qui
1143 2677 1163 2704 a
1178 2667 1292 2714 prima
1311 2674 1418 2706 relate

333 2732 398 2770 per
417 2724 576 2761 victori-ae
597 2725 900 2772 proclamationes
920 2727 966 2765 ad
985 2735 1170 2766 senectam
1186 2741 1300 2778 usque
1329 2741 1416 2778 pro-

331 2795 490 2832 gressus,
509 2787 562 2823 sic
580 2787 726 2824 demum
745 2787 888 2826 decedit
905 2789 1106 2828 innumeris
1125 2793 1272 2830 coronis
1297 2793 1417 2840 capite

331 2847 534 2884 redimitus.
552 2849 605 2884 Ex
623 2859 777 2896 quorum
793 2850 915 2898 itaque
927 2863 1079 2890 numero
1097 2854 1150 2891 vis
1173 2854 1289 2892 ﬁlium
1314 2861 1415 2891 tuum

331 2908 439 2945 esse?
459 2919 634 2947 eorumne
649 2911 710 2958 qui
735 2922 863 2960 magna
880 2923 964 2950 cum
983 2913 1112 2952 ﬁducia
1130 2915 1230 2963 ipsos
1259 2917 1414 2954 archan-

335 2969 432 3016 gclos
453 2970 582 3008 intueri
599 2979 764 3018 possunt,
784 2983 830 3010 an
845 2984 972 3011 eorum
993 2976 1054 3023 qui
1073 2983 1171 3014 stant
1184 2977 1220 3014 in
1242 2978 1361 3021 turba,
1379 2985 1417 3016 et

339 3031 504 3070 ultimum
521 3041 667 3071 serram
696 3035 1118 3075 ordinem?Extremum
1149 3050 1304 3088 namque
1334 3052 1416 3079 sor-

335 3093 469 3130 tientur
487 3095 636 3131 omnino
651 3124 660 3139 ,
684 3095 714 3132 si
731 3101 852 3133 tamen
873 3098 1014 3144 possint
1041 3110 1083 3137 ea
1104 3102 1227 3139 omnia
1264 3103 1418 3150 impedi-

335 3162 457 3192 menta
488 3161 748 3200 transcurrere,
782 3169 863 3204 quae
899 3160 1008 3198 modo
1044 3165 1316 3202 numeravimus
1342 3176 1353 3202 :
1383 3166 1415 3204 si

335 3227 464 3265 nempe
483 3229 601 3266 neque
619 3229 718 3256 mors
733 3226 948 3266 praimatura
963 3223 1060 3271 ipsos
1070 3225 1282 3274 abripuerit,
1296 3238 1414 3275 neque

335 3277 381 3314 ab
398 3288 508 3315 uxore
522 3286 645 3326 postea
682 3280 844 3328 impediti
865 3282 1020 3329 fuerint,
1042 3297 1158 3336 neque
1184 3295 1238 3326 tot
1263 3290 1413 3327 vulnera

333 3341 553 3388 acceperint.
575 3347 614 3378 ut
631 3353 698 3380 nec
715 3350 828 3381 totum
844 3349 1039 3386 senectutis
1054 3357 1196 3398 tempus
1209 3351 1254 3388 ad
1271 3351 1331 3389 illa
1349 3363 1412 3389 cu-

333 3401 442 3438 randa
461 3402 638 3448 sufficiat,
667 3411 704 3441 et
730 3405 759 3441 si
784 3409 999 3447 sententiam
1035 3411 1173 3449 ﬁrmam
1212 3423 1358 3460 semper
1377 3419 1413 3450 et

332 3461 518 3500 immotam
533 3471 693 3502 servent.
704 3466 796 3504 Cum
807 3469 902 3507 enim
917 3471 996 3510 haec
1009 3475 1130 3511 omnia
1143 3476 1408 3520 concurrerint,

332 3530 416 3562 tunc
434 3527 491 3563 vix
511 3534 672 3566 extrema
691 3533 920 3580 occupabunt
935 3535 1028 3573 loca.
1049 3537 1234 3576 Horumne
1247 3539 1354 3586 igitur
1365 3550 1411 3576 ex

331 3599 482 3628 numero
499 3591 554 3628 vis
573 3602 653 3630 esse
668 3593 780 3630 ﬁlium
799 3602 914 3643 tuum,
928 3609 974 3635 an
991 3609 1117 3637 eorum
1137 3601 1248 3648 quiin
1265 3601 1410 3648 phalan-

329 3651 383 3698 gis
401 3651 518 3690 fronte
532 3654 748 3704 fulgebunt?
766 3658 898 3708 quuis
915 3690 924 3705 ,
951 3662 1104 3710 inquies,
1135 3663 1181 3700 ita
1205 3665 1339 3709 miser,
1369 3671 1410 3702 ut

329 3715 386 3751 illa
405 3719 538 3764 potius,
557 3730 665 3767 quam
685 3721 777 3768 haec,
793 3730 894 3772 optet
926 3725 1007 3762 ﬁliis
1037 3727 1140 3762 suis?
1158 3727 1292 3764 Verum
1322 3739 1410 3766 con»

330 3778 555 3818 suetudinem
573 3789 768 3830 sectamur,
789 3793 827 3831 et
841 3785 920 3824 illos
932 3787 1119 3824 nobiscum
1131 3798 1212 3831 esse
1223 3790 1402 3827 volumus.

365 3907 374 3930 '
399 3910 494 3946 Savil.
512 3917 547 3947 et
559 3915 683 3958 κίοι-ειη
701 3924 784 3962 post,
799 3925 938 3964 malem,
955 3920 1088 3964 addunt,
1105 3925 1136 3956 et
1145 3930 1205 3964 per
1217 3922 1403 3960 tmnullum.

818 213 858 251 S.
884 210 1074 250 JOANNIS
1097 207 1421 270 CHRYSOSTOMI
1449 209 1666 248 ARCIHEP.
1693 210 2060 250 CONSTANTINOP.
2452 227 2511 264 330

1492 287 1570 326 Hoc
1589 288 1706 337 ipsum
1727 295 1764 326 et
1782 299 1850 337 ego
1867 290 1974 337 cupio
1989 318 1999 334 ,
2021 301 2086 329 nec
2104 293 2218 332 minus
2245 303 2323 342 opto
2346 309 2436 346 quam
2462 315 2514 342 vus

1493 358 1675 398 parentes,
1689 358 1728 388 ut
1745 351 1782 388 in
1790 357 1976 399 paternam
1992 353 2137 391 redeant
2153 355 2288 394 domum
2305 365 2338 395 et
2351 361 2513 403 alimento-

1493 422 1573 450 rum
1593 413 1691 450 vices
1705 412 1916 460 parentlbus
1936 413 2105 460 referant,
2125 417 2248 464 quibus
2258 419 2432 461 reddendis
2441 426 2516 464 vici.

1494 473 1562 511 bus
1577 473 1636 511 his
1654 473 1792 512 similes
1808 485 2002 522 numquam
2019 477 2194 524 reperiam
2211 490 2220 515 :
2236 491 2352 519 verum
2365 483 2426 522 hoc
2440 497 2518 527 nunc

1493 537 1540 574 ab
1559 537 1630 574 illis
1646 547 1718 575 non
1738 537 1938 586 exigamus.
1958 539 2142 585 Quomodo
2160 544 2251 579 enim
2267 544 2442 584 absurdum
2459 560 2517 589 non

1495 597 1615 644 fuerit,
1638 600 1670 637 si
1686 610 1770 638 cum
1787 600 1832 637 ad
1846 601 2032 638 literarum
2051 612 2114 640 eos
2133 604 2244 641 studia
2261 607 2431 655 mittimus,
2450 611 2515 648 Ion.

1493 671 1541 709 go
1561 671 1626 700 eos
1645 667 1809 710 tempore
1823 663 1938 710 patria
1957 673 2136 707 arcemus,
2153 672 2188 703 et
2204 667 2232 703 si
2252 674 2288 704 ut
2303 675 2404 707 artem
2417 682 2521 719 quam-

1493 723 1579 761 dam
1597 724 1862 770 mechanicam,
1874 732 1936 763 aut
1955 727 2061 764 aliam
2077 728 2233 766 viliorem
2248 730 2406 778 ediscant,
2414 734 2522 774 domus

1497 788 1652 836 propria:
1666 788 1765 825 aditu
1789 789 2048 836 interdicimus,
2067 795 2103 828 et
2121 791 2154 828 in
2166 794 2318 840 magistri
2329 795 2424 833 domo
2433 808 2521 844 pran-

1496 850 1584 888 dere
1601 856 1639 888 et
1657 851 1818 889 dormire
1831 851 2021 899 jubemus;
2042 862 2124 891 cum
2142 860 2259 892 autem
2273 867 2340 894 non
2355 857 2519 898 humanam

1496 912 1694 960 quamdam
1726 913 1968 960 disciplinam,
2001 915 2064 952 sed
2089 915 2262 954 caelestem
2298 918 2521 968 philosophiam

1496 975 1628 1012 adituri
1647 980 1744 1020 sunt,
1759 976 1880 1014 statim
1890 977 2118 1024 retrahimus,
2129 984 2311 1028 antequam
2327 981 2360 1018 id
2377 981 2430 1019 ﬁat
2444 984 2520 1031 quod

1497 1039 1690 1086 optamus?
1707 1041 1825 1088 Atque
1838 1040 1870 1078 is
1886 1041 2030 1089 quidem
2043 1070 2052 1088 ,
2071 1043 2130 1090 qui
2147 1053 2210 1090 per
2233 1051 2404 1082 extensum
2425 1045 2520 1084 funem

1496 1112 1644 1141 currere
1661 1103 1814 1141 docetur
1827 1132 1838 1151 ,
1857 1104 1918 1142 diu
1938 1104 2052 1142 aberit
2068 1105 2196 1151 domo;
2213 1116 2273 1144 eos
2289 1112 2410 1154 autem,
2427 1109 2477 1156 qui
2488 1119 2522 1147 ex

1498 1171 1593 1203 terra
1627 1166 1666 1202 in
1696 1165 1827 1204 cmlum
1861 1166 2008 1206 avolare
2038 1167 2201 1214 discunt,
2238 1179 2316 1206 cum
2346 1171 2522 1218 parentibus

1497 1227 1730 1266 claudemus?
1750 1228 1842 1274 Quid
1862 1228 1930 1267 hac
1943 1230 2360 1279 absurditatepossitesse
2373 1232 2524 1271 deterius?

1495 1289 1624 1329 Nonne
1637 1291 1814 1338 agricolas
1831 1291 1974 1338 videtis,
1993 1292 2132 1330 etiamsi
2149 1292 2305 1330 laborum
2317 1293 2450 1331 fructum
2461 1305 2524 1342 per-

1496 1354 1618 1401 cipere
1633 1353 1788 1402 gestiant
1805 1381 1815 1400 ,
1834 1354 2046 1394 immaturos
2063 1363 2180 1394 tamen
2193 1356 2272 1394 illos
2287 1367 2459 1406 numquam
2473 1357 2523 1396 de-

1497 1415 1662 1453 metere?

1496 1496 1501 1509 ι
1545 1477 1624 1514 Mos
1643 1484 1717 1515 erat
1731 1477 1960 1517 adolescentes
1974 1479 2020 1516 ad
2039 1485 2170 1528 tempus
2186 1485 2312 1517 tantum
2327 1481 2362 1518 in
2379 1487 2520 1518 monaste-

1495 1541 1550 1578 rio
1568 1541 1703 1589 degere.
1722 1561 1772 1568 —
1787 1541 1886 1590 Ergo
1909 1551 1978 1579 nec
1997 1543 2090 1580 ﬁlios
2109 1548 2248 1580 nostros
2267 1553 2286 1580 a
2304 1543 2425 1581 deserti
2441 1553 2523 1580 com-

1495 1605 1700 1642 moratione
1731 1610 1818 1642 ante
1852 1610 1996 1652 tcmpus
2027 1605 2272 1651 abducamus;
2304 1605 2364 1643 sed
2395 1606 2526 1643 sinamus

1495 1667 1707 1715 disciplinas
1720 1667 1829 1705 altius
1843 1667 2000 1716 imprimi
2019 1675 2055 1706 et
2073 1668 2212 1716 plantas
2225 1660 2523 1706 radicibusﬁrmari.

1495 1729 1650 1768 Etiamsi
1667 1731 1810 1780 decem,
1832 1733 1976 1770 etiamsi
2001 1733 2124 1782 viginti
2149 1742 2259 1770 annos
2289 1732 2324 1770 in
2341 1731 2526 1768 monasterio

1494 1793 1540 1829 ali
1560 1799 1742 1841 oporteat,
1761 1805 1809 1832 ne
1837 1796 2042 1841 turbemur,
2067 1805 2135 1833 nec
2159 1805 2310 1832 mcerore
2336 1794 2524 1836 afficiantur;

1494 1861 1630 1901 quanto
1647 1857 1744 1894 enim
1765 1857 1902 1896 diutius
1919 1858 1955 1895 in
1975 1858 2162 1907 gymnasio
2181 1857 2430 1900 exercitabitur,
2447 1861 2528 1893 tanto

1493 1919 1652 1966 majores
1671 1920 1894 1968 adipiscetur
1914 1923 2022 1960 vires.
2045 1923 2120 1960 lino
2139 1922 2169 1959 si
2185 1922 2330 1970 placeat,
2348 1931 2390 1958 ne
2411 1927 2526 1966 tempus

1493 1983 1724 2031 deﬁniamus,
1750 1986 1814 2023 sed
1833 1987 2011 2024 terminus
2029 1987 2076 2024 sit
2102 1987 2161 2024 ille
2177 1991 2325 2028 tantum,
2350 1985 2404 2032 qui
2423 1983 2524 2020 insitos

1494 2045 1632 2084 fructus
1663 2048 1778 2096 possit
1807 2048 1851 2086 ad
1885 2049 2128 2086 maturitatem
2157 2047 2366 2096 perducere;
2399 2052 2529 2090 tuncque

1493 2109 1620 2148 redeat
1647 2121 1691 2148 ex
1722 2111 1935 2158 solitudine,
1967 2121 2039 2149 non
2066 2118 2185 2149 autem
2214 2117 2328 2148 antea.
2347 2108 2431 2146 Nihil
2448 2107 2527 2145 enim

1492 2171 1598 2210 nobis
1619 2173 1781 2220 proderit
1802 2175 1865 2212 illa
1889 2175 2070 2219 celeritas,
2093 2174 2161 2212 nisi
2187 2179 2226 2212 ut
2249 2173 2294 2210 ad
2318 2171 2527 2210 maturitatem

1493 2245 1688 2284 numquam
1719 2239 1925 2284 perveniat.
1945 2237 2011 2284 Qui
2039 2238 2134 2275 enim
2163 2244 2245 2274 ante
2273 2241 2402 2284 tempus
2419 2232 2526 2270 radicis

1491 2298 1667 2336 alimento
1677 2299 1900 2345 destituitur,
1917 2300 1947 2336 is
1960 2300 2120 2348 profecto
2135 2310 2178 2336 ne
2193 2297 2395 2336 adveniente
2406 2294 2526 2342 quidem

1491 2364 1655 2408 tempore
1673 2361 1770 2400 utilis
1789 2362 1872 2400 erit.
1892 2362 1995 2408 Quod
2014 2367 2053 2400 ut
2067 2372 2112 2400 ne
2131 2360 2280 2406 accidat,
2297 2357 2527 2406 separationem

1491 2423 1588 2460 illam
1607 2424 1790 2471 patienter
1815 2424 1998 2470 feramus;
2018 2435 2085 2462 nec
2105 2425 2220 2462 solum
2247 2433 2315 2460 non
2338 2428 2526 2468 urgeamus.

1490 2483 1554 2520 sed
1577 2485 1607 2521 si
1627 2492 1846 2533 pramature
1866 2487 1986 2524 redire
2012 2487 2146 2532 velint,
2175 2484 2414 2533 prohibeamus
2432 2493 2441 2517 :
2457 2489 2525 2528 per-

1490 2545 1623 2584 fectum
1642 2549 1738 2584 enim
1759 2555 1844 2586 tunc
1861 2549 2000 2586 lucrum
2022 2548 2168 2586 accedet
2185 2553 2220 2586 et
2236 2547 2324 2596 patri
2341 2552 2374 2583 et
2390 2543 2479 2581 matri
2496 2548 2526 2578 et

1489 2609 1612 2647 domui
1639 2617 1675 2648 et
1692 2612 1828 2649 civitati
1849 2619 1886 2650 et
1906 2613 2018 2660 genti.
2041 2613 2104 2651 Sin
2123 2622 2207 2650 vero
2229 2609 2441 2658 imperfectus
2457 2605 2524 2643 red-

1489 2677 1561 2718 eat,
1583 2673 1757 2710 ridiculus
1770 2674 1854 2719 erit,
1872 2675 2016 2722 probris
2035 2675 2231 2723 expositus,
2246 2673 2389 2719 aliisque
2404 2667 2526 2706 noxius.

1488 2735 1542 2774 Ne
1560 2737 1668 2784 igitur
1687 2735 1900 2774 detrimenti
1920 2737 2126 2785 hujusmodi
2145 2742 2306 2774 auctores
2322 2734 2434 2771 simus.
2451 2729 2525 2767 Nam

1489 2808 1570 2835 cum
1593 2809 1744 2846 peregre
1760 2798 1855 2836 ﬁlios
1871 2800 2062 2844 mittimus,
2083 2805 2166 2836 tunc
2179 2799 2318 2836 demum
2336 2795 2413 2853 illos.
2423 2791 2524 2853 videre

1488 2859 1670 2904 volumus,
1701 2870 1784 2897 eum
1816 2859 1850 2898 id
1883 2860 2120 2909 pcrfecerint,
2149 2859 2248 2908 cujus
2273 2866 2374 2894 causa
2400 2850 2525 2902 profecti

1488 2927 1596 2966 sunt;
1616 2921 1646 2959 si
1660 2927 1744 2960 ante
1759 2922 1925 2968 redeant,
1941 2933 2013 2960 non
2030 2928 2165 2960 tantum
2181 2932 2223 2960 ex
2237 2919 2348 2958 reditu
2361 2912 2524 2962 voluptatis

1487 2985 1663 3032 capimus,
1684 2993 1856 3032 quantum
1875 2997 1918 3024 ex
1939 2997 1983 3024 eo
2002 2986 2183 3030 mceroris,
2201 2976 2523 3033 quodfrustraredie.

1487 3046 1575 3083 rint.
1591 3047 1660 3092 Qui
1679 3047 1787 3094 igitur
1807 3059 1878 3084 non
1898 3058 2048 3086 summa:
2065 3047 2269 3086 stoliditatis
2283 3043 2394 3086 fuerit,
2411 3046 2522 3078 tantam

1488 3108 1524 3144 in
1542 3108 1789 3156 spiritualibus
1809 3120 1880 3146 non
1901 3110 2075 3148 adhibere
2092 3119 2229 3153 curam,
2250 3111 2410 3155 quantum
2427 3103 2456 3138 in
2471 3110 2524 3136 533'

1487 3169 1694 3216 cularibus;
1721 3177 1831 3218 atque
1861 3171 1909 3208 ibi
1935 3172 2082 3220 quidem
2115 3171 2265 3208 ﬁliorum
2291 3164 2522 3214 separatione!"

1488 3239 1560 3270 tam
1589 3233 1842 3282 philosophice
1870 3234 1986 3281 ferre,
2015 3243 2054 3273 ut
2083 3246 2160 3272 eam
2191 3231 2434 3270 diuturniorem
2458 3231 2525 3261 esse

1486 3301 1666 3343 optemus,
1696 3297 1728 3333 si
1755 3297 1802 3334 de
1831 3298 1908 3334 utili
1935 3300 2105 3346 quopiam
2133 3303 2279 3344 agatur;
2309 3292 2364 3328 hic
2380 3297 2456 3327 vero
2481 3285 2522 3321 ita

1485 3359 1613 3396 molles
1633 3365 1670 3396 et
1686 3359 1808 3397 animo
1829 3359 1962 3398 fractos
1981 3371 2076 3407 esse,
2096 3370 2175 3398 cum
2196 3358 2244 3395 illi
2262 3353 2520 3404 proﬁciscuntur.

1485 3427 1524 3458 ut
1555 3421 1624 3459 hac
1657 3428 1781 3460 nostra
1816 3424 2113 3470 pusillanimitate
2145 3421 2253 3460 multa
2281 3418 2524 3462 corrumpamus

1483 3484 1578 3522 bona
1601 3497 1610 3521 :
1631 3491 1668 3522 et
1685 3485 1764 3523 haec
1781 3497 1864 3524 cum
1883 3488 1988 3535 plura
2005 3488 2131 3526 solatia
2153 3485 2354 3534 habeamus,
2374 3488 2438 3517 ηοη
2457 3481 2522 3512 ¹³¹¹“

1484 3553 1572 3591 tum,
1595 3547 1692 3595 quod
1718 3548 1770 3586 illi
1797 3549 1844 3586 ad
1865 3550 2002 3598 majora
2023 3561 2063 3588 se
2079 3547 2278 3592 conferant,
2297 3550 2331 3582 et
2350 3543 2446 3579 ﬁnem
2463 3537 2523 3573 si"!

1483 3618 1634 3654 prorsus
1653 3611 1900 3658 assequuturi,
1922 3611 2112 3658 nullusque
2133 3609 2208 3656 spei
2225 3608 2360 3644 futurus
2377 3603 2420 3640 sit
2430 3599 2521 3639 obex,

1481 3670 1546 3708 sed
1563 3671 1673 3708 etiam
1689 3673 1786 3720 quod
1800 3674 1845 3711 ad
1863 3674 1978 3722 ipsam
1993 3673 2253 3721 separationcm
2271 3663 2434 3717 pertinet?
2446 3661 2520 3698 Nam

1480 3733 1511 3769 si
1539 3735 1868 3781 peregrinationem
1891 3736 1942 3773 illi
1963 3735 2192 3784 longinquam
2211 3727 2442 3777 susceperint,
2461 3730 2520 3784 uolt

1481 3795 1587 3834 facile
1613 3804 1668 3834 est
1689 3798 1771 3836 illos
1795 3800 2006 3846 convenire,
2035 3810 2117 3837 cum
2138 3797 2288 3835 maxime
2312 3794 2467 3841 [urentes
2482 3782 2520 3820 ad

1481 3847 1703 3898 senectutem
1725 3863 1980 3908 pervenerint;
2011 3862 2069 3900 hic
2094 3866 2213 3898 autem
2238 3857 2317 3894 illos
2337 3852 2520 3899 freflueme'

1478 3919 1578 3958 adire
1598 3921 1694 3960 licet.
1714 3922 1751 3962 id
1771 3934 1858 3973 ergo
1878 3924 2064 3970 faciamus,
2083 3929 2163 3962 cum
2181 3920 2229 3959 illi
2246 3916 2393 3957 nondum
2410 3911 2450 3949 ad
2464 3915 2518 3945 ηοε
