2734 4342
193 265 260 305 381

190 339 370 389 proﬁciscl
386 345 556 390 poterunt
575 350 586 377 :
602 339 698 388 ipsos
712 339 896 383 adeamus,
915 340 1056 380 illorum
1073 339 1260 377 consortio

191 409 228 440 et
245 402 425 450 colloquio
439 401 614 438 fruamur.
635 401 725 438 llinc
740 401 844 438 nobis
862 401 988 450 ingens
1005 401 1158 446 lucrum,
1180 411 1260 436 ma-

192 474 333 512 gnaque
352 463 516 510 voluptas
543 463 670 500 aderit.
691 463 770 500 Non
791 464 887 501 enim
907 471 1101 511 conspectu
1122 470 1270 502 tantum,

192 526 458 563 carissimorum
478 525 631 562 filiorum
650 527 870 570 lmtabimur;
893 527 956 564 sed
977 527 1044 574 ipsi
1064 527 1262 564 maximum

193 589 312 636 adepti
344 589 513 640 fraetum,
545 590 692 626 domum
722 590 919 627 redibimns
941 602 950 626 :
973 600 1134 638 persaepe
1154 590 1263 626 etiam

194 661 275 687 cum
295 651 366 688 illis
383 652 622 692 manebimus.
641 652 877 699 philosopher:
895 663 1017 689 amore
1035 653 1145 700 capti.
1165 652 1266 688 Tune

194 711 302 760 igitur
319 712 400 748 illos
415 723 639 756 revocemus,
657 724 737 750 cum
755 714 848 750 vires
869 714 960 750 nacti
977 720 1095 757 erunt,
1115 713 1266 760 aliisque

195 773 368 820 prodesse
402 780 567 821 poterunt
601 787 610 811 :
646 781 729 811 tunc
764 775 842 810 illos
875 775 1116 818 retrahamus,
1152 775 1197 810 ita
1229 780 1268 816 ut

196 836 398 873 communis
413 836 471 872 lux
491 835 563 879 fiat,
583 843 619 872 et
637 836 782 872 lucerna
800 843 954 883 ponatur
969 846 1076 882 supra
1095 835 1268 871 candela-

197 897 315 934 brum.
338 897 448 934 -Tunc
479 898 647 934 videbitis
677 908 917 946 quorumuam
954 897 1111 934 filiorum
1149 903 1269 944 patres

198 959 291 1003 sitis,
313 969 514 1006 quorumve
545 960 583 1003 ii,
612 970 703 1006 quos
737 970 833 996 nunc
860 951 986 996 beatos
1014 959 1132 995 dicitis
1159 964 1271 995 :tune

199 1021 436 1070 philosophiae
457 1022 555 1058 lucra
576 1021 741 1058 videbitis
756 1050 765 1065 ,
789 1032 873 1058 cum
907 1022 1123 1058 insanabiles
1153 1021 1271 1057 homi-

202 1095 286 1121 num
307 1085 451 1121 morbos
470 1085 689 1130 curaveriut,
710 1096 792 1121 cum
813 1091 851 1120 ut
871 1084 1024 1121 benefici
1046 1095 1270 1129 communes,

201 1147 342 1194 patroni
365 1151 401 1182 et
421 1153 625 1183 servatores
655 1146 959 1194 przedicabuntur,
981 1157 1062 1182 eum
1094 1152 1132 1182 ιιι
1156 1145 1275 1193 angeli

203 1217 284 1248 cum
305 1206 508 1244 hominibus
527 1208 561 1244 in
584 1207 688 1244 terris
707 1209 909 1244 eonversati
932 1207 1078 1252 fuerint,
1101 1217 1180 1244 cum
1199 1217 1277 1243 om-

203 1268 302 1305 nium
321 1268 484 1305 obtutum
505 1269 539 1305 in
567 1279 606 1307 se
626 1269 874 1306 converterint
896 1281 903 1304 :
927 1269 999 1305 imo
1017 1269 1150 1316 potius,
1176 1279 1276 1317 qua:-

204 1342 360 1379 cmnque
380 1331 588 1377 dixerimus,
611 1332 699 1368 nihil
731 1333 801 1369 tale
822 1331 996 1369 exhibere
1020 1339 1151 1379 potest,
1172 1332 1278 1379 quale

207 1395 282 1441 ipsa
304 1395 524 1442 experientia
547 1400 583 1432 et
603 1395 774 1442 operibus
797 1395 920 1432 videre
937 1402 1006 1432 est.
1027 1395 1112 1432 Hice
1133 1395 1277 1443 legisla-

206 1456 345 1493 toribus
360 1457 521 1494 facienda
537 1462 654 1500 erant,
671 1457 700 1494 si
715 1457 763 1494 uti
780 1458 1015 1496 conveniebat
1033 1465 1150 1496 actum
1168 1463 1278 1502 esset,

207 1529 338 1565 nempe
358 1526 396 1555 ut
417 1530 486 1554 non
505 1519 696 1565 juvenibus
715 1519 872 1556 virorum
893 1526 1036 1556 :rlalem
1062 1519 1201 1568 adeptis
1232 1519 1278 1555 ti-

209 1588 330 1615 mores
342 1581 560 1624 ineuterent;
575 1580 639 1617 sed
655 1590 731 1623 eos,
747 1580 831 1617 dum
847 1582 948 1628 pueri
963 1587 1079 1625 erant,
1094 1582 1283 1618 instituere

211 1645 248 1676 et
268 1631 462 1677 informare
478 1652 568 1689 opus
587 1648 664 1679 erat
679 1671 687 1686 ,
710 1654 777 1682 nec
797 1650 918 1691 pustea
940 1645 1047 1681 minre
1065 1643 1283 1681 adhibenda:

211 1701 376 1739 fuissent.
396 1703 498 1741 Nunc
515 1713 633 1742 autem
653 1706 720 1743 hoc
737 1707 852 1754 ipsum
869 1706 998 1754 agitur,
1015 1715 1056 1742 ac
1068 1703 1098 1742 si
1116 1706 1196 1753 quis
1210 1715 1285 1742 me-

210 1763 313 1800 dicus
339 1767 526 1812 aegrotanti
560 1767 648 1803 nihil
679 1767 788 1813 dicat,
807 1779 875 1805 nec
894 1768 1147 1816 ostendatquo
1179 1773 1285 1814 pacto

211 1825 391 1863 curandus
411 1827 458 1863 sit
473 1829 634 1872 morbus,
651 1829 833 1876 deplorata
849 1835 970 1866 autem
988 1828 1207 1872 valetudine,
1226 1827 1282 1863 in-

211 1897 378 1924 numeras
397 1887 641 1926 remediorum
664 1891 760 1938 leges
779 1896 926 1926 statuat.
948 1889 1036 1926 Nam
1058 1889 1284 1936 legislatores

213 1956 296 1986 tunc.
323 1959 389 1987 nos
419 1946 605 1988 instituere
625 1952 897 1998 aggrediuntur,
925 1962 1006 1988 eum
1030 1951 1102 1998 jam
1125 1951 1284 1998 perversi

212 2022 349 2048 sumus.
367 2011 436 2049 Sed
453 2022 523 2050 non
544 2015 589 2049 ita
605 2013 750 2059 Paulus,
767 2025 890 2050 verum
906 2014 951 2051 ab
969 2014 1069 2050 initio
1084 2020 1121 2051 et
1135 2024 1152 2049 a
1170 2013 1284 2062 prima

213 2079 318 2110 :etale
349 2074 538 2121 magistros
565 2075 634 2111 illis
653 2075 793 2112 virtutis
823 2075 986 2123 przelicit.
1017 2075 1111 2112 vitiis
1139 2085 1284 2111 onmem

214 2135 348 2171 aditum
378 2135 635 2173 intercludens.
665 2135 749 2173 lla-e
776 2137 909 2184 quippe
936 2137 1070 2184 optima
1097 2143 1153 2173 est
1179 2135 1286 2172 disci-

217 2196 326 2244 plina,
345 2208 418 2234 non
437 2199 534 2244 prius
555 2199 640 2234 vitia
659 2199 838 2234 dominari
859 2199 976 2235 sinere
997 2204 1031 2236 et
1050 2205 1172 2245 postea
1190 2208 1286 2245 qua:-

216 2270 310 2305 rere,
329 2271 401 2307 quo
416 2268 522 2308 pacto
543 2262 601 2298 illa
621 2261 798 2298 eliminari
826 2261 982 2309 possint,
1004 2261 1066 2298 sed
1089 2262 1209 2297 omnia
1233 2261 1285 2296 fa-

217 2331 299 2358 cere
317 2329 424 2370 atque
443 2323 575 2367 moliri,
591 2328 629 2359 ut
649 2330 774 2359 natura
796 2331 915 2360 nostra
939 2323 1108 2371 nequitia:
1130 2323 1176 2359 sit
1193 2324 1290 2359 inac-

219 2395 332 2421 cessa.
355 2386 595 2431 Quamobrem
627 2387 768 2432 hortor,
800 2397 869 2423 non
902 2386 1009 2423 modo
1039 2387 1132 2430 illos,
1162 2387 1220 2434 qui
1254 2384 1287 2422 id

219 2446 335 2484 facere
363 2448 506 2491 vellent,
529 2449 712 2494 cohibere,
743 2449 805 2486 sed
833 2451 939 2486 etiam
967 2450 1064 2498 ipsos
1091 2450 1288 2496 suscipere,

223 2509 389 2556 scapham
410 2511 564 2557 eripere,
585 2519 621 2548 et
640 2522 834 2558 procurare
862 2517 899 2548 ut
917 2512 1077 2549 secundo
1095 2518 1203 2548 vento
1224 2522 1288 2547 na-

223 2571 374 2616 vigetnr.
398 2571 536 2608 Etenim
553 2574 581 2609 si
603 2573 697 2609 hanc
716 2584 843 2610 omnes
862 2574 1079 2611 sententiam
1097 2573 1293 2620 amplecte-

227 2640 358 2672 rcmnr,
375 2639 411 2668 et
428 2632 506 2669 aliis
527 2635 738 2680 posthabitis
759 2635 802 2674 ad
824 2637 1076 2674 virtuteincos
1096 2636 1293 2673 deducere-

228 2702 318 2732 mus.
341 2692 409 2729 hoc
433 2695 548 2731 solum
568 2707 685 2741 opera:
711 2698 879 2743 pretium,
908 2705 1037 2735 caetera
1060 2709 1145 2736 vero
1173 2699 1291 2735 omnia

227 2754 404 2791 adseitilia
435 2765 515 2793 esse
544 2757 770 2803 arbitrantes,
802 2751 1013 2804 tanta‘hine
1043 2761 1296 2810 contingerent

229 2819 336 2862 bona,
353 2826 484 2865 quanta
503 2821 531 2857 si
553 2833 647 2859 nunc
665 2823 781 2859 dicam
794 2853 802 2867 ,
820 2824 988 2870 jactantis
1008 2837 1107 2863 more
1123 2825 1218 2874 loqui
1240 2827 1295 2862 vi-

227 2881 328 2919 dear.
346 2883 382 2920 Si
400 2884 478 2930 quis
497 2893 614 2921 autent
635 2887 726 2923 scire
745 2897 800 2932 cui
817 2887 878 2932 int,
896 2899 937 2925 ex
956 2889 1059 2926 rebus
1079 2891 1164 2937 ipsis
1186 2875 1297 2939 probe

229 2951 435 2992 cognoscet,
468 2946 704 2995 ingentesque
737 2949 840 2986 nobis
865 2951 998 2997 gratias
1025 2951 1185 2997 habebit,
1220 2954 1298 2989 lon-

231 3017 342 3056 goque
360 3009 514 3056 majores
535 3011 621 3056 Deo,
638 3023 718 3048 cum
738 3013 863 3050 viderit
879 3013 986 3050 vitam
1003 3015 1100 3052 illam
1115 3017 1297 3054 c:elestem

233 3071 266 3107 in
289 3078 382 3109 terra
401 3074 677 3123 germinantem,
694 3075 966 3124 doctrinamque
987 3078 1031 3115 de
1047 3078 1174 3116 futuris
1195 3079 1298 3118 bonis

232 3143 274 3170 ac
304 3133 348 3172 de
378 3137 640 3173 resurrectione
670 3137 726 3174 vel
753 3138 847 3186 apud
878 3138 975 3186 ipsos
1007 3139 1170 3178 infideles
1203 3139 1302 3178 obtia

233 3199 390 3234 nc‘ntem.

283 3261 340 3298 l9.
362 3263 462 3308 Quod
479 3268 598 3301 autem
614 3262 690 3302 haec
711 3259 972 3312 nonjactanti'aa
989 3267 1096 3304 verba
1111 3267 1196 3311 sint,
1216 3266 1302 3304 inde

235 3321 406 3369 liquidutn
437 3331 515 3368 est,
544 3325 639 3373 quod
667 3338 748 3362 eum
771 3326 857 3372 ipsis
877 3329 985 3364 vitam
1014 3339 1138 3366 eorum
1153 3359 1163 3375 ,
1185 3330 1244 3378 qui
1267 3330 1303 3367 in

235 3383 388 3421 desertis
409 3393 610 3432 versantur,
639 3399 874 3434 enarramus,
908 3389 952 3426 ad
983 3390 1060 3428 haec
1091 3391 1178 3427 nihil
1209 3391 1304 3440 quod

237 3447 407 3494 objiciunt
420 3447 564 3492 habent,
585 3449 646 3488 sed
663 3451 800 3488 fortiter
819 3441 1018 3498 repngrfant
1036 3458 1072 3490 et
1086 3453 1307 3490 contendunt

238 3511 331 3547 circa
350 3510 564 3558 paucitatem
581 3522 718 3558 eorum,
735 3514 793 3561 qui
815 3514 861 3550 ita
879 3514 1036 3561 perfecte
1051 3525 1090 3551 se
1107 3523 1246 3562 gerunt.
1267 3517 1306 3554 Si

241 3582 324 3609 vero
355 3573 389 3609 in
418 3573 566 3610 urbibus
595 3573 689 3611 hunc
710 3574 864 3612 fructum
893 3587 1119 3622 sereremus,
1145 3577 1309 3626 bonaque

241 3636 428 3684 disciplina
449 3643 485 3674 et
498 3637 612 3684 legem
627 3645 663 3675 et
681 3639 819 3676 initium
835 3641 1028 3688 acciperet,
1049 3641 1210 3689 filiosque
1225 3650 1310 3681 ante

242 3700 359 3735 omnia
379 3709 608 3737 maneremus
627 3707 665 3737 ut
684 3701 759 3737 Deo
786 3702 891 3738 amici
915 3702 1062 3748 ﬁerent,
1086 3704 1311 3751 Spirituales-

243 3771 311 3807 que
325 3761 533 3810 disciplinas
554 3762 630 3799 vice
647 3763 806 3799 omnium
824 3769 859 3800 ct
873 3770 955 3800 ante
969 3774 1095 3802 omnes
1109 3766 1198 3803 alias
1216 3767 1312 3814 ipsus

245 3823 477 3869 duceremus,
509 3826 623 3862 tristia
656 3832 782 3862 cuncta
813 3827 1071 3872 abscederent,
1096 3830 1315 3868 innumeris-

247 3898 314 3934 quc
333 3888 434 3924 malis
451 3889 522 3926 vita
543 3900 703 3938 praesens
721 3887 934 3937 eriperetur,
953 3901 994 3928 ac
1009 3892 1102 3939 quod
1126 3892 1172 3930 de
1198 3893 1315 3931 futura

251 3949 392 3999 dicitur,
412 3963 540 4003 nempe
560 3953 740 4002 aufugisse
758 3953 932 4002 dolorem,
956 3955 1135 3994 tristitiam
1152 3963 1186 3994 ct
1201 3958 1315 4006 genii»

693 263 936 302 ADVERSUS
960 262 1331 303 OPPUGNATORES
1358 265 1482 304 VITaE
1508 266 1707 305 MONAST.
1736 267 1822 304 LIB.
1851 267 1910 304 Ill.

2334 270 2405 306 38%

1333 346 1406 378 tuin
1421 370 1431 387 ,
1453 341 1536 379 hinc
1554 343 1678 390 utique
1703 354 2008 390 consequeremur
2023 355 2162 382 omnes.
2180 345 2269 382 Nam
2287 347 2316 384 si
2335 358 2401 384 nec

1333 404 1590 450 pecuniarum,
1620 415 1688 442 nec
1714 406 1830 442 inanis
1849 406 1972 452 gloria:
1987 407 2118 452 cupido
2145 418 2212 444 nos
2241 414 2378 445 teneret

1332 475 1450 513 neque
1469 472 1622 502 mortem
1639 467 1858 512 timeremus
1872 495 1882 510 ,
1912 477 2030 514 neque
2047 474 2292 515 paupertatem
2306 495 2316 511 ,
2339 479 2406 504 nec

1332 538 1513 564 aerumnas
1536 527 1706 564 damnum
1734 528 2008 574 arbitraremur,
2037 529 2100 566 sed
2123 530 2260 566 lucrum
2290 528 2406 565 maxi-

1334 598 1447 631 mum,
1470 598 1542 624 non
1562 588 1762 632 inimicitia,
1785 599 1856 625 non
1877 587 1960 628 odio
1980 590 2144 636 persequi
2166 590 2393 626 novissemus

1335 661 1406 688 non
1421 652 1575 698 propriis
1589 663 1772 696 umquam,
1785 662 1856 688 non
1875 652 2001 688 alienis
2015 652 2124 688 animi
2139 653 2410 698 atgritudinibus

1336 723 1637 761 expugnaremur.
1661 714 1725 751 sed
1755 714 1949 751 lnnnanum
1979 725 2094 761 genus
2119 715 2257 760 angelis
2285 716 2409 760 proxi-

1336 786 1436 812 mum
1453 782 1564 813 esset.
1587 776 1715 822 Ecquis
1735 776 1932 818 hominum,
1955 776 2108 823 inquies,
2130 776 2222 812 hanc
2241 785 2316 812 rem
2339 783 2410 812 tam

1338 838 1510 884 przeciarc
1529 838 1666 884 gessit?
1685 836 1772 874 Jure
1793 848 1863 873 non
1885 837 2017 882 credis,
2041 844 2165 884 utpote
2181 839 2240 884 qui
2257 837 2294 872 in
2313 836 2414 873 urbi—

1339 899 1405 936 bus
1426 899 1578 943 habites,
1598 905 1635 936 et
1649 899 1790 936 divinos
1809 899 1920 936 libros
1936 909 2008 936 non
2029 899 2169 946 legeris.
2185 898 2288 942 Quod
2306 897 2335 934 si
2351 907 2415 933 eos

1340 961 1402 1008 qui
1423 961 1456 997 iu
1477 961 1630 998 desertis
1650 967 1853 1004 versantur,
1876 967 1913 998 et
1935 971 1998 997 cos
2017 961 2077 1008 qui
2109 961 2144 996 in
2170 959 2417 1006 spiritualibus

1343 1023 1443 1060 libris
1463 1029 1710 1060 memorantur
1728 1032 1868 1066 nosses,
1889 1022 2077 1059 didicisses
2094 1021 2216 1068 utique
2232 1026 2268 1056 ct
2288 1029 2417 1056 niena-

1343 1084 1432 1120 chos
1448 1090 1483 1121 et
1500 1084 1614 1132 prius,
1633 1095 1739 1131 quam
1761 1084 1810 1120 illi
1825 1112 1835 1127 ,
1855 1084 2051 1130 apostolos,
2074 1089 2148 1120 tum
2167 1081 2417 1128 etiainjustos,

1344 1147 1404 1196 qui
1432 1147 1615 1193 apostolos
1643 1151 1928 1192 prazcesserunt,
1959 1155 2097 1180 summa
2128 1155 2210 1182 cum
2235 1143 2418 1190 diligentia

1346 1208 1438 1244 hanc
1469 1207 1581 1254 ipsam
1612 1206 1874 1254 philosophiam
1903 1205 2123 1244 exhibuisse.
2154 1205 2316 1242 Vitanda:
2333 1216 2424 1252 ergo

1347 1270 1420 1306 litis
1439 1279 1570 1314 causa,
1602 1268 1730 1305 demus
1756 1268 1870 1304 filium
1899 1273 1998 1304 tuum
2017 1266 2176 1304 secundo
2203 1267 2356 1306 tertiove
2376 1267 2424 1301 ab

1348 1331 1419 1368 illis
1437 1331 1549 1378 gradu
1568 1330 1725 1366 futurum
1743 1342 1753 1367 :
1773 1340 1844 1366 non
1858 1329 1996 1376 exiguis
2011 1336 2128 1365 tamen
2147 1327 2285 1365 fruetur
2301 1327 2420 1364 bonis.

1347 1394 1426 1432 Non
1447 1394 1492 1430 ad
1515 1394 1680 1439 Petrum,
1712 1403 1784 1431 non
1815 1393 1859 1429 ad
1879 1392 2030 1430 Paulum
2051 1392 2224 1438 attinget,
2254 1390 2326 1427 imo
2355 1399 2428 1426 nee

1349 1458 1514 1506 proxime
1531 1458 1575 1495 ad
1591 1468 1654 1496 eos
1669 1457 1838 1501 accedet;
1859 1467 1943 1492 num
1963 1455 2045 1492 ideo
2059 1455 2159 1492 illum
2175 1465 2196 1492 a
2213 1453 2426 1501 posterioris

1349 1520 1482 1569 gradus
1500 1520 1637 1557 honore
1655 1519 1898 1566 privabimus?
1919 1518 2076 1564 ldipsutn
2096 1517 2183 1554 facis
2199 1515 2278 1553 habe
2302 1515 2426 1563 profe-

1351 1591 1456 1627 rens,
1476 1592 1519 1618 ac
1540 1583 1569 1618 si
1591 1582 1638 1618 ita
1659 1581 1882 1628 loquereris:
1903 1579 1994 1626 Quia
2011 1589 2082 1616 non
2104 1584 2222 1626 potest
2240 1578 2315 1622 fieri
2335 1577 2430 1624 lapis

1352 1645 1557 1693 pretiosos,
1578 1650 1722 1681 maneat
1738 1643 1872 1680 ferrum
1886 1670 1897 1688 ,
1917 1652 1985 1680 nec
2007 1648 2195 1689 argentum
2215 1651 2281 1678 nec
2297 1650 2429 1676 aurum

1353 1707 1544 1743 efficiatur.

1403 1765 1485 1802 Non
1516 1775 1630 1802 omnes
1655 1776 1850 1812 supremum
1879 1763 2010 1800 virlulis
2039 1763 2214 1811 fastigium
2239 1773 2428 1810 assequun-

1353 1833 1422 1864 lar.
1444 1826 1585 1867 —,Cur
1603 1826 1638 1863 in
1669 1826 1828 1863 externis
1855 1826 1962 1862 rebus
1983 1836 2055 1862 non
2082 1825 2212 1862 eodem
2233 1825 2344 1862 uteris
2373 1835 2432 1862 ra-

1356 1889 1516 1934 tiocinio,
1542 1889 1606 1927 sed
1626 1900 1772 1936 prorsus
1799 1888 2007 1926 contrario?
2025 1887 2114 1925 Nam
2138 1897 2219 1925 cum
2247 1887 2292 1924 ad
2311 1887 2432 1924 litera-

1355 1965 1434 1993 rum
1450 1953 1675 2000 disciplinam
1695 1953 1820 1996 mittis,
1837 1963 1911 1990 non
1929 1951 2029 1988 illum
2045 1950 2090 1988 ad
2106 1961 2315 1998 supremum
2332 1949 2435 1986 fasti-

1355 2017 1450 2064 gium
1473 2026 1552 2053 esse
1571 2025 1804 2052 escensurum
1823 2021 2013 2061 cXSpectas
2026 2042 2037 2059 ,
2063 2023 2129 2051 nec
2147 2021 2265 2051 tamen
2286 2012 2367 2049 ideo
2387 2011 2435 2049 ab

1357 2065 1425 2115 hoc
1452 2077 1570 2114 studio
1604 2077 1782 2122 retrahis,
1815 2076 1879 2114 sed
1900 2076 2022 2112 omnia
2051 2086 2131 2123 qua:
2152 2085 2266 2122 penes
2297 2080 2331 2110 te
2349 2078 2436 2110 sunt

1356 2147 1528 2190 priestas,
1553 2141 1714 2188 satisque
1731 2149 1811 2176 esse
1834 2145 1936 2186 putas
1955 2138 1986 2174 si
2013 2137 2056 2174 ad
2077 2137 2244 2184 quintum
2263 2136 2319 2174 vel
2333 2136 2436 2173 deei-

1359 2215 1456 2244 tnuni
1475 2215 1496 2242 a
1515 2205 1633 2251 primo
1652 2203 1868 2250 eloquentia:
1894 2201 2044 2249 gradum
2076 2201 2170 2237 lilius
2187 2207 2268 2240 tuus
2295 2199 2433 2244 pertin-

1358 2277 1444 2313 gcre
1473 2266 1599 2312 possit.
1628 2264 1790 2311 Cumque
1807 2265 1870 2300 lilii
1888 2264 1998 2301 vestri
2019 2262 2232 2310 imperatori
2255 2259 2436 2304 militant,

1361 2340 1432 2366 non
1451 2339 1596 2374 semper
1610 2327 1653 2363 ad
1673 2325 1923 2374 prarfeclorunt
1939 2325 2090 2371 gradum
2107 2324 2206 2370 ipsos
2221 2331 2438 2360 ascensurus

1360 2401 1442 2428 esse
1469 2390 1623 2436 putatis,
1652 2398 1719 2425 nec
1747 2395 1866 2423 tamen
1889 2385 2024 2432 jubetis
2042 2385 2224 2431 deponere
2257 2382 2437 2422 balteum.

1363 2463 1478 2500 neque
1499 2452 1543 2488 ad
1565 2451 1672 2498 regia:
1691 2449 1814 2486 limina
1831 2447 2005 2484 accedere
2022 2445 2222 2493 prohibetis
2236 2473 2246 2490 ,
2264 2444 2328 2481 sed
2349 2443 2437 2480 nihil

1364 2529 1435 2556 non
1452 2516 1572 2564 agitis,
1592 2522 1628 2551 ut
1648 2525 1692 2550 ne
1714 2513 1786 2550 illic
1805 2511 1942 2550 versari
1961 2521 2129 2558 umquam
2149 2509 2330 2551 desinant,
2351 2507 2440 2546 satis

1365 2590 1446 2618 esse
1468 2585 1648 2625 putantes,
1671 2577 1699 2612 si
1720 2586 1784 2612 eos
1804 2575 1923 2612 medio
1940 2575 1975 2611 iu
1995 2574 2075 2610 loco
2093 2572 2221 2620 positis
2239 2580 2440 2608 connume-

1366 2640 1439 2678 rari
1466 2640 1630 2678 videatis.
1663 2638 1756 2684 Quid
1775 2647 1893 2675 causa:
1913 2642 1969 2674 est
1995 2636 2115 2683 igitur,
2133 2634 2231 2682 quod
2258 2633 2332 2670 illic
2359 2632 2442 2680 qui-

1366 2705 1465 2749 dem,
1487 2702 1628 2740 etiamsi
1648 2703 1784 2748 majora
1805 2698 1980 2747 consequi
2001 2709 2074 2735 non
2095 2698 2216 2740 liceat,
2237 2706 2302 2743 pro
2321 2696 2441 2732 mino-

1368 2767 1468 2802 ribus
1488 2773 1608 2802 tamen
1627 2762 1863 2811 assequendis
1881 2761 2074 2804 laboratis,
2098 2759 2166 2797 etsi
2187 2769 2252 2806 pro
2269 2758 2324 2794 his
2349 2767 2444 2804 quo-

1368 2839 1438 2876 que
1456 2838 1540 2876 spes
1558 2827 1604 2864 sit
1621 2826 1751 2869 dubia,
1775 2825 1832 2862 hic
1852 2835 1938 2861 vero
1957 2832 2088 2870 segnes
2107 2821 2194 2860 estis
2207 2831 2250 2858 ac
2267 2819 2448 2857 delicitis?

1369 2893 1459 2939 Quia
1479 2902 1610 2940 nempe
1637 2891 1783 2928 illorum
1803 2899 1933 2936 magno
1951 2887 2132 2925 desiderio
2157 2884 2358 2926 tenemini,
2379 2883 2448 2918 ho-

1371 2966 1450 2992 rum
1469 2964 1555 2992 vero
1576 2963 1621 2990 ne
1641 2962 1810 3001 perquam
1831 2950 1980 2986 minimo
1997 2961 2006 2986 :
2026 2947 2158 2986 deinde
2177 2947 2260 2994 quia
2280 2945 2314 2982 id
2334 2944 2453 2982 conli-

1372 3018 1440 3056 teri
1460 3017 1696 3060 erubescitis,
1726 3014 1937 3052 occasiones
1955 3017 1993 3050 et
2018 3011 2189 3048 obtentus
2209 3006 2422 3054 exeogitatis
2441 3018 2450 3041 :

1374 3081 1494 3128 itaque
1514 3080 1544 3116 si
1564 3078 1767 3125 illudplane
1789 3076 1944 3118 velletis,
1965 3073 2052 3111 nihil
2068 3082 2194 3110 eorum
2217 3070 2320 3108 vobis
2337 3070 2456 3116 impe-

1373 3142 1534 3180 dimento
1555 3147 1664 3179 esset.
1685 3139 1736 3176 ita
1756 3139 1850 3176 enim
1870 3148 1928 3174 res
1946 3147 1985 3174 se
2013 3135 2121 3172 habet
2139 3146 2146 3170 :
2169 3133 2199 3172 si
2217 3133 2298 3180 quis
2317 3131 2453 3178 aliquid

1374 3215 1461 3241 vere
1486 3209 1604 3247 amet,
1636 3203 1719 3240 licet
1747 3212 1819 3238 non
1839 3207 1972 3242 totum,
1995 3208 2062 3236 nec
2079 3205 2259 3233 summum
2279 3193 2456 3240 consequi

1376 3268 1504 3317 possit,
1525 3267 1578 3304 vel
1599 3266 1779 3309 medium,
1800 3263 1854 3301 vel
1873 3261 2022 3310 gradum
2041 3260 2150 3297 etiam
2171 3259 2276 3305 longe
2297 3256 2450 3293 inierim

1377 3341 1454 3368 rem
1477 3328 1638 3366 nancisci
1660 3332 1837 3375 peroptat.
1858 3326 1946 3362 Nam
1963 3325 2024 3371 qui
2044 3324 2128 3360 vino
2140 3327 2180 3365 et
2200 3319 2338 3368 poculis
2354 3317 2457 3354 dedi-

1380 3400 1436 3430 tus
1457 3400 1512 3430 est
1526 3421 1535 3438 ,
1556 3391 1697 3428 etiamsi
1717 3391 1892 3437 optimum
1912 3394 1948 3425 et
1967 3386 2223 3424 Suavissintntn
2241 3384 2363 3420 vinum
2394 3383 2459 3416 ha-

1379 3457 1466 3494 bci‘e
1481 3466 1550 3492 non
1571 3454 1702 3498 valeat,
1717 3463 1762 3490 ne
1778 3453 1811 3488 id
1827 3451 1970 3499 quidem
1987 3448 2082 3498 quod
2099 3449 2204 3484 vilius
2217 3453 2273 3483 cst
2289 3452 2456 3488 umquam

1380 3525 1603 3558 contemnet.
1628 3517 1782 3554 Rursum
1801 3526 1930 3552 avarus
1943 3543 1952 3557 ,
1976 3513 2118 3550 etiamsi
2137 3520 2202 3548 nec
2221 3507 2356 3553 lapides
2379 3515 2459 3550 μιν·

1383 3583 1522 3626 tiosos,
1551 3590 1620 3617 nec
1649 3589 1798 3620 aurum,
1819 3578 1882 3614 sed
1913 3581 2102 3625 argentum
2133 3567 2360 3609 solummodo
2380 3565 2461 3610 quis

1384 3646 1564 3694 prmbeat,
1594 3653 1754 3681 summas
1784 3642 1832 3678 illi
1853 3641 1987 3688 gratias
2017 3636 2176 3674 habebit.
2198 3631 2296 3668 Talis
2328 3638 2385 3665 res
2405 3635 2462 3694 est

1384 3688 1698 3755 concupiscentia,
1717 3704 1808 3741 adeo
1836 3700 2042 3747 tyrannica,
2075 3701 2114 3732 ut
2132 3694 2189 3734 ei.
2212 3701 2318 3755 quem
2346 3688 2461 3755 semel

1385 3751 1543 3818 ceperit:
1562 3769 1682 3806 omnia
1708 3767 1780 3815 pati
1801 3772 1837 3802 et
1862 3762 2042 3801 sustinere
2059 3756 2234 3818 suadeat:
2259 3753 2306 3789 ita
2328 3758 2365 3788 ut
2385 3751 2462 3787 lucc

1386 3816 1516 3876 verba,
1538 3835 1569 3869 sl
1588 3841 1660 3869 non
1685 3829 1853 3867 simulate
1871 3830 2008 3860 tantum
2032 3816 2314 3866 prazteudantur,
2341 3821 2465 3860 posm-

1387 3893 1461 3932 lout
1480 3899 1519 3930 ut
1535 3893 1616 3942 quis
1633 3895 1849 3938 eooperetur
1874 3891 1910 3923 et
1931 3883 2091 3920 laborem
2122 3878 2240 3942 adeat.
2263 3877 2348 3924 Ejus
2367 3876 2462 3942 enim

1390 3963 1458 4004 est,
1485 3939 1698 4006 qul'aliquid
1716 3948 1950 3998 concupiscit,
1969 3955 2040 3984 non
2069 3941 2247 3992 impedire
2275 3939 2468 3988 quentiiins
