2734 4342
323 307 398 344 ’583

325 388 408 427 ttat,
430 382 496 419 sed
513 385 552 417 ut
578 378 640 416 fiat
659 375 782 414 omnia
803 372 939 411 moliri.
959 369 1104 408 Etenim
1133 367 1195 414 qui
1221 365 1268 403 ad
1284 363 1414 411 Olym-

325 446 404 494 pica
423 441 624 481 certamina
646 435 889 480 descendunt,
909 433 978 471 etsi
993 432 1110 470 sciant
1126 439 1237 466 unum
1253 437 1296 465 ex
1315 429 1412 463 tanta

324 487 558 544 nnrltitndine
576 503 756 540 victorem
777 499 870 544 fore,
891 497 1060 534 laborant
1086 500 1207 532 tamen
1228 497 1338 538 atque
1356 487 1412 524 fa-

325 571 484 616 tigantur
501 579 509 603 :
529 564 673 602 tametsi
692 563 751 600 hic
764 568 873 610 atque
891 560 962 597 illic
977 568 1048 595 non
1064 567 1131 606 par
1145 555 1238 594 ratio
1254 559 1324 597 est,
1340 561 1414 588 non

324 632 444 668 solum
467 629 515 668 ob
531 629 774 666 certaminum
791 625 916 667 linem,
933 623 998 660 sed
1014 622 1124 660 etiam
1143 619 1239 668 quod
1260 617 1334 655 illic
1351 625 1416 652 ne-

325 704 430 732 cesse
447 693 495 730 sit
514 701 626 730 unum
645 690 834 728 dumtaxat
863 692 1080 724 coronatum
1106 683 1206 721 abire
1221 711 1230 727 ,
1253 681 1313 718 hic
1329 688 1417 716 vero

327 754 574 802 priceellentia
595 759 632 791 et
650 751 802 790 inferior
819 749 982 788 conditio
1002 757 1074 785 non
1103 746 1138 783 in
1157 754 1202 783 eo
1221 743 1300 780 sita:
1318 741 1392 778 sint
1405 767 1416 786 ,

328 817 425 866 quod
445 817 540 854 alter
556 827 628 854 non
657 821 870 860 coronatus,
890 813 984 850 alter
1002 815 1199 848 coronatus
1219 803 1417 847 abscedat,

329 881 396 920 sed
423 881 519 929 quod
537 880 630 917 alius
647 877 934 926 splendidiorem
949 903 958 920 ,
987 875 1080 911 alius
1105 872 1284 908 minorem
1303 867 1422 904 accla-

332 943 529 980 mulionem
545 942 722 984 obtineat,
745 939 810 978 sed
833 945 954 976 tamen
975 945 1103 974 omnes
1120 934 1333 971 sortiantur.
1353 929 1417 966 Dc-

332 1009 445 1054 nique
464 1006 494 1042 si
513 1004 692 1042 vellemus
709 1013 728 1040 a
749 1003 928 1051 principio
945 1000 1142 1038 informare
1161 997 1268 1039 lilios,
1285 1000 1322 1032 et
1339 993 1424 1031 edn-

333 1079 420 1108 care
435 1067 667 1116 cupientibus
683 1066 841 1108 tradere,
857 1064 936 1103 tieri
955 1073 1042 1102 sane
1058 1067 1182 1110 posset
1197 1059 1286 1097 utin
1307 1056 1424 1105 primo

334 1137 541 1170 castrorum
563 1136 702 1168 starent
727 1129 880 1174 ordine;
910 1137 1028 1176 neque
1047 1127 1145 1164 enim
1177 1124 1272 1160 Deus
1289 1128 1425 1158 tantam

337 1197 448 1234 animi
475 1195 723 1239 alacritatem,
757 1198 896 1230 tantum
925 1191 1086 1228 studium
1117 1192 1331 1236 sperneret,
1363 1182 1428 1221 sed

338 1270 485 1297 manum
501 1258 718 1306 porrigeret,
741 1255 962 1304 imaginiquc
980 1251 1178 1290 formandae
1195 1258 1343 1296 operam
1360 1245 1428 1283 da-

339 1329 395 1360 ret
415 1335 423 1359 :
443 1321 505 1358 illa
522 1330 610 1358 vero
631 1323 808 1367 operante
837 1328 971 1360 manu,
1006 1315 1082 1352 fieri
1115 1313 1242 1360 nequit
1273 1316 1313 1347 nt
1342 1307 1429 1357 quid

339 1391 524 1433 gestorum
536 1383 703 1427 excidat;
723 1383 796 1419 imo
810 1381 888 1418 fieri
901 1379 1026 1426 nequit
1037 1384 1075 1414 ut
1089 1377 1133 1414 ad
1148 1376 1292 1414 culmen
1308 1374 1432 1421 splen-

339 1447 442 1487 doris
459 1454 496 1485 et
515 1447 640 1495 gloria:
655 1456 728 1483 non
749 1443 996 1492 perveniatur,
1017 1441 1047 1478 si
1067 1439 1176 1476 modo
1191 1449 1248 1482 ea,
1269 1447 1350 1485 quae
1366 1445 1433 1483 pe-

343 1521 410 1548 nes
425 1519 492 1546 nos
509 1514 607 1554 sunt,
627 1513 880 1556 sequerentur.
898 1505 988 1542 Nam
1001 1503 1030 1540 si
1049 1503 1222 1540 mulieres
1235 1511 1255 1537 a
1273 1501 1346 1537 Deo
1366 1500 1435 1536 im-

346 1577 490 1620 petrare
519 1576 738 1619 patuerunt,
770 1575 808 1606 ut
826 1561 900 1606 sibi.
913 1567 960 1605 ad
985 1567 1182 1604 liberorum
1212 1573 1336 1600 cumm
1357 1561 1439 1610 opi-

347 1635 536 1678 tularetur,
561 1634 675 1671 multo
700 1633 815 1681 magis
843 1641 935 1675 nos,
955 1629 986 1667 si
1005 1628 1161 1666 velimus
1175 1655 1185 1672 ,
1206 1625 1243 1663 id
1263 1623 1438 1672 consequi

348 1698 564 1743 poterimus.
588 1697 687 1733 Alias
703 1696 872 1744 quidem,
892 1705 940 1731 ne
957 1693 1101 1740 longius
1119 1695 1289 1728 excurrat
1307 1687 1437 1732 oratio,

350 1759 624 1804 prmterntittam
639 1785 650 1801 ,
679 1767 721 1794 ac
742 1758 827 1793 licet
847 1757 980 1792 multas
999 1752 1235 1802 proferendos
1259 1751 1437 1794 habeant,

351 1832 461 1858 unam
480 1825 619 1856 tantum
637 1819 949 1856 commemorabo.

399 1882 462 1919 20.
498 1883 608 1918 Annae
627 1887 659 1917 et
681 1879 854 1917 Samuelis
882 1879 1040 1916 historia.
1065 1898 1113 1905 —
1133 1877 1237 1914 Anna
1272 1873 1441 1924 quaedam

353 1950 446 1988 erat,
467 1943 592 1981 Judwa
623 1943 776 1987 mulier;
797 1944 876 1980 haec
895 1942 1009 1978 tilium
1029 1940 1170 1988 peperit
1188 1949 1316 1984 unum,
1335 1948 1443 1975 cum-

355 2019 426 2055 que
444 2017 518 2044 non
550 2013 718 2054 speraret
743 2017 785 2044 sc
811 2007 920 2042 alium
950 2005 1149 2052 parituram
1183 2013 1288 2048 esse;
1308 2003 1444 2051 quippe

355 2079 438 2116 qua)
451 2069 546 2106 hunc
561 2069 620 2104 vix
633 2075 784 2116 postque
795 2067 926 2104 multas
938 2067 1117 2115 lacrymas
1131 2065 1349 2113 peperisset,
1361 2074 1446 2101 nam

357 2131 497 2168 sterilis
523 2137 602 2168 erat
623 2143 632 2166 :
653 2131 782 2168 videns
813 2131 981 2168 aemulam
1015 2139 1118 2166 suam
1161 2129 1230 2166 sibi
1264 2128 1348 2166 ideo
1374 2128 1449 2165 fre-

358 2199 514 2240 quenter
531 2193 782 2238 insultantem,
811 2203 1038 2240 nequaquam
1066 2191 1103 2228 id
1135 2191 1236 2238 fecit,
1256 2191 1354 2240 quod
1383 2201 1450 2228 vos

361 2255 480 2302 agitis,
513 2254 579 2292 sed
609 2261 817 2302 susceptum
845 2252 980 2299 filium,
1015 2255 1078 2292 illo
1111 2259 1251 2292 tantum
1285 2261 1450 2303 tempore

362 2317 457 2366 apud
489 2328 530 2355 se
549 2318 712 2362 retinuit,
743 2329 816 2366 quo
848 2328 1001 2356 necesse
1032 2323 1112 2356 erat
1131 2325 1170 2356 ut
1190 2319 1449 2356 ablactarelur.

363 2381 453 2416 Cum
474 2385 594 2417 autem
621 2381 714 2418 lacte
734 2381 889 2429 amplius
909 2391 982 2419 non
1011 2385 1148 2429 egeret,
1170 2388 1354 2430 sumptum
1373 2388 1452 2420 sta-

367 2442 429 2479 tim
449 2442 579 2480 obtulit
606 2443 696 2490 Deo,
718 2454 786 2482 nec
818 2451 854 2482 ut
873 2444 909 2482 in
931 2451 1120 2492 paternam
1144 2445 1286 2483 veniret
1303 2444 1453 2482 domum

367 2505 506 2552 rogavit
523 2517 708 2555 umquam,
727 2507 793 2545 sed
809 2518 956 2556 semper
972 2508 1007 2545 in
1020 2509 1157 2556 templo
1177 2508 1237 2546 Dei
1252 2508 1312 2545 ille
1329 2517 1454 2544 mora-

369 2569 487 2607 batur.
509 2571 547 2608 Si
567 2571 712 2618 quando
731 2571 830 2608 illum
851 2571 972 2609 videre
991 2577 1155 2619 cuperet,
1177 2576 1302 2619 utpote
1323 2576 1452 2614 mater,

369 2643 442 2670 non
460 2634 636 2672 evocabat
654 2633 700 2671 ad
716 2645 757 2672 se
778 2644 945 2682 puerum,
965 2634 1031 2671 sed
1051 2634 1095 2671 ad
1116 2633 1219 2671 illum
1237 2644 1322 2671 cum
1352 2638 1456 2680 patre

370 2695 604 2742 ascendebat,
625 2697 670 2734 ab
693 2697 754 2734 illo
782 2696 982 2740 abstinens,
1005 2695 1088 2744 quia
1111 2696 1146 2732 in
1167 2695 1304 2734 donum
1323 2705 1457 2732 conse-

371 2767 493 2797 cratus
512 2767 604 2798 erat.
634 2760 808 2808 Adeoque
825 2767 995 2796 strenuus
1016 2765 1054 2796 et
1076 2768 1229 2808 magnus
1246 2759 1459 2796 adolescens

373 2824 500 2868 evasit,
519 2830 560 2860 ut
591 2823 704 2860 Deum
731 2823 778 2860 ab
810 2821 1043 2860 Hebraeorum
1064 2829 1173 2870 gente
1205 2821 1252 2858 ob
1278 2821 1350 2858 late
1370 2820 1462 2858 cli'u-

374 2897 450 2922 sam
483 2886 642 2933 ipsorum
675 2885 872 2932 nequitiam
901 2895 1085 2930 aversum,
1108 2895 1180 2922 non
1201 2884 1347 2922 oracula
1379 2882 1462 2920 fun-

375 2949 536 2992 dentem,
554 2959 622 2986 nec
637 2948 812 2984 visione-tu
831 2947 940 2984 ullam
959 2948 1197 2995 prtebentcm,
1209 2957 1273 2994 per
1287 2947 1461 2984 virtutem

377 3023 480 3049 suam
500 3013 713 3057 attraheret,
735 3017 771 3048 et
791 3011 1004 3057 impetraret
1023 3011 1068 3048 ab
1097 3020 1141 3047 co
1163 3016 1200 3047 ut
1223 3009 1350 3048 eadem
1384 3010 1463 3056 ipsa

379 3076 556 3122 praeberet
575 3085 656 3122 quae
685 3080 807 3116 antea,
827 3079 865 3110 ct
896 3073 1122 3120 prophetiam
1150 3083 1232 3120 quae
1256 3072 1466 3110 arolaverat

381 3138 601 3176 restitueret.
617 3138 703 3175 llrec
719 3143 837 3174 autem
853 3136 984 3184 potuit,
1005 3147 1076 3174 non
1093 3143 1232 3174 matura
1248 3136 1323 3184 jam
1341 3141 1462 3180 aetate,

382 3200 444 3236 sed
473 3212 556 3238 cum
582 3201 701 3238 adhuc
734 3200 905 3247 puerulus
924 3206 1049 3237 esset:
1073 3199 1157 3236 Non
1175 3201 1267 3236 enim
1295 3205 1388 3242 erat,
1411 3199 1466 3236 itt-

383 3264 472 3310 quit,
492 3265 575 3300 visio
590 3264 816 3311 distinguens,
835 3269 866 3299 et
881 3263 1018 3299 verbum
1029 3263 1213 3311 pretiosum
1231 3268 1304 3299 erat
1319 3262 1364 3310 (l.
1375 3261 1464 3310 Reg.

385 3327 420 3362 5.
444 3327 494 3375 ι).
519 3328 686 3363 Atlanteo
706 3327 774 3363 hoc
795 3327 829 3362 in
842 3336 965 3363 rerum
981 3326 1202 3371 statu,Deus
1219 3325 1270 3362 illi
1291 3325 1467 3372 frequen-

387 3399 441 3428 ter
469 3391 614 3428 oracula
646 3390 833 3427 reddebat.
857 3390 1013 3428 Tantum
1033 3392 1174 3428 confert
1192 3388 1431 3428 emolumenti
1455 3415 1466 3433 ,

389 3455 460 3492 Deo
479 3464 624 3501 semper
641 3464 722 3501 qua:
748 3454 976 3502 possidemus
995 3454 1212 3497 concedere,
1233 3459 1270 3490 et
1287 3463 1306 3488 a
1328 3451 1468 3489 cunctis

387 3518 597 3563 abscedere,
629 3528 738 3555 nona
757 3519 921 3566 pecuniis
951 3525 1090 3556 tantum
1119 3524 1157 3555 et
1180 3528 1199 3554 a
1232 3513 1470 3563 possessioni-

390 3583 469 3628 bus,
487 3581 553 3619 sed
576 3582 623 3619 ab
651 3581 740 3628 ipsis
767 3581 863 3618 ﬁliis.
886 3580 974 3618 Nam
995 3581 1025 3617 si
1056 3579 1177 3617 hocin
1195 3578 1315 3614 anima
1347 3581 1468 3612 nostra

391 3643 506 3680 facem
521 3643 704 3690 jubemur,
726 3643 840 3680 multo
868 3643 983 3689 magis
1003 3642 1038 3678 in
1059 3640 1202 3677 ca'tcris
1231 3638 1412 3676 omnibus.
1434 3635 1470 3672 Id

391 3706 523 3753 quippe
539 3706 722 3751 Abraham
737 3705 941 3753 patriarcha
957 3703 1054 3747 fecit,
1077 3705 1148 3738 imo
1163 3701 1348 3749 quidpiam
1361 3698 1472 3736 multo

392 3768 507 3814 majus
529 3779 538 3804 :
560 3768 642 3805 ideo
661 3779 742 3805 cum
763 3769 870 3815 longe
889 3765 1019 3813 majori
1049 3764 1164 3811 gloria
1187 3763 1298 3799 lilium
1319 3761 1469 3806 recepit.

393 3828 493 3865 'l'nnc
511 3830 608 3866 cnim
629 3830 787 3866 maxime
807 3829 900 3865 ﬁlios
921 3826 1096 3863 habemus
1113 3829 1272 3866 nostros,
1291 3833 1373 3860 curn
1393 3822 1473 3858 illos

397 3889 548 3926 Domino
589 3892 777 3928 tradimus.
816 3890 940 3937 Longe
973 3887 1107 3936 quippe
1145 3885 1276 3922 melius
1314 3885 1358 3920 iis
1390 3883 1472 3928 ille,

395 3961 502 3997 quam
533 3963 612 3996 nos,
648 3955 808 4001 prmeﬁt,
839 3954 923 4001 quia
960 3951 1136 3998 majorem
1171 3948 1314 3986 illorum
1350 3957 1474 3984 curam

396 4013 500 4059 gerit.
531 4013 656 4053 Nonne
686 4016 721 4054 id
747 4016 876 4054 videtis
903 4015 940 4052 i.I
961 4013 1111 4051 divitum
1138 4020 1284 4060 quoque
1309 4007 1476 4048 domibus

833 291 872 330 S.
901 289 1090 328 JOANNIS
1117 279 1442 326 CIIRYSOSTORH
1470 273 1686 317 ARCIIIEP.
1715 272 2082 314 CONSTANTINOP.
2454 272 2509 309 31;;

1485 356 1566 396 ﬂeri
1579 357 1597 393 τ
1617 353 1761 394 Etenim
1789 355 1839 394 ibi
1867 363 1946 397 eos,
1965 353 2026 401 qui
2056 350 2176 389 intimo
2197 344 2272 387 loro
2290 359 2362 386 cum
2382 350 2515 396 patribus

1484 425 1686 464 morantur,
1719 429 1793 456 non
1821 427 1936 465 usque
1967 415 2058 453 adeo
2075 414 2242 452 illustres
2269 413 2392 456 videas,
2420 423 2516 459 neque

1485 489 1584 521 tanta
1613 487 1795 530 potestate
1816 479 1986 528 prmditos
2006 489 2016 516 :
2039 479 2061 514 ii
2082 483 2211 522 autem,
2237 487 2322 524 quos
2338 476 2457 514 domini
2471 477 2516 513 sui

1484 557 1507 586 δ
1525 546 1736 596 parentibus
1756 544 1998 588 abduxerunt,
2026 551 2161 588 suoque
2181 539 2365 576 ministerio
2389 539 2516 586 deputa-

1487 615 1572 648 runt
1601 608 1887 654 facultatumque
1915 603 2086 642 custodes
2113 603 2382 645 constituerunt,
2414 601 2520 648 majori

1487 671 1718 710 dominorum
1748 667 2000 707 benevolentia
2032 666 2234 714 potiuntur,
2264 663 2320 701 lidi
2348 663 2518 709 habentur,

1489 741 1662 783 tantoque
1699 733 1886 772 conservis
1921 731 2092 768 clariores
2123 734 2226 772 sunt,
2257 734 2382 776 quanto
2410 727 2524 766 (lumini

1489 798 1714 837 domesticis.
1747 795 1851 843 Quod
1879 795 1910 833 si
1944 793 2117 831 homines
2140 791 2316 828 ministros
2342 799 2418 826 suos
2445 797 2523 826 tanta

1492 861 1715 909 benignitate
1735 865 1770 896 ct
1788 855 2040 896 benevolentia
2058 859 2326 902 prosequuntur,
2349 852 2446 888 multo
2465 861 2527 888 ma-

1491 926 1548 974 gis
1577 923 1718 961 infinita
1752 922 1814 960 illa
1846 921 2010 964 bonitas,
2032 918 2139 956 Deus.
2169 917 2328 954 Sinamus
2347 914 2440 962 igitur
2463 913 2528 951 illos

1494 985 1724 1030 ministrare,
1756 995 1828 1021 non
1850 983 1885 1020 in
1919 980 2094 1029 templum
2125 978 2334 1016 adducentes
2353 983 2386 1012 ut
2402 975 2527 1013 Samue-

1495 1051 1582 1095 lem,
1601 1049 1666 1087 sed
1685 1049 1721 1085 in
1739 1048 1856 1096 ipsum
1875 1045 2008 1083 cadum
2024 1053 2105 1080 cum
2123 1041 2256 1090 angelis
2268 1045 2388 1077 etcum
2405 1039 2528 1075 archan-

1497 1113 1602 1162 gelis.
1623 1111 1728 1158 Quod
1748 1111 1845 1148 enim
1880 1119 1964 1146 cum
1985 1107 2055 1144 illis
2083 1103 2312 1142 ministraturi
2331 1102 2396 1138 sint
2411 1107 2442 1138 et
2467 1111 2528 1137 ser-

1499 1178 1606 1216 vituri
1629 1177 1667 1222 ii,
1689 1176 1749 1225 qui
1767 1175 1864 1212 hanc
1893 1171 2156 1222 philosophiam
2175 1171 2410 1214 susceperunt;
2428 1164 2530 1211 cuique

1501 1241 1620 1290 palam
1651 1245 1708 1278 est
1727 1250 1737 1277 ε
1758 1239 1819 1276 ubi
1850 1247 1923 1274 non
1956 1235 2023 1272 sibi
2056 1238 2212 1276 tantum,
2243 1228 2303 1267 sed
2331 1227 2424 1265 vobis
2448 1227 2531 1264 etiam

1502 1304 1630 1352 tnajori
1651 1312 1733 1342 cum
1755 1302 1886 1339 fiducia
1912 1298 2144 1348 prOSpicient.
2166 1293 2252 1332 Nam
2281 1293 2310 1329 si
2329 1290 2458 1340 quidam
2484 1299 2532 1336 pa-

1503 1373 1648 1406 rentum
1683 1365 1798 1414 grat‘ia
1835 1363 2010 1402 nonnulla
2043 1358 2286 1399 consolatione
2322 1355 2415 1404 potiti
2451 1358 2535 1397 sunt,

1505 1431 1621 1469 multo
1641 1430 1677 1467 id
1697 1429 1813 1477 magis
1828 1427 1982 1464 filiorum
1998 1433 2104 1462 causa
2121 1426 2283 1470 parentes
2298 1420 2534 1464 consequentur.

1507 1495 1582 1532 Illic
1599 1495 1696 1531 enim
1719 1475 1862 1529 natura:
1892 1496 2029 1526 tantam
2047 1486 2106 1534 jus
2125 1484 2262 1527 aderat,
2277 1480 2334 1517 hic
2349 1479 2444 1516 etiam
2469 1475 2536 1514 eda-

1507 1557 1676 1601 cationis,
1699 1554 1796 1604 quod
1827 1553 1942 1592 multo
1973 1549 2091 1598 majus
2107 1549 2187 1595 jure
2215 1549 2345 1583 natura
2364 1546 2425 1579 est.
2448 1540 2539 1604 Atque

1509 1625 1580 1662 hoc
1598 1622 1702 1659 vobis
1712 1601 1912 1666 utrumque
1927 1627 1976 1654 ex
1991 1613 2120 1652 divinis
2137 1607 2324 1657 Scripturis
2340 1601 2536 1642 confirmabo.

1511 1684 1708 1724 Ezechiam
1727 1683 1825 1720 enitn
1845 1681 1980 1718 virtute
2000 1677 2203 1725 pietateque
2232 1669 2407 1720 prteditnm
2424 1666 2540 1708 virum,

1513 1759 1596 1786 cum
1615 1753 1756 1785 tantam
1775 1756 1817 1784 ex
1839 1743 1948 1782 rebus
1965 1739 2076 1789 gestis
2095 1736 2256 1776 fiduciam
2275 1743 2341 1771 non
2359 1729 2500 1774 haberet,

1514 1816 1638 1859 posset
1665 1813 1788 1846 contra
1811 1814 1884 1844 tam
1915 1805 2042 1852 ingens
2073 1799 2264 1850 periculum
2295 1793 2484 1835 consistere,
2509 1787 2544 1824 ob

1516 1855 1630 1923 patris
1649 1872 1818 1909 virtutem
1839 1875 2066 1908 servaturum
2087 1873 2126 1902 se
2147 1862 2231 1899 dicit
2246 1860 2334 1898 Deus
2354 1869 2363 1894 :
2381 1855 2543 1901 Protegam,

1515 1937 1656 1985 inquit,
1678 1933 1848 1971 ciuitatem
1877 1932 1980 1976 hanc,
2007 1935 2044 1965 ut
2070 1935 2196 1964 seruem
2213 1933 2285 1960 eam
2313 1924 2438 1968 propter
2457 1919 2546 1959 mc,ct

1517 1976 1658 2050 pr-épter
1675 1998 1788 2035 David
1816 2006 1962 2042 prterunt
1981 2003 2092 2030 meum
2110 1991 2162 2037 (4.
2181 1987 2264 2035 Reg.
2286 1983 2342 2050 l9.
2359 1976 2548 2050 54).“Pa'tllttli

1517 2041 1639 2102 autem
1673 2062 1720 2100 de
1760 2059 1970 2110 parentibus
2004 2053 2193 2093 Timotheo
2225 2047 2378 2088 scribens
2411 2041 2548 2080 diccbat:

1521 2126 1756 2166 Salvabuntur
1783 2130 1896 2161 autent
1927 2133 1988 2168 per
2007 2120 2156 2167 ﬁliorum
2181 2111 2427 2164 generationem,
2449 2105 2473 2142 si
2489 2114 2550 2152 per-

1519 2191 1709 2228 manserint
1739 2190 1777 2226 in
1796 2187 1879 2235 ﬁde,
1907 2192 1939 2224 et
1967 2183 2160 2226 dilectione,
2185 2185 2217 2216 et
2235 2171 2480 2235 sanctiﬁcatione
2493 2177 2551 2235 eum

1521 2255 1702 2294 sobrietate
1721 2252 1774 2300 (l.
1796 2228 1886 2288 lim:
1907 2249 1946 2286 2.
1969 2247 2044 2295 l5).
2062 2245 2130 2283 Job
2148 2250 2298 2291 quoque,
2314 2243 2349 2274 ut
2362 2245 2400 2272 ex
2419 2228 2554 2300 aliis'latt-

1521 2319 1619 2356 davit
1638 2317 1840 2363 Scriptura,
1863 2321 1997 2359 nempe
2014 2306 2108 2357 quod
2126 2307 2254 2355 justus,
2276 2309 2376 2338 verax
2393 2300 2426 2332 et
2441 2291 2554 2338 religio-

1523 2393 1586 2421 sus
1613 2391 1698 2428 erga
1719 2362 1834 2416 Deum
1866 2380 1980 2421 esset,
2014 2374 2068 2411 sic
2096 2370 2202 2408 etiam
2231 2377 2272 2404 ex
2297 2362 2436 2400 ﬁliorum
2461 2363 2553 2392 cura:

1524 2457 1606 2494 qua:
1625 2445 1660 2482 in
1681 2444 1750 2482 hoc
1766 2442 1836 2479 sita
1856 2445 1950 2484 erat,
1971 2447 2042 2474 non
2061 2432 2156 2483 quod
2173 2438 2294 2494 aurum
2309 2424 2389 2472 ipsis
2401 2424 2557 2494 concerta:

1525 2477 1596 2552 iret,
1616 2518 1688 2544 non
1707 2504 1803 2554 quod
1822 2477 2002 2551 gloriosos
2021 2503 2058 2536 et
2074 2477 2244 2532 illustres
2261 2489 2406 2526 faceret;
2437 2477 2489 2517 sed
2505 2485 2558 2554 ίιιιςξ

1527 2573 1564 2610 ἱη
1589 2571 1658 2608 re?
1678 2544 1773 2606 Aridi
1803 2565 2028 2612 Scripturam
2054 2560 2230 2598 dicentem
2251 2567 2259 2590 :
2279 2551 2358 2589 Cum
2376 2544 2558 2612 consummet:

1527 2644 1640 2670 essent
1652 2631 1723 2668 dies
1741 2600 2058 2666 conviviirillorum,
2079 2619 2227 2658 mittebat
2247 2614 2324 2658 Job,
2342 2617 2370 2648 et
2395 2600 2558 2670 ριξνξβεαθαί

1529 2705 1600 2739 eos,
1621 2701 1830 2742 surgensque
1859 2698 1960 2724 triane
1977 2683 2140 2731 offerebat
2159 2691 2219 2728 pro
2235 2677 2302 2714 illis
2328 2667 2508 2717 sacriﬁcium
2519 2671 2559 2742 ξεν

1533 2730 1558 2732 ρ
1592 2730 1600 2739 ,
1682 2730 1699 2742 ,
1774 2730 1782 2739 ,
2001 2730 2016 2731 ,,

1529 2756 1680 2794 cundum
1701 2763 1881 2791 numerum
1897 2761 2029 2794 eorum,
2049 2753 2080 2784 et
2098 2743 2240 2782 vitulum
2253 2749 2352 2776 unum
2371 2743 2426 2782 pro
2441 2730 2559 2794 peccato.

1531 2831 1596 2868 pro
1615 2817 1795 2855 animabus
1827 2825 1960 2852 mrum.
1987 2809 2131 2848 Dicebat
2149 2807 2236 2844 enim
2254 2802 2318 2839 Job
2346 2799 2378 2835 in
2396 2791 2484 2865 corde
2494 2795 2560 2868 Jtullo

1533 2852 1563 2868 Γ.
1577 2852 1591 2856 -
1738 2852 1742 2854 γ
1783 2852 1788 2853 ,

1533 2882 1568 2920 Ν
1573 2894 1590 2919 e
1604 2883 1693 2931 forte
1712 2880 1777 2927 ﬁlii
1795 2878 1859 2915 mei
1877 2878 1913 2914 in
1933 2882 2044 2913 mente
2063 2884 2126 2911 sua
2152 2868 2238 2906 male
2255 2858 2457 2931 cogitaverim
2471 2852 2562 2931 adt:-

1531 2957 1592 2984 aus
1604 2921 1719 2982 hermi
1738 2941 1819 2992 (Job
1840 2943 1876 2980 ‘l.
1897 2939 1952 2990 5).
1985 2938 2076 2976 Num
2094 2944 2164 2982 qua
2181 2930 2285 2992 vobis
2295 2925 2360 2964 erit
2377 2921 2565 2992 demi-lli”?

1533 3007 1686 3052 cusatio,
1710 2981 1794 3042 talia
1820 2981 2068 3040 audentibus?
2083 2997 2174 3035 Nam
2200 2994 2229 3031 si
2252 2991 2322 3034 ille,
2341 2985 2396 3035 qui
2410 2981 2565 3052 .ilhlefj'

1535 3073 1636 3117 tiam,
1658 3038 1742 3107 ante
1759 3069 1892 3116 legero,
1915 3066 1976 3114 qui
1995 3063 2091 3102 nulla
2107 3059 2261 3098 imbutus
2279 3038 2565 3117 Γυετίιιιιξξρῖξξξῗῗῖ

1537 3106 1672 3172 tantam
1693 3106 1846 3168 ﬁliortim
1867 3106 1991 3166 curam
2019 3122 2184 3172 gesserit,
2205 3124 2243 3156 ut
2261 3124 2322 3164 pro
2337 3106 2470 3150 occultis

1536 3193 1696 3244 peccatis
1717 3196 1891 3229 tremeret
1913 3202 1922 3226 :
1943 3189 2027 3237 quis
2048 3197 2114 3224 nos
2141 3183 2370 3221 excusaturus
2399 3175 2459 3212 est.
2477 3167 2567 3244 (λιιι.ῗῖ

1539 3224 1695 3244 res“..-
1718 3224 1890 3229 -.-μ---μ
1914 3224 1920 3226 .

1536 3258 1652 3308 gratia
1689 3264 1841 3300 sumus,
1875 3253 1936 3302 qni
1971 3257 2026 3288 tot
2059 3249 2226 3288 doctores
2257 3238 2348 3279 nacti
2371 3224 2568 3308 'sunlllsp‘r“:

1564 3282 1652 3295 ..ιι-ι.
1689 3282 1841 3300 πωπω,
1973 3282 2026 3288 η-
2062 3282 2176 3288 ,μη

1539 3282 1706 3368 Exempla
1727 3282 1920 3360 habentes,
1953 3319 2008 3352 tot
2029 3309 2304 3351 admonitiones,
2323 3298 2380 3348 qui
2399 3282 2569 3368 non

1541 3355 1681 3368 '"'"’l”
1911 3355 1919 3360 ν

1539 3393 1605 3431 pro
1623 3380 1773 3419 incertis
1787 3390 1857 3416 non
1881 3378 2066 3421 timemus,
2087 3372 2150 3411 sed
2178 3370 2282 3408 etiam
2299 3367 2390 3401 certa
2407 3355 2571 3431 contulit:

1541 3410 1604 3431 ,ην
1624 3410 1857 3419 ...νυηηηνη
2093 3410 2122 3411 η
2476 3415 2482 3421 _

1541 3454 1636 3490 mns,
1669 3453 1738 3481 nec
1767 3441 2036 3488 contemnimus
2071 3442 2220 3476 tantum,
2254 3426 2314 3466 sed
2349 3431 2408 3462 eos

1540 3509 1736 3546 emendare
1747 3507 1874 3544 volunt
1892 3501 2080 3554 pellimus?
2101 3496 2276 3537 Abraham
2291 3493 2434 3539 quoque.

1542 3531 1736 3546 υΙΙΙυΙΙυιΙιυ
1753 3531 1874 3544 πυιυιιι
1917 3531 2076 3543 νιιιιιιυν-
2101 3531 2216 3537 --η--η
2303 3531 2312 3539 ,
2372 3531 2381 3534 ν
2551 3531 2556 3535 ,

1542 3572 1634 3616 dixi,
1657 3580 1740 3608 cum
1760 3569 1842 3607 aliis
1869 3531 2043 3616 pi-heclare
2065 3561 2190 3612 gestis,
2210 3557 2278 3594 hoc
2295 3555 2428 3601 quoque
2443 3531 2572 3588 ⁵Ρ¹ε¹¹⁴¹¹“

1543 3635 1628 3672 dum
1652 3634 1790 3670 facinus
1811 3630 1940 3670 edidit.
2348 3673 2354 3676 _
2403 3669 2411 3676 '

1592 3697 1653 3733 “ll.
1674 3695 1872 3734 Coltortatio
1889 3693 1934 3728 ad
1953 3693 2106 3738 parentes
2119 3714 2130 3730 ,
2144 3690 2181 3720 ut
2198 3679 2286 3728 [ilius
2311 3673 2354 3711 ad
2377 3671 2506 3738 pielntctt

1595 3725 1653 3733 -..
1676 3725 1869 3734 ww”-.-
1953 3725 1967 3738 ,,
2000 3725 2003 3726 ,
2121 3725 2128 3730 ,
2198 3725 2204 3728 _

1546 3763 1706 3807 formem.
1725 3778 1774 3785 —
1792 3756 1906 3793 Tanta
1927 3754 2033 3801 igitur
2049 3745 2211 3792 exempla
2237 3740 2399 3807 liabc‘ltles
2413 3760 2421 3776 ,
2441 3725 2578 3807 mimi:

1562 3786 1706 3796 υ,.,.ν....
1799 3786 1906 3793 μω,
1928 3786 2001 3801 ,ση
2017 3786 2026 3788 ν
2057 3786 2065 3787 ,
2159 3786 2165 3792 _
2443 3791 2448 3796 _
2469 3787 2475 3794 .

1547 3786 1623 3858 'Deo
1643 3819 1797 3858 famulos
1811 3847 1822 3864 ,
1841 3815 2086 3865 probatosquc
2107 3807 2297 3846 ministros.
2315 3796 2398 3865 Plant
2423 3796 2494 3865 SIAI'S

1540 3883 1703 3920 athletas
1721 3848 1927 3918 civitatibus
1953 3848 2038 3918 alit:
2052 3871 2253 3913 militequ
2269 3848 2578 3920 τθείοκετθθξξξξξῗξ

1721 3906 1927 3918 .,.........,..-
1953 3906 2030 3918 -...,
2197 3906 2205 3913 ,

1548 3957 1620 3994 guo
1637 3943 1832 3982 donabitur
1853 3942 2005 3981 honore,
2025 3937 2196 3982 quantum
2216 3935 2278 3962 nos
2291 3906 2575 3994 donum

1557 3985 1616 4046 ros
1635 4015 1717 4044 esse
1735 4016 1800 4055 par
1819 4009 1890 4048 est,
1912 4000 1973 4050 qui
1987 4003 2061 4037 tam
2080 3997 2256 4034 strenuus,
2274 3987 2384 4021 ιαιιιοε
2406 3985 2424 4016 ν

2507 3671 2515 3694 t
2532 3657 2574 3692 in-

2428 3973 2492 4010 iros
2524 3963 2582 3999 imo
