2734 4342
175 262 246 299 δλε
677 249 920 292 Αυνεῐιευε
944 245 1316 288 Ol‘l'UGNATORl‘ZS
1345 245 1470 283 VIT:E
1498 244 1694 284 MONAST.
1725 244 1806 282 LIB.
1839 243 1893 282 ιιι.

174 351 291 400 potius
312 341 458 398 angelos
480 353 553 386 Deo
570 347 726 384 alimus?
743 345 871 382 Omnia
890 353 975 390 erga
996 341 1185 384 faciamus,
1208 345 1244 376 et

175 418 243 452 illis
258 415 400 462 pietatis
419 423 504 459 opes
524 411 784 455 relinquamus,
807 418 887 454 qua:
903 410 1061 446 manent,
1083 409 1119 438 et
1137 412 1246 438 exce-

175 481 302 514 tleutcs
321 489 339 513 e
361 477 428 512 vita
449 475 685 516 comitantur;
704 482 782 518 qum
799 480 868 506 non
886 469 920 504 in
941 469 1006 503 hac
1023 467 1093 502 vita
1111 464 1242 506 solum,

171 538 236 574 sed
257 538 362 574 etiam
385 537 456 572 illic
470 535 624 571 maxime
640 533 743 569 nobis
761 531 968 578 proderunt.
987 527 1075 564 Nam
1094 524 1248 561 smeuia-

174 610 233 636 res
253 599 384 635 divitia:
417 597 636 633 exrcdentes
663 605 684 631 e
715 594 786 628 vita
816 603 886 628 non
915 589 1148 630 comitantur,
1173 586 1245 622 imo

175 665 232 700 hic
250 668 334 700 ante
351 672 418 698 nos
446 665 621 708 pereunt,
649 669 692 695 ac
721 667 816 703 saspe
838 661 1065 701 possessores
1093 649 1246 697 perdunt

174 736 258 761 suos
279 736 288 760 :
311 724 388 760 lure
407 732 492 759 vero
513 728 549 758 et
568 721 624 758 hic
643 727 678 757 et
697 720 767 755 illic
788 717 899 754 firma:
920 719 1038 756 erunt,
1061 718 1097 748 et
1117 720 1246 756 magna

173 797 254 823 eum
276 785 468 824 securitate
497 783 722 832 possidentes
740 791 779 816 se
796 777 1075 816 couservalmnt.
1107 772 1246 809 Etenim

173 858 232 885 res
247 847 293 884 ita
315 857 355 883 se
373 846 479 883 habet
500 857 508 881 :
529 845 588 891 qui
611 850 752 881 terrena
771 838 1019 888 spiritualibus
1037 834 1196 883 prafert,
1212 839 1249 870 et

176 911 230 946 his
257 916 293 946 et
321 909 390 946 illis
417 908 584 950 excidet;
619 907 677 955 qui
705 915 792 942 vero
819 901 977 940 eielestia
1004 898 1247 945 concupiscit,

177 972 329 1008 terrenis
341 972 448 1007 etiam
465 971 636 1017 potietur.
652 968 731 1005 Nou
751 976 831 1003 mea
845 969 930 1001 sunt
947 963 1026 999 hanc
1043 961 1166 1004 verba,
1185 959 1249 996 sed

175 1034 269 1080 ejus,
296 1033 355 1079 qui
378 1033 455 1068 hmo
476 1033 689 1079 prmititurns
707 1035 776 1073 est,
805 1026 945 1064 Domini
965 1036 974 1059 :
999 1023 1158 1081 Qua’rile,
1193 1021 1250 1058 in-

175 1097 265 1143 quit,
295 1103 439 1139 repmm
482 1093 546 1130 Dei
567 1094 593 1136 ι,
613 1100 642 1128 et
682 1092 754 1127 lucc
781 1089 896 1126 omnia
921 1087 1127 1134 adjiciantur
1156 1083 1250 1119 vobis

177 1156 318 1204 (Matth.
336 1157 372 1192 6.
389 1157 466 1202 55).
479 1154 570 1200 Quid
586 1154 666 1190 huic
678 1152 805 1188 honori
820 1161 882 1198 par
893 1160 972 1186 esse
991 1145 1251 1196 possit?Cura,

170 1219 304 1266 inquit,
324 1217 520 1265 spiritualia
536 1244 545 1260 ,
568 1215 655 1252 mihi
683 1224 768 1250 vero
785 1213 904 1250 omnia
935 1218 993 1248 tua
1028 1211 1182 1249 dimitte.
1202 1215 1253 1248 Ac

175 1282 205 1318 si
222 1282 302 1329 quis
321 1279 495 1328 paterllilii
514 1289 653 1320 amans,
670 1277 800 1313 domus
814 1286 952 1318 curam,
969 1274 1251 1312 domesticorum

176 1344 334 1391 regimen
359 1343 583 1388 aliorumque
613 1339 783 1391 omnium
801 1338 868 1375 sibi
887 1344 1111 1380 assumeret,
1139 1337 1266 1374 tilitunv

175 1417 276 1449 vero,
297 1411 335 1441 ut
363 1404 422 1440 nni
441 1401 676 1450 philosophia:
704 1406 860 1444 vacaret,
885 1400 1099 1436 admoneret
1119 1411 1127 1436 :
1145 1399 1198 1436 sic
1217 1405 1254 1436 et

117 1476 120 1478 ·
170 1469 270 1504 -l)eus
285 1466 380 1502 fat-it.
399 1466 535 1502 Morem
564 1465 684 1511 itaque
712 1473 892 1510 geramus,
913 1467 950 1498 et
969 1471 1173 1508 qua'ramus
1193 1471 1254 1497 re-

173 1540 284 1577 gnum
303 1530 380 1571 Dei,
399 1537 435 1564 ct
453 1529 506 1564 sic
529 1527 633 1574 plane
660 1527 752 1562 filios
775 1531 920 1561 nostros
938 1525 1133 1572 pra-claros
1152 1523 1254 1559 vide-

172 1591 464 1636 .bimus,_n05que
483 1599 564 1626 cum
587 1589 657 1624 illis
675 1587 851 1634 splendidi
871 1588 1020 1630 erimus,
1039 1596 1080 1621 ac
1095 1595 1255 1633 prmsen—

179 1653 273 1689 tibus
284 1653 467 1694 fruemur,
497 1651 528 1688 si
547 1649 664 1687 futura
680 1656 718 1686 et
733 1649 892 1686 czclestia
919 1655 1058 1686 tantum
1076 1657 1252 1685 amemus.

180 1715 263 1751 llaec
279 1713 616 1761 einen-iperantibus
633 1712 734 1749 vobis
755 1721 919 1759 magnam
944 1710 1097 1748 afferent
1117 1720 1256 1747 merce-

176 1779 258 1814 dem
273 1788 283 1822 ;
301 1776 585 1824 repugnantibus
600 1781 720 1812 autem
735 1780 858 1811 etnon
876 1783 1016 1810 morem
1029 1772 1253 1820 gerentibus,

175 1840 320 1886 gravius
340 1838 578 1886 supplicium.
601 1837 725 1884 Neque
745 1837 841 1874 enim
868 1836 954 1873 licet
976 1835 1020 1872 ad
1048 1835 1254 1872 excusatio-

178 1913 258 1940 nem
275 1901 469 1949 confugere
487 1911 530 1937 ac
544 1899 679 1942 dicere,
701 1898 827 1936 Nullus
849 1903 940 1941 erat,
961 1897 1021 1945 qui
1047 1896 1125 1934 inec
1142 1896 1253 1932 doce-

178 1972 243 2002 ret.
263 1964 370 2001 Certe
386 1969 578 2010 antequam
591 1972 659 1998 nos
679 1961 758 1998 inec
787 1960 1006 2003 diceremus,
1027 1958 1105 1995 haec
1124 1957 1254 1995 defena

178 2027 230 2062 sio
247 2025 386 2062 sublata
412 2029 504 2069 erat,
535 2023 669 2071 quippe
696 2022 871 2069 eumipsa
891 2027 1018 2058 natura
1047 2025 1253 2057 accuratam

177 2088 308 2125 habeat
327 2088 418 2124 bona
436 2098 454 2122 a
473 2087 578 2123 malis
599 2085 829 2122 discernendi
847 2085 920 2120 vim
939 2090 975 2120 et
993 2083 1072 2120 hinc
1091 2082 1255 2129 philoso-

179 2150 258 2196 phia
277 2149 410 2196 ubique
440 2147 623 2195 proposita
651 2146 712 2189 sit,
735 2145 916 2192 hnjusque
941 2145 1026 2181 vitta
1053 2144 1148 2180 mala
1168 2143 1257 2180 satis

179 2211 250 2251 sint
261 2211 305 2251 ad
319 2211 397 2262 ejus
407 2217 590 2250 muatores
605 2210 640 2245 in
655 2208 886 2246 solitudinem
903 2205 1092 2254 rogandos.
1106 2205 1258 2242 Etiatnsi

179 2275 287 2324 igitur
308 2283 526 2320 taceremus,
545 2279 586 2312 ut
603 2271 691 2319 diti,
707 2269 826 2311 omnis
844 2268 1030 2310 eacusmio
1046 2267 1186 2307 sublata
1199 2277 1260 2304 ες*-

180 2344 247 2375 set.
267 2338 313 2375 At
332 2338 446 2374 multo
466 2337 580 2384 magis
597 2347 694 2374 nunc
710 2342 794 2384 post
809 2336 874 2372 hos
892 2333 984 2372 adeo
997 2334 1162 2382 prolixos
1178 2333 1257 2371 edi-

178 2407 238 2438 tos
255 2400 382 2445 libros,
407 2406 615 2448 tantamque
637 2399 946 2443 admonitionem,
975 2404 1051 2435 tum
1078 2407 1123 2434 ex
1149 2397 1259 2434 rebus

180 2464 282 2510 ipsis,
307 2472 396 2509 tum,
413 2473 498 2512 quae
515 2465 625 2501 etiam
645 2463 778 2500 clarior
795 2469 864 2506 est,
887 2472 930 2499 ex
951 2460 1083 2498 divinis
1097 2459 1259 2507 Scriptu-

182 2527 246 2563 ris.
266 2527 318 2564 Ac
343 2528 483 2564 etiamsi
513 2527 610 2564 domi
635 2531 825 2563 manentes
853 2531 998 2572 possent
1026 2534 1096 2561 non
1117 2523 1260 2572 penitus

185 2588 318 2632 perire,
339 2587 402 2624 sed
421 2595 618 2625 extremam
642 2588 769 2625 salutis
791 2593 928 2624 sortem
946 2585 1096 2634 adipisci
1114 2614 1124 2630 ,
1145 2595 1190 2622 ne
1207 2585 1260 2623 sic

185 2649 328 2696 quidem
348 2659 472 2696 ptenas
489 2649 647 2698 effugere
664 2661 869 2698 possemus,
889 2650 918 2687 si
939 2659 1004 2687 eos
1028 2647 1088 2697 qui
1110 2648 1154 2685 ad
1173 2647 1260 2685 dili-

184 2712 382 2760 gentiorem
403 2713 510 2749 vitam
538 2713 748 2751 festinarent
781 2713 1069 2761 prohiberemus,
1095 2709 1259 2759 atquein

185 2772 418 2810 saecularibus
447 2775 556 2811 rebus
585 2774 826 2812 detineremus
867 2782 947 2819 eos,
977 2775 1038 2823 qui
1066 2774 1102 2811 in
1130 2772 1260 2810 earlum

185 2836 328 2872 avolarc
348 2837 532 2884 gestirem.
563 2835 651 2874 Cum
678 2845 798 2875 autem
827 2837 862 2874 id
882 2838 960 2875 ﬁeri
989 2843 1166 2886 nequeat,
1196 2835 1260 2874 sed

186 2901 333 2935 omnino
364 2899 584 2946 pereundum
611 2909 691 2936 esse
711 2905 865 2944 constet,
885 2910 927 2936 ac
944 2899 990 2937 de
1008 2900 1179 2936 extremis
1198 2906 1263 2946 pc-

187 2961 338 2998 rienlum
348 2962 408 3006 sit,
421 2972 528 3010 quam
543 2961 686 2999 tandem
700 2962 857 3007 Veniam,
870 2973 976 3010 quam
989 2964 1261 3000 excusationem

191 3023 342 3062 habituri
360 3024 486 3069 simus,
508 3025 537 3062 si
558 3036 628 3062 non
649 3024 757 3062 modo
780 3025 1010 3072 prepriorum
1032 3032 1260 3072 peccatorum

190 3087 251 3124 sed
272 3099 395 3125 eorum
417 3089 524 3125 etiam
543 3100 622 3136 qua:
650 3096 772 3138 postea
796 3089 859 3125 filii
883 3088 1107 3131 admiserint,
1138 3099 1264 3136 poenas

190 3149 224 3185 in
241 3159 306 3186 nos
327 3150 422 3196 ipSns
454 3151 686 3198 gravissimas
712 3151 993 3198 prrtrahamus?
1019 3150 1143 3198 Neque
1165 3151 1262 3187 enim

190 3219 273 3258 pulo
301 3213 383 3250 illos
409 3220 480 3250 tam
507 3225 633 3261 graves
664 3213 813 3251 daturus
839 3226 920 3252 esse
953 3226 1078 3263 poenas
1111 3225 1177 3262 pro
1205 3215 1262 3260 iis,

190 3285 269 3318 qua:
288 3281 410 3322 postea
429 3277 644 3324 deliquerint
667 3277 704 3312 in
724 3277 787 3313 hos
807 3276 935 3313 fluctus
950 3277 1132 3324 pertracti,
1157 3287 1264 3323 qnam

191 3347 267 3381 vos,
285 3337 344 3384 qui
364 3337 399 3374 in
419 3336 510 3374 hanc
530 3339 612 3376 illos
637 3339 889 3376 necessitatem
910 3339 1113 3376 induxistis.
1129 3338 1220 3376 Nam
1234 3338 1265 3375 si

192 3401 238 3446 ei,
255 3401 314 3449 qui
333 3412 442 3437 unum
473 3402 785 3453 scandalizavgrit,
807 3413 888 3438 cum
910 3401 1004 3438 mola
1027 3404 1061 3438 in
1081 3413 1181 3439 mare
1199 3401 1264 3438 de-

194 3465 304 3512 mergi
321 3464 466 3513 expedit
486 3476 494 3500 :
515 3476 594 3511 quae
615 3465 756 3502 tandem
777 3475 883 3512 poena
897 3494 907 3508 ,
929 3465 989 3514 qui
1009 3465 1189 3502 cruciatus
1208 3475 1266 3502 sa-

195 3527 238 3562 iis
255 3534 362 3564 erunt
389 3527 472 3570 illis,
505 3527 564 3573 qui
585 3519 760 3565 smvitiam
784 3534 918 3566 tantam
941 3535 978 3564 et
1006 3527 1265 3564 immanitatem

196 3588 230 3624 in
247 3589 378 3627 liberos
402 3589 567 3636 proprios
597 3589 816 3627 ostendunt?
840 3591 1030 3636 Quocirca,
1053 3600 1154 3638 rogo,
1177 3600 1267 3626 con-

197 3652 390 3692 tentionem
408 3649 616 3696 remittatis,
631 3649 781 3699 sitisque
797 3651 1096 3700 philosophorum
1112 3651 1268 3689 filiorum

238 3755 250 3777 π
272 3761 347 3797 Pro,
363 3766 500 3800 rrqmnn
519 3756 589 3800 Dei,
605 3764 734 3799 omnes,
761 3762 883 3800 praeter
911 3756 1026 3792 Morel.
1051 3758 1187 3801 habent,
1215 3766 1270 3792 τε·

198 3803 293 3839 gnnm
307 3800 473 3834 radat-unt.

2326 243 2397 282 536

1323 346 1458 387 patres.
1479 339 1604 386 Neque
1622 339 1656 376 id
1677 339 1872 376 dicendum
1893 343 1963 382 est,
1985 337 2079 385 quod
2098 337 2230 374 multos
2247 344 2400 384 prmlen-

1321 403 1405 438 dere
1424 401 1545 437 audio.
1560 401 1652 446 Quid
1673 401 1758 437 illud
1777 402 1858 438 est?
1876 401 1965 437 Cum
1981 401 2198 443 videremus,
2217 400 2395 447 inquiunt,

1318 463 1400 499 illos
1419 463 1462 498 ad
1483 463 1589 499 finem
1612 464 1800 510 pervenire
1828 472 1898 498 nou
1925 471 2044 509 posse,
2070 462 2151 499 ideo
2173 462 2253 498 illos
2273 463 2400 508 prohi‘

1319 526 1480 563 buimus.
1500 527 1648 563 Etiamsi
1661 531 1758 563 enim
1771 525 1805 562 id
1819 525 1917 561 clare
1931 525 2171 570 praevidisses,
2186 537 2256 562 non
2275 534 2397 565 autem

1321 589 1561 635 conjectaudo
1581 589 1698 625 solum
1717 600 1726 633 ;
1747 589 1848 625 multi
1867 589 1976 632 enim,
1992 590 2051 635 qui
2069 590 2200 636 lapsuri
2220 590 2401 636 putaban-

1319 657 1391 696 tur,
1408 657 1600 695 steterunt;
1613 652 1658 694 si,
1675 652 1836 698 inquam,
1851 651 1936 688 illud
1952 657 2072 688 certos
2081 651 2339 698 praescivisses.
2357 662 2403 689 ne

1319 715 1372 751 sic
1393 714 1540 761 quidem
1561 714 1659 750 illum
1679 713 1866 751 retrahere
1883 714 2060 759 oportuit.
2093 712 2217 760 Neque
2235 714 2348 756 enim,
2370 714 2402 750 si

1320 778 1510 824 quospiam
1525 776 1570 813 ad
1584 777 1722 823 lapsum
1738 787 1884 823 pronos,
1899 783 2064 823 arreptos
2079 775 2402 824 prmcipimremus.

1322 839 1356 875 id
1377 839 1479 876 nobis
1495 839 1539 876 ad
1559 840 1828 875 excusationem
1847 837 1933 874 satis
1951 844 2060 883 esset,
2081 838 2145 874 sed
2163 837 2316 885 idipsnm
2336 847 2403 875 nos

1321 901 1358 938 in
1393 901 1518 948 primis
1555 900 1828 937 cendemnaret.
1862 899 1935 936 Cur
1966 900 2061 936 enim
2097 908 2168 936 non
2207 899 2401 946 permisisti

1322 971 1362 1002 ut
1372 976 1416 1002 ex
1435 965 1531 1002 illius
1545 965 1696 1011 segnitie
1707 964 1828 1011 lapsus
1846 963 2086 1009 contingeret,
2097 961 2158 998 sed
2175 969 2400 1008 prmvertens

1323 1035 1511 1076 peccatum
1533 1028 1619 1064 illud
1633 1027 1797 1074 rapuisti,
1814 1033 2001 1072 totumque
2021 1026 2056 1062 in
2074 1031 2181 1073 caput
2200 1032 2298 1061 ttnnn
2317 1035 2403 1061 con-

1321 1091 1469 1138 jecisti?
1489 1091 1627 1135 lmo,ut
1648 1091 1683 1126 id
1704 1091 1806 1126 lieret
1825 1100 1896 1126 non
1916 1088 2199 1137 permittendum
2219 1094 2319 1124 erat:
2336 1097 2402 1124 cur

1325 1154 1422 1190 enim
1434 1165 1504 1190 non
1515 1154 1633 1190 omnia
1653 1153 1784 1197 fecisti,
1798 1158 1835 1188 ut
1849 1163 1894 1188 ne
1907 1157 2029 1188 rueret
2041 1151 2158 1188 ﬁlius?
2172 1151 2294 1197 Itaque
2304 1151 2402 1197 quod

1325 1216 1439 1252 scires
1451 1215 1627 1251 ruiturum
1651 1215 1748 1251 illum
1770 1223 1865 1257 esse,
1888 1213 1970 1249 ideo
1982 1213 2138 1249 maxime
2153 1212 2328 1258 Supplicia
2341 1212 2398 1248 di-

1325 1288 1416 1324 gnus
1446 1287 1500 1314 es.
1530 1276 1619 1313 Nam
1653 1287 1734 1313 eum
1759 1275 1817 1322 qui
1839 1275 1871 1311 id
1902 1274 2098 1321 praavidet,
2130 1284 2202 1310 non
2238 1273 2404 1320 prmcipi-

1325 1348 1418 1386 mre,
1448 1342 1512 1378 sed
1545 1352 1690 1378 manum
1729 1341 1913 1388 porrigere
1945 1346 2118 1387 oportet,
2156 1339 2404 1386 maioremque

1326 1404 1606 1442 sollicitudinem
1625 1403 1797 1440 exhibere
1816 1429 1828 1447 ,
1851 1404 1964 1450 utqui
1988 1402 2153 1448 lapsurus
2172 1408 2240 1444 est,
2262 1400 2404 1438 fortiter

1326 1466 1514 1507 consistat,
1537 1466 1613 1502 sive
1643 1465 1786 1501 tandem
1815 1470 1913 1502 stare
1941 1465 2068 1511 possit,
2088 1465 2164 1499 sive
2185 1475 2255 1499 non
2276 1463 2401 1510 possit.

1328 1527 1417 1564 Nam
1434 1539 1513 1573 qua:
1539 1537 1650 1574 penes
1669 1538 1735 1563 nos
1753 1533 1856 1564 erant
1876 1527 1997 1563 omnia
2031 1526 2177 1572 ex5equi
2197 1526 2400 1572 oportebat,

1328 1591 1470 1627 etiamsi
1503 1591 1565 1626 alii
1595 1589 1684 1626 nihil
1703 1590 1786 1626 inde
1804 1590 1894 1626 lucri
1913 1589 2172 1637 eonseqnutnri
2193 1595 2309 1625 erant.
2331 1588 2404 1624 Cur

1329 1653 1420 1697 hoc,
1440 1659 1477 1690 et
1495 1653 1631 1700 quare?
1653 1651 1699 1690 Ut
1730 1663 1800 1689 non
1833 1663 1852 1688 a
1874 1651 1992 1694 nobis,
2024 1651 2086 1687 sed
2107 1651 2152 1687 ab
2180 1651 2250 1686 illis
2273 1651 2364 1686 ratio
2383 1660 2401 1686 a

1329 1715 1404 1752 Deo
1423 1721 1664 1761 expeteretur.
1679 1714 1782 1759 Quod
1796 1721 1833 1751 et
1852 1717 1927 1760 ipse
1953 1715 1984 1750 ei
1999 1741 2008 1755 ,
2027 1713 2085 1759 qui
2107 1713 2240 1749 talento
2252 1719 2404 1758 accepto

1328 1778 1416 1814 nihil
1438 1777 1597 1814 lucratus
1621 1782 1700 1814 erat
1719 1805 1730 1820 ,
1757 1776 1984 1822 exprobrans
1999 1773 2145 1811 diccbat
2170 1786 2178 1810 :
2217 1775 2402 1821 Oportebat

1326 1839 1418 1877 enim
1440 1846 1484 1884 te,
1505 1839 1616 1886 inquit
1631 1866 1641 1883 ,
1669 1838 1849 1887 pecuniam
1866 1837 2075 1873 committere
2103 1835 2356 1880 munmulariis,
2376 1842 2406 1872 ct

1327 1913 1388 1949 ego
1414 1900 1547 1938 veniens
1574 1912 1650 1936 cum
1668 1909 1774 1936 usura
1793 1899 1977 1947 exegissem
1994 1897 2092 1934 illaut
2106 1895 2403 1946 (.‘llattlt.9.'i.i7).

1327 1964 1626 2011 Obtemperemus
1657 1963 1764 2010 igitur
1798 1961 1875 1998 ltzee
1896 1959 2083 2003 monenti,
2105 1965 2145 1996 ut
2191 1959 2406 2008 suppliciunt

1327 2025 1555 2074 eilugiamus.
1575 2025 1698 2072 Neque
1717 2023 1812 2062 enim
1834 2024 1946 2060 Deum
1966 2051 1975 2066 ,
1997 2033 2080 2059 cum
2113 2022 2318 2060 hominilms
2339 2021 2406 2058 fal-

1329 2089 1404 2127 lere
1422 2089 1636 2136 poterimus,
1655 2088 1717 2136 qui
1735 2091 1919 2124 scrutatur
1939 2087 2064 2132 corda,
2084 2092 2120 2122 et
2137 2085 2309 2122 omniain
2329 2095 2407 2122 me-

1328 2149 1428 2187 dium
1450 2150 1537 2196 agit,
1552 2150 1613 2196 qui
1636 2148 1771 2196 ubique
1799 2149 1909 2186 etiam
1930 2147 1976 2185 de
1997 2147 2150 2183 filiorum
2166 2147 2280 2183 salute
2299 2147 2410 2183 ratio-

1330 2221 1414 2248 nem
1447 2221 1467 2246 a
1489 2211 1596 2247 nobis
1619 2211 1771 2258 expetit.
1795 2209 1834 2246 Si
1852 2210 1948 2246 enim
1978 2209 2022 2251 is,
2040 2209 2101 2257 qui
2127 2208 2316 2256 peCuniam
2335 2217 2408 2244 non

1329 2272 1558 2319 deposuerat,
1581 2277 1700 2308 tantas
1725 2281 1851 2319 poenas
1871 2270 1986 2314 dedit,
2007 2270 2066 2316 qui
2085 2269 2273 2320 deponere.
2285 2269 2412 2305 volen—

1332 2347 1386 2377 tes
1407 2333 1556 2388 impedit
1579 2367 1588 2384 ,
1619 2343 1705 2388 qmd
1725 2334 1909 2387 patietur?
1928 2339 2006 2378 Non
2038 2341 2154 2378 solum
2185 2342 2280 2378 enim
2299 2344 2329 2378 si
2349 2341 2410 2380 ﬁlii

1331 2409 1458 2440 nostro
1477 2403 1630 2440 consilio
1654 2403 1690 2440 in
1711 2402 1898 2440 smeuiaria
1921 2403 2062 2450 negotia
2078 2403 2328 2445 devolvuntur,
2347 2405 2409 2441 sed

1331 2466 1439 2502 etiam
1459 2463 1490 2501 si
1510 2465 1682 2510 impetum
1702 2469 1866 2500 nostrum
1883 2463 2024 2500 fortiter
2043 2463 2200 2501 ferentes
2215 2491 2226 2507 ,
2248 2469 2291 2500 ad
2308 2475 2412 2500 mon-

1333 2534 1386 2565 tes
1419 2538 1458 2564 se
1491 2526 1696 2574 recipiant,
1729 2525 1824 2564 idem
1856 2525 2071 2573 supplicium
2099 2527 2263 2563 imminet
2293 2527 2336 2563 iis
2351 2527 2411 2574 qui

1332 2592 1431 2638 ipsos
1465 2589 1642 2639 impedire
1672 2588 1867 2626 voluerint.
1901 2587 2214 2634 Quemadmodum
2234 2589 2331 2625 enim
2351 2589 2412 2635 qui

1332 2651 1377 2690 ad
1397 2652 1663 2700 philosophiam
1684 2649 1866 2696 hortatur,
1888 2651 1965 2688 sive
1985 2649 2216 2699 persuadeat,
2230 2651 2306 2687 sixe
2325 2661 2411 2694 non,

1333 2717 1535 2766 perfectam
1554 2713 1760 2752 mercedem
1782 2713 1890 2750 habet
1911 2714 2008 2762 (nam
2029 2719 2141 2750 totum
2157 2713 2191 2749 id
2207 2711 2412 2760 fecit,quod

1333 2791 1445 2829 penes
1464 2791 1503 2817 se
1521 2778 1647 2825 erat),
1668 2779 1720 2815 sic
1740 2785 1777 2815 et
1803 2777 1863 2825 qui
1882 2776 2040 2823 aliquem
2067 2775 2223 2823 perdere
2245 2775 2412 2818 voluerit,

1335 2844 1411 2882 sive
1429 2843 1588 2888 iusserit,
1619 2843 1696 2880 sive
1723 2852 1795 2880 non
1817 2841 1971 2886 laeserit,
2003 2839 2130 2876 eodem
2157 2838 2330 2886 supplicio
2351 2848 2414 2885 pu-

1335 2908 1478 2952 nietur;
1501 2918 1582 2944 nam
1603 2905 1697 2954 quod
1727 2905 1843 2953 potuit
1877 2910 1990 2940 totum
2009 2902 2185 2950 implevit.
2209 2901 2329 2948 itaque
2347 2901 2414 2938 etsi

1334 2967 1422 3008 nihil
1444 2970 1633 3018 potueritis
1650 2967 1694 3005 ad
1730 2976 1928 3022 generosos
1959 2963 2115 3002 filiorum
2151 2965 2292 3000 animos
2320 2963 2415 3010 deji-

1335 3033 1486 3070 ciendos
1507 3039 1543 3069 et
1563 3029 1850 3074 subvertrndos,
1875 3034 2026 3065 conatus
2043 3027 2170 3064 saltem
2198 3025 2307 3062 vestri
2338 3032 2416 3062 tau-

1337 3105 1392 3135 tas
1419 3108 1544 3145 pmnas
1559 3096 1713 3138 dabitis,
1730 3101 1883 3142 quantas
1902 3093 1962 3141 qui
1989 3092 2220 3140 dejocissent.
2241 3091 2325 3128 Hmc
2351 3090 2416 3138 igi-

1337 3168 1397 3199 tur
1413 3163 1583 3204 universa
1611 3160 1824 3209 cogitantes,
1847 3158 1970 3195 missis
1989 3155 2282 3194 cavillationibus
2296 3154 2415 3192 omni-

1336 3226 1405 3262 bus
1423 3252 1433 3268 ,
1469 3223 1680 3260 Studeamus
1697 3229 1958 3268 generosorum
1991 3218 2146 3255 filiorum
2175 3223 2296 3264 patres
2313 3226 2416 3258 esse,

1336 3286 1635 3326 Cbristifcrorum
1651 3282 1859 3320 conditores
1878 3281 2112 3328 templorum,
2122 3279 2342 3318 athletarum
2352 3288 2420 3316 ca:-

1338 3350 1482 3387 lestium
1503 3354 1709 3388 curatores.
1729 3350 1921 3393 tingentes,
1941 3343 2136 3390 erigentes,
2151 3341 2312 3390 undique
2321 3351 2419 3379 com-

1339 3414 1458 3451 modis
1477 3413 1620 3449 illorum
1637 3409 1889 3451 consulentes,
1910 3413 1949 3444 ut
1977 3406 2052 3444 illic
2081 3415 2298 3444 coronarum
2328 3413 2418 3440 con-

1338 3483 1462 3512 sortes
1474 3474 1690 3512 efliciamur.
1723 3471 1786 3509 Sin
1803 3477 1925 3507 autem
1953 3468 2232 3512 contenderitis,
2259 3465 2417 3510 filiiqui-

1338 3539 1438 3584 dem,
1453 3538 1482 3575 si
1505 3535 1717 3575 Iortitudiue
1737 3535 1895 3576 valeant,
1918 3533 1975 3570 vel
1995 3533 2116 3570 invitis
2141 3530 2244 3567 vobis
2261 3527 2306 3563 ad
2327 3525 2420 3562 hanc

1339 3600 1552 3650 pervenient
1572 3598 1854 3647 philosophiam.
1874 3595 2129 3642 universisque
2155 3591 2322 3628 fruentur
2353 3587 2417 3650 bo.

1339 3647 1424 3711 nis,
1445 3664 1548 3701 vobis
1571 3668 1692 3700 autem
1721 3660 1758 3698 id
1783 3661 1993 3707 continget,
2014 3662 2054 3692 ut
2082 3647 2420 3711 immensumvobts

1341 3709 1542 3767 crueiatum
1563 3725 1782 3774 congeratis,
1804 3730 1963 3769 tuncque
1979 3719 2074 3755 dicta
2090 3720 2216 3752 nostra
2237 3709 2394 3774 laudetis
2410 3735 2420 3753 ,

1339 3803 1424 3830 eum
1442 3803 1490 3830 ex
1511 3791 1556 3830 iis
1575 3772 1743 3829 laudibus
1761 3786 1852 3826 nihil
1871 3781 2038 3822 utilitatis
2055 3777 2241 3826 percipere
2259 3772 2394 3812 licebit.
