2734 4342
336 255 406 293 389

337 329 450 366 videri
468 329 578 375 possit
593 327 666 364 hoc
695 328 786 375 ipso,
814 326 908 374 quod
927 336 1095 364 coronam
1114 327 1259 375 quidem
1285 335 1400 375 gestat

337 393 488 440 gemmis
517 393 758 434 intertextam,
787 398 822 428 ct
851 400 1010 435 auream,
1039 391 1284 438 temperantia:
1313 401 1399 428 vero

337 464 468 491 Corona
500 453 646 490 minime
679 453 826 500 insignis
855 461 910 490 est
939 465 946 488 :
978 460 1015 490 et
1043 463 1225 500 purpureo
1255 453 1399 500 quidem

339 517 468 553 vestitu
488 523 561 554 toto
575 522 728 562 corpore
747 516 870 563 fulget,
887 516 1044 552 animum
1059 523 1177 553 autem
1196 515 1398 552 inornatum

337 579 454 615 habet.
479 578 613 615 Deinde
641 578 699 615 hic
725 587 770 615 ne
789 577 1061 614 administrandi
1088 576 1231 624 quidem
1258 575 1398 623 imperii

333 640 520 678 scientiam
541 639 725 676 habiturus
740 645 810 676 est.

380 702 566 749 Compara:
589 713 665 738 cum
688 713 766 748 rege
791 701 993 737 monachum
1011 701 1047 737 in
1067 699 1154 737 bello
1173 699 1332 748 gerendo.
1352 717 1399 725 —-

331 763 400 809 Qui
417 764 512 800 enim
540 763 606 800 sibi
626 764 690 809 ipsi
718 764 895 810 imperare
920 763 1046 806 nescit,
1073 762 1132 798 hic
1156 772 1228 810 quo
1256 761 1398 798 tandem

337 823 444 860 modo
475 824 565 860 alios
594 823 730 870 legibus
756 833 882 871 regere
899 823 1058 870 poterit?
1079 823 1172 868 Quin
1203 823 1234 858 si
1255 822 1288 858 id
1314 821 1396 859 belli

333 899 460 935 genus,
479 887 572 935 quod
593 894 742 934 uterque
760 887 826 924 sibi
847 886 1075 934 peculiariter
1090 885 1284 932 gerendum
1300 895 1398 921 sum-

335 950 417 994 psit,
427 954 589 996 spectare
605 949 774 992 volueris,
789 948 950 984 invenies
967 947 1063 984 hunc
1079 957 1162 984 eum
1175 946 1398 984 daemonibus

335 1010 614 1056 depugnantem,
633 1009 872 1056 eumdemque
890 1015 926 1046 et
943 1014 1185 1055 superantem,
1203 1013 1241 1045 et
1257 1008 1398 1044 vincen-

332 1077 421 1113 tem,
440 1077 477 1107 et
493 1081 513 1106 a
529 1069 672 1106 Christo
691 1080 862 1108 coronam
883 1071 1082 1118 capientem
1101 1083 1110 1106 :
1132 1076 1255 1118 utpote
1273 1071 1332 1117 qui
1353 1063 1396 1106 ad

335 1143 488 1180 pugnam
503 1133 652 1170 accedat
667 1133 786 1170 divino
801 1138 1020 1170 sustentatus
1035 1133 1182 1177 auxilio,
1195 1131 1398 1170 cmlestibus

333 1196 444 1232 armis
469 1195 723 1240 communitus,
756 1201 794 1231 ut
821 1204 970 1232 necesse
986 1195 1130 1242 quidem
1148 1195 1195 1230 sit
1212 1194 1397 1230 victoriam

334 1258 380 1293 ab
401 1257 510 1304 ipsius
540 1257 701 1304 partibus
717 1263 840 1302 stare;
869 1268 950 1294 cum
977 1257 1121 1294 interim
1149 1267 1269 1304 regem
1297 1257 1396 1293 illum

333 1330 413 1355 cum
431 1320 592 1356 barbaris
609 1320 801 1357 bellantem
820 1329 960 1357 cernas.
983 1319 1122 1364 Quanto
1145 1325 1264 1356 autem
1283 1318 1399 1356 homi-

335 1381 438 1416 nibus
464 1381 647 1418 danmones
669 1381 906 1418 terribiliores
935 1387 1031 1423 sunt,
1060 1387 1159 1417 tanto
1178 1380 1399 1427 splendidior

332 1449 388 1479 est
404 1443 464 1490 qui
485 1443 550 1479 hos
568 1449 725 1490 superat,
749 1453 792 1480 eo
811 1443 870 1490 qui
898 1443 978 1480 illos
995 1443 1117 1480 vincit.
1139 1443 1242 1488 Quod
1262 1443 1290 1478 si
1309 1442 1398 1478 utri-

335 1515 446 1551 u<que
465 1505 550 1540 belli
577 1514 722 1540 causam
752 1505 959 1551 perdiscere
985 1505 1100 1551 cupis,
1127 1514 1290 1552 magnam
1313 1514 1397 1550 pro-

336 1565 427 1600 ferto
446 1559 726 1612 inrequalita'tem
743 1566 916 1613 reperies.
938 1567 1037 1603 Alter
1062 1567 1156 1602 enim
1178 1577 1241 1613 pro
1266 1567 1399 1613 pietate

335 1634 376 1660 ae
395 1625 457 1661 Dei
477 1626 574 1662 cultu
589 1636 669 1662 cum
689 1626 912 1664 dmmonibus
930 1627 1060 1664 bellum
1081 1628 1184 1674 gerit,
1202 1628 1255 1664 vel
1274 1628 1397 1673 urbes,

334 1687 389 1722 vol
409 1696 518 1733 pagos
544 1687 590 1724 ab
618 1697 742 1724 errore
772 1688 913 1735 eripere
943 1689 1154 1726 desiderans
1178 1701 1186 1725 :
1207 1690 1296 1726 alter
1313 1700 1399 1726 vero

332 1758 412 1784 cum
430 1748 590 1784 barbaris
608 1749 824 1797 digladiatur
847 1761 910 1798 pro
927 1751 1034 1794 locis,
1056 1749 1206 1797 ﬁnibus,
1225 1753 1398 1799 opibusve

333 1810 456 1856 raptis,
473 1810 572 1847 illum
588 1813 750 1858 avaritia,
764 1813 820 1849 vel
837 1813 956 1860 injusti
972 1814 1188 1860 principatus
1202 1815 1398 1853 ambitione

327 1872 372 1907 ad
388 1883 539 1919 pugnam
554 1881 770 1920 provocante
783 1886 792 1912 :
805 1875 862 1912 ubi
875 1881 973 1912 certe
986 1875 1084 1912 multi
1097 1876 1279 1914 multoties
1294 1887 1396 1924 rcges

329 1936 464 1982 majora
485 1946 566 1972 cum
584 1937 854 1984 appetivissent,
877 1939 951 1984 jam
968 1945 1067 1985 parta
1091 1939 1257 1976 amisere.
1276 1939 1396 1987 Itaque

332 2005 405 2034 tmn
428 1999 667 2047 principatus,
687 2006 760 2037 tum
781 2001 856 2048 ipsa
875 2001 1050 2038 bellorum
1067 2013 1199 2050 genera
1217 2031 1226 2048 ,
1244 2009 1397 2050 arguunt

330 2071 488 2109 eousque
507 2061 602 2099 inter
615 2073 655 2100 se
666 2063 872 2108 discrepare
885 2070 921 2100 et
937 2075 1072 2112 regem,
1087 2071 1124 2102 et
1139 2075 1220 2102 eum
1237 2066 1297 2113 qui
1315 2066 1396 2103 vita:

328 2134 404 2161 sua:
433 2125 590 2161 studium
610 2125 676 2162 Dei
695 2125 806 2162 cultui
836 2126 976 2163 addixit
995 2138 1004 2167 :
1029 2127 1093 2164 sed
1115 2134 1233 2164 tamen
1250 2128 1395 2166 eosdem

330 2186 410 2224 illos
428 2193 553 2224 exacte
572 2188 696 2234 utique
723 2197 933 2234 pernoscas,
963 2189 993 2224 si
1015 2188 1060 2224 ad
1082 2190 1266 2236 utriusque
1287 2189 1395 2227 vitam

329 2247 610 2294 quotidianaque
627 2254 726 2296 gesta
741 2248 978 2286 examinanda
998 2249 1240 2287 descenderis.
1257 2250 1396 2288 Revera

329 2309 424 2345 enim
441 2308 538 2346 hunc
556 2310 718 2346 invenias
735 2320 815 2347 cum
841 2310 1028 2357 praphetis
1046 2317 1250 2348 versantem
1264 2339 1274 2356 ,
1296 2311 1396 2348 Pauli

329 2372 502 2418 sapientia
532 2372 692 2408 animum
711 2378 950 2409 exornantem
967 2400 978 2418 ,
1007 2373 1151 2410 assidue
1181 2383 1200 2409 a
1225 2373 1322 2410 Mose
1351 2373 1395 2410 ad

330 2433 475 2477 Isaiam,
507 2433 554 2470 ab
581 2433 670 2470 Isaia
699 2433 743 2470 ad
771 2433 967 2477 Joannem,
999 2445 1018 2471 a
1045 2434 1184 2472 Joanne
1213 2434 1258 2471 ad
1287 2435 1395 2470 alium

329 2495 534 2542 quempiam
556 2501 804 2533 transeuntem
825 2507 834 2532 :
855 2502 893 2533 at
910 2506 1031 2544 regem
1049 2496 1193 2533 assidua
1211 2496 1395 2533 centurio-

332 2565 416 2591 num
455 2556 736 2602 prwl‘ectorum,
769 2563 806 2594 et
841 2557 1098 2604 Spiculatorum
1137 2557 1396 2594 consuetudine

334 2622 505 2652 utentem.
535 2617 647 2654 Porro
673 2619 818 2655 solitum
847 2628 928 2656 esse
949 2619 1128 2663 videmus,
1157 2629 1240 2656 cum
1265 2619 1396 2666 quibus

333 2677 476 2715 assidue
499 2679 578 2725 quis
591 2687 770 2725 versatur,
799 2680 926 2718 horum
953 2691 1073 2719 mores
1091 2682 1228 2719 similes
1246 2681 1393 2720 habere.

333 2737 455 2785 Itaque
471 2739 531 2786 qui
545 2740 726 2778 solitarius
746 2743 852 2785 vivit,
881 2743 911 2780 is
927 2744 1086 2780 animum
1112 2755 1216 2782 suum
1240 2744 1283 2781 ad
1303 2754 1395 2791 apo-

332 2800 505 2836 stolorum
533 2806 569 2838 et
597 2802 850 2849 prophetarum
877 2815 996 2842 mores
1021 2805 1250 2843 conformat:
1271 2813 1308 2842 at
1327 2817 1394 2843 rex

332 2863 375 2898 ad
395 2873 514 2900 mores
533 2864 676 2910 ducum,
705 2865 894 2903 satellitum
909 2895 918 2912 ,
941 2873 1160 2904 scutatorum
1175 2897 1184 2914 ,
1208 2869 1392 2906 hominum

331 2925 414 2961 vino
431 2926 678 2972 servientium,
695 2927 938 2974 voluptatibus
965 2930 1240 2978 indulgentium,
1261 2931 1392 2968 bonam

329 2987 400 3024 diei
428 2993 564 3034 partem
593 2990 628 3026 in
658 2994 743 3036 potu
770 2992 1046 3037 conterentium,
1075 2993 1230 3041 denique
1262 2994 1394 3030 nullius

327 3050 379 3086 rei
396 3051 610 3088 necessariae
623 3057 686 3088 aut
701 3051 861 3089 honestae
876 3053 1078 3100 scientiam,
1094 3055 1180 3092 vino
1194 3055 1394 3102 impedien-

329 3115 386 3154 te,
405 3111 625 3148 callentium.
654 3112 729 3150 Ilac
756 3123 842 3162 ergo
861 3116 968 3152 etiam
988 3117 1127 3156 rmione
1155 3118 1390 3154 monasticam

329 3172 436 3208 vitam
457 3173 627 3210 convenit
641 3184 683 3211 ea
699 3173 896 3212 beatiorem
916 3177 1050 3224 dicere,
1071 3190 1152 3226 qua:
1171 3179 1388 3228 principatu,

327 3243 408 3280 qua:
424 3244 548 3282 regno,
569 3247 649 3283 quae
666 3239 818 3284 sceptris
836 3245 987 3277 constat.
1242 3253 1245 3258 '

376 3295 412 3331 3.
443 3295 616 3334 Nocturna
649 3304 798 3346 tempore
827 3307 900 3338 uter
929 3302 1070 3340 beatior.
1090 3325 1140 3332 -
1159 3305 1260 3352 Quod
1291 3307 1320 3346 si
1353 3315 1390 3346 et

328 3355 443 3392 noctis
478 3363 616 3405 tempus
659 3362 866 3399 examinare
894 3363 1138 3412 voluerimus,
1173 3369 1388 3408 monachum

326 3415 470 3480 quidem
488 3419 688 3458 videbimus
713 3423 775 3460 Dei
800 3424 898 3462 cultu
926 3436 968 3463 ac
995 3429 1164 3474 precibus
1195 3432 1388 3480 insignem,

327 3476 442 3514 multo
460 3485 544 3516 ante
572 3481 788 3528 gallinaceos
817 3491 978 3533 tempore
1007 3498 1224 3538 canentem,
1252 3476 1389 3543 angelis

307 3541 592 3580 convictoribus
609 3551 765 3583 utentem
777 3575 788 3592 ,
809 3558 890 3585 cum
911 3549 984 3587 Deo
1002 3552 1265 3601 colloquentem
1279 3585 1288 3600 ,
1303 3541 1387 3596 ca:-

328 3600 478 3638 lestibus
498 3603 602 3640 bonis
627 3604 802 3644 fruentem
826 3620 835 3644 :
857 3620 939 3646 eum
957 3622 1044 3650 vero
1074 3600 1134 3661 qui
1153 3619 1273 3656 multis
1297 3630 1388 3666 gen-

328 3662 434 3708 tibus,
458 3664 578 3702 multis
595 3668 748 3714 populis,
768 3677 874 3718 atque
895 3675 1112 3712 exercitibus
1130 3687 1278 3724 praeest,
1300 3662 1387 3730 qui-

326 3733 396 3768 quc
415 3729 508 3760 terra
525 3735 568 3762 ac
583 3728 673 3764 mari
692 3728 764 3766 late
785 3731 949 3778 imperat,
966 3734 1002 3771 in
1021 3735 1112 3774 lecto
1134 3728 1326 3779 distentum
1344 3754 1388 3781 ac

325 3791 549 3824 stertentem.
572 3788 634 3826 Ille
659 3790 802 3837 quidem
823 3793 912 3830 cibis
932 3795 976 3832 iis
993 3797 1115 3844 alitur,
1136 3801 1193 3848 qui
1211 3803 1322 3840 altum
1341 3806 1386 3842 ab

325 3857 371 3884 eo
401 3858 566 3886 somnum
599 3851 747 3890 minime
780 3855 928 3902 exigant
950 3869 958 3893 :
978 3858 1072 3896 hunc
1100 3868 1218 3900 autem
1249 3865 1386 3904 deliciae

324 3909 540 3957 consopiunt
568 3919 605 3950 et
632 3919 758 3961 potus,
789 3916 954 3956 eumdem
986 3921 1021 3958 in
1053 3922 1182 3964 lectulo
1201 3927 1244 3964 ad
1268 3929 1382 3976 ipsum

1068 251 1367 290 COMPARATIO
1385 251 1522 292 REGIS
1547 255 1606 292 ET
1632 256 1849 294 MONACHI.

2471 255 2542 292 390

1475 339 1586 376 usque
1600 331 1694 368 diem
1711 331 1888 369 detinens.
1907 331 1985 369 Jam
2001 331 2176 370 monacho
2189 338 2226 369 et
2240 333 2348 370 vestis
2362 339 2398 369 et
2415 342 2539 369 mensa

1473 390 1671 436 moderata,
1693 399 1726 429 et
1746 393 1974 430 convictores
1995 393 2155 440 ejusdem
2177 395 2319 431 virtutis
2337 394 2457 430 :emuli
2476 406 2484 430 :
2505 401 2542 430 at

1471 461 1592 499 regem
1612 464 1759 491 necesse
1776 463 1832 492 est
1857 461 1892 491 et
1922 452 2052 502 lapillis
2072 461 2108 492 et
2123 466 2212 492 auro
2231 456 2424 503 superbum
2443 465 2538 498 esse,

1471 525 1708 563 mensamque
1723 527 1905 564 apponere
1921 517 2160 564 splendidam,
2179 525 2250 554 tum
2271 519 2539 555 convictoribus

1472 577 1548 620 uti,
1571 577 1601 614 si
1621 579 1767 624 quidem
1789 579 1999 627 imprudens
2016 580 2078 616 ille
2097 580 2226 624 fuerit,
2249 591 2312 617 sua
2344 580 2538 630 stoliditate

1470 638 1607 684 dignis;
1630 641 1685 676 sin
1705 647 1824 677 autem
1845 647 2004 678 mentem
2023 640 2165 683 habeat.
2181 649 2456 690 temperansque
2475 642 2534 684 sit,

1471 701 1593 747 probis
1620 701 1772 739 fortasse
1791 707 1828 740 et
1850 702 1974 749 justis,
1996 702 2058 738 sed
2086 707 2206 739 tamen
2226 703 2357 740 virtute
2386 703 2428 739 iis
2448 713 2538 750 quos

1469 769 1553 799 aute
1571 762 1664 806 dixi,
1686 763 1789 812 longe
1813 765 2042 801 inferioribus
2063 777 2071 801 :
2093 765 2142 802 ita
2159 775 2222 801 rex
2243 769 2282 801 ut
2302 764 2539 812 philosophia:

1469 823 1610 862 deditus
1628 826 1694 870 sit,
1717 832 1835 862 tamen
1865 836 1910 863 ne
1940 826 2117 862 tantillum
2140 826 2282 873 quidem
2307 826 2351 862 ad
2371 826 2537 863 monachi

1469 886 1638 922 virtutem
1663 887 1810 933 propius
1827 887 2000 924 accedere
2019 893 2139 934 queat.
2172 887 2310 924 Etenim
2339 887 2374 924 in
2396 887 2537 924 itineri-

1469 947 1536 984 bus
1556 947 1728 984 facieudis
1757 948 1909 985 subditis
1926 949 2045 996 gravis
2063 954 2118 999 est
2133 976 2141 991 ,
2159 955 2336 995 praeterea
2354 954 2392 984 et
2413 947 2537 984 urbem

1471 1008 1650 1051 habitans,
1677 1016 1712 1044 et
1734 1015 1820 1055 pace
1837 1008 1974 1054 fruens,
1997 1015 2034 1046 et
2053 1009 2146 1046 bello
2165 1019 2311 1056 operam
2329 1009 2440 1052 dans,
2461 1016 2536 1044 tum

1470 1070 1601 1106 tributa
1623 1071 1782 1118 exigens,
1805 1076 1878 1107 tum
1897 1072 2077 1108 exercitus
2097 1071 2291 1118 colligens,
2315 1077 2389 1107 tum
2417 1071 2536 1118 capti-

1470 1141 1533 1168 vos
1562 1141 1672 1178 agens
1689 1159 1697 1174 ,
1725 1138 1758 1168 et
1780 1131 1865 1168 dum
1887 1133 2024 1178 victor,
2057 1139 2093 1169 et
2109 1133 2192 1169 dum
2213 1133 2328 1170 vietus
2346 1139 2402 1169 est
2423 1145 2432 1168 :
2453 1142 2535 1168 nam

1469 1193 1554 1230 dum
1569 1193 1686 1230 victus
1703 1200 1772 1236 est,
1793 1194 1956 1230 subditos
1973 1194 2128 1241 propriis
2147 1195 2251 1231 malis
2269 1194 2382 1240 replet
2399 1206 2407 1230 :
2425 1194 2539 1230 victor

1469 1261 1588 1291 autent
1605 1255 1842 1292 intolerabilis
1856 1261 1923 1300 est,
1942 1257 2086 1303 tropmis
2101 1267 2139 1293 se
2153 1266 2286 1292 ornans
2300 1262 2406 1303 atque
2423 1256 2535 1292 altum

1469 1317 1635 1364 sapiens,
1659 1325 1731 1354 tum
1754 1317 1929 1355 militibus
1953 1317 2119 1365 praebens
2148 1319 2330 1354 licentiam
2359 1317 2536 1365 rapiendi,

1469 1379 1699 1428 deprmdandi
1715 1408 1725 1424 ,
1747 1380 1902 1416 v'ateres
1935 1380 2064 1427 injuria
2083 1379 2262 1416 alliciendi
2277 1407 2288 1424 ,
2311 1380 2418 1416 urbes
2437 1379 2537 1416 obsi-

1469 1443 1576 1480 dione
1595 1443 1775 1489 cingeudi,
1795 1453 1992 1490 pauperum
2011 1442 2140 1479 domos
2157 1441 2412 1488 depopulandi,
2432 1440 2476 1478 ab
2495 1441 2538 1476 iis

1469 1515 1488 1542 a
1516 1505 1645 1552 quibus
1674 1505 1813 1551 excepti
1845 1505 1977 1542 fuerint
1997 1514 2040 1541 ea
2071 1504 2231 1552 quotidie
2262 1503 2426 1550 exigendi
2459 1511 2538 1549 qua:

1471 1567 1567 1603 nulla
1589 1567 1646 1602 lex
1665 1567 1852 1613 permittit,
1872 1567 1979 1614 idque
1998 1577 2062 1614 per
2079 1576 2223 1602 causam
2245 1566 2372 1612 priscm
2389 1564 2540 1610 alicujus

1469 1627 1740 1664 consuetudinis
1755 1628 1884 1674 iniquae
1899 1634 1933 1664 et
1948 1628 2088 1675 injustze
2103 1637 2112 1663 :
2129 1638 2210 1664 cum
2230 1627 2372 1664 interim
2389 1626 2536 1663 divitem

1469 1699 1535 1737 per
1555 1689 1759 1737 hujusmodi
1782 1691 1872 1726 mala
1903 1701 1964 1726 rex
1987 1690 2135 1728 minime
2154 1689 2274 1734 laedit,
2293 1689 2356 1726 sed
2375 1689 2420 1726 de
2446 1699 2537 1735 pau-

1469 1758 1608 1798 pertate
1627 1759 1764 1789 tantum
1786 1753 1879 1789 male
1897 1758 2069 1797 meretur,
2089 1751 2237 1799 perinde
2254 1751 2357 1799 quasi
2373 1761 2458 1789 vere
2477 1751 2537 1789 ille

1468 1812 1598 1850 divites
1613 1821 1794 1850 vereatur.
1811 1814 1856 1850 At
1871 1824 1956 1851 vero
1972 1825 2042 1850 non
2061 1814 2112 1850 sic
2128 1813 2340 1858 monachus,
2356 1813 2416 1860 qui
2431 1813 2537 1850 simul

1467 1881 1507 1912 ut
1526 1883 1741 1923 conspectus
1761 1875 1886 1919 fuerit,
1904 1877 2024 1913 statim
2043 1882 2114 1912 tam
2131 1875 2302 1912 divitibus
2319 1885 2427 1922 quam
2449 1885 2537 1922 pau-

1467 1937 1614 1984 peribus
1633 1937 1767 1974 donum
1785 1939 1930 1986 aliquod
1947 1937 2116 1982 all'erens,
2143 1939 2304 1986 utrisque
2323 1949 2426 1986 teque
2455 1949 2537 1974 mu-

1467 1999 1613 2036 uilicum
1643 2009 1682 2036 se
1709 1998 1975 2047 prmstat,'uuo
2004 2006 2143 2037 tantum
2173 2001 2306 2037 amictu
2338 2006 2413 2036 toto
2443 2008 2538 2037 anno

1466 2068 1586 2107 utens,
1609 2067 1682 2099 tum
1699 2072 1829 2110 aquam
1853 2063 2021 2100 libentius
2039 2062 2180 2108 bibens,
2197 2073 2302 2110 quam
2322 2073 2538 2111 generosum

1467 2119 1596 2160 vinum'
1615 2123 1702 2168 alii;
1739 2134 1804 2171 pro
1831 2135 1870 2162 se
1897 2125 2040 2172 quidem
2071 2125 2208 2162 nullam
2237 2135 2354 2173 neque
2373 2135 2536 2174 parvam,

1467 2195 1584 2232 neque
1601 2195 1768 2233 magnam
1786 2196 1806 2222 a
1822 2186 1992 2224 divitibus
2009 2187 2158 2235 gratiam
2180 2187 2381 2234 postulans,
2403 2198 2468 2236 pro
2484 2188 2538 2224 in-

1467 2246 1672 2294 digentibus
1688 2253 1808 2285 autem
1830 2255 1904 2285 tum
1925 2249 2070 2295 multa‘s,
2089 2256 2164 2287 tum
2183 2252 2386 2295 continuas,
2405 2261 2538 2298 easque

1466 2308 1630 2354 utrisque
1645 2309 1906 2354 conducentes,
1922 2310 1991 2347 hoc
2007 2318 2076 2355 est,
2093 2317 2163 2348 tam
2184 2312 2228 2348 iis
2243 2313 2302 2360 qui
2321 2313 2535 2360 largiuntur,

1467 2379 1574 2416 quam
1595 2369 1638 2406 iis
1657 2370 1718 2416 qui
1737 2371 1922 2417 accepturi
1937 2378 2034 2408 sunt.
2056 2371 2117 2408 Sic
2136 2373 2189 2416 fit,
2213 2381 2251 2408 ut
2267 2383 2458 2410 comunem
2479 2373 2538 2410 ille

1467 2437 1550 2478 agat
1567 2431 1745 2468 medicum
1765 2431 1916 2468 divitum
1933 2431 2033 2479 juxta
2051 2439 2087 2469 et
2106 2433 2267 2480 inopum,
2285 2434 2364 2470 illos
2379 2436 2538 2481 peccatis

1468 2491 1624 2529 liberans
1644 2503 1710 2540 per
1727 2493 1858 2530 bouam
1893 2493 2192 2536 admonitionem,
2217 2493 2282 2530 hos
2298 2494 2344 2530 ab
2370 2495 2534 2542 indigen-

1467 2556 1515 2592 tia
1535 2555 1712 2592 eximens.
1733 2556 1780 2592 At
1803 2565 1868 2592 rex
1899 2555 2030 2592 tributa
2051 2554 2135 2592 dum
2157 2556 2276 2592 minus
2303 2556 2424 2603 gravia
2454 2567 2536 2594 esse

1463 2622 1580 2670 jubet,
1609 2621 1780 2659 divitibus
1810 2621 1936 2669 magis,
1970 2631 2078 2668 quam
2109 2620 2324 2667 pauperibus
2357 2621 2436 2657 usui
2465 2627 2533 2658 est.

1467 2683 1564 2720 Idem
1585 2683 1670 2720 dum
1689 2689 1815 2721 contra
1835 2683 1940 2726 facit,
1965 2693 2156 2730 paucarum
2184 2681 2390 2725 facultatum
2417 2682 2535 2719 domi-

1466 2756 1532 2782 nos
1561 2745 1660 2782 lccdit
1688 2757 1696 2781 :
1724 2755 1808 2781 nam
1837 2744 1938 2781 diviti
1967 2750 2110 2780 tenuem
2136 2743 2330 2779 admodum
2358 2744 2534 2790 jacturam

1466 2807 1626 2844 attulerit
1653 2806 1868 2843 tributorum
1896 2805 2074 2842 acerbitas
2094 2817 2103 2842 :
2129 2811 2164 2841 at
2187 2804 2314 2842 eadem
2336 2816 2534 2854 pauperum

1465 2869 1592 2906 domos
1621 2875 1805 2916 tamquam
1837 2875 1977 2905 torrens
2007 2867 2200 2912 distrahit,
2229 2867 2316 2905 ﬂetu
2348 2870 2534 2916 complens

1466 2943 1588 2980 pagos,
1608 2941 1690 2968 eum
1708 2931 1850 2968 interim
1877 2941 1994 2978 neque
2007 2939 2176 2968 seneCtus
2193 2931 2236 2968 iis
2251 2931 2466 2969 miserabilis
2479 2940 2536 2970 est

1465 2995 1525 3043 qui
1553 2995 1682 3032 tributa
1699 2995 1860 3042 exigunt,
1888 3004 2005 3042 neque
2022 2995 2213 3031 mulierum
2229 2995 2398 3040 viduitas,
2418 3006 2534 3043 neque

1465 3057 1661 3094 liberorum
1688 3056 1850 3101 orbitas;
1878 3057 2040 3104 quinimo
2069 3063 2236 3102 proterve
2263 3057 2392 3104 agendi
2423 3059 2530 3096 linem

1464 3119 1604 3155 nullum
1626 3118 1674 3155 illi
1699 3117 1848 3161 faciunt,
1876 3127 2090 3154 communes
2109 3118 2255 3165 quidam
2275 3119 2432 3166 regionis
2463 3120 2530 3157 ho-

1465 3189 1560 3228 stes,
1591 3192 1672 3229 quae
1701 3181 1808 3218 tellus
1837 3190 2063 3228 nequaquam
2097 3181 2191 3226 tulit,
2223 3191 2264 3218 ea
2294 3181 2340 3219 ab
2366 3183 2535 3230 agricolis

1463 3245 1662 3292 exigentes.

1511 3307 1549 3344 4.
1567 3305 1798 3352 Bene/icentia
1817 3305 1976 3341 monachi
1993 3305 2105 3353 major
2125 3305 2231 3354 regia.
2245 3307 2378 3354 -—Age
2397 3317 2482 3344 vero
2499 3313 2534 3344 et

1462 3369 1551 3407 illud
1583 3369 1731 3415 insuper
1747 3368 2008 3412 examinemus,
2035 3378 2189 3416 quanam
2210 3369 2245 3406 in
2275 3375 2377 3416 parte
2404 3378 2530 3416 mona-

1463 3431 1568 3475 chus,
1595 3439 1664 3478 qua
1685 3436 1808 3467 contra
1826 3430 1862 3467 in
1881 3435 1982 3477 parte
2003 3440 2066 3467 rex
2088 3429 2241 3467 subditis
2260 3430 2443 3468 beneficus
2469 3430 2528 3465 sit.

1462 3492 1574 3540 Igitur
1592 3491 1651 3529 hic
1670 3491 1814 3540 quidem
1843 3502 1972 3529 aurum
1999 3492 2162 3540 largitur,
2193 3492 2250 3528 ille
2269 3501 2354 3526 vero
2382 3490 2530 3536 spiritus

1462 3555 1613 3602 gratiam
1633 3567 1642 3590 :
1664 3559 1839 3601 praeterea
1857 3553 1950 3591 idem
1968 3554 2026 3591 hic
2047 3554 2132 3590 dum
2157 3554 2272 3590 bonus
2297 3556 2352 3587 est
2374 3561 2528 3598 pauper-

1461 3622 1572 3654 tatem
1587 3616 1705 3660 solvit,
1723 3616 1782 3654 ille
1809 3622 1928 3654 autem
1957 3617 2097 3652 animas
2123 3615 2324 3650 dzemonnm
2341 3613 2529 3660 tyrannide

1461 3689 1653 3727 oppressas
1680 3679 1848 3727 precibus
1879 3679 2030 3715 liberat:
2050 3686 2092 3712 ac
2115 3676 2146 3711 si
2173 3675 2252 3721 quis
2279 3673 2371 3711 forte
2401 3675 2526 3722 hujus-

1459 3744 1558 3781 modi
1585 3743 1789 3782 calamitate
1817 3741 2023 3783 alﬂietetur,
2055 3739 2085 3774 is
2108 3747 2228 3783 regem
2257 3744 2436 3784 tamquam
2470 3739 2526 3776 in-

1458 3806 1580 3843 anime
1597 3805 1778 3854 quidpiam
1796 3801 1966 3850 praeterit,
1985 3800 2029 3835 ad
2053 3797 2309 3834 monachorum
2327 3809 2409 3836 vero
2424 3798 2526 3836 habi-

1459 3868 1618 3906 taculum
1637 3865 1810 3912 confugit,
1834 3861 1934 3910 quasi
1953 3861 2011 3908 qui
2033 3860 2215 3904 conspecti
2235 3859 2307 3907 lupi
2331 3861 2459 3897 timore
2481 3860 2523 3894 ad

1459 3936 1664 3970 venatorem
1683 3926 1840 3975 gladium
1866 3933 1972 3960 manu
1997 3926 2194 3969 gestantem
2221 3921 2299 3968 fuga
2324 3920 2521 3960 contendit.
