2734 4342
231 249 295 286 5υ1
363 290 368 296 1
705 239 744 276 S.
773 235 964 275 JOANNIS
991 229 1316 284 CHRYSOSTOMX
1343 231 1560 269 ARClllEP.
1589 231 1956 270 CONSTANTINOP.
2367 241 2426 278 ωσι

233 327 376 368 litenim
395 323 489 372 quod
506 317 664 356 venatori
687 316 842 364 gladius,
861 314 896 352 id
925 323 1053 362 preces
1073 318 1158 350 sunt
1183 322 1311 349 mona-

218 393 302 427 .ﬂm
318 401 328 427 ε
347 395 462 430 neque
481 392 567 420 sane
581 381 632 417 sic
649 380 753 427 lupos
767 377 923 426 gladius,
941 383 980 413 ut
994 375 1314 423 dmmonasjusto-

233 463 312 490 rum
332 433 460 498 preces
479 450 628 482 terrent.
645 443 770 490 Itaque
788 453 858 478 non
880 450 948 478 nos
969 440 1082 477 modo
1101 438 1147 476 ad
1169 443 1316 476 sanctos

236 511 444 555 monachos,
477 508 562 546 dtnn
590 506 643 544 rei
663 515 751 543 usus
777 505 951 553 postulat,
980 503 1224 550 confugimus,
1251 500 1316 539 sed

236 575 408 622 velreges
424 572 490 620 ipsi
517 570 562 608 ad
588 569 738 607 eosdem
754 569 789 604 in
809 566 1035 615 temporibus
1062 564 1316 608 formidandis,

236 637 328 675 haud
351 636 458 674 aliter
477 645 584 683 quam
609 633 716 669 famis
735 639 902 678 tempore
922 629 1174 667 mendicantes
1193 627 1238 664 ad
1258 627 1319 664 di-

235 704 346 738 vitum
365 696 762 744 .domosconl'ugiunt.
795 694 924 732 Nonne
952 692 1079 730 Achab
1107 691 1318 730 Judtnorum

234 773 298 800 rex
317 774 380 810 per
395 761 528 800 famem
545 767 582 798 et
597 771 750 797 annona:
765 759 956 796 caritatem
972 757 1008 794 in
1027 757 1138 794 lleli:e
1154 755 1321 803 precibus

239 837 340 874 spem
361 825 481 874 posuit
507 824 639 862 suam?
668 832 790 861 nonne
805 820 984 860 Ezechias
1004 821 1016 842 ⁸
1033 821 1082 868 (4.
1100 819 1188 867 Reg.
1203 818 1266 856 ‘20.
1285 819 1320 866 l)

240 889 324 926 illud
346 889 442 926 idem
461 887 670 936 imperium,
691 887 792 924 illum
811 884 979 922 eumdem
999 883 1242 931 principatum
1258 881 1323 919 ob-

237 953 369 998 tinens,
397 962 514 999 teger,
543 960 586 987 ac
609 948 759 997 jamjam
789 948 1004 991 moriturus,
1033 945 1228 982 instantem
1257 943 1323 981 sibi

241 1023 396 1053 mortem
424 1025 507 1052 cum
535 1013 690 1056 videret,
719 1011 765 1049 ad
793 1011 1010 1060 pr0phetam
1038 1008 1214 1056 confugit,
1243 1013 1324 1044 tan-

241 1089 348 1125 quam
366 1084 484 1114 morte
504 1075 762 1124 potentiorem,
783 1083 827 1111 ac
844 1073 928 1111 vitae
953 1070 1192 1120 largitorem?
1216 1069 1324 1118 Atqui

243 1141 336 1178 bello
349 1147 568 1188 erumpente
588 1138 853 1186 Palmstinaque
868 1136 904 1174 in
933 1142 1072 1174 tantum
1089 1134 1245 1172 adducta
1262 1143 1326 1180 pe-

243 1205 410 1248 t‘iculum,
425 1209 464 1240 ut
478 1202 640 1240 funditus
655 1200 856 1240 excidenda
871 1207 984 1244 esset,
996 1197 1208 1237 Judaeorum
1224 1205 1328 1244 reges

243 1267 393 1305 dimisso
413 1266 594 1312 exercitu,
611 1265 772 1302 dimissis
787 1263 983 1312 peditibus,
1004 1259 1216 1309 sagittariis,
1233 1258 1330 1306 equi-

243 1333 353 1376 tibus,
383 1330 562 1376 ducibus,
593 1328 892 1371 centurionibus,
923 1326 968 1363 ad
997 1325 1119 1362 Elistei
1144 1333 1270 1371 preces
1290 1333 1330 1358 se

243 1399 464 1441 receperunt
482 1405 490 1429 :
508 1391 768 1430 existimabant
784 1390 881 1428 enim
903 1389 964 1426 Dei
981 1398 1129 1426 servum
1149 1386 1216 1423 sibi
1235 1385 1330 1422 mul-

245 1466 362 1494 tarum
383 1455 586 1504 myriadum
606 1455 720 1492 instar
737 1454 828 1490 fore.
845 1451 974 1490 Itidem
991 1455 1027 1488 et
1051 1447 1225 1487 Ezechias
1251 1458 1330 1492 rex,

245 1519 341 1555 bello
359 1517 509 1555 Persico
525 1517 699 1560 instante,
720 1525 802 1552 cum
821 1513 924 1551 urbis
948 1511 1130 1550 excidium
1159 1508 1332 1546 immine—

196 1594 197 1597 η
245 1587 312 1625 ret,
329 1579 543 1627 civibusque
563 1577 623 1624 qui
640 1588 704 1626 pro
720 1577 904 1615 mcenibns
918 1579 1058 1612 starent
1077 1573 1151 1620 jam
1169 1578 1334 1608 tremen-

246 1643 354 1687 tibus,
375 1641 640 1685 metuentibus,
656 1651 700 1679 ac
717 1640 869 1689 perinde
888 1637 1097 1684 commotis,
1115 1641 1154 1674 ut
1169 1634 1334 1674 comnio-

250 1707 327 1742 veri
357 1705 526 1743 homines
551 1705 704 1750 solent,
733 1704 878 1752 quoties
900 1703 958 1740 vel
985 1701 1122 1739 tenitru
1144 1699 1201 1738 vel
1229 1705 1336 1737 terra:

249 1776 389 1804 motum
415 1769 539 1805 omnia
567 1768 792 1816 quatientem
819 1770 1048 1814 exSpectant,
1078 1764 1182 1802 Isaia:
1209 1773 1337 1817 preces

249 1830 372 1866 ntultis
387 1829 584 1867 Persarum
612 1829 771 1866 millibus
799 1827 984 1876 Opposuit,
1004 1836 1122 1874 neque
1149 1835 1214 1862 sua
1235 1824 1336 1860 illum

249 1901 336 1940 spes
354 1891 496 1929 fefellit.
514 1891 606 1928 Nam
625 1891 731 1928 simul
751 1897 790 1928 ut
804 1889 983 1938 propheta
1005 1897 1136 1925 manus
1153 1887 1188 1924 in
1205 1886 1336 1923 emittm

250 1955 411 2000 sustulit,
427 1956 551 1994 statim
569 1955 664 1992 Deus
691 1954 832 2003 sagittis
854 1963 876 1990 e
895 1952 988 1990 caelo
1014 1951 1136 1988 missis
1150 1949 1337 1988 Persicum

252 2017 386 2054 bellum
405 2017 598 2063 confecit,
629 2027 737 2064 reges
763 2016 949 2060 erudiens,
978 2025 1023 2052 eo
1049 2024 1090 2051 se
1119 2013 1201 2050 loco
1227 2013 1340 2060 ipsius

253 2081 443 2118 ministros
472 2080 610 2118 habere
635 2079 784 2124 debere,
816 2085 856 2116 ut
881 2088 946 2117 eos
972 2087 1102 2116 omnes
1127 2086 1340 2114 communes

253 2153 336 2180 esse
355 2150 464 2181 terra:
489 2149 698 2196 servatores
718 2142 940 2185 existiment,
966 2148 1006 2179 ut
1024 2141 1092 2178 bac
1108 2139 1254 2188 quidem
1281 2151 1341 2177 ra-

254 2207 355 2244 tione
393 2206 642 2250 edoceantur,
677 2216 742 2252 per
771 2205 956 2252 justorum
989 2204 1266 2242 exhortationes
1296 2205 1341 2240 ad

257 2279 368 2306 mune
383 2269 516 2306 bonum
532 2275 642 2316 atque
659 2269 859 2307 humanttm
873 2279 966 2316 opus
985 2268 1141 2312 invitati,
1158 2275 1234 2306 tum
1250 2278 1342 2305 con—

256 2332 336 2369 silia
353 2333 527 2376 revereri,
542 2338 616 2368 tum
634 2331 739 2369 bonis
753 2331 1064 2369 admonitionibus
1073 2331 1342 2378 obtemperare.

258 2395 416 2432 Proinde
434 2404 506 2432 non
524 2405 568 2432 ex
595 2395 638 2432 iis
658 2394 776 2432 solum
793 2405 874 2442 qum
893 2393 970 2432 dixi
997 2393 1189 2442 utriusque
1211 2393 1344 2430 discri-

259 2467 342 2494 men
373 2467 597 2504 cognoscere
616 2455 724 2501 lieet;
747 2456 812 2494 sed
839 2456 869 2494 si
891 2467 959 2494 usu
977 2455 1119 2494 venerit
1137 2462 1174 2494 et
1192 2456 1289 2492 hunc
1309 2461 1347 2492 et

260 2519 360 2556 illum
391 2519 592 2564 deturbari,
620 2518 721 2557 hunc
747 2518 894 2567 quidem
921 2519 1078 2564 virtute,
1101 2519 1202 2555 illum
1223 2525 1344 2556 autem

260 2583 596 2631 regnoprivatum,
617 2583 678 2620 hic
696 2593 808 2632 parvo
834 2582 1033 2620 admodum
1059 2583 1208 2630 negotio
1233 2581 1278 2619 ad
1307 2591 1348 2618 se

261 2647 366 2691 redit,
385 2658 426 2684 ac
441 2648 563 2684 statim
581 2659 645 2694 per
663 2658 806 2696 preces,
827 2658 890 2694 per
910 2647 1106 2696 laerymas,
1127 2657 1192 2694 per
1209 2656 1348 2684 intero-

263 2721 363 2756 rem,
395 2721 462 2757 per
489 2721 688 2758 pauperum
711 2720 858 2755 curam,
889 2710 1050 2758 peccatis
1079 2709 1280 2754 abstersis,
1303 2709 1349 2746 de

267 2773 409 2820 integro
437 2764 541 2810 facile
561 2773 606 2810 ad
628 2773 820 2820 pristinum
842 2772 1082 2820 principatum
1111 2773 1280 2810 recurrit.
1302 2773 1350 2810 At

267 2845 329 2870 rex
361 2835 453 2871 Solio
478 2835 642 2882 dejectns
672 2846 754 2872 cum
787 2835 906 2880 fuerit,
941 2840 1017 2872 tttm
1046 2835 1192 2873 demum
1225 2835 1349 2872 multis

267 2906 354 2934 sane
385 2897 494 2935 sociis
521 2897 680 2946 indiget,
708 2898 833 2936 multis
863 2899 948 2936 item
979 2899 1130 2936 armatis
1158 2898 1348 2944 militibus,

267 2958 384 3005 equis,
409 2959 778 3007 pecuniis,,periculis
800 2971 808 2996 :
829 2959 988 3008 denique
1006 2959 1135 2997 salutis
1155 2969 1231 2997 sua:
1248 2969 1350 3007 spem

267 3019 302 3055 in
317 3019 400 3057 aliis
417 3021 524 3058 sitam
544 3021 668 3059 habet.
684 3021 884 3060 Monachus
899 3031 986 3059 vero
1000 3021 1154 3058 salutem
1181 3021 1353 3059 celeriter

268 3081 444 3120 voluntati
465 3095 556 3130 sum,
581 3085 702 3122 studio
725 3095 787 3123 'ae
803 3086 996 3123 sententia:
1023 3085 1217 3124 mutationi
1235 3085 1352 3122 comi-

270 3151 342 3181 tem
357 3144 548 3184 habiturus
566 3154 622 3185 est
640 3161 649 3186 :
667 3148 824 3198 Regnum
838 3150 928 3186 enim
945 3148 1124 3194 caelorum,
1143 3149 1261 3196 inquit
1277 3148 1351 3194 ille,

267 3207 302 3242 in
333 3207 428 3244 vobis
457 3214 506 3246 est
526 3209 636 3259 (Luc.
657 3212 715 3248 l7.
735 3211 822 3260 21).
845 3211 927 3250 Jam
955 3223 1056 3250 mors
1075 3213 1151 3260 regi
1181 3212 1354 3250 terribilis

267 3274 324 3304 est
340 3296 350 3312 ,
371 3269 498 3307 eadem
526 3271 744 3320 philosopho
764 3274 916 3312 minime
944 3275 1098 3314 molesta
1122 3288 1131 3314 :
1151 3286 1235 3313 eum
1257 3275 1354 3312 enim

267 3329 330 3376 qui
348 3329 508 3376 divitias,
529 3333 770 3381 voluptatem,
799 3335 964 3382 delicias,
985 3348 1140 3386 quorum
1163 3338 1277 3386 gratia
1298 3337 1354 3373 vi-

275 3400 348 3429 tam
363 3393 503 3440 spitare
525 3394 628 3432 multi
645 3397 920 3446 concupiscunt,
939 3400 1108 3448 despicit,
1131 3411 1280 3439 necesse
1301 3405 1358 3436 est

272 3455 526 3502 migrationem
547 3458 593 3494 ab
614 3459 683 3496 hoc
699 3461 789 3498 orbe
809 3460 904 3499 haud
929 3475 1025 3512 :egre
1053 3464 1164 3502 ferre.
1193 3463 1296 3510 Quod
1325 3463 1357 3500 si

273 3527 308 3556 et
323 3518 419 3557 hunc.
443 3527 481 3558 et
499 3521 600 3558 illum
615 3521 774 3570 jugulari
795 3526 1014 3574 contigerit,
1036 3528 1096 3565 hic
1123 3528 1270 3576 quidem
1293 3536 1358 3574 pro

320 3664 333 3688 ³
355 3665 404 3700 sic
425 3661 556 3697 Colslin.
580 3666 675 3697 recte
707 3660 790 3695 ﬁdit.
814 3669 906 3706 vero,
923 3673 1028 3698 nonne
1044 3663 1170 3698 Ozias?

1388 311 1526 359 pietate
1542 311 1710 358 pericula
1739 309 1808 347 sibi
1827 317 2002 355 aceerset,
2031 311 2260 350 immortua-in
2281 321 2314 351 et
2332 317 2429 354 cone-

1388 380 1482 410 stem
1503 373 1614 410 vitam
1633 379 1751 410 morte
1769 383 1834 410 sua
1853 381 2068 420 comparans
2091 384 2098 408 ;
2117 379 2153 409 at
2181 385 2238 411 rex
2265 382 2431 424 tyrannum

1389 435 1564 484 aliquem,
1585 441 1623 472 et
1639 445 1723 473 eum
1743 435 1804 482 qui
1833 434 2024 482 imperium
2051 435 2204 480 allectat,
2219 436 2433 484 jngulatorem

1393 508 1499 535 suum
1518 497 1708 535 habiturus
1724 504 1795 542 est,
1824 496 2030 534 miserabile
2059 496 2220 546 idemque
2238 498 2435 539 horrendum

1393 568 1477 611 post
1491 561 1628 600 cmdem
1648 561 1894 610 Spectaculum
1908 571 1918 605 ;
1932 560 2146 598 monachum
2161 572 2242 598 vero
2254 573 2313 610 pro
2324 564 2438 611 pietate

1391 625 1595 674 iugulatum
1614 633 1780 668 cernere,
1802 622 1909 660 dulce
1926 627 2034 670 atque
2051 622 2205 661 salutare
2220 625 2439 672 spectaculiun

1395 694 1465 726 est.
1484 687 1588 726 Adde
1613 687 1670 724 bis
1685 685 1782 735 quod
1811 685 2010 724 monachus
2025 685 2198 724 bonorum
2215 697 2350 724 suorum
2364 688 2438 726 alle~

1396 757 1557 788 ctatores
1593 749 1785 788 habiturus
1820 754 1903 792 est,
1933 748 2160 786 aemulatores
2187 759 2227 786 ac
2252 749 2441 797 discipulos,

1398 815 1492 852 bona
1517 820 1684 862 exxparte
1711 819 2002 861 comprecantes,
2030 821 2070 849 ut
2095 812 2204 860 ipsius
2220 813 2347 850 similes
2369 823 2439 850 evac

1397 877 1486 914 dant
1511 887 1521 914 :
1548 883 1586 914 at
1612 887 1676 914 rex
1706 876 1840 912 multos
1866 875 1999 912 frusua
2029 875 2064 912 in
2094 875 2254 922 precibus
2281 885 2447 912 sermones

1399 939 1648 987 insumpserit,
1669 939 1784 976 Deum
1801 947 1947 986 rogans,
1966 944 2003 974 ιιι
2025 947 2130 974 nemo
2151 937 2307 982 exsistat,
2320 937 2375 984 qui
2395 947 2447 974 re-

1399 1015 1510 1052 gnum
1527 1002 1891 1041 aﬂ‘cctet.Pr:nterea
1913 1001 2013 1038 illum
2045 1000 2244 1038 interﬁcere
2269 999 2376 1036 nullus
2392 1010 2449 1036 au-

1397 1069 1500 1111 deat,
1516 1077 1600 1106 cum
1619 1066 1803 1104 existimet
1819 1065 1971 1112 impium
1987 1074 2040 1101 se
2067 1064 2102 1100 in
2117 1063 2225 1101 Deum
2246 1061 2404 1106 futurum,
2425 1061 2451 1098 si

1401 1143 1486 1170 cum
1501 1131 1692 1170 sustulerit
1708 1143 1717 1166 :
1737 1129 1822 1168 huic
1836 1139 1923 1166 vero
1938 1127 2041 1165 multi
2057 1127 2273 1175 jugulatores
2286 1126 2450 1174 ingruunt,

1404 1194 1606 1244 tyrannidis
1623 1193 1871 1231 all‘ectatores.
1892 1190 2132 1237 Quamobrem
2149 1189 2238 1227 alter
2262 1189 2384 1226 milites
2395 1188 2452 1225 ad-
2474 1183 2485 1192 ’

1405 1259 1505 1296 hibet
1536 1257 1702 1306 corporis
1737 1256 1794 1293 sui
1824 1255 2024 1298 custodes,
2055 1253 2146 1290 alter
2175 1252 2277 1290 urbes
2308 1251 2454 1300 precibus

1404 1323 1481 1360 suis
1514 1327 1699 1370 tamquam
1733 1331 1838 1357 muro
1869 1317 2094 1359 communit,
2124 1316 2296 1353 neminem
2324 1315 2453 1358 timens,

1405 1397 1487 1424 cum
1515 1397 1579 1424 rex
1599 1391 1776 1433 perpetuo
1802 1383 1837 1420 in
1858 1383 2002 1428 timore,
2033 1371 2199 1418 continua
2223 1379 2256 1414 in
2275 1377 2381 1415 cedis
2403 1387 2456 1414 ex-

1405 1450 1634 1499 spectatione
1648 1449 1744 1486 vivat
1761 1460 1770 1486 :
1789 1457 1914 1485 secum
1941 1445 2038 1483 enim
2064 1441 2268 1482 circumfert
2290 1441 2455 1478 avaritiam

1407 1513 1668 1562 periculosam,
1699 1521 1765 1558 pro
1791 1519 1864 1558 qua
1889 1506 2090 1546 monachus
2117 1511 2228 1542 tutam
2255 1513 2324 1552 pra:
2349 1512 2384 1539 se
2400 1500 2458 1538 fert

1407 1577 1578 1614 salutem.

1457 1637 1646 1686 Compara:
1664 1647 1741 1673 rum
1762 1647 1842 1684 rege
1869 1634 2076 1672 monac/ium
2103 1632 2137 1668 in
2166 1631 2206 1668 iis
2235 1639 2306 1676 qtae
2336 1633 2458 1664 mortem
2485 1679 2489 1684 .

1409 1707 1611 1750 sequuntur.
1628 1719 1678 1727 —-
1695 1698 1854 1736 Proinde
1871 1697 1918 1734 de
1936 1696 2045 1734 rebus
2063 1705 2142 1743 qu:e
2159 1702 2232 1730 .uos
2255 1693 2286 1728 in
2314 1688 2459 1738 presenti

1409 1748 1482 1801 vita
1497 1751 1777 1800 circumsistunt
1797 1759 1942 1798 abunde
1961 1758 2048 1796 mihi
2071 1755 2205 1794 dixisse
2224 1753 2352 1790 videor.
2371 1748 2461 1797 Quod

1410 1826 1442 1863 si
1467 1832 1504 1864 et
1526 1831 1714 1863 certamen
1747 1823 1906 1860 futurum
1935 1820 2143 1858 examinare
2168 1817 2324 1859 velimus,
2351 1822 2462 1850 mona-

1411 1889 1520 1926 chum
1549 1887 1696 1936 quidem
1714 1885 1920 1924 videbimus
1935 1881 2164 1932 splendidum
2184 1889 2226 1916 ac
2252 1875 2462 1924 conspicuum

1412 1952 1489 1999 rapi
1509 1951 1606 1988 inter
1622 1949 1742 1988 nubes
1757 1948 1802 1986 ad
1821 1957 2013 1986 occursum
2027 1944 2160 1982 Christi
2187 1943 2221 1979 in
2239 1950 2332 1983 acra,
2355 1947 2463 1975 exem-

1414 2015 1474 2064 plo
1493 2014 1598 2052 ducis
1612 2020 1650 2052 et
1665 2012 1886 2050 instilutoris
1901 2010 2010 2059 hujus
2029 2009 2110 2046 vitae
2129 2005 2290 2045 salutaris
2305 2000 2464 2040 muniunt-

1414 2089 1486 2126 que
1515 2080 1706 2116 virtutum.
1737 2078 1784 2114 At
1806 2087 1898 2120 rex,
1927 2075 1959 2112 si
1985 2072 2130 2122 quidem
2155 2071 2248 2118 juste
2273 2074 2306 2105 et
2331 2067 2466 2126 humane

1415 2142 1610 2189 imperium
1641 2141 1780 2178 rexisse
1795 2139 1896 2176 visus
1924 2137 2031 2174 fuerit
2057 2144 2160 2172 suum
2181 2131 2262 2178 (hoc
2279 2135 2388 2166 autem
2411 2124 2466 2160 ad-

1416 2205 1565 2243 modum
1596 2215 1716 2242 rarum
1745 2202 1858 2252 est),
1893 2202 2070 2238 minorem
2109 2197 2257 2234 salutem
2274 2221 2283 2238 ,
2311 2191 2468 2228 minorem

1416 2268 1593 2305 honozein
1622 2267 1797 2304 sortietnr
1822 2277 1830 2301 :
1855 2275 1928 2302 non
1958 2263 2055 2300 enim
2083 2261 2190 2302 idem,
2216 2267 2298 2299 non,
2327 2254 2467 2300 inquam.

1417 2330 1514 2368 idem
1538 2330 1660 2372 fuerit,
1683 2330 1800 2365 bonus
1819 2337 1894 2368 rex,
1913 2332 1949 2362 et
1969 2323 2167 2360 monachus
2186 2327 2354 2373 summam
2371 2315 2402 2351 in
2417 2311 2470 2348 Dei

1417 2395 1515 2432 cultu
1533 2405 1657 2430 curatn
1688 2401 1841 2440 ponens.
1865 2389 1928 2426 Sin
1949 2393 2070 2424 autem
2097 2383 2228 2422 malutn
2255 2387 2288 2418 et
2314 2379 2470 2440 impertu-

1419 2469 1505 2496 nnm
1523 2456 1657 2494 vixisse
1685 2465 1767 2492 eum
1791 2451 2012 2492 constiterit,
2037 2459 2081 2486 ac
2107 2445 2226 2484 multis
2251 2440 2348 2480 malis
2361 2437 2471 2476 orbem

1419 2520 1632 2568 replevissc,
1661 2518 1742 2565 quis
1772 2515 1918 2554 tandem
1944 2521 2116 2551 enarrare
2135 2507 2246 2556 possit
2270 2501 2472 2568 calamitates

1420 2595 1483 2622 eas
1497 2595 1588 2632 quas
1605 2582 1788 2620 sostinere
1803 2589 1886 2617 eum
1903 2576 2056 2619 videbis,
2087 2573 2157 2622 igni
2174 2576 2348 2610 exustum,
2365 2561 2472 2610 ﬂagel-

1421 2649 1550 2692 latuin,
1577 2645 1792 2686 crueiatum,
1821 2641 1980 2688 denique
2003 2649 2045 2676 ea
2063 2637 2268 2684 patientem,
2284 2633 2475 2692 quantique

1424 2711 1537 2748 verbo
1551 2707 1720 2755 exprimi,
1738 2715 1857 2754 neque
1878 2713 1918 2740 re
1946 2703 2022 2750 ipsa
2045 2697 2186 2737 tolerari
2211 2689 2378 2743 possunt"

1423 2773 1544 2811 omnia
1557 2776 1789 2818 reputantes,
1807 2775 1916 2815 atque
1931 2765 2148 2807 ediscentes,
2166 2769 2236 2796 non
2251 2757 2382 2818 oportet
2393 2749 2474 2786 divi-

1424 2843 1479 2874 tes
1507 2833 1678 2872 admirari
1707 2843 1718 2870 :
1747 2831 1881 2869 etenim
1905 2833 2056 2866 constat
2091 2825 2217 2861 borum
2245 2815 2416 2855 dominum
2440 2817 2478 2844 ne

1425 2897 1604 2936 tantillum
1621 2895 1767 2944 quidem
1784 2893 1830 2930 ad
1854 2890 2022 2929 monachi
2045 2888 2211 2924 virtutem
2230 2879 2368 2930 propius
2385 2881 2476 2910 acce-

1423 2962 1526 3000 dere.
1554 2961 1650 3008 Ergo
1679 2959 1739 2996 ubi
1765 2955 2002 3004 ciinspexeris
2032 2951 2179 2989 divitem
2198 2951 2293 2984 veste
2318 2944 2476 3008 ornatum.

1425 3036 1516 3062 auro
1530 3022 1744 3071 superbum,
1761 3030 1870 3057 curru
1885 3025 2042 3059 vectum,
2063 3015 2204 3050 incessu
2229 3003 2406 3054 magniﬁco

1420 3058 1633 3130 eedenlcrm,
1652 3095 1696 3120 ne
1723 3082 1910 3119 hominem
1929 3080 2075 3118 beatum
2101 3071 2260 3112 dixeris:
2277 3058 2479 3113 temporaria:

1427 3151 1526 3188 enim
1550 3147 1700 3191 divitiae,
1731 3151 1768 3183 et
1793 3142 1966 3192 quicquid
1996 3141 2132 3178 bonmn
2153 3145 2233 3174 esse
2251 3131 2478 3192 videtur,

1427 3224 1509 3251 cum
1527 3211 1598 3248 vita
1615 3211 1684 3246 hac
1705 3205 1965 3253 corrumpitur.
1988 3203 2035 3241 At
2059 3197 2270 3239 lllOl’lat'llum
2296 3190 2352 3230 ubi
2367 3185 2481 3253 videtis

1429 3275 1545 3313 solum
1568 3271 1814 3314 incedentem,
1839 3267 2035 3310 humilem,
2063 3266 2299 3301 mansuetum.
2323 3251 2480 3320 quiem-mi

1429 3337 1635 3388 paciﬁcum,
1664 3333 1850 3371 hominem
1879 3329 2066 3371 temulare,
2095 3325 2150 3363 fac
2177 3321 2316 3388 videare
2341 3315 2482 3388 ὶιιιίι-ξιξοξ

1430 3373 1671 3451 philosophia
1697 3396 1826 3445 ipsius,
1855 3393 1912 3432 fac
1939 3391 2099 3441 preceris
2124 3397 2205 3451 esse
2227 3373 2480 3451 j‘tl-s‘liufi'f“:

1432 3432 1852 3507 ἷιῆὶιζζῖπέρυιὶ,
1887 3463 1918 3493 et
1940 3432 2087 3492 ’άαιήιιιτ
2115 3449 2206 3486 vobis
2237 3432 2480 3507 ("mh-719'

1432 3527 1519 3564 llaec
1550 3524 1648 3562 enim
1681 3533 1770 3560 vere
1799 3526 1886 3558 sunt
1920 3519 2040 3560 bona,
2081 3509 2267 3553 salutaria.
2299 3501 2482 3564 πιδηθ¹¹ί¹²¹ζ

1433 3594 1584 3638 propter
1606 3587 1742 3626 Christi
1771 3583 2030 3632 benignitatem
2056 3589 2099 3614 ac
2123 3567 2410 3638 providentiam:
2433 3563 2481 3592 0|"

1437 3627 1550 3702 elei-ia
1569 3657 1606 3689 et
1625 3650 1818 3698 imperium
1837 3627 1902 3698 per
1915 3642 2045 3684 smeula
2061 3637 2286 3679 sa-culorum.
2303 3627 2424 3665 Amen“
