2734 4342
220 221 309 261 391‘

901 208 945 246 IN
972 206 1098 246 oues
1125 206 1188 244 ne
1214 182 1584 244 COMPUNC'i‘lONE
1610 205 1780 246 uanos

383 373 2266 393 om

2329 223 2404 259 592‘

541 633 626 695 IN
681 631 898 697 DUOS
947 631 1051 694 DE
1107 631 1764 698 COMPUNCTIONE
1823 635 2114 702 LIBROS

1094 835 1439 917 AD‘MON
1449 839 1659 918 lT-IO

269 1283 357 1328 Quo
371 1287 538 1330 tempore
561 1280 678 1318 libros
696 1279 810 1317 hosce
828 1278 938 1323 duos,
957 1286 1118 1325 quorum
1139 1276 1241 1324 prior
1261 1276 1308 1312 ad

224 1358 464 1401 Demetrium,
486 1356 580 1394 alter
602 1355 648 1392 ad
671 1353 890 1392 Sleleehinm
906 1351 1139 1394 inscribitur,
1154 1350 1311 1387 ediderit

222 1431 528 1480 Chrysostomus,
561 1429 639 1477 ipse
665 1427 878 1466 subindicat
899 1425 963 1463 lib.
990 1437 1016 1470 ι,
1043 1435 1147 1462 num.
1171 1425 1207 1468 6,
1243 1424 1309 1461 ubi

221 1509 274 1546 ait
294 1520 303 1544 :
328 1509 417 1544 Ὅτε
433 1507 510 1554 γὰρ
524 1504 655 1553 πρώην
674 1503 750 1552 ἐγὼ
771 1503 964 1550 ἐγνώκειν,
981 1501 1050 1550 τὴν
1067 1501 1172 1538 πόλιν
1185 1501 1308 1548 ἀφεὶς,

221 1583 286 1618 ἐπὶ
307 1581 374 1625 τὰς
387 1581 526 1629 σκηνὰς
544 1580 619 1616 τῶν
641 1578 812 1628 μοναχῶν
831 1577 1064 1621 ὲ).οεῖν,ειο.,
1084 1562 1178 1614 Ὀιυη
1195 1585 1309 1622 nuper

221 1667 284 1704 ego
299 1657 550 1699 decrevissem,
566 1654 696 1691 relicta
717 1653 818 1698 urbe,
845 1653 892 1689 ad
922 1651 1158 1689 tabernacula
1186 1662 1312 1687 mona-

222 1729 370 1766 chorum
404 1729 582 1774 accedere,
617 1727 772 1764 sollicite
796 1727 999 1776 quwrebam
1021 1734 1054 1764 et
1078 1726 1309 1772 sciscitabar,

223 1801 404 1839 undenam
439 1803 725 1839 necessariorum
767 1810 986 1840 commeatus
1024 1803 1221 1850 adfuturus
1257 1813 1313 1840 es-

226 1884 294 1921 set,
318 1883 390 1915 etc.
405 1877 500 1915 Cum
521 1877 635 1926 igitur
651 1878 729 1916 haec
761 1878 925 1926 scripsit,
954 1889 1074 1927 nuper
1096 1879 1142 1916 ad
1179 1889 1313 1916 mona-

224 1952 337 1990 steria
359 1957 568 1990 secesserat
593 1963 601 1988 :
623 1952 778 1990 secessit
794 1960 920 1990 autem
945 1965 1044 1991 anno
1059 1953 1132 1992 574
1149 1953 1206 1989 vel
1225 1953 1310 1990 575.

226 2027 330 2066 Unde
353 2028 524 2076 sequitur
544 2038 642 2066 anno
661 2029 748 2074 375,
773 2029 831 2066 vel
849 2029 894 2066 ad
916 2039 1105 2066 summum
1129 2029 1214 2074 576,
1233 2029 1312 2076 pri-

224 2115 328 2141 mum
348 2103 479 2141 saltem
498 2104 544 2140 ad
564 2103 789 2142 Demetrium
813 2105 950 2142 librum
972 2105 1152 2142 emissum
1175 2104 1308 2152 fuisse;

226 2189 313 2216 nam
329 2178 360 2216 si
377 2178 535 2216 ulterius
560 2184 704 2228 tempus
723 2179 1046 2226 consignaremus,
1068 2190 1142 2217 vox
1161 2179 1309 2228 πρώην,

226 2265 352 2302 nuper,
369 2255 554 2302 quadrare
573 2265 649 2292 non
675 2264 786 2302 posse
809 2255 1012 2293 videretur.

275 2327 550 2374 Tillemontius,
573 2313 636 2378 qui
658 2329 771 2367 allato
797 2340 910 2378 supra
940 2330 1024 2369 loco
1045 2342 1120 2369 non
1141 2336 1200 2368 sat
1229 2331 1310 2368 ani-

227 2414 330 2442 mum
359 2403 575 2442 adhibuisse
605 2403 765 2450 videtur,
789 2405 930 2454 quique
951 2417 1080 2444 vocem
1102 2417 1216 2453 nuper
1237 2417 1312 2444 non

229 2479 399 2524 advertit,
424 2486 566 2518 tantam
603 2486 734 2518 contra
775 2481 876 2519 hunc
917 2482 1094 2530 temporis
1129 2483 1312 2520 calculum

229 2553 477 2592 difﬁcultatem
509 2555 708 2592 observare
741 2566 781 2593 se
802 2561 920 2603 putat,
946 2555 1050 2604 [ιθ]
1080 2562 1118 2592 ut
1139 2566 1230 2602 pene
1249 2557 1313 2593 ab-

229 2620 364 2668 ductus
394 2629 431 2666 in
465 2629 574 2667 aliam
609 2630 832 2668 sententiam
867 2629 1038 2666 declinet.
1077 2630 1166 2677 Ejus
1199 2631 1311 2668 verba

229 2710 317 2740 sunt
337 2704 388 2752 (a)
410 2715 419 2740 :
441 2717 454 2740 ί
480 2703 614 2742 Libros
643 2704 686 2741 de
721 2703 992 2750 compuncti—one
1015 2703 1110 2740 inter
1128 2714 1194 2741 eos
1215 2715 1310 2752 quos

229 2774 518 2824 Chrysostomus
543 2776 580 2813 in
617 2775 818 2814 solitudine
858 2775 972 2812 edidit
1006 2777 1237 2823 reponimus,
1271 2786 1312 2815 ut

229 2858 294 2886 cos
305 2849 370 2896 qui
389 2859 459 2888 nos
470 2859 693 2898 praecessere
707 2859 922 2896 sequamur,
945 2860 1077 2898 nempe
1091 2851 1308 2898 Baronium,

230 2921 485 2960 Hermantium
505 2928 542 2960 et
562 2922 778 2968 Dupinium.
797 2920 926 2970 Neque
956 2929 1078 2962 tamen
1101 2937 1176 2974 quo
1198 2939 1310 2976 urgu-

232 3004 358 3034 meuto
377 2998 479 3036 ducti
502 2997 538 3034 id
563 2995 761 3033 statuerint
787 3002 844 3033 sat
866 2998 1132 3046 perspicimus,
1152 3001 1227 3040 imo
1254 3005 1312 3041 vi-

231 3071 339 3108 detur
358 3072 438 3110 haec
472 3070 640 3108 scribens
662 3069 952 3116 Chrysoslomus
983 3082 1023 3110 se
1053 3075 1310 3124 presbyterum

229 3144 411 3191 proﬁteri,
445 3154 530 3182 cum
553 3143 603 3180 ait
625 3155 634 3180 :
657 3141 734 3180 Nos
761 3149 883 3180 autent
911 3156 988 3192 prce
1017 3147 1120 3184 inani
1141 3149 1260 3197 gloria
1279 3157 1313 3189 et

231 3216 390 3254 absurda
410 3217 606 3254 ambitione
627 3216 692 3252 hoc
726 3217 812 3254 item
841 3226 1059 3267 praeceptum
1091 3233 1233 3270 pessum
1255 3226 1313 3264 de-

237 3292 384 3336 dimus,
417 3292 504 3328 dum
539 3298 790 3338 corruptores,
829 3293 1046 3343 incredulos,
1086 3299 1316 3349 hominesque

233 3366 409 3402 sexcentis
431 3365 524 3401 uitiis
539 3370 685 3402 onustos
706 3371 834 3403 temere
849 3374 882 3404 et
897 3370 974 3406 sine
983 3373 1148 3410 examine
1171 3375 1220 3411 ad
1237 3388 1315 3424 my-

233 3439 424 3476 steriorum
451 3439 768 3486 participationem
794 3441 1036 3490 admittimus,
1066 3455 1098 3484 et
1118 3456 1311 3497 antequam

235 3521 444 3551 accuratam
468 3514 596 3550 mentis
615 3515 866 3562 sententia'que
885 3529 960 3556 ante
981 3523 1231 3566 probationem
1251 3527 1311 3562 de-

233 3588 366 3635 derint,
401 3591 521 3626 omnia
557 3590 632 3626 illis
672 3586 851 3639 dogmata'
890 3595 1103 3644 revelantus,
1131 3606 1203 3638 etc.
1225 3604 1312 3640 Scio

239 3660 364 3708 utique
382 3661 442 3700 hic
463 3664 666 3710 generatim
686 3663 732 3702 de
755 3664 800 3702 iis
824 3677 905 3714 quae
930 3668 966 3706 in
988 3669 1152 3710 Ecclesia
1173 3677 1311 3722 passim

285 3798 338 3847 (a)
361 3800 442 3840 Not.
464 3807 486 3842 9
508 3806 544 3843 in
567 3807 872 3857 Clu'ysostommn.

1381 1277 1672 1316 admittebantur
1689 1279 1798 1318 malis
1821 1279 1880 1329 agi
1901 1293 1910 1318 :
1933 1291 2061 1320 verum
2088 1292 2133 1320 an
2155 1283 2262 1321 lector
2285 1284 2335 1322 vel
2357 1297 2425 1323 ma-

1379 1351 1522 1390 naelius
1543 1353 1594 1390 ita
1614 1353 1818 1402 loquatur?
1841 1355 2076 1396 llermantius
2088 1365 2186 1398 certe
2205 1360 2282 1399 ideo
2297 1363 2426 1400 senten-

1382 1427 1469 1464 tiam
1489 1429 1662 1474 mutavit,
1677 1435 1814 1478 putans
1831 1431 1908 1470 haec
1921 1432 2113 1481 scripsisse
2133 1441 2294 1474 sanctum
2308 1437 2428 1476 virum.

1381 1513 1466 1540 cum
1489 1503 1668 1551 populum
1693 1504 1845 1552 publice
1861 1508 2020 1554 doceret,
2042 1509 2066 1546 i.
2087 1519 2121 1547 e.
2139 1520 2218 1548 eum
2243 1511 2314 1558 jam
2339 1522 2427 1560 prcs-

1381 1577 1486 1626 byter
1508 1584 1620 1616 esset.
1645 1591 1658 1614 ι

1427 1651 1614 1692 Hactenus
1648 1654 1924 1704 Tillemontius,
1945 1659 2008 1707 qui
2041 1659 2131 1697 dum
2149 1660 2200 1698 ait
2217 1660 2372 1709 ignorare
2397 1672 2430 1698 se

1381 1739 1456 1775 quo
1477 1737 1697 1778 argumento
1712 1731 1814 1770 ducti
1827 1732 2010 1772 Baronius
2025 1740 2062 1772 et
2075 1734 2134 1771 alii
2151 1733 2433 1784 Chrysostomum-

1383 1803 1462 1841 haec
1482 1805 1678 1852 scripsisse
1702 1814 1832 1855 putent
1850 1809 1887 1846 in
1921 1819 2067 1848 secessu
2091 1816 2126 1848 et
2143 1811 2344 1855 solitudine,
2364 1811 2430 1846 inec

1382 1880 1640 1928 Clirysostomi
1661 1883 1788 1929 verba,
1816 1884 1908 1922 Cum
1929 1897 2040 1934 nuper
2057 1897 2118 1934 ego
2148 1887 2364 1924 decrevissent
2386 1896 2434 1921 re-

1381 1953 1470 1990 licta
1489 1955 1574 1992 urbe
1589 1957 1639 1993 ad
1653 1957 1890 1996 tabernacula
1915 1961 2168 1998 monac/torum
2185 1961 2351 2004 accedere,
2368 1969 2432 1997 non

1383 2031 1588 2070 advenisse
1604 2043 1644 2070 se
1659 2034 1783 2083 arguit
1801 2047 1810 2071 :
1829 2046 1913 2072 nam
1929 2036 2011 2074 luce
2031 2036 2165 2074 clarius
2178 2037 2312 2074 videtur
2327 2036 2432 2082 ipsum

1383 2108 1496 2155 paulo
1518 2117 1605 2157 post
1623 2122 1735 2158 quam
1758 2113 1829 2150 hoc
1859 2114 2083 2159 decreverat,
2103 2115 2179 2152 haec
2198 2113 2387 2162 scripsisse,
2403 2118 2434 2148 et

1383 2185 1532 2232 quidem
1555 2187 1643 2224 dum
1668 2189 1705 2226 in
1727 2200 1878 2228 secessu
1901 2191 2061 2239 degeret,
2085 2198 2124 2229 ut
2145 2198 2215 2230 tam
2233 2203 2274 2229 ex
2294 2191 2346 2227 his
2364 2200 2435 2225 ver-

1384 2264 1440 2301 bis
1471 2276 1584 2312 quam
1620 2277 1664 2304 ex
1702 2268 1944 2315 sequentibus
1975 2269 2244 2315 comprobatur.
2267 2268 2326 2304 Illa
2357 2276 2434 2302 vero

1383 2351 1494 2388 quam
1510 2351 1554 2379 es
1577 2340 1794 2379 Hermantio
1817 2343 1923 2380 aﬂ‘ert
1957 2342 2165 2389 diﬂicultas,
2189 2343 2314 2380 nedum
2333 2342 2435 2388 possit

1383 2421 1458 2452 tam
1497 2423 1665 2464 apertum
1691 2419 1946 2457 testimonium
1972 2426 2148 2463 evertere,
2171 2419 2266 2456 nulla
2295 2427 2434 2465 prmsus

1371 2496 1454 2526 est.
1474 2489 1566 2526 Nam
1599 2501 1683 2528 cum
1709 2491 1786 2528 ait:
1807 2491 1885 2529 Nos
1918 2500 2036 2530 autem
2053 2505 2126 2542 pra:
2152 2494 2248 2529 inani
2275 2492 2381 2540 gloria
2407 2495 2434 2526 et

1383 2563 1542 2600 absurda
1563 2566 1758 2603 ambitione
1778 2568 1844 2604 hoc
1861 2568 1946 2604 item
1965 2575 2180 2616 pra’ceptum
2198 2579 2329 2614 pessum
2349 2566 2435 2602 dedi-

1384 2651 1479 2684 mus,
1503 2639 1589 2675 dum
1612 2648 1855 2688 corruptores,
1886 2641 2106 2685 incredulos,
2124 2641 2340 2686 hominesque
2363 2647 2434 2673 sex-

1381 2714 1492 2750 centis
1511 2713 1606 2751 vitiis
1627 2721 1776 2752 onustos
1800 2722 1928 2753 temere
1951 2723 1984 2752 et
2002 2717 2078 2752 sine
2091 2716 2251 2752 examine
2264 2714 2307 2750 ad
2323 2718 2436 2758 myste-

1381 2788 1519 2824 riorum
1551 2790 1867 2837 participationem
1907 2792 2150 2834 admittimus,
2191 2797 2222 2828 et
2263 2795 2434 2835 antequam

1381 2869 1595 2899 accuratam
1610 2864 1738 2901 mentis
1761 2865 2016 2914 sententiaque
2046 2877 2119 2903 sua:
2138 2864 2368 2912 probationem
2382 2862 2435 2896 (lC-

1379 2937 1513 2982 derint,
1529 2939 1651 2975 omnia
1669 2939 1742 2976 illis
1759 2940 1931 2988 dogmata
1954 2941 2172 2986 revelamus;
2193 2951 2232 2977 ac
2247 2939 2322 2978 licet
2341 2936 2436 2973 resti-

1386 3013 1470 3049 bula
1498 3015 1656 3050 nondum
1672 3015 1788 3052 videre
1799 3018 1996 3062 potuerint,
2015 3016 2198 3064 confestim
2215 3026 2271 3051 eos
2291 3014 2325 3050 in
2339 3011 2435 3057 adyta

1385 3088 1567 3133 ducimus,
1595 3095 1667 3127 etc.
1690 3101 1699 3126 :
1719 3100 1806 3126 cum
1837 3091 1915 3128 haec
1949 3091 2016 3136 ait,
2045 3091 2208 3138 inquam.
2241 3085 2434 3132 neutiquam

1387 3174 1427 3202 se
1443 3163 1614 3202 sociosve
1629 3175 1720 3202 suos
1731 3165 1966 3212 presbyteros
1988 3167 2058 3204 sub
2074 3165 2244 3202 Flaviano
2263 3159 2433 3210 quidpiam

1382 3236 1506 3273 simile
1525 3235 1726 3273 admisisse
1758 3237 1992 3282 testificatur,
2015 3243 2055 3274 ut
2086 3246 2191 3274 nemo
2209 3245 2279 3272 non
2312 3231 2432 3268 videat.

1381 3308 1446 3346 sed
1466 3307 1640 3344 familiari
1674 3308 1745 3346 sibi
1766 3315 1874 3356 tropo
1905 3321 2102 3358 personam
2133 3309 2207 3357 agit
2237 3315 2358 3344 eorum
2377 3300 2433 3348 (Ιυί

1383 3383 1471 3420 talia
1513 3381 1764 3420 admitterent.
1810 3384 1908 3422 Nihil
1948 3387 2048 3423 enim
2092 3381 2312 3432 frequentius
2348 3374 2431 3424 aputI

1385 3457 1696 3505 Clirysostomum
1729 3471 1840 3506 quam
1861 3461 1959 3508 quod
1989 3471 2132 3504 eorum,
2163 3459 2207 3496 de
2229 3455 2355 3504 quibus
2386 3447 2433 3484 νει

1380 3543 1540 3580 quorum
1563 3543 1677 3572 causa
1695 3535 1860 3581 disserit,
1881 3547 2074 3584 personam
2099 3543 2181 3584 agat
2201 3530 2434 3572 sacerdotum:

1382 3611 1886 3662 presbyterorum,cliamquc
1897 3625 1968 3651 non
1986 3623 2068 3650 raro
2083 3611 2365 3659 conjugatorum.
2381 3599 2433 3637 Sic

1379 3687 1473 3726 libro
1488 3687 1534 3724 ad
1566 3689 1876 3737 patremjﬁdelem,
1890 3700 1990 3727 num.
2007 3689 2043 3734 4,
2060 3693 2246 3737 postquam
2265 3679 2433 3732 probavit,
