2734 4342
214 219 298 257 391'

209 302 341 339 iisdem
361 300 489 338 oﬂiciis
507 301 686 340 obnoxios
707 303 902 341 saeculares
933 313 1016 342 esse
1038 303 1175 352 quibus
1193 315 1272 341 mo-

214 375 454 417 naehierant.
472 376 520 412 ita
547 376 780 424 prosequitur
801 389 811 413 :
837 375 963 424 Itaque
986 378 1169 425 quoniam.
1189 385 1228 413 ut
1252 389 1274 414 a

208 448 310 484 nobis
329 448 424 483 clare
451 448 732 486 demonstratum
753 457 822 496 est,
851 451 976 488 iisdem
999 463 1121 488 sumus
1149 453 1273 499 officiis

207 519 365 566 obnoxii,
404 521 530 568 quibus
574 525 754 568 monachi,
790 525 989 572 faciliorem
1021 536 1274 572 percurramus

207 594 318 639 uiam,
331 594 377 630 ad
391 606 536 642 eamque
549 596 644 643 ﬁlios
658 598 898 634 aura/tamus.
911 598 955 636 Et
974 599 1062 636 ibid.
1083 610 1188 637 num.
1210 599 1254 635 i7
1271 611 1282 637 :

207 666 303 714 Ergo
321 679 383 704 nec
403 669 498 715 ﬁlios
525 679 665 708 nostros
685 684 706 708 a
727 672 856 710 deserti
878 675 1156 710 commoratione
1195 681 1280 710 ante

209 748 343 788 tempus
371 743 606 790 abducamus,
635 747 696 783 sed
727 749 886 785 sinamus
920 748 1132 796 disciplinas
1169 749 1284 785 altius

207 816 378 864 imprimi,
403 825 438 857 et
467 821 609 868 plantas
649 823 830 861 radicibus
864 825 1021 871 ﬁrmari.
1056 824 1117 862 Sic
1139 825 1282 872 passim

1177 217 1448 256 ADMONITIO.
1460 183 1480 197 χ

2337 220 2421 256 332‘

1347 300 1444 348 apud
1461 301 1764 348 Clirysostomum
1781 312 1974 350 personam
1988 299 2206 338 commutari
2229 300 2420 336 observes.

1348 374 1474 421 itaque
1494 385 1606 421 supra
1627 381 1831 413 memorato
1853 376 1952 421 loco,
1976 386 2049 413 non
2071 375 2116 411 ab
2149 375 2228 421 ipso
2260 373 2417 421 Chryso-

1349 452 1471 483 stomo
1494 448 1655 493 positum
1689 449 1865 496 temporis
1895 449 2078 486 calculum
2109 453 2334 492 evortamus,
2357 446 2422 484 sed

1351 519 1450 556 illam
1464 519 1532 566 ipsi
1548 519 1765 557 familiarem
1781 531 2020 568 personarum
2037 521 2277 558 mutationem
2296 530 2421 558 exem-

1355 594 1414 642 plo
1437 603 1531 631 novo
1551 595 1812 633 contirmemus
1833 601 1990 644 oportet.

1401 681 1744 728 lnterpretationem
1759 693 1870 729 porro
1885 695 2018 722 novam
2035 684 2234 729 edidimus,
2253 684 2339 731 quia
2358 684 2419 720 illl

1353 759 1460 791 vetus
1481 753 1614 791 incerti
1630 753 1823 801 scriptoris
1844 757 2086 805 paraphrasin
2117 758 2336 806 plerumque
2356 768 2412 794 sa-

1355 827 1492 875 piebat,
1514 837 1582 866 nec
1595 827 1686 865 satis
1705 835 1878 867 accurata
1898 821 2008 868 erat.‘
