2734 4342
791 235 850 273 DE
873 235 1249 282 COMPUNCTIONE,
1275 237 1338 276 AD
1362 237 1641 280 DEMETIKIUM
1673 241 1760 280 LIB.
1787 242 1816 280 1.

2339 247 2410 285 394

241 384 2374 414 mm
2086 402 2191 410 ~

567 955 808 1096 AD
913 959 2018 1108 DEMETBIUM

1016 1477 1572 1557 MONACHUM

823 1849 934 1909 DE
997 1848 1752 1955 COMPUNCTION’E

1086 2250 1243 2292 LIBER
1274 2251 1474 2294 PRIMUS
1503 2253 1532 2294 '.

215 3028 249 3068 ι.
273 3028 362 3069 Cum
384 3037 418 3071 te
436 3033 540 3074 video
554 3064 565 3082 ,
583 3035 688 3076 beate
707 3039 887 3088 Demetri,
905 3044 1048 3085 assidue
1062 3047 1232 3087 insisten-

169 3093 237 3126 tem
254 3091 354 3138 mihi,
373 3100 410 3130 et
426 3096 538 3134 multa
552 3107 632 3136 cum
651 3100 875 3141 vehementia
889 3105 934 3142 de
952 3110 1230 3156 compunctione

165 3159 348 3192 sermones
367 3165 618 3202 exposcentem
631 3189 640 3205 ,
659 3161 802 3200 beatum
831 3171 866 3204 te
892 3177 1038 3216 semper
1055 3172 1227 3219 prmdico,

164 3214 342 3263 animique
372 3219 422 3256 tui
448 3221 640 3268 puritatem
672 3223 843 3265 demiror.
870 3214 995 3279 Neque
1023 3214 1119 3272 enim
1151 3214 1229 3274 fieri

163 3280 279 3321 potest
297 3287 508 3326 quemquam
537 3283 572 3320 in
593 3285 798 3333 hujusmodi
827 3294 1004 3331 sermonis
1020 3296 1144 3334 venire
1161 3297 1228 3336 de-

162 3335 354 3384 siderium,
388 3341 456 3378 nisi
483 3345 583 3390 prius
613 3357 694 3386 sese
720 3351 831 3396 probe
861 3357 1090 3403 purgaverit,
1121 3365 1230 3407 atque

163 3398 328 3436 omnibus
353 3403 582 3443 smcularibus
608 3410 703 3448 euris
734 3413 899 3459 superior
927 3419 1095 3456 evaserit.
1123 3421 1226 3468 Quod

162 3457 266 3497 facile
281 3459 529 3508 deprehendas
547 3477 592 3504 ex
605 3469 662 3514 iis,
677 3473 737 3518 qui
756 3457 832 3520 pari
847 3475 1028 3516 desiderio
1046 3457 1226 3530 tenentur,

161 3519 200 3556 in
212 3520 342 3568 quibus
359 3528 457 3560 tanta
474 3535 622 3573 repente
631 3519 782 3584 mutatio
796 3533 964 3583 efficitur,
981 3545 1020 3577 ut
1035 3519 1226 3584 confestim

163 3580 201 3618 in
223 3583 350 3621 czelum
373 3585 663 3628 transferantur:
689 3580 845 3632 animam
877 3580 1010 3648 quippe
1037 3580 1228 3647 mundanis

161 3645 270 3692 curis,
285 3657 352 3685 ceu
369 3649 522 3688 vinculis
536 3654 758 3700 gravissimis
775 3645 930 3699 solutam
943 3690 954 3710 ,
975 3664 1023 3702 ita
1037 3667 1160 3706 sinunt
1179 3671 1226 3710 ad

203 3749 390 3808 Lom‘lib‘ri
399 3753 467 3808 dog
473 3758 858 3808 (lgtppttuctioneﬂcollati
877 3771 956 3808 sunt
969 3777 1043 3804 cum
1065 3772 1138 3807 cod.
1153 3773 1224 3808 uol-

159 3788 1230 3858 vim.Eéleiﬂumdiigéﬁgéﬁuwbﬁsﬁfb?in

161 3831 237 3866 mu.
250 3833 344 3869 savii.
363 3840 397 3870 et
408 3834 442 3871 in
455 3838 530 3874 cod.
549 3831 691 3879 obuich

1304 3052 1488 3099 proprium
1507 3057 1778 3107 naturalemque
1794 3059 1863 3098 sibi
1883 3061 2001 3100 locum
2023 3063 2208 3105 advolare.
2228 3067 2299 3106 Sed
2319 3074 2389 3110 hoc

1307 3113 1430 3152 multis
1457 3116 1602 3164 quidem
1631 3128 1698 3166 per
1729 3127 1838 3158 totam
1868 3124 1977 3161 vitam
2003 3137 2088 3164 raro
2114 3130 2284 3178 contingit
2315 3145 2324 3168 :
2351 3140 2386 3170 te

1304 3182 1439 3221 autem,
1460 3189 1482 3215 ο
1501 3179 1662 3218 divinum
1681 3191 1786 3230 caput
1800 3212 1810 3226 ,
1837 3184 1906 3224 hoc
1936 3197 2080 3236 semper
2097 3195 2389 3240 compunctioriis

1305 3237 1387 3285 igne
1415 3239 1569 3288 ﬂagrare
1593 3245 1690 3282 novi.
1719 3246 1829 3293 Cujus
1860 3249 1911 3286 rei
1939 3255 2050 3288 testes
2074 3260 2158 3291 sunt
2185 3265 2310 3296 noctes
2331 3259 2385 3295 in-

1304 3309 1464 3348 somnes,
1481 3303 1720 3354 lacrymarum
1736 3307 1868 3355 fontes,
1881 3311 2086 3352 solitudinis
2099 3327 2201 3354 amor
2214 3319 2248 3354 in
2263 3321 2382 3358 anima

1305 3367 1362 3400 tua
1379 3372 1554 3412 perpetuo
1581 3368 1746 3408 residens
1765 3377 1802 3408 et
1829 3382 2055 3414 accrescens.
2083 3378 2254 3424 Quaenam
2277 3383 2382 3429 igitur

1284 3433 1349 3462 ~ex
1369 3435 1538 3466 sermone
1553 3436 1678 3467 nostro
1699 3432 1760 3469 tibi
1779 3436 1942 3474 accessio
1965 3441 2174 3486 speranda?
2202 3443 2290 3478 Nam
2325 3444 2379 3479 vel

1303 3484 1374 3524 hoc
1401 3487 1539 3536 ipsum,
1572 3491 1668 3538 quod
1696 3503 1778 3531 cum
1795 3496 1842 3532 ad
1869 3499 2038 3536 verticem
2055 3501 2128 3548 jam
2147 3503 2378 3548 perveneris.

1303 3554 1409 3596 putes
1425 3555 1462 3588 te
1479 3561 1562 3588 cum
1586 3552 1686 3591 humi
1706 3559 1914 3604 repentibus
1932 3560 2124 3606 incedere,
2151 3563 2380 3608 animamque

1303 3613 1402 3648 tuam
1421 3611 1489 3650 alis
1515 3613 1755 3663 instructam,
1785 3619 1964 3668 lapideam
1993 3622 2179 3669 appelles,
2211 3622 2379 3670 quodqm

1303 3669 1512 3720 frequenter
1527 3675 1714 3717 dexteram
1733 3691 1852 3719 meam
1870 3683 2083 3728 contingens
2099 3692 2142 3718 ac
2160 3681 2377 3722 deosculans

1301 3744 1384 3771 cum
1403 3738 1574 3786 lacrymis
1591 3741 1690 3782 dicas
1703 3771 1714 3788 ,
1735 3743 1890 3781 Contere
1907 3743 2121 3780 obduratum
2143 3753 2208 3780 cor
2224 3756 2344 3784 meum
2363 3758 2374 3785 :

1301 3803 1446 3843 quanta:
1463 3801 1613 3849 pietatis
1635 3809 1758 3851 quanta.
1777 3803 1932 3840 fervoris
1953 3803 2094 3850 signum
2124 3815 2207 3842 esse
2236 3813 2372 3853 putan-

1303 3858 1388 3898 dum
1417 3862 1502 3900 est?
1519 3862 1626 3903 Certe
1650 3865 1681 3903 si
1712 3870 1750 3902 ut
1771 3873 1838 3903 nos
1867 3863 2088 3902 dormientes
2113 3873 2304 3912 excrtarcs,
2331 3871 2376 3907 ad
