2734 4342
355 266 426 304 395

355 345 426 378 hoc
445 342 694 386 argumentum
711 333 934 382 pertraxisti,
950 336 1119 380 magnam
1137 331 1234 368 illam
1257 337 1355 368 luam
1377 340 1438 367 sa-

356 402 524 449 pientiam
547 395 882 446 providentiamque
897 394 1060 442 approbo
1077 405 1087 437 ;
1109 393 1164 431 sin
1184 399 1304 430 autem
1323 398 1363 429 ut
1377 391 1441 428 tibi

353 461 588 503 consuleres,
623 464 724 495 ratus
752 463 788 495 te
808 457 989 495 excitante
1007 466 1099 504 opus
1127 456 1261 494 habere
1278 484 1288 500 ,
1319 454 1443 491 nescio

353 531 428 568 quo
446 526 550 567 pacto
571 529 638 556 nos
659 518 807 556 aliunde
827 512 1020 563 docueris,
1042 525 1076 555 te
1097 529 1168 554 non
1191 525 1314 554 nostra
1335 526 1443 564 egere

353 591 480 629 opera.
502 580 590 619 Utnt
621 591 710 618 vero
727 581 800 624 sit,
824 581 887 618 tibi
917 580 1251 628 obtemperabimus
1271 585 1308 616 et
1333 579 1443 616 obse-

353 654 522 690 quemur,
551 643 664 680 nullis
697 653 770 680 non
791 644 992 680 rationibus
1013 643 1194 691 permoti,
1224 648 1283 679 tua
1313 651 1445 689 nempe

355 705 390 740 in
415 705 529 742 Deum
553 704 681 742 fiducia
699 733 709 749 ,
729 705 893 742 studioso
923 713 1072 753 rogatu,
1095 716 1220 742 amore
1238 705 1370 742 nostri.
1391 705 1445 741 Tu

353 768 506 814 gratiam
529 768 709 816 rependas
737 769 848 806 velim
880 769 1047 816 precibus
1081 769 1150 806 tuis
1167 797 1176 814 ,
1202 774 1242 806 ut
1263 769 1446 816 possimus

353 837 392 868 et
419 830 532 866 vitam
559 830 756 868 emendare
787 836 950 868 nostram
981 831 1015 876 ί,
1044 837 1082 868 et
1117 831 1150 868 in
1181 831 1352 878 prmsenti
1387 831 1444 867 di~

355 903 466 940 gnum
489 893 675 942 quidpiam
693 893 872 941 proferre,
893 893 988 942 quod
1005 895 1120 942 possit
1137 901 1173 932 et
1187 895 1352 942 jaccnles
1370 895 1446 931 ani-

359 966 438 992 mas
456 956 612 1004 erigere,
634 962 671 994 et
690 958 864 994 remissas
893 959 1142 1006 constringere
1163 959 1446 1006 restituereque.

360 1019 462 1057 Unde
478 1019 586 1068 igitur
599 1020 718 1064 nobis,
734 1019 830 1058 unde
843 1021 1024 1058 sermonis
1037 1021 1226 1058 exordium
1239 1021 1332 1058 erit?
1343 1019 1447 1066 Quod

357 1080 408 1117 illi
436 1080 732 1127 fundamentum,
762 1092 870 1130 quam
897 1082 1122 1130 crepidinem
1145 1093 1344 1131 ponemus,
1377 1084 1448 1122 nisi

359 1143 467 1180 verba
489 1143 645 1189 Christi,
669 1145 728 1192 qui
749 1145 902 1182 miseros
923 1145 1098 1192 praedicat
1123 1157 1185 1184 cos
1211 1147 1272 1194 qui
1301 1147 1444 1192 rident,

358 1205 485 1243 beatos
499 1212 618 1243 autem
637 1217 702 1244 eos
721 1207 783 1255 qui
805 1207 941 1255 lugent,
957 1208 1012 1244 his
1032 1208 1154 1246 verbis
1174 1221 1182 1244 :
1201 1209 1299 1245 Beati
1317 1210 1377 1257 qui
1395 1210 1450 1246 lu-

357 1273 450 1314 gent,
467 1268 984 1314 quoniamipsiconsolabuntur
1000 1268 1242 1319 (Matt/1.5.5):
1260 1269 1382 1314 et,Vw
1392 1271 1450 1318 qui

357 1329 476 1366 ridetis
487 1341 590 1375 nunc,
605 1332 768 1376 quoniam
785 1332 942 1380 lugebitis
964 1339 994 1368 rt
1011 1333 1135 1380 ﬂebitis
1151 1332 1252 1380 (Luc.
1266 1333 1382 1384 6.25).
1398 1335 1451 1373 Ac

357 1392 440 1440 jure
453 1394 584 1431 merito
606 1395 753 1442 quidem
769 1407 776 1431 :
792 1394 910 1432 luctus
925 1396 1020 1432 enim
1041 1397 1268 1441 vet‘e,luctus
1283 1407 1324 1434 ac
1336 1398 1452 1445 gemi-

363 1445 465 1492 ttium
479 1463 535 1492 est
551 1462 664 1492 totum
677 1457 870 1504 pra-sentis
883 1457 966 1494 vita:
983 1465 1138 1506 tempus:
1153 1464 1250 1496 tanta
1263 1459 1450 1497 calamitas

361 1517 568 1554 universum
588 1519 719 1556 invasit
741 1519 883 1564 orbem,
908 1526 1005 1557 tanta
1027 1531 1155 1558 omnes
1173 1521 1340 1560 homines
1357 1522 1451 1561 deli-

361 1587 450 1616 nent
469 1581 574 1625 mala,
593 1587 633 1618 ut
651 1581 680 1618 si
697 1581 776 1629 quis
797 1583 884 1618 velit
903 1593 942 1620 ca
963 1589 1132 1620 accurate
1150 1584 1377 1632 perpendere
1390 1614 1400 1631 ,
1420 1585 1451 1623 si

361 1650 481 1680 tamen
511 1650 681 1682 accurate
710 1645 852 1692 possit,
884 1656 1082 1693 numquam
1110 1646 1218 1684 finem
1247 1647 1393 1694 lugendi
1415 1654 1452 1686 et

361 1705 587 1753 lacrymandi
608 1705 768 1744 facturus
795 1708 867 1743 sit:
893 1708 940 1744 ita
960 1718 1092 1756 nempe
1111 1709 1232 1746 omnia
1260 1720 1386 1747 eversa
1415 1715 1452 1748 et

362 1766 513 1802 confusa
535 1774 643 1811 sunt,
665 1768 714 1804 ita
735 1768 872 1805 nullum
897 1779 1050 1817 usquam
1080 1771 1224 1808 virtutis
1242 1771 1448 1820 vestigium.

362 1827 466 1872 Quod
499 1836 622 1866 autem
651 1829 756 1878 longe
785 1830 966 1869 infelicius
993 1837 1070 1878 est,
1101 1843 1170 1870 nos
1197 1833 1450 1880 occupantium

365 1890 542 1927 malorum
571 1901 617 1928 ne
645 1901 792 1943 sensum
817 1893 962 1941 quidem
992 1895 1050 1932 vel
1072 1894 1271 1940 habemus,
1292 1895 1349 1932 vel
1370 1894 1451 1933 aliis

363 1953 593 1999 praebemus;
623 1954 686 1991 sed
717 1955 856 1993 similes
886 1967 1012 1994 sumus
1043 1957 1187 2004 corpori
1222 1958 1451 1996 extrinsecus

364 2014 522 2058 florenti,
548 2015 766 2054 intrinsecus
785 2028 874 2054 vero
893 2018 974 2066 igne
992 2019 1207 2066 liquescenti
1227 2031 1236 2056 :
1259 2020 1452 2068 omnisque

365 2088 495 2115 sensus
516 2086 703 2126 expertes,
726 2081 813 2118 nihil
833 2081 1032 2120 differimus
1053 2093 1073 2119 a
1092 2089 1214 2120 mente
1231 2083 1368 2130 captis,
1389 2083 1450 2130 qui

367 2141 480 2178 multa
514 2143 716 2188 periculosa
751 2151 788 2181 et
822 2145 938 2192 turpia
971 2146 1050 2182 sine
1071 2151 1170 2183 metu
1195 2146 1319 2184 dicunt
1336 2153 1372 2184 et
1393 2146 1449 2184 fa—

363 2203 476 2248 ciunt,
491 2215 557 2241 nec
569 2205 644 2242 ullo
656 2206 792 2253 pudore
809 2214 992 2253 tenentur,
1008 2208 1070 2246 sed
1089 2209 1288 2256 gloriantur
1304 2209 1451 2248 adstan-

366 2265 534 2314 tibnsque
555 2277 595 2304 se
612 2268 852 2315 sapientiores
873 2281 954 2308 esse
974 2277 1112 2318 putant.
1131 2271 1180 2308 lta
1201 2277 1237 2309 ct
1255 2282 1346 2317 nos,
1368 2283 1450 2310 cum

364 2329 486 2366 omnia
515 2337 596 2377 qua:
626 2338 842 2378 mgrotorum
873 2341 957 2371 sunt
974 2345 1145 2383 agamus,
1167 2337 1214 2372 ne
1241 2335 1311 2373 hoc
1331 2336 1450 2384 ipsum

364 2391 510 2439 quidem
526 2421 536 2437 ,
555 2393 652 2440 quod
673 2400 910 2442 :cgrotetnns,
943 2398 1092 2434 scimus.
1115 2399 1160 2434 At
1177 2398 1274 2434 enim
1293 2399 1389 2446 quod
1405 2398 1451 2435 ad

365 2463 501 2501 corpus
515 2461 678 2502 spectat,
695 2457 724 2494 si
744 2458 800 2495 vel
820 2459 908 2496 levis
929 2459 1123 2496 infirmitas
1149 2459 1266 2504 adsit,
1289 2460 1452 2498 medicos

363 2515 612 2563 advocamus,
639 2520 811 2566 pecunias
840 2520 1086 2567 impendimus
1103 2549 1113 2565 ,
1145 2522 1449 2568 perseverantiam

365 2580 580 2620 exhibemus
596 2611 606 2626 ,
641 2594 708 2620 nec
728 2584 826 2630 prius
847 2584 954 2620 tinem
979 2585 1100 2620 omnia
1119 2585 1249 2632 agendi
1270 2583 1420 2621 facimus
1435 2613 1446 2630 ,

365 2653 474 2689 quam
503 2644 756 2692 aegritudinem
786 2644 1040 2691 deponamus;
1069 2646 1200 2682 anima:
1222 2656 1308 2683 vero
1332 2647 1450 2694 quoti-

365 2705 484 2742 dianis
506 2706 714 2742 vulneribus
734 2705 913 2742 confossa:
927 2733 936 2749 ,
967 2706 1158 2753 discerpta:
1179 2709 1366 2756 corporeis
1393 2710 1448 2746 af-

365 2765 768 2809 t‘ectionibus,'adusta:
783 2793 794 2810 ,
824 2775 889 2812 per
915 2767 1112 2814 prascipitia
1139 2775 1251 2813 actae,
1273 2779 1316 2806 ac
1333 2771 1450 2808 modis

365 2827 536 2863 omnibus
564 2827 750 2873 pereuntis
769 2856 780 2871 ,
811 2839 858 2865 ne
885 2829 1071 2866 minimam
1093 2831 1241 2878 quidem
1272 2833 1449 2871 rationem

367 2888 556 2925 habemus.
587 2889 701 2936 llujus
724 2896 842 2927 autem
864 2892 916 2928 rei
935 2902 1042 2929 causa
1061 2899 1118 2930 est
1133 2923 1143 2939 ,
1175 2895 1272 2942 quod
1301 2897 1450 2934 morbus

367 2959 494 2985 omnes
511 2950 711 2996 occuparit.
732 2953 784 2988 Ac
801 2953 1104 3000 quemadmodum
1123 2984 1134 2999 ,
1165 2957 1195 2992 si
1216 2957 1311 2995 inter
1330 2969 1450 3006 aegros

367 3019 519 3056 corpore
546 3021 653 3048 nemo
673 3022 783 3050 sanus
813 3014 933 3060 adsit,
963 3016 1053 3052 nihil
1079 3018 1230 3064 impedit
1256 3021 1450 3066 quominus

369 3083 497 3110 omnes
515 3074 550 3110 in
569 3081 769 3112 extremam
797 3084 904 3114 ruant
923 3079 1123 3126 perniciem
1138 3109 1148 3126 ,
1167 3082 1313 3120 nemine
1333 3083 1450 3122 cti‘rae—

367 3143 432 3171 nes
463 3145 590 3173 eorum
621 3137 810 3184 cupidines
839 3139 1033 3178 cohibente
1059 3153 1068 3178 :
1105 3144 1158 3180 sic
1175 3149 1212 3180 et
1239 3144 1335 3192 apud
1357 3155 1446 3190 nos,

366 3196 460 3243 quod
482 3208 588 3234 nemo
604 3198 764 3244 perfecte
781 3210 891 3239 sanus
911 3202 946 3239 in
967 3203 1037 3240 fide
1051 3204 1111 3249 sit,
1133 3205 1198 3242 sed
1213 3215 1342 3243 omnes
1356 3235 1366 3252 ,
1387 3207 1450 3244 alii

369 3259 468 3303 plus,
486 3260 548 3296 alii
564 3261 684 3299 minus
699 3262 944 3311 infirmentur,
967 3277 1075 3304 nemo
1095 3275 1151 3305 est
1167 3268 1228 3316 qui
1244 3268 1449 3316 jacentibus

367 3322 577 3367 opituletur.
617 3325 706 3362 Nam
739 3327 770 3364 si
807 3329 888 3376 quis
918 3331 1148 3369 extrinsecus
1180 3332 1384 3376 accedens,
1412 3338 1450 3370 et

366 3381 500 3419 Christi
519 3392 698 3432 prmeepta
712 3414 722 3430 ,
741 3393 777 3425 et
795 3389 878 3427 vitae
906 3399 1040 3429 nostrae
1063 3393 1314 3432 confusionem
1335 3394 1449 3442 probe

366 3444 546 3490 didicerit,
566 3447 690 3484 nescio
709 3458 756 3486 an
783 3454 972 3500 quospiam
993 3454 1085 3492 alios
1103 3454 1252 3494 Christo
1271 3455 1446 3493 inimicio-

366 3517 440 3551 res,
455 3516 563 3555 quam
595 3519 662 3546 nos
689 3519 770 3548 esse
791 3513 1018 3554 arbitretur:
1045 3517 1096 3554 ita
1122 3518 1220 3556 enim
1243 3517 1337 3556 hanc
1352 3518 1445 3554 viam

365 3567 614 3616 decurrimus,
641 3580 684 3609 ac
712 3572 743 3610 si
773 3577 990 3614 contrariam
1009 3577 1089 3627 ejus
1108 3580 1288 3618 mandatis
1309 3579 1447 3628 ingredi

367 3629 558 3669 vellemus.
862 3638 872 3644 "
891 3638 898 3643 ‘

411 3690 449 3727 2.
471 3692 524 3730 Ne
542 3694 624 3742 quis
645 3702 766 3734 autem
794 3698 872 3736 haec
901 3711 966 3748 per
995 3702 1218 3751 hyperbolen
1239 3703 1334 3740 dicta
1361 3713 1443 3742 esse

367 3753 570 3800 existimet,
598 3757 944 3800 demonstrationem
971 3763 1046 3811 jam
1073 3763 1204 3801 afferre
1237 3764 1445 3812 aggrediar,

368 3821 434 3850 nec
461 3815 606 3855 aliunde
622 3847 632 3864 ,
654 3831 762 3866 quam
792 3834 836 3860 ex
867 3825 954 3872 ipsis
973 3824 1108 3862 Christi
1138 3825 1332 3863 mandatis.
1353 3825 1446 3872 Quid

369 3881 454 3918 ergo
475 3875 525 3912 ait
549 3878 738 3919 Christus?
763 3884 917 3922 Audistis
935 3886 1016 3934 quia
1043 3886 1170 3923 dictum
1198 3892 1248 3924 est
1272 3887 1442 3936 antiquis,

413 3946 424 3966 '
450 3949 558 3993 Deest,
575 3957 728 3998 nostram,
745 3958 777 3992 in
787 3959 876 3994 Colb.
894 3965 1028 3996 tantum.

836 256 876 294 S.
903 252 1095 293 JOANNIS
1120 248 1446 292 CHRYSOSTOMI
1472 248 1690 290 ARCHIEP.
1719 249 2081 291 CONSTANTINOP.
2475 264 2526 302 595

1516 327 1598 366 Non
1619 329 1766 367 occides.
1787 329 1863 379 Ego
1883 338 1994 368 autem
2013 332 2086 368 dico
2100 333 2198 378 vobis,
2217 336 2292 382 quia
2309 339 2405 376 omnis
2416 351 2463 387 qui
2476 345 2527 379 im-

1515 392 1622 428 scitur
1640 393 1740 441 fratri
1760 403 1822 430 suo
1839 395 1912 432 sine
1927 406 2042 440 causa,
2063 407 2138 433 reus
2152 398 2210 434 erit
2221 399 2356 446 judicio.
2376 401 2432 446 Qui
2443 413 2531 443 autem

1515 455 1640 493 dixerit
1662 457 1763 505 fratri
1789 469 1874 503 suo,
1895 469 1978 494 raca
1991 487 2002 503 ,
2022 471 2097 495 reus
2123 461 2182 496 erit
2201 463 2345 498 concilia.
2367 464 2425 508 Qui
2445 475 2532 504 autem

1517 518 1664 563 dixerit,
1685 522 1779 567 fatue
1793 547 1803 564 ,
1831 531 1910 556 rcus
1933 521 1994 557 erit
2021 521 2176 568 gehennw
2193 523 2274 569 ignis
2295 524 2422 571 (Matth.
2441 528 2469 564 5.
2485 529 2531 566 2L

1516 581 1592 629 22).
1612 581 1697 619 Haec
1714 582 1860 629 quidem
1881 581 2056 620 Christus.
2075 582 2146 620 Nos
2165 591 2277 622 autem
2302 586 2374 632 plus
2388 615 2396 630 ,
2415 599 2501 634 quam
2515 591 2532 627 ii

1517 645 1578 692 qui
1597 644 1772 682 increduli
1800 650 1898 688 sunt,
1921 645 2014 682 hanc
2031 645 2142 694 legem
2159 646 2340 693 calcamus,
2359 649 2433 686 dum
2449 651 2531 688 innu-

1518 707 1629 744 meris
1647 707 1808 754 quotidie
1828 706 1958 744 fratres
1977 713 2116 745 nostros
2141 708 2307 746 officimus
2331 714 2530 751 contumeliis.

1518 767 1696 816 Quodque
1716 769 1830 816 magis
1856 769 2046 807 ridiculum
2065 775 2132 813 est,
2153 770 2232 807 dum
2253 771 2295 808 ab
2312 772 2373 809 hac
2391 784 2477 818 voce,
2492 779 2532 822 [a-

1519 837 1615 875 tuus,
1631 840 1816 875 cavemus,
1839 841 1935 878 saepe
1956 831 2024 868 hac
2041 832 2219 880 graviores
2237 836 2448 873 contumelias
2464 837 2533 873 itm-

1517 903 1658 940 gamus,
1679 893 1782 940 quasi
1809 904 1894 931 vero
1914 893 1998 931 illud
2017 895 2131 933 solum
2151 895 2292 932 verbum
2311 898 2365 942 sit,
2380 898 2429 935 cui
2446 899 2534 946 depu-

1521 961 1594 992 tata
1621 961 1678 992 est
1701 965 1826 1003 pmna.
1854 957 1902 992 At
1921 967 1981 994 res
2007 967 2077 994 non
2108 957 2154 994 ita
2179 968 2216 994 se
2245 957 2363 1004 habet,
2383 959 2436 996 sed
2461 963 2533 997 omni

1520 1017 1787 1058 contumelioso
1812 1017 1905 1056 hanc
1931 1017 2058 1058 indicit
2080 1029 2241 1068 ptenam,
2260 1029 2297 1058 ut
2319 1022 2422 1069 palam
2444 1029 2489 1060 est
2503 1034 2534 1060 ex

1521 1081 1578 1118 his
1598 1081 1699 1119 Pauli
1717 1083 1865 1120 verbis:
1886 1081 2004 1120 Nolite
2017 1093 2140 1128 errare,
2160 1095 2260 1130 neque
2274 1085 2443 1133 fornicarii,
2457 1097 2534 1132 neque
2564 1078 2567 1083 ’

1521 1145 1729 1190 idololatrw,
1749 1156 1856 1191 neque
1880 1145 2041 1192 adulteri,
2063 1158 2168 1195 neque
2183 1147 2306 1192 molles,
2324 1158 2418 1196 neque
2434 1159 2534 1184 marat-

1521 1208 1635 1245 lorum
1665 1209 1898 1246 concubitores
1912 1237 1922 1254 ,
1947 1221 2052 1258 neque
2081 1212 2171 1258 [ures
2187 1239 2196 1255 ,
2221 1221 2318 1256 neque
2339 1213 2441 1255 avari,
2456 1222 2534 1258 nequ

1521 1271 1658 1317 ebriosi,
1677 1283 1784 1319 neque
1798 1272 1970 1318 maledici,
1988 1283 2093 1320 neque
2111 1283 2258 1319 rapaces,
2274 1283 2400 1321 regnum
2414 1271 2468 1309 Dei
2479 1283 2534 1320 pos-

1521 1335 1679 1372 sidebunt
1704 1334 1761 1386 (1.
1785 1335 1864 1373 Cor.
1885 1335 1922 1374 6.
1942 1335 1978 1374 9.
2007 1335 2086 1383 10).
2113 1335 2212 1381 Quod
2239 1335 2268 1372 si
2291 1335 2340 1379 is,
2355 1335 2410 1382 qui
2431 1334 2533 1371 fatuum

1522 1405 1630 1438 vocat
1649 1399 1798 1438 fratrem
1817 1410 1920 1437 suum
1935 1428 1945 1443 ,
1968 1405 2130 1436 extremo
2153 1398 2276 1446 dignus
2297 1404 2348 1435 est
2368 1397 2531 1444 supplicio:

1522 1465 1584 1512 qui
1603 1463 1809 1502 maleﬁcum
1825 1491 1834 1508 ,
1854 1462 2014 1500 invidum
2029 1491 2038 1508 ,
2061 1462 2304 1505 temerarium,
2325 1461 2428 1498 inanis
2442 1460 2534 1508 gloria:

1522 1527 1693 1574 cupidum
1711 1527 1822 1572 dicit,
1841 1532 1878 1564 et
1897 1525 2027 1564 similia
2047 1525 2228 1562 innumera
2245 1524 2278 1561 in
2295 1535 2370 1562 eum
2389 1523 2534 1560 maledicta

1523 1589 1685 1636 coniicit,
1705 1589 1850 1637 quantis
1867 1599 1907 1626 se
1925 1588 2100 1636 gehennae
2124 1587 2272 1624 ﬂammis
2290 1585 2460 1624 obnoxium
2474 1585 2533 1621 red-

1522 1651 1601 1689 dit?
1623 1651 1713 1690 lllud
1731 1652 1827 1689 enim
1841 1679 1851 1695 ,
1867 1651 1960 1699 fatue
1979 1656 2015 1688 et
2035 1661 2116 1687 raca
2128 1677 2137 1693 ,
2156 1649 2256 1696 longe
2279 1647 2382 1685 levius
2397 1652 2444 1683 est
2457 1655 2536 1692 supra

1523 1713 1644 1752 dictis.
1658 1714 1902 1760 Quamobrem
1921 1714 1982 1751 illo
1996 1714 2143 1757 omisso,
2157 1712 2222 1750 hoc
2237 1711 2388 1760 apposuit
2399 1709 2536 1750 Christus,

1523 1784 1564 1815 ut
1581 1777 1702 1815 discas
1721 1789 1765 1815 ex
1793 1777 1872 1826 ejus
1893 1776 2012 1814 verbis
2025 1805 2034 1821 ,
2053 1776 2082 1813 si
2105 1775 2216 1813 levius
2234 1773 2416 1812 convicium
2433 1769 2538 1818 gehen-

1523 1850 1606 1877 nam
1627 1840 1790 1885 attrahit,
1813 1840 1927 1878 multo
1949 1839 2062 1888 magis
2081 1849 2159 1888 qua:
2175 1836 2330 1887 graviora
2347 1841 2380 1874 et
2399 1833 2537 1872 atrociora

1522 1907 1608 1939 sunt
1625 1901 1660 1939 id
1676 1901 1848 1939 effectura
1866 1911 1960 1940 esse.

1572 1963 1738 2002 Maledici
1762 1976 1784 2000 α
1809 1977 1914 2014 regno
1944 1965 2104 2002 ctelorum
2131 1961 2268 2000 exclusi.
2285 1957 2433 2006 —Quod
2453 1956 2538 2003 siqui

1523 2027 1733 2064 existiment
1751 2027 1786 2064 id
1805 2038 1870 2075 per
1886 2027 2106 2076 hyperbolen
2125 2025 2191 2062 dici
2207 2022 2400 2073 (nonnullos
2413 2018 2540 2056 enimsic

1523 2089 1673 2126 affectos
1691 2089 1775 2126 novi
1789 2118 1798 2134 ,
1819 2090 1879 2137 qui
1901 2095 2027 2137 putant
2047 2087 2200 2126 terrendi
2219 2085 2327 2122 solum
2346 2091 2441 2121 causa
2458 2079 2541 2116 hasce

1523 2151 1640 2188 minas
1657 2151 1858 2199 intentari),
1874 2157 1984 2188 restat
1997 2157 2036 2188 ut
2049 2149 2240 2192 adulteros,
2256 2147 2466 2184 masculorum
2477 2152 2541 2179 can-

1523 2215 1735 2260 cubitores,
1761 2215 1912 2256 molles,
1934 2213 2136 2250 idololatras
2161 2222 2180 2248 a
2202 2215 2384 2248 memorato
2405 2202 2542 2252 supplicio

1523 2277 1697 2314 eximant.
1716 2276 1805 2314 Nam
1823 2276 1853 2314 si
1873 2275 2028 2314 terrendi
2047 2275 2160 2312 solum
2175 2283 2276 2311 causa
2291 2268 2453 2308 maledicis
2467 2275 2542 2303 com-

1523 2338 1682 2376 minatus
1701 2344 1769 2383 est,
1790 2338 1906 2386 palam
1921 2343 1976 2375 est
1995 2337 2088 2375 etde
2103 2335 2245 2383 reliquis
2257 2331 2404 2371 eamdem
2419 2337 2485 2397 esse
2498 2336 2541 2392 ra:

1524 2401 1660 2438 tionem
1683 2413 1690 2437 :
1713 2411 1795 2438 eum
1815 2400 1910 2438 enim
1937 2410 2062 2436 omnes
2083 2398 2185 2435 simul
2207 2395 2392 2444 posuisset,
2409 2395 2452 2426 sic
2467 2397 2541 2433 regni

1523 2463 1756 2501 amissionem
1779 2463 1910 2499 intulit.
1929 2461 2022 2508 Quid
2041 2461 2160 2508 igitur,
2179 2457 2324 2504 inquies,
2343 2450 2542 2490 maledicusnc

1523 2533 1606 2561 cum
1625 2525 1790 2562 adultero
1809 2531 1846 2562 et
1863 2525 1974 2561 molle
1993 2528 2030 2560 et
2045 2531 2151 2559 avaro
2165 2526 2202 2558 et
2218 2518 2390 2556 idololatra
2405 2509 2542 2579 ponetur?

1524 2585 1651 2624 Utrum
1673 2586 1834 2630 easdem,
1857 2596 1944 2633 quas
1965 2585 2031 2630 illi,
2059 2593 2182 2632 pinnas
2201 2582 2340 2618 daturus
2357 2579 2409 2621 sit,
2427 2575 2542 2612 alterius

1523 2655 1580 2685 cst
1597 2649 1770 2695 temporis
1789 2649 1972 2696 inquirere
1991 2660 1998 2684 :
2015 2647 2110 2695 quod
2127 2651 2240 2683 autem
2259 2654 2277 2680 a
2295 2649 2395 2702 regno
2409 2637 2541 2702 calorum

1522 2711 1690 2747 similiter
1721 2710 1886 2754 excidat,
1915 2709 2027 2746 Paulo
2057 2708 2165 2746 credo
2194 2704 2338 2746 dicenti,
2367 2701 2430 2738 imo
2454 2701 2542 2767 Pullus

1521 2772 1665 2810 Christo
1685 2783 1751 2820 per
1771 2773 1870 2809 illum
1890 2771 2068 2820 operanti,
2089 2769 2182 2818 quod
2202 2777 2323 2814 nempe
2340 2772 2441 2810 neque
2456 2760 2542 2820 hinc-

1521 2845 1592 2882 que
1606 2834 1655 2871 illi
1674 2819 1821 2882 regnum
1845 2819 2129 2880 Deiipossessuri
2147 2831 2228 2868 sint.
2246 2827 2361 2874 Neque
2381 2825 2440 2860 hac
2455 2819 2542 2856 solum

1521 2896 1557 2933 in
1580 2906 1631 2940 re,
1653 2895 1718 2932 sed
1735 2895 1842 2932 etiam
1862 2895 1897 2931 in
1915 2895 1994 2930 aliis
2009 2893 2129 2931 multis
2147 2889 2282 2940 plurimi
2297 2889 2340 2925 ita
2353 2883 2454 2922 afi‘ecti
2468 2884 2542 2921 sunt.

1523 2966 1562 2998 ut
1579 2971 1660 3008 qua:
1681 2959 1830 2997 omnino
1848 2965 2019 2996 eventura
2039 2963 2144 3002 sunt,
2165 2952 2382 3004 hyperbolice
2397 2947 2476 3008 dicta
2492 2952 2542 3007 ριιί

1523 3006 1614 3060 teni.
1635 3021 1837 3058 Diabolicus
1851 3026 2042 3058 autemest
2059 3019 2116 3056 hic
2136 3019 2291 3065 laqueus.
2307 3013 2351 3077 tit
2365 3010 2451 3077 enim
2461 3006 2543 3077 Tulli“

1521 3084 1687 3132 supplicii
1707 3089 1845 3121 metum
1863 3083 2022 3120 solveret
2039 3082 2096 3124 iis,
2116 3081 2174 3128 qni
2193 3080 2228 3116 in
2245 3076 2383 3115 caritate
2398 3071 2544 3132 Dei

1521 3127 1646 3195 puncti
1677 3152 1782 3184 erant
1817 3146 1844 3188 ¹,
1885 3155 2020 3193 eosque
2055 3143 2099 3180 ad
2127 3127 2380 3188 obsequendum
2404 3127 2545 3195 mandatis

1521 3209 1748 3248 remissiores
1776 3207 1958 3252 efficeret,
1991 3205 2202 3256 hyperboles
2226 3196 2485 3262 consolatioaertl

1520 3271 1642 3316 duxit,
1663 3281 1745 3318 qua:
1765 3270 1800 3307 in
1822 3269 1992 3316 praesenti
2011 3267 2154 3316 quidem
2178 3263 2353 3312 segniores
2367 3259 2486 3295 animos
2501 3259 2544 3318 π]-

1519 3309 1645 3370 escere
1663 3309 1781 3380 potest
1793 3359 1803 3376 ,
1904 3331 1940 3369 in
1961 3309 2158 3379 die-judicii
2180 3309 2413 3372 redarguetur.
2430 3309 2544 3364 ⁴Ι¹¹³¹¹δ⁰

1519 3395 1610 3432 nihil
1629 3393 1713 3431 inde
1739 3393 1829 3431 lucri
1848 3393 2023 3432 accedere
2041 3391 2182 3440 poterit.
2201 3387 2289 3436 Quid
2303 3383 2390 3424 enim
2400 3409 2416 3444 ι⁸
2427 3383 2542 3444 ᾳξιίῑξθξ

1518 3455 1684 3495 utilitatis
1702 3455 1759 3502 iis,
1781 3455 1844 3503 qui
1864 3466 1962 3494 nunc
1981 3454 2122 3502 decepti
2146 3456 2241 3495 sunt,
2258 3449 2288 3486 si
2306 3453 2384 3483 tunc
2401 3440 2544 3508 iailflCiill"

1519 3525 1740 3566 agnoscant;
1761 3529 1845 3557 eum
1865 3518 1956 3556 nihil
1983 3529 2026 3556 ex
2054 3513 2260 3564 pmnitenlia

1518 3564 1744 3620 surrectioue
1755 3580 1872 3630 iuvari
1881 3581 1898 3618 ?
1907 3579 1960 3618 Ne
1974 3579 2092 3626 itaque
2105 3573 2336 3620 nosmetil’5os
2346 3564 2544 3630 decipiam???

1519 3654 1638 3691 neque
1655 3625 1981 3682 circumveniamur
2001 3642 2037 3678 in
2057 3637 2248 3688 ῐνενηίθίθΙΙΙ
2272 3637 2434 3671 "osum"

1518 3687 1614 3743 aliud
1633 3705 1738 3744 nobis
1758 3705 1973 3754 supplicium
1992 3709 2240 3773 procuren'ulf.
2395 3687 2546 3773 εἴηπἺῖξῖ

1517 3767 1680 3805 dulitate.
1701 3767 1780 3806 Non
1805 3750 1902 3806 enim
1927 3750 2042 3804 solum
2069 3759 2242 3800 mandatis
2258 3751 2380 3792 Christi

1518 3835 1734 3878 temperare,
1760 3829 1825 3868 sed
1848 3829 1956 3867 etiam
1982 3827 2026 3864 iis
2054 3835 2124 3863 non
2150 3821 2304 3861 credere,
2329 3809 2545 3862 gravissimum

1562 3921 1572 3941 ι
1591 3925 1678 3959 nec.
1761 3919 1818 3962 qui
1829 3918 1862 3953 in
1879 3915 2014 3962 caer
2030 3913 2090 3962 rei
2103 3897 2508 3962 ροηινςθηςέί,εεέτέἕιέῖθεωη
2520 3895 2544 3920 ¹⁰

1517 3948 2124 4005 ςοιῠῖῖῖἳιῖἓειῖᾗξξέᾧέἷίίιίοηι.
2142 3948 2260 3988 mium
2280 3948 2439 3982 habentur.
