2734 4342
139 220 208 256 397

139 295 272 332 inducit
290 295 518 343 supplicium.
543 297 600 334 Illa
623 307 728 343 porro
757 296 986 334 incredulitas
1008 298 1142 344 paritur
1157 307 1203 348 ex

137 357 286 402 segnitie
313 357 348 392 in
373 357 608 404 exsequendis
637 357 827 395 mandatis.
856 357 945 395 Cum
973 361 1068 396 enim
1097 359 1202 396 obse-

137 418 290 463 quentia:
309 419 532 454 securitatem
549 419 651 454 nobis
665 428 878 466 comparare
892 420 1072 465 nolumus,
1089 429 1154 466 neq
1161 430 1203 456 ue

135 489 176 514 ca
197 477 314 515 facere
333 489 412 526 quze
431 487 607 526 prmeepta
631 487 714 516 sunt
728 508 738 525 ,
761 487 799 516 ut
821 481 978 518 animum
1001 480 1202 518 futurorum

137 545 233 576 metu
254 539 469 583 liberemus,
491 541 718 577 conscientiae
735 551 845 578 ouere
863 543 997 589 gravati
1017 548 1054 579 et
1073 543 1203 589 praefo-

133 602 216 646 cuti,
232 601 408 648 ingentem
425 603 537 648 parati
551 597 718 649 supplicii
739 610 872 640 metum
886 605 1042 650 abjicere
1057 605 1204 641 studen-

136 667 190 698 tes
203 690 214 706 ,
235 663 271 698 in
291 662 385 699 aliud
403 672 468 698 nos
487 663 692 700 barathrum
715 665 914 711 prmcipites
931 665 1070 712 agimus
1085 693 1094 709 ,
1117 665 1200 702 dum

137 723 322 760 tormentis
351 725 422 760 illis
449 723 555 761 ﬁdem
584 726 810 774 abrogamus.
831 727 878 763 At
901 726 1200 774 quemadmodum

135 783 172 829 ii,
192 785 250 830 qui
270 784 419 822 ardente
436 784 525 822 febri
546 791 722 830 tenentur,
741 788 882 824 etiamsi
900 789 934 824 in
952 798 1062 834 aquas
1079 797 1118 824 se
1136 787 1199 824 fri-

132 843 231 890 gidas
250 845 482 891 conjecerint,
503 845 791 893 prtefocationem
810 848 907 884 illam
929 858 1000 884 non
1018 849 1198 892 amittunt,

131 905 194 942 sed
217 917 346 943 novum
365 907 537 954 adjiciunt
561 908 653 955 ignis
673 909 838 944 ardorem
855 937 866 952 ,
887 909 939 946 sic
965 915 1002 946 ct
1028 920 1092 946 nos
1111 920 1200 946 con-

131 968 292 1006 scientiae
313 970 466 1007 stimulis
486 970 630 1017 agitati,
653 971 687 1007 in
709 971 925 1018 hyperboles
949 972 1112 1019 euripum
1136 983 1201 1009 nos

132 1031 356 1079 przrcipitare
371 1033 548 1080 cogimur,
567 1041 605 1070 ut
621 1035 740 1070 omnia
758 1034 792 1070 in
813 1041 994 1080 posterum
1009 1035 1086 1072 sine
1103 1041 1199 1072 metu

132 1099 277 1137 peccata
307 1092 550 1130 admittamus.
583 1093 661 1130 Non
689 1094 806 1130 solum
837 1095 931 1131 enim
965 1095 1200 1141 prmseiitibus

131 1153 319 1190 irascimur
339 1153 532 1199 fratribus,
552 1155 615 1192 sed
635 1155 742 1192 etiam
771 1166 852 1192 cum
879 1156 1086 1193 absentibus
1105 1167 1200 1203 sche

131 1216 309 1263 litigamus
325 1229 334 1256 :
351 1217 445 1264 quod
459 1228 544 1255 sane
559 1219 710 1256 feritatis
721 1229 890 1256 excessus
901 1225 970 1256 est.
986 1219 1030 1256 Et
1047 1219 1200 1266 majores

129 1277 271 1324 quidem
295 1280 583 1327 potentioresque
612 1281 716 1316 nobis
729 1307 738 1324 ,
758 1281 900 1317 etiamsi
921 1281 1062 1327 injuriis
1080 1289 1145 1317 nos
1164 1286 1200 1317 et

129 1341 354 1378 contumeliis
372 1340 540 1385 afﬁciant,
560 1352 641 1379 cuin
660 1342 906 1379 moderatione
925 1352 1049 1388 magna
1071 1342 1199 1378 tolera-

129 1412 208 1437 mus
222 1413 345 1439 eorum
360 1409 457 1441 metu
472 1404 632 1444 cohibiti.
647 1405 802 1452 arquales
817 1411 936 1442 autem
953 1404 1194 1448 inferioresve,

126 1474 173 1500 nc
192 1463 265 1500 laesi
287 1465 445 1512 quidem,
463 1477 670 1504 aversamur
689 1473 822 1505 tamen.
839 1467 993 1505 Tantum
1013 1468 1196 1504 hominum

126 1532 245 1562 melus
262 1527 395 1564 Christi
417 1529 535 1565 timori
557 1530 742 1576 praevalet.

176 1588 222 1624 5.~
242 1587 359 1634 Ecqua
381 1588 524 1626 tandem
542 1591 646 1626 nobis
663 1591 788 1627 salutis
805 1600 902 1638 Spes,
923 1597 1057 1628 tantam
1078 1591 1198 1640 segni-

127 1649 230 1692 tiem,
242 1655 378 1686 tantum
389 1657 634 1698 contemptum
645 1651 922 1689 exbibentibus?
935 1652 1128 1698 undenam,
1141 1653 1198 1690 dic

129 1711 240 1747 mihi?
257 1713 348 1756 Quid
363 1723 486 1760 grave,
502 1713 587 1761 quid
604 1724 796 1752 onerosum
815 1724 834 1751 a
853 1715 958 1752 nobis
970 1715 1079 1762 exigit
1094 1715 1198 1752 Chri-

127 1773 229 1810 stus?
247 1773 298 1810 Ne
317 1774 482 1810 irascaris
497 1801 507 1820 ,
529 1775 669 1822 inquit,
699 1775 798 1812 fratri
821 1782 881 1812 tuo
901 1776 979 1812 sine
1006 1786 1112 1812 causa
1131 1787 1140 1811 :
1163 1775 1195 1812 id

128 1845 233 1881 porro
247 1836 352 1883 longe
368 1835 508 1873 facilius
521 1842 592 1881 est,
605 1847 712 1883 quam
727 1837 876 1874 alterum
892 1836 988 1874 ferre
1001 1837 1078 1872 sine
1089 1847 1194 1872 causa

128 1897 269 1933 iratum.
288 1895 337 1933 lbi
356 1896 450 1932 enim
476 1897 549 1943 jam
581 1903 792 1944 congregata
821 1903 879 1934 cst
907 1897 998 1944 ignis
1018 1897 1191 1940 materia;

128 1957 183 1994 hI-c
195 1967 278 1994 vero
295 1968 376 1994 cum
397 1958 484 1994 nihil
503 1967 620 1994 causa:
638 1957 763 2002 subsit,
785 1964 821 1994 tu
841 1957 916 2005 ipse
933 1956 1114 1994 ﬂammam
1129 1967 1193 1994 ac-

127 2021 261 2058 cendis.
283 2020 406 2068 Neque
426 2021 521 2058 enim
551 2032 616 2068 par
639 2032 698 2058 res
727 2027 803 2065 est,
827 2021 899 2056 alio
928 2020 1044 2058 facem
1065 2020 1192 2056 admo-

128 2089 228 2120 vente
239 2083 275 2120 id
293 2083 458 2128 tolerare,
480 2094 594 2132 neque
614 2083 776 2128 accendi,
797 2093 838 2120 ac
854 2083 954 2120 nullo
973 2085 1190 2126 concitante,

125 2146 323 2192 quiescere.
339 2135 523 2196 Siquidem
536 2148 597 2195 qui
612 2147 697 2184 illud
713 2157 884 2193 superare
899 2147 1026 2193 potuit,
1043 2156 1192 2184 summa:

126 2206 360 2253 philosophia
387 2208 646 2245 documentum
672 2206 836 2244 exhibuit
863 2219 874 2244 :
895 2207 954 2254 qui
985 2212 1104 2244 autem
1126 2207 1193 2244 hoc

128 2271 288 2314 prmstitit
303 2297 312 2312 ,
335 2270 422 2306 nihil
443 2269 682 2306 admiratione
712 2268 858 2316 dignum
879 2268 963 2315 egit.
994 2267 1083 2304 Cum
1106 2277 1192 2315 ergo

127 2332 218 2376 quod
238 2333 352 2380 majus
369 2339 424 2370 est
444 2339 592 2380 propter
609 2337 742 2368 metum
763 2331 948 2368 hominum
967 2330 1190 2378 perlicimus,

125 2395 218 2440 quod
235 2403 353 2432 autem
373 2396 492 2432 minus
509 2401 654 2442 propter
673 2394 734 2431 Dei
752 2395 918 2430 timorem
937 2399 1109 2440 prrestare
1128 2403 1192 2429 no-

127 2457 266 2500 lumus;
288 2457 467 2506 perpende
488 2463 622 2504 quanto
640 2455 815 2503 supplicio
828 2483 839 2501 ,
859 2461 992 2502 quanto
1017 2453 1190 2492 cruciatui

126 2528 192 2554 nos
208 2519 380 2555 obnoxios
395 2519 670 2556 constituamus.
685 2518 848 2556 Fratrem
865 2527 974 2565 porro
986 2527 1056 2554 non
1072 2528 1193 2564 Inqua-

125 2580 195 2616 lcm
210 2609 219 2622 ,
241 2591 310 2616 non
332 2581 481 2618 liberum
501 2589 636 2618 tantum
664 2591 744 2618 esse
770 2587 896 2628 putes,
918 2579 982 2617 sed
1007 2580 1113 2617 etiam
1135 2579 1190 2616 fa-

127 2642 260 2678 mulmn
275 2653 284 2678 :
299 2641 390 2677 Nam
409 2642 442 2677 in
462 2641 595 2678 Christo
608 2643 630 2678 J
635 2654 691 2679 esu
702 2653 806 2689 neque
823 2653 938 2678 servus
954 2652 1060 2688 neque
1079 2641 1162 2677 liber
1177 2642 1188 2662 ί

127 2703 228 2751 (Gal.
265 2704 300 2740 5.
327 2703 374 2740 28
395 2703 430 2749 ),
455 2703 650 2740 secundum
666 2703 874 2749 Apostolum
899 2715 908 2740 :
934 2703 980 2740 ita
1011 2709 1044 2740 ul
1071 2703 1100 2739 si
1135 2703 1190 2740 vel

125 2772 249 2802 contra
269 2765 420 2802 famulos
437 2766 515 2803 sine
534 2775 640 2802 causa
659 2765 886 2810 ferociamus,
903 2766 1046 2803 easdem
1064 2776 1189 2812 pinnas

126 2826 239 2862 daturi
259 2826 372 2863 simus
396 2839 404 2862 :
426 2836 506 2862 nam
530 2826 591 2862 ille
609 2835 750 2872 quoque
771 2825 879 2863 frater
899 2833 964 2870 est,
985 2834 1022 2864 et
1039 2837 1122 2865 vera
1143 2827 1187 2864 li-

128 2887 263 2926 bertate
282 2888 449 2932 donatus,
470 2898 552 2925 cum
574 2898 682 2924 unum
701 2887 938 2935 eumdemque
958 2887 1086 2926 habeat
1105 2888 1186 2936 Spi—

86 2961 88 2964 '
128 2951 232 2988 ritum
261 2953 288 2987 '.
319 2951 408 2998 Quis
440 2951 560 2998 itaque
590 2949 700 2986 vitam
729 2949 826 2986 omni
853 2950 1012 2987 convicio
1038 2961 1186 2998 puram,

130 3013 179 3048 ira
201 3013 430 3052 irrationabili
459 3019 520 3050 aut
549 3012 644 3050 inani
665 3021 814 3048 vacuam
843 3011 1015 3050 exhibere
1043 3012 1188 3060 potest?

128 3075 198 3112 Nec
217 3077 301 3114 mihi
330 3077 532 3124 quempiam
563 3075 722 3122 alleges,
743 3074 799 3111 cui
829 3073 906 3110 haec
928 3085 1008 3112 raro
1027 3075 1187 3122 contige-

128 3139 219 3183 rint,
239 3139 302 3176 sed
321 3140 379 3186 qui
407 3140 442 3176 in
469 3149 510 3176 ca
531 3148 725 3186 numquam
747 3136 910 3174 inciderit
929 3149 938 3172 :
961 3137 1075 3174 donec
1091 3138 1189 3174 enim

128 3201 160 3236 id
180 3201 282 3236 nobis
299 3201 513 3246 ostenderis,
529 3211 603 3238 non
625 3200 706 3237 ideo
725 3209 811 3236 sane
830 3199 944 3236 minas
962 3200 1102 3237 solvere
1122 3210 1188 3246 po-

128 3264 211 3300 teris
237 3262 331 3308 quod
355 3262 423 3300 hoc
442 3273 510 3299 non
537 3261 746 3310 frequenter
763 3261 946 3300 acciderit.
967 3262 1107 3299 Etenim
1128 3262 1189 3308 qui

128 3325 275 3368 furatur,
297 3324 354 3361 vel
373 3325 431 3371 qni
453 3325 645 3362 fornicatur
660 3352 670 3368 ,
693 3323 762 3361 etsi
780 3324 893 3361 semel
913 3324 948 3360 in
973 3324 1043 3360 hoc
1063 3333 1188 3370 peccao

129 3396 198 3424 tam
215 3386 386 3430 incidant,
403 3397 474 3423 non
491 3388 569 3424 idco
588 3387 765 3436 supplicio
783 3387 992 3429 liberantur,
1007 3387 1101 3434 quod
1117 3397 1188 3424 non

128 3452 331 3498 frequenter
350 3449 386 3486 id
419 3451 674 3496 perpelrariut,
694 3449 756 3487 sed
787 3449 870 3496 quia
890 3448 945 3486 vel
975 3449 1084 3486 semel
1111 3449 1188 3486 ausi

129 3517 234 3558 sunt,
255 3514 463 3560 puniuntur.
484 3511 586 3556 Quod
613 3519 730 3550 autem
757 3517 880 3560 postea
906 3513 1088 3558 sequitur,
1111 3513 1186 3558 quis

131 3584 213 3619 nou,
233 3575 300 3612 etsi
321 3573 476 3611 infidelis
495 3573 540 3610 sit
553 3600 564 3615 ,
593 3573 745 3610 fabulam
761 3583 844 3610 esse.
860 3578 1014 3619 reputet,
1033 3583 1112 3610 cum
1134 3573 1190 3609 vi-

129 3641 208 3673 deat
224 3647 244 3673 a
259 3637 360 3674 nobis
377 3647 460 3674 cum
480 3642 576 3672 tanta
595 3636 817 3673 vehementia
835 3636 986 3672 violari?
1001 3635 1090 3672 Nam
1107 3646 1188 3674 cum

171 3700 181 3719 ³
199 3697 294 3741 ⁸Ριιιιπῑι
310 3698 434 3741 legisse
445 3697 575 3741 videtur
590 3701 686 3730 vetus
699 3697 875 3738 interpres,
887 3696 943 3738 qui
957 3695 1004 3728 sic
1016 3695 1136 3730 habet:
1154 3702 1189 3730 In

130 3738 468 3784 Christqenim'neque
482 3738 630 3784 Judwgts,
650 3746 752 3776 neque
769 3743 920 3784 graecus,
949 3745 1051 3784 neque
1065 3746 1188 3778 servus,

130 3788 228 3822 ηρίμιε
239 3781 333 3830 liber,
349 3778 451 3830 neque
461 3778 636 3822 masculus,
645 3787 747 3821 neque
761 3778 896 3821 femina;
907 3781 964 3813 sed
974 3778 1083 3813 uitales
1093 3787 1189 3814 unum

130 3830 234 3856 sumus
248 3824 282 3857 in
295 3824 432 3857 Christo.
933 3859 941 3867 ο

135 3903 139 3905 λ
173 3864 187 3883 ¹
209 3864 299 3905 illud,
317 3873 390 3898 rum
406 3873 505 3898 unum
519 3862 731 3905 eamdemque
755 3864 869 3896 habeat
879 3856 1050 3905 Spiritum,
1076 3870 1186 3905 neque

129 3903 163 3937 in
175 3907 280 3949 δεινῇ..
292 3903 452 3950 ὐθίιυρία
462 3906 551 3942 Colb.
564 3903 700 3948 legitur,
717 3904 776 3938 sed
792 3905 824 3938 iu
841 3903 948 3939 Morel.
968 3908 1100 3938 tantum.

702 221 766 258 ‘DE
793 220 1159 266 COMFUNCTIONE,
1188 221 1250 258 AD
1270 223 1554 262 DEMETRIUM.
1585 226 1671 264 LIB.
1697 228 1728 265 1.

2267 240 2345 278 δςκ·

1276 298 1370 335 Deus
1388 299 1484 336 dicat
1503 312 1512 334 :
1536 301 1578 338 Si
1595 302 1698 346 οπενε
1714 315 1837 343 "mnus
1855 312 1950 342 tuum
1965 308 2010 344 ad
2027 309 2148 355 altare,
2171 319 2202 348 et
2220 313 2264 350 ibi
2283 327 2338 350 rr-

1274 359 1435 397 cordatus
1452 363 1558 408 fueris
1573 364 1654 410 quia
1674 365 1780 411 frater
1797 373 1875 404 tua:
1895 369 1992 406 habet
2017 371 2148 420 aliquid
2163 375 2339 414 adversum

1275 427 1308 457 te
1322 449 1332 465 ,
1352 423 1503 468 relinque
1520 423 1567 459 ibi
1587 435 1707 462 manus
1727 433 1822 462 tuum
1840 436 1919 464 ante
1945 431 2052 468 altare
2067 461 2077 476 ,
2097 440 2128 470 et
2143 435 2226 472 vade
2245 439 2341 484 prius

1274 485 1491 520 reconciliari
1505 486 1607 532 fratri
1627 493 1698 531 tuo,
1717 494 1749 524 et
1765 495 1845 524 tunc
1859 491 1993 528 veniens
2007 491 2093 538 olfer
2106 507 2228 533 ntuuus
2245 505 2340 536 tuum

1277 543 1424 592 (Matth.
1441 546 1474 582 5.
1489 547 1550 583 25.
1564 546 1636 592 24)
1651 559 1658 584 :
1673 559 1740 585 nos
1756 549 1844 586 bella
1861 557 1986 587 mutuo
1999 563 2179 601 gerentes,
2192 565 2228 595 et
2241 561 2342 596 exul-

1273 607 1382 643 cerati
1394 608 1532 652 animo,
1551 609 1594 646 ad
1613 611 1737 648 altaria
1754 611 1972 650 accedimus.
1989 617 2040 652 Ac
2055 626 2136 655 cum
2157 600 2250 656 Deus
2265 600 2342 658 tan-

1274 674 1344 704 tam
1363 670 1664 709 reconciliationis
1677 680 1809 712 nostra:
1827 685 1948 714 curam
1971 677 2112 724 habeat,
2131 686 2170 717 ut
2185 683 2342 729 patiatur

1272 731 1486 768 sacriﬁcium
1499 742 1602 770 suum
1619 735 1866 782 imperfectum
1883 749 2040 784 manere,
2053 747 2090 778 et
2101 742 2338 781 ministerium

1273 790 1510 839 interrumpi,
1535 795 1652 832 donec
1679 797 1861 834 inimicitia
1890 805 1926 836 et
1951 800 2002 836 ira
2030 801 2250 848 deponatur,
2274 816 2338 842 nos

1273 863 1347 888 rem
1369 854 1414 890 ita
1432 854 1535 892 flocci
1553 855 1718 903 facimus,
1739 866 1778 895 ut
1795 861 1920 906 capitis
1941 863 2052 898 nostri
2070 863 2202 902 damno
2220 867 2340 904 multis

1271 915 1396 952 diebus
1417 918 1638 956 inimicitiam
1664 931 1864 959 servemus.
1896 923 2018 970 Neque
2049 926 2238 965 iracundos
2258 937 2337 966 tau-

1270 983 1345 1013 tum
1366 979 1486 1024 plectit
1505 980 1613 1024 Deus,
1629 982 1692 1019 sed
1711 983 1817 1020 etiam
1835 995 1898 1021 eos
1917 987 1976 1032 qui
1998 987 2198 1034 hujusmodi
2214 992 2339 1028 morbo

1270 1040 1372 1077 liberi
1393 1041 1551 1080 oll'ensos
1575 1044 1702 1081 fratres
1721 1046 1918 1094 negligant.
1941 1047 2031 1094 Quia
2053 1051 2149 1087 enim
2171 1052 2336 1090 laesarum

1270 1108 1325 1137 est
1341 1101 1458 1146 irasci,
1477 1103 1506 1139 is
1523 1113 1624 1149 vero,
1638 1106 1698 1151 qui
1718 1106 1845 1152 injuria
1861 1107 1984 1152 afﬁcit,
2002 1120 2072 1147 non
2091 1111 2138 1148 ita
2155 1112 2256 1150 facile
2271 1113 2338 1152 hoc

1271 1162 1398 1198 morbo
1409 1163 1582 1210 capiatur,
1596 1165 1678 1202 ideo
1691 1166 1784 1203 hunc
1798 1167 1841 1204 ad
1855 1168 1957 1204 illum
1971 1170 2128 1213 adducit,
2141 1175 2338 1212 ostendens

1271 1235 1377 1271 pmna
1393 1225 1590 1273 digniorem
1605 1237 1685 1265 esse
1699 1239 1780 1266 eum
1798 1229 1859 1276 qui
1881 1233 2016 1276 peccati
2033 1233 2187 1270 radicem
2203 1238 2336 1282 posuit.

1269 1287 1317 1322 At
1333 1296 1400 1322 nos
1419 1298 1464 1324 ne
1483 1287 1536 1325 sic
1555 1288 1699 1335 quidem
1717 1291 1965 1336 emendamur,
1985 1293 2046 1330 sed
2064 1305 2128 1341 pro
2149 1295 2338 1334 levissimis

1268 1349 1376 1385 etiam
1388 1348 1496 1386 rebus
1505 1350 1630 1386 fratres
1639 1352 1914 1390 contristamus:
1927 1353 2055 1392 deinde
2064 1365 2106 1393 ac
2113 1356 2143 1394 si
2153 1357 2240 1394 nihil
2256 1369 2336 1394 mn-

1269 1409 1382 1446 lestitc
1391 1410 1626 1455 intulerimus,
1639 1412 1684 1448 ita
1695 1413 1918 1460 negligimus,
1929 1415 2062 1452 illalam
2073 1417 2236 1464 injuriam
2245 1419 2335 1456 obli-

1269 1471 1363 1508 vioui
1377 1471 1518 1515 damus,
1537 1464 1830 1521 iuimicitiamque
1849 1477 1882 1512 in
1899 1476 2040 1524 loagum
2063 1483 2202 1524 tempus
2219 1486 2338 1516 extra-

1267 1537 1360 1568 ctam
1384 1531 1618 1579 despicimus,
1640 1534 1845 1581 ignorantes
1865 1543 1963 1573 tanto
1982 1537 2098 1584 majus
2117 1550 2180 1576 nos
2201 1541 2338 1588 suppli-

1267 1594 1362 1630 cium
1380 1594 1532 1632 luituros
1551 1605 1646 1638 esse,
1671 1604 1804 1642 quanto
1821 1598 1981 1644 pluribus
2007 1599 2132 1637 diebus
2157 1603 2336 1639 intestitia:

1269 1656 1386 1694 locum
1414 1657 1639 1702 dederimus,
1673 1664 1710 1695 et
1744 1659 1811 1697 hoc
1841 1661 1939 1706 ipso,
1971 1667 2007 1698 et
2035 1663 2129 1709 quod
2157 1664 2336 1702 difﬁcilior

1269 1725 1390 1765 postea
1415 1719 1453 1756 lit
1469 1721 1725 1757 recouciliatio.
1745 1721 2052 1767 Quemadmodum
2067 1725 2162 1760 cnim
2178 1727 2335 1762 amicitia

1267 1780 1511 1826 ubstringenle
1525 1808 1535 1824 ,
1557 1781 1644 1816 nihil
1662 1781 1767 1818 facile
1784 1782 1986 1820 distrahere
2003 1811 2013 1828 ,
2037 1785 2123 1820 nihil
2142 1786 2333 1824 adversum

1265 1842 1362 1879 credi
1377 1844 1520 1889 poterit,
1534 1843 1586 1880 sic
1603 1843 1788 1892 inimicitia
1803 1845 1943 1882 animos
1962 1853 2106 1884 nostros
2119 1858 2332 1896 occupante,

1265 1905 1383 1941 omnia
1401 1905 1515 1942 facilia
1533 1912 1569 1942 et
1585 1906 1690 1942 obvia
1712 1913 1796 1944 sunt
1818 1907 1861 1944 iis
1877 1937 1886 1951 ,
1903 1908 1964 1954 qui
1990 1909 2102 1946 rixam
2121 1921 2253 1958 augere
2272 1923 2334 1948 re-

1265 1966 1344 2010 lint,
1365 1977 1446 2002 cum
1467 1967 1559 2004 bona
1581 1967 1727 2004 minime
1742 1996 1752 2012 ,
1773 1968 1863 2004 mala
1883 1979 1967 2006 vero
1984 1970 2098 2006 solum
2127 1971 2332 2008 credantur.

1264 2027 1350 2064 Ideo
1363 2027 1465 2074 jubet
1479 2055 1489 2072 ,
1509 2028 1605 2064 dono
1627 2029 1672 2065 ad
1693 2029 1806 2066 altare
1823 2029 1973 2067 dimisso
1994 2031 2092 2078 prius
2110 2033 2332 2070 reconciliari

1265 2089 1286 2126 fi
1297 2091 1378 2134 atri,
1397 2096 1434 2126 ut
1447 2090 1643 2137 discamus,
1661 2091 1688 2128 si
1705 2091 1740 2128 in
1757 2092 1818 2128 illo
1833 2099 1994 2140 tempore
2005 2095 2332 2132 reconciliationem

1263 2151 1408 2190 dilferre
1433 2164 1502 2190 non
1523 2154 1649 2198 liceat,
1675 2154 1790 2191 multo
1816 2155 1934 2192 minus
1961 2156 2069 2194 licere
2089 2157 2123 2194 in
2149 2159 2242 2194 aliis.
2263 2159 2334 2196 Nos

1263 2224 1349 2250 vero
1368 2213 1529 2262 symbola
1549 2215 1694 2262 quidem
1715 2225 1835 2252 rerum
1855 2223 2016 2254 tenemus
2035 2245 2043 2262 ,
2063 2229 2082 2255 a
2107 2220 2256 2256 veritate
2271 2231 2331 2256 au~

1263 2281 1334 2312 tem
1357 2276 1432 2322 ipsa
1452 2277 1666 2320 excidimus,
1686 2277 1772 2314 dum
1792 2288 1857 2314 nos
1873 2285 1956 2315 ante
1974 2279 2056 2316 doni
2071 2281 2215 2327 quidem
2231 2282 2333 2318 obla-

1263 2337 1396 2374 tionem
1417 2344 1540 2374 mutuo
1559 2337 1824 2384 amplectimur,
1845 2338 1907 2374 sed
1928 2339 2030 2376 labiis
2053 2347 2187 2376 tantum
2217 2348 2252 2378 ct
2270 2353 2334 2380 ore

1263 2401 1297 2438 id
1317 2401 1467 2447 agimus.
1488 2402 1534 2436 At
1550 2410 1622 2436 non
1643 2400 1675 2436 id
1697 2400 1813 2436 solum
1829 2401 1904 2436 vult
1923 2401 2108 2445 Dominus,
2125 2403 2186 2438 sed
2204 2405 2334 2440 animai

1261 2463 1369 2500 etiam
1384 2461 1544 2499 osculum
1559 2467 1596 2498 et
1615 2461 1817 2508 amplexum
1833 2461 1952 2498 cordis
1968 2462 2130 2507 proximo
2147 2463 2223 2499 dari
2239 2476 2246 2499 :
2265 2464 2333 2502 hoc

1262 2525 1360 2562 enim
1381 2535 1467 2562 vere
1496 2524 1662 2570 amplecti
1696 2523 1846 2567 dicitur;
1880 2523 1965 2560 illud
1995 2534 2079 2560 vero
2101 2526 2201 2571 quasi
2226 2535 2333 2564 scena

1261 2587 1425 2635 quiedam
1451 2594 1488 2624 et
1514 2587 1610 2624 larva
1640 2585 1790 2623 dicenda
1817 2593 1894 2631 est,
1916 2586 1962 2622 ita
1988 2587 2101 2633 utqui
2125 2587 2176 2624 sic
2195 2588 2332 2624 oscula-

1263 2656 1333 2694 tur,
1354 2649 1467 2696 magis
1487 2649 1600 2686 Deum
1620 2648 1735 2685 irritet
1753 2658 1859 2696 quam
1882 2648 2010 2694 placet.
2031 2648 2216 2686 Sinceram
2236 2651 2331 2687 enim

1261 2719 1297 2750 et
1317 2712 1495 2750 radicibus
1515 2711 1654 2748 ﬁrmam
1681 2710 1874 2748 amicitiam
1895 2711 2044 2758 requirit
2067 2722 2087 2748 a
2109 2713 2212 2749 nobis
2227 2741 2238 2758 ,
2259 2724 2331 2750 non

1261 2774 1354 2812 hanc
1381 2774 1484 2820 cujus
1517 2775 1673 2820 speciem
1713 2779 1748 2810 ct
1777 2773 2009 2810 simulacrum
2045 2773 2224 2822 quoddam
2259 2777 2331 2812 cir-

1256 2835 1515 2880 ‘cumferimus,
1535 2835 1604 2872 vim
1634 2841 1753 2872 autem
1783 2845 1926 2871 onmem
1951 2836 2212 2876 exstinximus.
2237 2837 2334 2884 quod

1259 2906 1296 2938 et
1325 2901 1440 2946 ipsum
1479 2898 1649 2935 indicium
1681 2903 1738 2934 est
1773 2907 1920 2940 earum,
1948 2897 2077 2944 quibus
2108 2897 2330 2944 detinentur,

1260 2961 1503 3008 iniquitatem.
1525 2958 1618 2996 Nam
1631 2959 1791 3006 quoniam
1809 2957 1992 2994 abundavit
2010 2959 2186 3005 iniquitas,
2204 2959 2330 3006 inquit,

1259 3023 1454 3070 refrigescet
1469 3021 1594 3058 caritas
1613 3020 1795 3056 multarunt
1816 3018 1968 3067 (Matth.
1991 3019 2052 3056 24.
2082 3019 2169 3069 42).
2193 3021 2236 3058 Et
2257 3023 2338 3059 lia-c

1258 3087 1396 3134 agimus
1412 3085 1588 3128 homines,
1607 3083 1736 3130 quibus
1749 3083 1897 3119 vetitum
1915 3088 1971 3120 est
1986 3083 2040 3120 vel
2059 3082 2179 3126 irasci,
2195 3085 2251 3120 vel
2269 3084 2333 3120 ini-

1259 3149 1372 3186 mices
1393 3147 1526 3184 habere
1547 3146 1733 3193 quospiam
1756 3155 1764 3180 :
1787 3148 1849 3180 aut
1867 3143 1897 3180 si
1918 3143 2009 3180 forte
2036 3143 2234 3181 habeamus
2250 3175 2260 3189 ,
2286 3146 2330 3182 ad

1259 3221 1368 3249 unum
1389 3216 1526 3246 tantum
1545 3207 1638 3245 diem
1657 3205 1790 3243 habere
1812 3205 2052 3252 permittinmr
2075 3218 2084 3242 :
2104 3205 2180 3248 Sol,
2204 3207 2331 3253 inquit,

1259 3285 1326 3310 non
1347 3271 1478 3308 occidat
1497 3280 1600 3316 super
1617 3267 1832 3304 iracundiam
1849 3272 1993 3302 vestram
2014 3265 2170 3314 (Ep/tes.
2189 3269 2226 3304 4.
2244 3268 2291 3304 9.6
2303 3277 2331 3315 ).

1258 3335 1381 3382 Ncquc
1409 3333 1469 3370 hic
1487 3330 1742 3374 consistimus,
1770 3327 1833 3365 sed
1861 3333 1896 3365 et
1919 3327 2068 3364 insidias
2091 3329 2151 3366 alii
2180 3329 2214 3365 in
2242 3329 2334 3366 alios

1258 3396 1430 3434 struimus
1443 3422 1454 3438 ,
1476 3399 1513 3430 ct
1531 3391 1650 3429 verbis
1667 3397 1703 3437 et
1719 3391 1830 3438 gestis
1850 3391 1983 3427 nostris
2005 3390 2170 3428 membra
2190 3391 2330 3438 propria

1259 3457 1468 3496 mordentes
1479 3466 1520 3491 ac
1535 3454 1752 3490 dcvorantes
1769 3463 1776 3488 :
1793 3451 1888 3498 quod
1903 3452 2027 3499 utique
2036 3459 2170 3498 aperta:
2185 3453 2334 3488 insania:

1253 3525 1325 3559 'est.
1347 3520 1489 3557 Etenim
1521 3515 1736 3554 insanabiles
1764 3515 2010 3552 darmoniacos
2037 3520 2073 3552 et
2093 3513 2245 3550 furiosos
2265 3513 2332 3547 hoc

1259 3584 1413 3622 maxime
1431 3581 1536 3628 signo
1553 3577 1808 3625 diguoscimus.
1835 3576 1926 3622 Quid
1945 3582 2066 3620 autem
2083 3575 2129 3612 de
2147 3575 2223 3618 lege
2237 3573 2330 3608 circa

1257 3645 1520 3688 adversarium,
1536 3643 1631 3680 circa
1649 3641 1870 3689 illegitimam
1888 3636 2228 3685 coucupiscentiam,
2248 3644 2332 3674 ocuo

1259 3695 1312 3745 los
1327 3705 1541 3754 impudicos,
1553 3703 1747 3740 amicitiam
1762 3700 2043 3740 irrationabilem
2057 3703 2094 3734 et
2107 3697 2330 3737 damnosam,

1257 3770 1442 3809 dicemus?
1461 3768 1594 3806 Oculus
1613 3767 1709 3805 enim
1737 3765 1865 3802 dexter
1889 3768 1926 3800 et
1953 3769 2079 3798 manus
2108 3757 2234 3794 dextra
2261 3767 2334 3793 non

1257 3835 1352 3872 aliud
1371 3835 1474 3872 nobis
1495 3831 1723 3870 subindicant
1737 3858 1746 3872 ,
1767 3837 1874 3875 quam
1895 3835 1960 3862 eos
1978 3823 2037 3870 qui
2057 3822 2191 3858 damno
2208 3826 2332 3856 nostro

1253 3907 1328 3936 .nos
1341 3901 1478 3935 amant.
1495 3895 1568 3933 Lex
1584 3903 1670 3932 vero
1686 3892 1732 3930 de
1745 3886 1940 3936 repudiatis
1955 3883 2139 3928 uxoribus,
2154 3892 2172 3918 a
2189 3881 2334 3930 quibus»
