2734 4342
433 239 502 276 ’ὀῗιθ

434 325 516 352 nam
547 321 618 348 non
661 309 796 345 violata
835 309 871 340 ct
907 301 1126 339 conculcata
1163 298 1376 344 frequenter
1413 295 1517 332 luit?

483 376 518 411 4.
547 371 636 409 Nam
657 370 756 415 leges
773 366 818 402 de
838 373 910 401 non
933 361 1090 410 jurarrdo
1108 357 1284 396 erubesco
1298 355 1462 404 proferre
1481 353 1517 390 in

436 435 610 478 medium,
629 441 699 468 non
713 429 833 466 solum
849 427 895 463 ob
911 425 1134 473 juramenta,
1153 420 1218 459 sed
1238 420 1347 458 etiam
1369 417 1415 455 ob
1434 427 1516 464 per-

432 498 524 546 juria
542 493 762 542 frequentia.
785 490 929 528 Etenim
955 487 986 526 si
1005 487 1144 534 jurare,
1166 484 1236 522 etsi
1254 493 1355 526 vere,
1379 480 1518 518 crimen

433 544 503 603 est,
529 565 567 596 et
592 555 764 605 praecepti
793 551 1060 602 praevaricatio,
1089 547 1288 596 perjurium
1317 544 1378 582 ubi
1407 553 1519 591 pone-

434 621 544 660 mus?
563 622 609 658 Et
622 621 652 657 si
673 619 710 657 id
725 617 822 667 quod
840 623 888 654 est
907 621 943 654 et
963 625 1033 651 non
1047 611 1191 651 excedit
1213 609 1358 659 (Matth.
1379 608 1416 646 5.
1437 605 1518 653 '57),

434 696 454 722 a
474 684 572 722 malo
596 689 666 727 est,
687 680 783 730 quod
803 679 870 716 hoc
885 677 994 715 etiam
1015 679 1224 722 exsuperat,
1242 683 1264 709 a
1280 681 1352 719 quo
1371 668 1519 708 tandem

433 746 529 784 erit?
546 744 683 782 Deinde
702 753 790 781 vero
815 742 867 779 ait
881 753 896 779 ε
919 739 959 778 Si
977 739 1051 788 quis
1069 745 1100 774 te
1127 735 1327 786 percusserit
1345 734 1381 771 in
1401 733 1521 770 dexte-

434 821 512 847 ram
543 807 739 851 maxillam,
768 810 926 842 ronverte
944 803 998 840 illi
1025 809 1057 838 et
1077 800 1249 837 alteram:
1269 804 1301 835 et
1326 798 1356 835 ei
1375 797 1434 845 qui
1451 795 1522 832 uult

433 880 545 909 tecum
557 871 694 920 judicio
712 868 930 912 contendere,
951 874 983 903 et
1011 865 1164 902 tunicam
1191 870 1288 899 tuam
1307 860 1439 902 tollere,
1469 859 1521 895 di-

433 937 530 972 mitte
549 936 579 971 ei
597 940 630 971 et
659 933 806 980 pallium
823 942 836 968 :
852 937 883 967 et
903 930 1106 978 quicumque
1133 932 1164 962 te
1183 923 1413 972 angar-iuuerit
1430 922 1524 958 mille

435 1009 571 1048 passus,
591 996 677 1032 unde
691 1007 769 1032 cum
787 993 848 1031 illo
863 1000 895 1030 et
914 993 998 1029 duo.
1021 989 1090 1037 Qui
1107 991 1226 1038 petita
1247 995 1292 1032 te,
1312 987 1358 1024 da
1375 987 1404 1022 ei
1423 996 1435 1022 :
1451 991 1484 1022 et
1502 996 1524 1021 a

435 1063 568 1100 volente
588 1060 739 1097 mutuari
757 1071 779 1096 ιι
801 1065 845 1100 te,
866 1069 908 1094 ne
936 1054 1102 1092 avertatis
1125 1052 1270 1104 (Matth.
1291 1051 1328 1089 5.
1351 1051 1412 1088 '59.
1443 1049 1520 1096 42).

435 1124 529 1170 Quid
551 1124 595 1160 ad
617 1123 696 1159 tunc
726 1121 796 1158 dici
825 1118 974 1168 potest?
992 1118 1064 1154 Pro
1093 1115 1247 1164 singulis
1274 1113 1372 1152 enim
1404 1111 1524 1160 hujus-

437 1187 534 1223 rnndi
559 1185 668 1222 dictis
692 1189 806 1221 restat
823 1183 942 1219 solum
973 1186 1012 1216 ut
1030 1179 1198 1222 ﬂeamus,
1225 1182 1262 1215 et
1290 1175 1430 1224 pudore
1449 1173 1526 1211 suf-

437 1249 634 1286 l'undamnr
655 1259 664 1284 :
686 1247 736 1283 ita
757 1256 801 1282 ex
819 1244 1000 1282 diametro
1027 1241 1231 1290 oppositam
1258 1239 1354 1276 viam
1385 1242 1525 1275 sectan-

436 1319 504 1355 tes,
532 1309 694 1357 jurliciis,
727 1307 871 1355 pugnis,
904 1305 1028 1343 litibus
1062 1310 1099 1340 et
1128 1303 1220 1340 rixis
1248 1311 1356 1338 omne
1383 1306 1525 1347 tempus

437 1377 680 1416 insumentes,
707 1383 752 1408 ne
772 1370 959 1407 minimam
979 1367 1124 1415 quidem
1141 1371 1204 1403 aut
1224 1375 1343 1402 rerum
1363 1370 1427 1400 aut
1445 1372 1528 1400 ver-

437 1438 566 1474 borum
596 1434 803 1472 molestiam
829 1432 1045 1475 toleramus,
1077 1428 1140 1466 sed
1163 1427 1220 1465 vel
1246 1437 1314 1473 pro
1331 1425 1526 1464 levissimis

437 1498 650 1537 ferocirnus.
1089 1488 1095 1494 '

486 1559 709 1609 Evttngelicte
743 1558 822 1595 vita:
851 1555 1028 1604 perfectio.
1054 1573 1104 1582 ——
1131 1552 1236 1598 Quod
1269 1551 1298 1589 si
1335 1550 1527 1600 quospiam

437 1623 602 1672 proferre
625 1621 757 1670 possis,
789 1619 852 1668 qui
890 1619 1002 1656 multa
1030 1616 1252 1666 pauperibus
1271 1615 1470 1662 erogarint,
1491 1619 1529 1652 et

439 1694 565 1732 postea
597 1683 821 1732 paupertatis
853 1691 962 1720 causa
995 1681 1031 1718 in
1062 1684 1310 1726 contemptum
1346 1677 1526 1721 venerint,

438 1748 703 1792 innumeraque
722 1744 815 1780 mala
839 1742 1003 1790 perpessi
1028 1742 1114 1786 sint,
1138 1750 1274 1788 paucos
1301 1739 1528 1777 rarissimus-

438 1817 510 1854 que
537 1805 627 1843 tales
657 1804 892 1846 numerabis;
917 1809 1075 1839 attamen
1110 1801 1262 1846 nullum,
1291 1802 1435 1848 qualem
1469 1801 1528 1839 hic

438 1868 694 1912 describimus,
712 1865 969 1915 philosophum
987 1863 1158 1901 ostendes
1177 1875 1187 1900 :
1205 1863 1284 1900 lrarc
1303 1863 1437 1910 quippe
1455 1863 1526 1899 vita

441 1932 546 1979 longe
574 1929 688 1977 magis
714 1939 822 1976 quam
856 1927 916 1964 illa
941 1925 1140 1974 spiritualis
1163 1931 1242 1976 pst.
1277 1925 1402 1972 Neque
1429 1925 1528 1962 enim

440 1993 580 2041 arquato
601 1997 658 2029 est
686 1997 815 2038 sponte
840 1989 978 2036 largiri,
999 1994 1035 2025 et
1052 1987 1221 2024 omnibus
1246 1987 1440 2034 spoliatum
1461 1997 1526 2034 pa-

443 2056 576 2092 tienter
592 2054 702 2091 ferre.
725 2051 859 2100 Ecquid
879 2051 962 2088 dico
989 2050 1109 2088 ferre?
1131 2060 1214 2086 nam
1232 2049 1329 2096 quod
1359 2049 1528 2087 Christus

440 2117 532 2155 dixit
545 2117 613 2154 hoc
628 2116 736 2163 longe
757 2113 989 2162 pratstantius
1007 2119 1088 2150 est:
1111 2111 1288 2160 siquidem
1310 2122 1432 2150 sermo
1450 2112 1528 2160 ejus

443 2180 614 2216 laesorum
635 2178 776 2214 animos
805 2177 852 2213 ab
870 2177 922 2212 ira
951 2180 1079 2213 contra
1097 2174 1275 2212 trudentes
1296 2184 1412 2222 usque
1435 2174 1529 2212 adeo

442 2241 587 2283 avertit,
619 2245 748 2276 utnon
780 2237 888 2275 modo
908 2237 955 2275 de
976 2238 1090 2284 raptis
1117 2237 1292 2284 conqueri
1313 2247 1384 2274 non
1415 2237 1526 2282 sinat,

443 2303 508 2341 sed
523 2303 632 2340 etiam
648 2312 705 2345 ea,
727 2311 809 2348 qua:
830 2301 954 2338 relicta
974 2306 1073 2345 sunt,
1093 2306 1225 2346 sponte
1243 2299 1376 2337 ollerre
1387 2299 1526 2347 jrrbeat,

442 2371 480 2404 et
503 2365 677 2412 majorem
707 2363 752 2400 ad
781 2363 876 2400 mala
907 2361 1054 2400 ferenda
1083 2362 1306 2399 alacritatem
1339 2362 1528 2410 exhibere,

442 2439 551 2476 quam
575 2427 623 2464 illi
642 2426 686 2464 ad
709 2425 895 2462 inferenda
917 2425 1110 2462 insaniam.
1126 2424 1217 2461 Nam
1236 2434 1317 2462 cum
1337 2425 1369 2462 is
1383 2425 1444 2473 qui
1464 2426 1530 2462 lie-

443 2493 534 2530 dere
551 2492 642 2538 vult,
670 2501 753 2528 eum
772 2501 880 2538 quem
903 2489 1000 2526 laadit
1020 2489 1240 2538 paratiorem
1257 2489 1301 2526 ad
1320 2489 1530 2537 patiendum

445 2555 596 2598 invenit,
628 2563 739 2602 quam
770 2553 830 2590 ille
861 2552 1041 2598 voluerat,
1075 2557 1112 2589 et
1145 2551 1532 2600 postquam‘implevit

446 2615 779 2664 concupiscentiam
797 2625 915 2659 suam,
935 2625 1018 2651 eum
1035 2624 1144 2662 quem
1170 2614 1328 2659 lzcscrat,
1347 2623 1393 2651 ex
1413 2614 1529 2651 abun-

446 2680 546 2716 danti
575 2678 675 2715 videt
703 2677 748 2714 ad
778 2677 848 2714 alia
881 2676 1049 2724 patienda
1088 2677 1310 2724 promerem,
1339 2684 1532 2725 superatus

445 2744 622 2787 discedit,
663 2742 710 2780 de
751 2741 953 2780 tolerantiae
997 2740 1246 2788 magnitudine
1279 2740 1528 2786 erubescens,

447 2807 614 2855 quamvis
645 2805 734 2851 fera,
767 2804 934 2852 quamvis
963 2803 1159 2840 immanius
1191 2803 1377 2851 quidpiam
1407 2802 1530 2848 fuerit,

449 2869 674 2908 moderatior
699 2867 844 2906 tandem
875 2867 1020 2911 evadet,
1045 2874 1238 2915 conspecta
1266 2875 1342 2905 tum
1371 2868 1530 2915 nequitia

448 2943 528 2976 sua,
547 2938 622 2968 turn
653 2931 749 2968 illius
775 2931 908 2968 virtute
928 2940 992 2977 per
1012 2930 1142 2967 laetam
1176 2932 1364 2979 utriusque
1391 2941 1534 2978 compa-

448 2995 642 3032 rationem.
680 2993 782 3030 llane
813 3003 880 3040 ego
914 3003 1010 3029 nunc
1034 3000 1168 3040 'quaero
1205 2995 1314 3031 vitam
1350 3005 1458 3042 quam
1495 2996 1532 3031 in

448 3057 648 3104 Scripturis
678 3063 817 3092 tantum
846 3056 1068 3103 propositam
1092 3057 1210 3102 video,
1233 3057 1318 3095 alibi
1336 3068 1424 3095 vero
1442 3068 1532 3106 ope-

447 3121 548 3158 ribus
566 3120 766 3157 exlribitam
788 3129 982 3166 nusquam.
1004 3119 1078 3157 Nec
1096 3121 1186 3158 mihi
1203 3121 1303 3160 dicas
1325 3123 1532 3170 quempiam

449 3182 575 3218 ltcsum
601 3181 783 3228 patienter
812 3181 960 3224 tulisse;
993 3181 1029 3218 id
1055 3183 1152 3219 enim
1174 3184 1291 3230 potuit
1309 3183 1452 3221 defectu
1482 3183 1534 3221 vi-

449 3243 542 3278 rium
557 3243 784 3290 contingere.
805 3242 869 3280 Sin
893 3243 1003 3280 etiam
1022 3254 1104 3281 cum
1129 3246 1344 3293 aequalibus,
1367 3257 1458 3294 quos
1481 3247 1534 3284 ul-

447 3303 534 3340 uisci
561 3309 715 3350 poterat,
749 3303 784 3340 id
813 3304 1032 3351 exhibuerit,
1063 3312 1102 3344 at
1130 3319 1203 3345 non
1235 3319 1280 3346 eo
1305 3319 1420 3356 usque
1447 3319 1533 3356 pro-

450 3367 574 3411 cessit,
608 3371 648 3402 ut
673 3367 754 3413 ejus
784 3370 1118 3416 concupiscentiam
1146 3378 1353 3420 superaret,
1389 3378 1426 3410 et
1453 3372 1534 3419 plus

449 3437 558 3473 quam
577 3427 690 3464 vellet
709 3427 828 3474 daret,
846 3433 1253 3482 magnanimitaternque
1267 3445 1383 3479 suam,
1401 3441 1534 3482 praeter

451 3495 554 3536 rapta
585 3490 719 3528 additis
736 3491 894 3531 libenter
915 3496 1010 3542 aliis,
1037 3499 1261 3536 ostenderet.
1280 3498 1385 3543 Quod
1411 3505 1532 3534 autem

451 3551 511 3622 his
526 3552 634 3602 longe
653 3556 820 3622 superius
837 3564 906 3603 est,
925 3558 971 3596 ad
987 3560 1178 3610 ipsrrrnque
1199 3563 1374 3600 verticem
1395 3561 1534 3610 pertin-

449 3618 516 3662 git,
543 3626 609 3654 eus
627 3618 690 3665 qui
718 3619 801 3656 talia
822 3628 946 3668 agunt,
969 3629 1006 3660 et
1025 3625 1102 3661 sive
1127 3624 1164 3662 in
1185 3626 1363 3672 pecuniis,
1393 3625 1469 3662 sive
1497 3625 1532 3661 in

450 3679 680 3728 corporibus,
718 3681 874 3731 aliisque
906 3685 1076 3724 omnibus
1105 3687 1366 3724 documentum
1399 3687 1535 3734 impor-

453 3747 546 3786 tant,
574 3743 610 3780 in
642 3744 858 3790 amicorum,
889 3747 964 3785 imo
983 3750 1183 3786 amicorum
1201 3751 1440 3797 genuinorum
1468 3761 1536 3786 ntr-

452 3813 554 3840 rnero
573 3807 797 3846 constituere
817 3809 926 3856 jussit
941 3810 1120 3848 Christus.
1141 3812 1232 3849 Nam
1251 3813 1352 3858 dicit,
1379 3813 1534 3860 rapienti

453 3869 490 3928 pl
517 3865 696 3906 aulerenti
727 3879 774 3908 ne
801 3872 919 3910 solunr
948 3873 1044 3911 dona
1073 3874 1143 3911 alia
1174 3874 1300 3917 addas,
1336 3875 1400 3912 sed
1423 3876 1532 3913 etiam

453 3933 569 3969 litium
590 3929 914 3974 vehementissimo
943 3941 981 3974 et
1005 3936 1150 3974 sincero
1169 3947 1292 3974 amore
1311 3936 1432 3987 dilige.
1454 3939 1532 3980 lloc

887 225 924 261 S.
951 219 1142 259 JOANNlS
1169 212 1527 254 ειιιιγδοδτολιιέ

1595 211 1731 250 IlilEP.
1757 209 2119 250 CONSTANTINOP.
2528 223 2575 259 ιω

1593 299 1702 332 sane,
1723 288 1794 326 hoc
1809 287 1994 326 declarare
2021 297 2102 324 eum
2121 287 2242 333 vellet,
2265 289 2311 326 ait
2335 302 2342 326 :
2366 290 2454 330 Orate
2474 307 2522 342 pro
2541 310 2580 333 τη.

1593 351 1838 389 luntniantibns
1849 361 1907 387 uos
1923 349 2022 399 (Luc.
2040 349 2075 387 6.
2087 349 2148 399 28)
2168 363 2176 387 :
2193 351 2282 398 quod
2301 363 2358 400 pro
2375 355 2446 392 solis
2459 356 2504 402 iis,
2515 370 2579 406 quos

1593 414 1788 452 admodum
1805 414 2002 461 diligimus,
2035 415 2150 451 facere
2172 415 2333 454 solemus.
2359 417 2406 454 Ne
2426 430 2496 458 vero
2508 431 2579 469 putes

1595 479 1677 517 hac
1692 479 1802 516 verba
1822 477 2054 526 hyperbolice
2073 476 2164 514 dicta
2185 477 2301 522 fuisse,
2321 490 2403 517 neve
2420 481 2577 524 diabolicam

1595 542 1744 578 Leucas
1771 539 1965 582 fallaciam,
1990 539 2162 576 rationem
2183 545 2217 576 et
2233 550 2366 578 causam
2381 551 2578 591 congruentem
2636 551 2643 560 '

1599 602 1698 640 dfert
1714 601 1770 638 his
1784 603 1906 639 verbis
1926 613 1936 637 :
1957 600 1997 638 Si
2016 601 2103 636 enim
2128 601 2304 638 dilexeritis
2323 613 2386 648 eos,
2403 606 2453 651 qui
2469 608 2574 644 uocdili-

1593 673 1694 713 υιηι,
1733 677 1836 714 quam
1867 663 2052 700 mercedem
2080 663 2228 700 habetis?
2255 675 2358 701 nonne
2383 666 2522 714 publicani
2540 671 2572 705 it-

1595 740 1708 775 ipsum
1727 727 1881 776 faciunt?
1902 725 1944 762 Et
1969 725 1998 762 si
2017 725 2162 773 amplexi
2180 725 2302 774 fueritis
2320 737 2385 770 eos,
2401 727 2449 774 qui
2472 739 2572 766 vorm.

1597 793 1804 837 plectuntur,
1826 790 1909 838 quid
1929 789 2075 837 amplius
2094 789 2230 837 facitis?
2248 800 2350 826 nonne
2374 796 2402 826 et
2425 791 2522 827 ethnici
2538 794 2576 829 hoc

1597 855 1728 902 faciunt
1749 853 1850 903 (Luc.
1871 853 1907 890 6.
1929 852 2018 901 52)?
2045 852 2130 889 Cum
2159 852 2260 899 igitur
2275 863 2296 888 ε
2313 853 2494 900 publicanis,
2509 861 2576 901 atque

1593 917 1753 956 ethnicis
1773 916 1862 954 nihil
1887 916 1954 952 hac
1979 915 2013 952 in
2032 926 2072 952 re
2088 914 2300 960 dill‘eramus,
2317 915 2501 962 quomodoa
2515 917 2574 955 luctu

1594 987 1634 1018 et
1651 990 1671 1016 a
1693 978 1862 1028 lacrymis
1877 977 2142 1025 temperemus?
2157 976 2225 1014 Sed
2242 977 2366 1013 utinam
2380 977 2440 1014 hoc
2449 977 2575 1016 dumtaxat

1597 1043 1734 1086 malum
1752 1041 1898 1079 adesset
1915 1053 1925 1079 :
1945 1050 2041 1078 nunc
2054 1040 2148 1077 enim
2166 1045 2296 1076 tantum
2315 1039 2406 1077 abest
2422 1045 2455 1076 ut
2467 1040 2574 1078 inimica

1595 1105 1802 1154 diligamus,
1829 1111 1869 1141 ut
1887 1104 1995 1141 etiam
2027 1113 2090 1140 eos
2108 1103 2166 1150 qui
2195 1113 2258 1140 nos
2283 1102 2419 1150 diligunt
2433 1109 2573 1140 aversetur

1595 1175 1636 1206 et
1648 1168 1734 1205 odio
1749 1167 1962 1204 habeamus.
1977 1165 2139 1203 Invidere
2151 1175 2298 1212 namque
2311 1164 2388 1208 illis,
2401 1164 2498 1200 verbis
2510 1171 2574 1210 atque

1597 1232 1710 1280 gestis
1727 1230 1862 1268 nostris
1884 1229 2036 1277 gloriam
2055 1234 2092 1265 et
2117 1227 2240 1264 lautam
2265 1227 2330 1263 illis
2349 1225 2480 1270 auferre,
2495 1225 2570 1262 odim

1600 1295 1690 1332 tium
1716 1299 1753 1331 et
1773 1293 2016 1330 aversantium
2041 1298 2110 1328 est.
2128 1289 2178 1326 Ita
2197 1300 2265 1326 non
2293 1289 2398 1325 solum
2417 1288 2455 1324 ab
2477 1287 2574 1324 ethnici:

1599 1357 1688 1395 nihil
1708 1356 1924 1400 dill‘erimus,
1947 1353 2010 1392 sed
2028 1363 2068 1389 ea
2103 1353 2136 1389 in
2163 1362 2202 1389 re
2221 1351 2319 1398 longe
2336 1350 2443 1398 pejure
2458 1359 2534 1396 quam
2545 1349 2574 1384 illi

1599 1421 1733 1458 allectu
1747 1429 1887 1456 sumus.
1915 1419 1969 1454 Ae
1985 1416 2146 1454 Christus
2160 1413 2296 1462 quidem
2309 1402 2374 1460 pro
2395 1410 2576 1448 calumnianti-

1601 1484 1669 1520 bus
1697 1492 1803 1519 orare
1825 1481 1948 1528 jussit,
1977 1490 2043 1516 nos
2067 1484 2184 1515 autem
2203 1476 2300 1513 dolos
2322 1474 2538 1514 concinnamus,
2557 1477 2579 1507 et

1599 1544 1900 1582 maledicentihus
1922 1541 2135 1580 benedicere
2157 1539 2258 1588 jussi,
2287 1536 2420 1575 eosdem
2444 1533 2578 1572 innumeris

1600 1607 1805 1644 maledictis
1821 1615 2028 1644 oneramus.

1655 1670 1753 1706 Vana
1768 1669 1880 1718 gloria
1899 1668 1988 1705 bona
2007 1677 2109 1714 opera
2128 1663 2258 1702 inutilia
2279 1662 2392 1700 reddit.
2409 1679 2450 1688 —-
2462 1659 2529 1705 Quid
2539 1657 2580 1694 hac

1598 1735 1783 1772 contraria
1803 1732 1934 1781 agendi
1963 1733 2103 1768 ratione
2133 1727 2378 1770 vehementius,
2397 1723 2469 1772 quid
2488 1720 2582 1769 gravius

1600 1797 1670 1834 hac
1700 1807 1844 1846 pugna,
1878 1805 1946 1843 qua
1981 1799 2104 1831 contra
2141 1791 2368 1839 legislatorem
2393 1786 2582 1824 decertamus.

1600 1860 1770 1897 omnibus
1804 1859 1881 1906 ejus
1901 1856 2088 1906 przcceptis
2106 1853 2244 1892 adversi
2271 1849 2415 1888 stantes?
2437 1847 2506 1884 Nam
2520 1853 2585 1879 varie

1599 1922 1724 1970 gloria:
1755 1905 2000 1970 tyrannidem,
2036 1927 2141 1966 quam
2171 1917 2246 1964 ipse
2275 1911 2478 1960 sequentibus
2505 1905 2586 1944 verbis

1600 1985 1768 2028 destruit,
1785 1993 1851 2021 nos
1865 1983 2044 2026 auximus,
2061 1980 2145 2017 dum
2163 1988 2239 2016 eam
2257 1971 2324 2013 non
2337 1975 2369 2012 in
2388 1980 2491 2020 preces
2504 1966 2586 2005 modo.

1595 2048 1734 2096 jejunia
1763 2054 1799 2085 et
1829 2047 2096 2091 eleemosynas,
2125 2041 2186 2080 sed
2215 2041 2250 2078 in
2277 2039 2342 2076 alia
2365 2043 2485 2084 quoque
2507 2029 2587 2068 omnia

1601 2095 1835 2155 induximus,
1869 2110 1975 2156 eique
2005 2107 2084 2155 plus
2120 2115 2224 2152 quam
2253 2101 2344 2140 servi
2377 2100 2388 2121 ³
2408 2095 2587 2156 quilibet

1600 2173 1814 2220 subjiciruus
1831 2184 1839 2208 :
1859 2181 1967 2220 quam
1985 2180 2076 2216 rem,
2103 2167 2196 2216 quod
2216 2163 2390 2203 manifesta
2407 2158 2537 2197 omnibus
2549 2154 2587 2194 sit.

1601 2243 1797 2284 praetereo,
1831 2235 1900 2272 hoc
1925 2234 2081 2282 adjecto,
2111 2240 2235 2278 nempe
2263 2239 2305 2266 ex
2331 2222 2502 2262 hominibus
2519 2217 2587 2284 alios.

1601 2306 1793 2348 postquam
1820 2277 1984 2336 extremo
2007 2277 2222 2342 contemptui
2248 2301 2286 2329 se
2313 2286 2505 2326 dediderunt,
2527 2277 2588 2348 nulli

1601 2370 1784 2412 praecepta
1801 2373 1956 2403 curare;
1976 2361 2067 2398 alios
2085 2369 2171 2396 lvero
2190 2355 2352 2402 tantisper
2369 2347 2492 2394 obsequi
2505 2343 2587 2412 t0.le

1603 2403 1671 2471 les,
1701 2403 1738 2464 et
1756 2426 1875 2473 aliqua
1905 2433 2051 2462 servare
2069 2425 2240 2470 przecepta
2269 2415 2446 2454 studentes,
2463 2409 2492 2444 in
2517 2403 2587 2473 idet".

1601 2496 1711 2538 atque
1731 2490 1798 2534 illi,
1813 2489 2069 2526 detrimentum
2099 2466 2217 2528 ruere,
2235 2479 2324 2529 quod
2339 2477 2438 2515 nolint
2453 2479 2531 2508 vana:
2541 2466 2587 2514 8'?

1601 2535 1666 2591 riae
1695 2553 1838 2590 vincula
1869 2552 2066 2600 deponere.
2097 2549 2142 2586 Et
2173 2546 2262 2584 alius
2291 2540 2420 2591 quidem
2445 2535 2588 2573 nulla“!nui

1603 2618 1872 2666 eleemosyuam
1891 2621 2030 2664 erogat,
2049 2613 2109 2662 qui
2133 2617 2247 2650 autem
2267 2605 2378 2656 egenis
2395 2606 2513 2639 suorum
2525 2601 2588 2666 qum-

1603 2681 1685 2717 rlaru
1709 2681 1870 2728 largitur,
1891 2678 1958 2716 sed
1976 2687 2066 2714 vana
2084 2679 2265 2724 perruotus
2281 2667 2394 2717 gloria,
2415 2671 2474 2728 non
2489 2655 2589 2728 melius

1603 2721 1812 2780 conditione
1838 2721 1908 2783 est,
1934 2749 2042 2788 quam
2069 2721 2100 2775 is
2128 2735 2187 2784 qui
2217 2732 2302 2771 nihil
2325 2727 2424 2766 dedit.
2444 2722 2498 2788 Sic‘
2509 2721 2590 2788 01"."?

1603 2806 1765 2853 undique
1795 2805 1830 2842 in
1857 2805 2008 2852 laqueos
2032 2811 2117 2839 suos
2143 2797 2261 2846 injecit
2288 2791 2457 2838 malignus.
2479 2778 2590 2853 Qt'Odi'

1603 2869 1684 2916 quis
1710 2867 1780 2904 hoe
1800 2867 2058 2904 detrimentum
2076 2864 2188 2900 vitare
2208 2858 2326 2908 Ροεδίίν
2353 2849 2490 2916 amomi“.
2506 2846 2590 2916 iam?

1603 2938 1806 2978 εοπεριυε,
1838 2931 1874 2968 in
1902 2929 2068 2968 eamdem
2088 2926 2225 2964 ruinam
2247 2919 2380 2961 incidet,
2401 2915 2462 2951 imo
2484 2910 2510 2944 in
2524 2905 2591 2978 Ilotae

1603 2993 1838 3041 graviorem:
1861 3003 1933 3029 non
1965 2991 2082 3028 solum
2113 2987 2222 3028 enim,
2252 2989 2288 3020 ut
2313 2987 2402 3020 ante,
2431 2966 2591 3041 cum

1605 3026 1807 3041 σφω-.--
1829 3026 1837 3030 -
1967 3026 1980 3028 -
2215 3026 2220 3028 .

1605 3062 1728 3092 mento
1745 3055 1898 3098 recedit,
1921 3054 1986 3092 sed
2017 3061 2110 3090 novo
2127 3049 2232 3088 etiam
2250 3044 2388 3082 allectus
2404 3036 2492 3076 malo.
2508 3026 2592 3098 Multa:

1605 3127 1673 3165 ego
1702 3117 1800 3160 novi,
1835 3117 1896 3164 qui
1921 3126 1992 3153 non
2021 3114 2078 3151 his
2107 3112 2218 3150 solum
2247 3105 2357 3145 causis
2381 3101 2580 3165 ducuntuhw:

1605 3190 1731 3217 amore
1761 3179 1870 3216 etiarn
1891 3179 1948 3214 vel
1965 3175 2178 3218 reverentia,
2199 3171 2319 3208 aliisve
2337 3155 2593 3218 similibusregcnls

1605 3247 1710 3288 opem
1729 3248 1979 3288 procurantes,
2005 3249 2075 3275 non
2090 3243 2206 3274 autern
2223 3243 2266 3270 ex
2282 3229 2338 3267 Dei
2355 3226 2466 3263 timore
2479 3217 2594 3288 ampli:

1605 3272 1829 3350 ceptofCum
1850 3302 1970 3349 itaque
1985 3308 2038 3338 tot
2055 3294 2254 3346 lrujusmodi
2274 3292 2344 3329 sint.
2353 3296 2425 3350 qua“:

1606 3333 1724 3350 “Vr-v'
1743 3333 1829 3340 νι--η
1850 3333 1896 3338 σπ-
1927 3333 1969 3338 ..-
1985 3333 2037 3338 -πη
2056 3333 2155 3346 .-Ἷη
2363 3333 2372 3335 7
2518 3336 2524 3343 ι

1606 3365 1838 3408 Ῑθδθτπιεηῐ,
1858 3333 1939 3412 quis
1967 3375 2012 3401 ex
2040 3363 2098 3405 iis,
2122 3359 2182 3408 qui
2211 3357 2246 3394 in
2267 3354 2340 3391 huic
2366 3345 2445 3385 mala
2471 3333 2595 3377 incidunt.

1605 3428 1710 3466 facile
1731 3428 1862 3475 poterit
1882 3427 2034 3464 salutem
2055 3418 2247 3469 consequi?
2374 3474 2378 3475 γ
2475 3464 2498 3475 μ

1655 3456 1804 3530 δίνιῖιυιι
1824 3456 2227 3538 alim'iiiirlii'ii‘re
2241 3483 2251 3528 )
2266 3508 2275 3524 .
2293 3474 2421 3514 υίηιίίιε
2435 3464 2515 3538 Ml?
2523 3456 2596 3538 Ἦ

1655 3519 1692 3530 υ-
1713 3519 1804 3528 ..η-ι.
1824 3519 1944 3528 ηπ...
1966 3519 2108 3538 ν.-
2134 3519 2163 3522 -,
2188 3519 2195 3520 ,
2241 3519 2248 3528 ,
2268 3519 2274 3524 ,
2497 3526 2502 3533 _

1606 3562 1724 3592 nostra
1737 3583 1747 3600 ,
1768 3555 1857 3591 sicut
1872 3560 1902 3590 et
1919 3564 1982 3589 nos
1993 3549 2192 3587 dimittimus
2208 3538 2398 3581 debitoribus
2413 3519 2596 3600 maritim

1607 3586 1747 3600 ..-ψη
1769 3586 1855 3591 ---η
1873 3586 1901 3590 ,ν
2503 3586 2509 3593 ,

1607 3617 1776 3664 inquam,
1799 3616 1880 3664 quis
1897 3624 1979 3652 cum
2010 3610 2138 3648 ﬁducia
2169 3603 2286 3644 dicat?
2304 3586 2596 3664 Etiamsi

1608 3648 1776 3664 "“l"""'!
1828 3648 1878 3652 ---ν
1901 3648 1979 3652 --π-
2459 3653 2466 3660 ,
2575 3652 2579 3658 ,

1608 3680 1782 3718 lredamus
1801 3648 1974 3716 inimicos
1990 3705 2000 3722 ,
2028 3675 2171 3712 vulnus’
2184 3677 2298 3707 tamen
2324 3653 2497 3700 insanamle

1608 3707 1782 3718 ..νυ-...να
1808 3707 1974 3716 .........,..υ
1990 3707 2000 3722 ,
2037 3707 2154 3712 .-η-μ

1607 3753 1702 3781 mus.
1715 3743 1881 3781 Christus
1895 3751 1982 3778 vero
1995 3749 2066 3777 non
2081 3743 2120 3774 ut
2132 3737 2180 3773 ita
2194 3732 2304 3770 solum
2319 3723 2511 3764 dimittamus
2522 3707 2597 3799 alia:

2211 3795 2218 3799 -
2349 3796 2386 3799 ν..-
2395 3784 2512 3799 --.ιηιιις

1608 3767 1702 3781 Ιιιυδ-
1716 3767 1782 3781 Ulli
1793 3767 1881 3780 IIIqu
1900 3767 1981 3778 ιιι-ν
1997 3767 2066 3777 In."-
2083 3767 2120 3774 u-
2134 3767 2180 3773 ---
2195 3767 2242 3770 τήν

1607 3807 1673 3844 sed
1705 3811 1744 3843 ut
1771 3815 1836 3844 eos
1867 3805 1961 3842 inter
1991 3802 2126 3850 primos
2151 3795 2280 3834 amicos
2309 3767 2599 3850 nurncrlcmlrlf-

1608 3831 1673 3844 si...
1706 3831 1744 3843 ...
1771 3831 1836 3844 νυν
1993 3831 2126 3850 ru.--“
2504 3837 2510 3842 _

1608 3869 1752 3918 itaque,
1781 3876 1820 3906 ut
1847 3869 1947 3916 prius
1966 3865 2061 3908 dixi,
2092 3872 2154 3909 pro
2180 3860 2219 3896 iis
2237 3862 2335 3894 orare
2351 3844 2457 3898 jussit.
2481 3837 2510 3875 St
2530 3831 2600 3879 ροπο

1655 3951 1665 3971 ί
1692 3955 1772 3992 vox,
1791 3947 1894 3991 servi,
1910 3945 2007 3980 deest
2023 3944 2054 3976 in
2070 3941 2157 3975 Colb.
