2734 4342
209 175 272 214 601

209 254 296 292 nihil
315 254 459 302 quidem
492 254 616 297 tardas,
643 252 708 291 sed
725 251 933 296 averseris,
957 261 1026 289 nec
1046 251 1186 299 placide
1221 261 1280 288 re-

207 317 340 363 spicias
352 346 362 361 ,
378 319 578 365 vulnusque
590 317 628 353 i-n
641 316 763 354 animo
775 325 969 353 conserves
983 343 994 361 ,
1008 314 1170 352 nondum
1186 325 1278 362 pra!-

207 385 352 426 ceptum
387 386 606 426 exsequutus
645 389 714 424 es,
747 378 842 426 quod
875 378 1038 416 Christus
1069 377 1181 415 dedit.
1210 378 1283 415 Cur

209 450 298 487 ergo
320 441 435 478 Deum
457 441 512 485 iis,
533 441 593 488 qui
609 441 644 477 iu
662 447 698 478 te
719 441 962 488 peccaverint,
985 440 1180 488 propitium
1201 450 1282 478 esse

208 513 314 550 rogas
330 530 342 546 ,
357 513 438 540 cum
455 503 618 540 nondum
637 509 675 540 tu
697 503 784 550 ipsis
803 503 978 551 propitius
1002 503 1084 540 sis?
1103 503 1194 540 illud
1215 514 1282 539 au-

209 572 282 603 tem
309 567 465 604 irridens
491 567 637 615 quidam
668 567 872 614 sapientum
905 568 956 604 ait
977 579 986 604 :
1010 566 1122 603 Homo
1152 567 1282 602 homini

207 636 380 664 conservat
398 629 486 665 iram
503 658 512 674 ,
533 636 564 666 et
577 641 600 666 a
615 629 761 666 Domina
779 630 904 677 quierit
931 630 1098 666 medelam
1113 630 1131 666 .9
1150 630 1283 667 miseris

207 691 361 727 contioni
385 703 453 728 non
469 692 568 729 habet
593 703 674 740 erga
689 693 861 729 hominem
875 693 942 729 sibi
959 693 1125 740 arquatum
1141 719 1151 738 ,
1171 699 1202 728 et
1219 703 1282 740 pro

209 760 345 800 peccato
358 755 622 801 κυριωτέρων-Ρ
646 765 726 792 caro
743 765 821 792 cum
839 757 912 803 ipse
929 756 971 792 sit
988 781 998 800 ,
1020 763 1131 792 seruat
1161 756 1249 792 iram
1265 756 1282 792 Ρ

209 821 239 850 et
257 815 332 860 quis
361 815 600 862 propitiabitur
630 816 778 864 peccatis
804 817 879 863 ejus
901 816 1038 863 (Ecclt'.
1059 820 1122 858 28.
1157 816 1280 865 5—5)?

213 875 345 913 Vellem
364 877 436 923 jam
468 877 577 914 silere
599 885 638 914 et
667 879 849 916 sermonis
876 886 1023 915 cursum
1051 884 1180 916 srstere
1203 891 1212 914 :
1233 879 1281 916 ita

209 936 346 983 pudore
379 937 546 982 afﬁcior,
585 948 786 986 vereorque
817 939 966 976 ulterius
999 940 1164 987 progredi
1185 951 1194 977 :
1212 939 1282 978 hoc

209 999 467 1043 cnim-bellum,
488 999 584 1047 quod
603 1001 782 1037 movimus
797 1006 923 1038 contra
939 1009 1116 1049 prmecpt-a
1130 1001 1280 1047 Christi,

210 1060 506 1108 inimicitiamque
542 1061 906 1107 irrcconciliabilcm,
941 1061 1076 1100 clarius
1107 1063 1174 1100 hoc
1203 1073 1279 1101 ser-

209 1131 315 1158 mone
333 1121 614 1159 demonstratur.
635 1122 707 1160 Sed
736 1123 820 1170 quid
851 1123 941 1160 lucri
975 1133 1020 1161 ex
1047 1125 1192 1162 silentio
1209 1135 1278 1162 no-

207 1191 307 1230 stro,
325 1186 435 1222 rebus
456 1185 542 1232 ipsis
569 1196 728 1234 pugnam
749 1186 848 1223 illam
875 1187 1127 1233 clamantibus,
1153 1193 1190 1225 et
1218 1188 1280 1224 illo

207 1248 266 1294 qui
283 1258 350 1284 nos
359 1248 583 1295 iudicaturus
599 1254 667 1294 est,
683 1249 803 1286 omnia
817 1249 1007 1296 perspicue
1023 1255 1279 1298 cognoscente,

207 1311 266 1348 vel
285 1319 368 1348 ante
385 1322 505 1348 rerum
529 1312 726 1348 eventum?
743 1311 969 1359 Praeceptum
993 1313 1080 1349 illud
1105 1320 1182 1350 non
1199 1313 1281 1352 tite-

206 1373 410 1410 saurizandi
432 1375 466 1410 in
496 1380 614 1418 terra,
649 1373 713 1412 sed
745 1374 782 1411 in
802 1374 914 1419 οςῡιο,
951 1375 1093 1412 etiamsi
1121 1385 1278 1424 paucos,

206 1435 537 1473 nonnullos'tamcn
555 1435 716 1483 reperias
731 1463 740 1480 ,
759 1436 820 1484 qui
837 1443 1005 1475 accurate
1028 1438 1279 1476 custoditn'int.

206 1495 294 1532 Nam
305 1497 426 1534 caeteri
439 1496 580 1543 omnes,
593 1507 637 1536 ac
645 1498 674 1534 si
683 1499 906 1535 contrarium
919 1505 1067 1546 prorsus
1079 1500 1279 1546 audissent,

203 1555 366 1602 jnssique
384 1564 508 1594 essent
523 1558 558 1594 in
578 1564 671 1595 terra
688 1559 934 1597 thesaurizare
948 1587 958 1606 ,
990 1561 1141 1599 dimisso
1159 1562 1250 1598 creto
1269 1591 1278 1607 ,

207 1621 358 1656 terrenis
370 1620 538 1658 omnibus
549 1631 696 1668 prorsus
707 1621 908 1668 adfuerunt,
921 1629 958 1660 et
971 1623 1098 1660 hisano
1111 1625 1280 1670 pecunias

204 1681 396 1728 col-ligendi
423 1682 544 1718 studio
563 1689 743 1727 tenentur,
765 1684 951 1732 Deumque
969 1685 1052 1722 odio
1073 1685 1249 1722 habentes
1266 1714 1276 1729 ,

202 1749 406 1779 mamonam
425 1743 577 1791 diligunt
596 1756 606 1781 :
624 1745 710 1782 illud
732 1752 850 1782 autem
865 1774 874 1789 ,
909 1745 970 1782 Ne
991 1747 1128 1784 solliciti
1144 1747 1218 1784 sitis
1236 1748 1279 1784 de

201 1804 349 1840 crastino
369 1805 380 1824 ¹
411 1804 553 1852 (litauit.
575 1805 610 1842 6.
635 1805 721 1854 54),
745 1807 927 1844 neminem
958 1808 1014 1844 vel
1043 1808 1187 1846 audisse
1219 1809 1275 1846 vel

200 1866 406 1912 amplexum
439 1875 522 1904 esse
554 1867 637 1904 novi
670 1868 718 1905 ob
759 1869 842 1906 ﬁdei
872 1875 1006 1906 nostra:
1046 1872 1271 1909 tenuitatem.

198 1926 422 1975 Quapropter
451 1927 519 1965 hoc
549 1937 769 1976 prmceptum
801 1939 874 1978 prae
909 1931 1046 1978 pudore
1066 1933 1273 1979 praeteribo.

198 1987 392 2034 Oportebat
411 1989 556 2027 Christo
575 2001 654 2028 eam
674 1991 888 2029 sententiam
906 1993 1120 2040 simpliciter
1143 1994 1272 2032 ferenti

197 2049 302 2086 ﬁdem
324 2049 480 2096 habere;
501 2063 598 2090 nunc
615 2060 756 2098 autem,
779 2055 864 2091 licet
881 2055 1011 2092 invicta
1033 2057 1220 2094 ratiocinia
1235 2064 1272 2096 et

195 2113 358 2160 exempla
377 2113 504 2152 afferat
520 2144 530 2160 ,
549 2116 669 2152 avium
687 2115 859 2154 videlicet
875 2123 910 2154 ct
930 2117 1016 2155 foeni
1032 2147 1042 2164 ,
1061 2119 1128 2166 ipsi
1150 2127 1270 2158 tamen

195 2184 266 2211 non
299 2174 506 2221 credimus;
544 2177 608 2215 sed
643 2179 950 2225 quemadmodum
986 2179 1054 2228 ipsi
1091 2183 1267 2230 gentiles,

194 2235 266 2272 imo
284 2235 439 2274 fortasse
460 2238 618 2276 timidius
635 2250 742 2287 quam
762 2240 814 2277 iiii
829 2270 838 2286 ,
860 2241 928 2279 etsi
944 2252 1009 2288 pro
1028 2242 1098 2280 illis
1130 2245 1270 2290 precari

195 2307 264 2334 n0n
278 2299 489 2346 inbuuntur,
512 2303 658 2338 omnem
682 2303 716 2338 in
739 2303 795 2340 his
816 2304 902 2351 ipsis
925 2305 1032 2342 rebus
1053 2305 1269 2344 sollicitudi-

195 2369 275 2397 nem
305 2361 560 2408 impendinms.
583 2363 659 2400 Hoc
692 2364 825 2412 igitur,
855 2372 893 2402 ut
919 2365 1016 2411 dixi,
1049 2375 1273 2416 prmeeptum‘

193 2431 274 2458 cum
295 2425 428 2462 rubore
445 2426 640 2473 praeteribo
655 2455 665 2472 ,
689 2434 726 2464 ct
753 2427 798 2464 ad
831 2429 1018 2476 sequentia
1044 2439 1190 2478 pergam
1205 2460 1215 2476 ,
1237 2433 1268 2469 si

195 2483 287 2522 forte
321 2497 385 2533 pro
415 2488 622 2535 hujus-modi
657 2490 795 2537 pudore
823 2491 978 2539 aliquam
999 2522 1009 2538 ,
1033 2494 1087 2532 vel
1121 2497 1266 2532 tenuem

195 2547 476 2586 consolationem
497 2551 688 2597 reperiatur.
705 2552 797 2598 Quid
813 2564 898 2601 ergo
913 2554 1001 2592 dicit
1019 2561 1142 2603 postea
1157 2553 1174 2593 ?
1191 2555 1270 2594 No-

197 2607 253 2642 lite
265 2609 444 2655 judicare,
472 2619 508 2648 ut
526 2624 596 2649 non
623 2615 827 2661 judicentini
845 2615 990 2664 (Matth.
1011 2620 1046 2656 7.
1070 2619 1119 2668 i
1148 2619 1266 2658 ‘Puta-

196 2667 278 2706 bam
295 2669 360 2718 ego
379 2671 441 2708 hic
463 2683 520 2710 me
547 2673 702 2722 aliquam
723 2678 870 2724 pudoris
889 2681 1178 2720 consolationem
1206 2693 1266 2722 re-

196 2735 380 2778 perturum
397 2743 476 2770 esse
493 2745 502 2778 ;
533 2735 596 2772 sed
616 2737 719 2774 video
736 2739 896 2786 ejusdem
919 2743 1064 2789 pudoris
1081 2747 1265 2784 accessio-

196 2801 278 2829 nem
300 2804 371 2830 non
393 2795 592 2834 minimam.
613 2799 754 2837 Etenim
775 2803 914 2840 etiamsi
941 2804 1030 2844 nihil
1049 2806 1149 2845 aliud
1180 2805 1266 2847 mali

195 2853 404 2892 fecissemus
420 2885 429 2901 ,
445 2858 501 2895 vel
525 2859 591 2896 hoc
609 2867 719 2898 unum
741 2870 864 2909 posset
895 2875 962 2903 nos
993 2865 1029 2905 in
1061 2877 1267 2910 exireinam

193 2915 394 2962 gehennam
412 2919 613 2966 abducere;
645 2923 694 2960 ita
723 2924 862 2963 scilicet
891 2928 1092 2968 alienorum
1113 2931 1266 2971 delicto-

195 2988 273 3015 rum
305 2981 424 3018 acerbi
450 2981 590 3030 judices
621 2987 814 3034 sedemus,
849 2990 932 3028 dum
967 2995 1084 3032 trabes
1121 3005 1266 3036 nostras

195 3041 410 3091 deSpicimus
434 3059 442 3082 :
463 3054 570 3096 atque
601 3050 636 3088 in
657 3051 786 3090 alienis
818 3055 959 3094 curiose
977 3057 1202 3106 inquirendis
1229 3067 1266 3100 et

192 3103 404 3144 damnandis
425 3115 496 3146 tota
516 3111 589 3149 vita
612 3115 837 3152 consumitur
852 3115 987 3156 nostra.
1007 3103 1060 3158 Ae
1081 3123 1262 3162 nemiuem

193 3164 298 3204 facile
328 3167 510 3216 invenias,
543 3183 611 3210 nec
642 3176 852 3214 saecularem
874 3180 1012 3227 virum,
1046 3194 1112 3220 nec
1137 3196 1263 3223 mona-

192 3226 384 3272 chum,ncc
395 3231 562 3272 clericum
573 3235 650 3282 ’,ιώ
662 3236 731 3274 hac
741 3240 796 3276 cui
801 3249 844 3288 pa
856 3226 1007 3280 liberum
1017 3257 1024 3280 :
1035 3247 1176 3284 etiamsi
1188 3253 1260 3286 tan-

194 3295 227 3324 ta
249 3291 477 3330 comminatio
496 3296 657 3344 adjacent
676 3311 686 3336 :
708 3299 752 3336 1η
770 3313 836 3348 quo
864 3305 953 3341 em'm
973 3307 1108 3354 judicio
1122 3310 1263 3358 judica-

194 3353 307 3389 ueritis
327 3381 336 3398 ,
365 3355 628 3408 judicabimini,
687 3360 818 3411 inquit,
852 3373 884 3403 et
932 3353 981 3405 in?
1007 3383 1074 3420 qua
1103 3353 1262 3414 mensura

193 3415 300 3450 mensi
317 3416 466 3463 fueritis,
483 3423 673 3459 remetiatur
689 3425 780 3462 vobis
801 3425 943 3473 (Matth.
966 3431 1000 3468 7.
1015 3415 1074 3480 ἒ).
1091 3435 1260 3475 Attamen

192 3486 272 3513 cum
295 3477 362 3514 hoc
381 3484 566 3525 peccatum
599 3489 733 3522 tantam
764 3497 942 3527 annexam
976 3477 1142 3542 plenam,
1179 3500 1262 3536 nul-

193 3539 334 3588 lamque
368 3543 589 3589 voluptatem
627 3546 779 3595 habeat,
814 3563 942 3590 omnes
973 3555 1006 3592 in
1040 3557 1107 3596 hoc
1128 3562 1260 3601 malum

193 3602 396 3649 prmcipites
408 3605 599 3652 currimus,
614 3618 656 3646 ac
669 3610 698 3646 si
714 3611 748 3648 id
761 3613 1022 3661 studeamus,in
1033 3617 1100 3657 hoc
1110 3630 1260 3662 conten-

192 3662 321 3702 damus
334 3672 458 3704 utnon
471 3677 537 3715 per
547 3679 654 3707 unam
670 3671 802 3718 solum,
818 3675 880 3712 sed
895 3686 960 3724 per
976 3679 1107 3718 multas
1119 3693 1260 3734 quoque

230 3740 364 3789 {_Deest.
377 3743 419 3789 de
433 3744 638 3789 crastino,_in
653 3747 740 3783 Colb.
758 3753 826 3784 Mox
842 3751 924 3789 haec.
934 3754 974 3788 ob

185 3786 350 3823 unitatem,
366 3787 488 3820 desunt
502 3789 537 3821 in
551 3786 639 3822 Colb.
658 3795 694 3822 et
707 3791 742 3824 in
763 3791 871 3834 Savil.,
888 3786 948 3829 sed

185 3831 268 3857 nere
285 3826 446 3860 videntur.

225 3867 239 3887 ί
262 3867 378 3904 Verba.
390 3877 448 3902 nec
464 3868 632 3907 clericum.
646 3872 680 3904 in
693 3871 782 3906 Colb.
801 3880 836 3909 et
851 3878 944 3912 Savil.
958 3880 1088 3920 desum.

411 3924 589 3963 i'aTnOL.
623 3926 699 3968 (in.
735 3931 771 3971 Χ
782 3930 901 3976 LVII.

1033 3757 1069 3792 ῗρὶ
1078 3765 1199 3808 nostra
1213 3769 1260 3798 tc-

1018 3809 1141 3837 senem
1157 3809 1258 3848 perti-

803 173 862 212 οε
883 171 1261 219 COMPUNCTiONE,
1288 172 1350 211 AD
1377 172 1667 217 DEMETRIUM.
1697 176 1782 216 LIB.
1812 178 1839 216 Ι.

2357 184 2378 220 4
2387 184 2430 220 ὶῖἓ

1355 251 1432 288 vias
1442 251 1476 288 in
1488 252 1663 300 gehenna:
1670 256 1856 294 caminum
1868 257 2253 305 ingredianturﬁeque
2261 259 2380 296 solum
2394 261 2430 298 in

1355 322 1396 349 ea
1408 323 1488 361 quae
1497 313 1678 354 laboriosa
1689 327 1772 357 esse
1784 319 1962 366 videntur,
1970 321 2036 358 sed
2047 321 2156 360 etiam
2173 323 2184 344 ί
2195 323 2233 360 in
2245 323 2379 362 leviora
2389 325 2430 362 il—

1353 375 1398 412 lis
1413 375 1582 416 similiter
1594 379 1800 427 incidimus,
1815 389 1852 420 et
1867 383 1946 422 inec
1957 391 1994 422 et
2017 385 2078 423 illa
2099 386 2234 434 pariter
2251 394 2428 435 transgre-

1355 437 1496 476 dientes
1517 450 1528 474 :
1545 449 1588 478 ac
1604 451 1670 488 per
1687 441 1780 480 levia
1800 445 2024 484 ostendimus
2040 475 2050 492 ,
2071 459 2138 486 nos
2162 449 2364 488 difficilium
2385 452 2429 490 ot

1353 503 1616 548 contemptum,
1641 513 1712 540 non
1743 504 1791 542 ob
1805 509 2020 553 gravitatem
2051 519 2337 560 praeceptorum,
2359 525 2424 554 nor

1353 561 1544 608 perﬁcere.
1564 563 1670 610 Nam,
1691 566 1751 604 dic
1769 569 1858 605 mihi
1874 596 1884 614 ,
1907 571 1994 618 quid
2027 573 2162 611 laboris
2177 575 2271 614 inest
2289 577 2327 614 in
2357 585 2430 616 non

1353 621 1498 662 curiose
1516 627 1767 674 perquirendis
1785 631 1912 669 alienis
1929 635 2104 680 negotiis,
2124 643 2160 673 ct
2178 637 2213 674 in
2242 649 2312 676 non
2329 640 2432 678 dam-

1354 685 1486 723 nandis
1505 689 1752 734 proximorum
1779 692 1948 731 delictis?
1972 695 2107 734 Contra
2127 708 2215 736 vero
2249 700 2432 740 laboratur

1353 759 1442 786 sane
1463 750 1499 787 in
1530 752 1672 790 curiosa
1705 755 1766 792 tali
1795 758 2057 804 perquisitione
2077 767 2114 798 et
2148 763 2184 798 in
2214 762 2353 810 judicio
2385 766 2430 804 de

1352 811 1434 848 aliis
1452 812 1618 851 ferendo.
1637 815 1725 862 Quis
1739 817 1848 864 igitur
1863 819 1940 856 hate
1957 821 2122 868 audiens,
2143 823 2248 862 nobis
2261 837 2430 874 umquam

1353 874 1500 921 credat,
1521 877 1616 924 quod
1635 878 1778 916 scilicet
1796 890 1841 917 ex
1865 883 2043 930 segnitie,
2065 895 2138 922 non
2159 893 2280 924 autem
2301 889 2346 926 de
2377 891 2431 927 in-

1353 937 1492 976 dustria
1510 947 1546 976 ct
1574 940 1717 979 delectu
1747 943 1941 981 voluntatis
1969 946 2012 982 ad
2033 949 2342 993 praevaricandum
2371 963 2432 990 ac-

1353 999 1550 1038 cedamus?
1569 1002 1658 1040 Cum
1676 1005 1772 1041 enim
1791 1015 1872 1053 quae
1899 1009 2172 1056 praecipiuntur,
2193 1011 2284 1049 levia
2310 1020 2348 1050 et
2375 1014 2431 1051 fa-

1353 1062 1435 1098 cilia
1455 1069 1538 1099 sunt
1557 1065 1783 1112 Veientibus;
1813 1079 1894 1116 quae
1913 1077 2034 1108 autent
2055 1079 2235 1119 vetantur,
2255 1076 2376 1123 gravia
2394 1084 2431 1115 et

1354 1123 1486 1161 laboris
1507 1126 1611 1172 plena
1626 1155 1636 1172 ,
1659 1139 1800 1176 nosque
1827 1136 1947 1170 tamen
1965 1133 2116 1173 dimisso
2137 1145 2331 1185 prmcepto,
2351 1151 2431 1188 qua:

1354 1185 1463 1223 uetita
1492 1194 1578 1225 sunt
1609 1189 1792 1229 facimus:
1813 1203 1935 1232 annon
1969 1198 2210 1237 contendendi
2241 1210 2324 1239 cum
2355 1185 2432 1241 fleo

1353 1256 1474 1293 causa,
1495 1261 1561 1288 nos
1580 1252 1657 1290 haec
1677 1262 1822 1300 peccata
1837 1257 2029 1297 admittere
2045 1261 2168 1299 dicent
2187 1263 2354 1302 inimici?
2374 1268 2432 1304 Δις

1353 1311 1450 1348 enim
1469 1314 1562 1361 quod
1582 1315 1672 1353 nihil
1692 1316 1827 1355 laboris
1845 1323 2034 1368 pralceptis
2062 1323 2197 1362 Christi
2220 1325 2330 1372 insit,
2353 1328 2432 1374 ipse

1353 1376 1601 1421 pronuntiavit
1633 1377 1692 1414 his
1723 1379 1870 1418 verbis:
1895 1381 2020 1420 Tollite
2037 1385 2164 1432 jugum
2193 1397 2306 1424 meum
2330 1399 2432 1436 super

1353 1446 1412 1473 vos
1430 1447 1442 1473 :
1451 1438 1579 1486 jugum
1605 1441 1695 1476 enim
1717 1453 1829 1478 incum
1860 1455 1964 1481 suave
1981 1453 2032 1483 est
2059 1454 2089 1484 et
2110 1458 2196 1485 onus
2228 1442 2338 1487 nicum
2361 1452 2432 1489 levo

1353 1499 1498 1546 (Matth.
1522 1503 1577 1538 ll.
1593 1502 1670 1550 29).
1695 1504 1766 1542 Sed
1787 1516 1852 1544 nos
1869 1507 2072 1547 incredibili
2100 1512 2253 1559 segnitie
2283 1513 2318 1550 id
2346 1514 2430 1552 faci.

1353 1573 1434 1599 mus
1447 1589 1457 1606 ,
1477 1571 1516 1600 ut
1530 1576 1609 1612 qua:
1629 1565 1720 1604 levia
1739 1575 1822 1605 sunt
1835 1596 1845 1614 ,
1862 1570 1984 1607 multis
2000 1573 2124 1620 gravia
2138 1581 2350 1621 appareant.

1404 1623 1507 1662 Levia
1529 1637 1590 1674 per
1607 1630 1784 1677 segnitiem
1797 1632 1914 1679 gravia
1930 1661 1940 1678 ,
1958 1642 1989 1670 et
2005 1635 2124 1682 gravia
2142 1647 2203 1684 per
2219 1637 2430 1676 alacritatem

1353 1686 1440 1723 levia
1453 1688 1802 1736 eﬁic't'untur.—Sane
1819 1694 1850 1730 ci
1866 1695 1925 1742 qui
1937 1705 2081 1742 semper
2097 1698 2202 1734 otiari
2221 1705 2258 1736 et
2271 1699 2430 1739 dormire

1351 1749 1460 1796 velit,
1482 1751 1538 1788 vel
1559 1752 1635 1798 ipse
1661 1753 1762 1790 cibus
1794 1761 1830 1792 et
1851 1762 1955 1802 potus
1974 1765 2122 1804 prorsus
2142 1767 2320 1798 onerosus
2349 1771 2430 1800 esse

1351 1811 1504 1858 videtur;
1534 1815 1594 1860 qui
1616 1825 1701 1852 vero
1721 1815 1867 1864 vigilant
1887 1824 1924 1855 et
1953 1819 2156 1866 excubant,
2185 1832 2232 1860 ne
2251 1823 2430 1862 mirabilia

1348 1874 1493 1921 quidem
1520 1881 1557 1913 et
1575 1876 1686 1914 ardua
1708 1878 1910 1928 refugiunt,
1943 1881 2006 1920 sed
2027 1893 2109 1921 cum
2139 1885 2268 1932 majori
2299 1885 2428 1925 fiducia

1349 1936 1428 1974 tunc
1441 1939 1588 1986 aggredi
1607 1941 1756 1987 audent,
1772 1953 1879 1990 quam
1891 1943 1981 1982 levia
1995 1955 2126 1994 segnes
2139 1954 2175 1985 et
2194 1949 2427 1988 somnolenti.

1345 1999 1444 2040 Nihil
1462 2003 1574 2049 enim,
1592 2003 1681 2042 nihil
1697 2005 1818 2054 utique
1831 2007 1880 2044 ita
1897 2007 2002 2046 facile
2021 2016 2076 2046 est
2092 2039 2102 2057 ,
2125 2012 2210 2059 quin
2229 2012 2425 2050 admodum

1345 2075 1455 2114 grave
1474 2073 1511 2104 et
1529 2079 1724 2106 onerosum
1746 2069 1875 2118 ingens
1895 2078 2020 2110 nostra
2038 2075 2213 2122 segnities
2231 2076 2424 2115 ostendat:

1347 2129 1653 2176 quemadmodum
1685 2132 1776 2170 nihil
1805 2133 1854 2170 ita
1885 2133 2014 2173 durum
2036 2143 2098 2174 aut
2125 2136 2296 2186 difﬁcile,
2329 2140 2426 2188 quod

1347 2201 1419 2228 non
1441 2192 1645 2232 sollicitudo
1664 2201 1702 2234 et
1731 2193 1899 2234 alacritas
1933 2197 2127 2236 admodum
2147 2199 2253 2239 facile
2283 2202 2426 2241 reddat.

1338 2250 1528 2299 Quidnam
1542 2283 1552 2300 ,
1584 2255 1642 2294 dic
1673 2257 1762 2295 mihi
1777 2286 1786 2302 ,
1808 2258 1998 2298 molestius
2017 2267 2118 2308 erat,
2137 2273 2244 2310 quam
2265 2264 2426 2311 quotidie

1348 2317 1568 2364 periclitari,
1589 2320 1662 2357 imo
1697 2321 1825 2368 capitis
1861 2322 2060 2370 periculum
2086 2325 2236 2363 subire?
2255 2327 2425 2365 Attamen

1345 2377 1381 2415 id
1409 2378 1490 2417 leve
1515 2382 1660 2418 vocavit
1685 2381 1814 2420 beatus
1841 2383 1973 2422 Paulus
2003 2386 2058 2423 his
2084 2387 2204 2424 verbis
2222 2400 2230 2424 :
2247 2387 2294 2424 Id
2317 2391 2423 2435 enim,

1345 2443 1437 2490 quod
1456 2441 1491 2479 in
1509 2443 1672 2491 prwsenti
1688 2451 1738 2482 est
1757 2452 2028 2484 mornentaneum
2043 2455 2074 2485 et
2091 2449 2163 2486 leve
2180 2450 2424 2497 tribulationis,

1342 2509 1449 2552 supra
1483 2505 1623 2542 modum
1643 2506 1677 2542 iu
1711 2505 1919 2544 sublimitate
1945 2515 2108 2546 wternum
2136 2511 2256 2559 gloria:
2289 2514 2424 2560 pondus

1341 2572 1501 2613 operatur
1531 2571 1567 2606 in
1590 2571 1689 2608 nobis
1704 2569 2038 2621 (2.Cor.4.i7.18).
2067 2571 2156 2608 Nam
2175 2573 2243 2610 etsi
2276 2584 2335 2611 res
2357 2585 2423 2612 na-

1342 2635 1420 2667 tura
1441 2631 1564 2678 gravis
1584 2632 1630 2669 sit
1647 2660 1657 2678 ,
1679 2643 1744 2680 spe
1763 2640 1884 2672 tamen
1905 2634 2106 2673 futurorum
2121 2632 2214 2674 levis
2233 2637 2390 2676 efficitur
2410 2652 2420 2676 :

1340 2702 1448 2740 quam
1473 2693 1534 2730 ille
1557 2705 1702 2732 causam
1725 2697 1844 2744 posuit
1871 2697 1995 2735 dicens
2015 2709 2024 2735 :
2048 2698 2133 2736 Non
2158 2701 2422 2750 contemplanti-

1336 2754 1403 2808 ‘bus
1421 2755 1519 2792 nobis
1535 2767 1612 2803 quoe
1623 2756 1784 2794 videntur
1797 2786 1808 2804 ,
1830 2758 1890 2794 sed
1909 2770 1985 2806 qua:
2002 2771 2071 2796 non
2089 2760 2259 2799 videntur.

1336 2809 1341 2854 ῗ
1389 2817 1426 2854 6.
1450 2817 1644 2856 Videamus
1664 2831 1744 2868 quae
1761 2827 1962 2869 sequuntur
1981 2835 1991 2860 :
2011 2821 2132 2861 Nolite
2147 2853 2158 2870 ,
2179 2825 2296 2873 inquit
2310 2855 2320 2870 ,
2339 2827 2423 2864 dare

1339 2887 1458 2918 sancta
1475 2882 1616 2920 canibus
1631 2911 1640 2929 ,
1659 2895 1766 2932 neque
1786 2885 1928 2923 mittatis
1962 2888 2170 2936 margaritas
2189 2895 2316 2926 vestras
2343 2899 2422 2930 ante

1339 2956 1461 2992 porcos
1497 2945 1642 2995 (Matth.
1665 2947 1700 2984 7.
1719 2948 1771 2994 6).
1791 2947 1898 2988 Certe
1931 2949 2098 2989 Christus
2133 2951 2228 2990 hanc
2251 2955 2422 3002 praecepti

1339 3019 1442 3046 more
1459 3009 1576 3058 legem
1593 3010 1708 3056 dedit,
1729 3021 1796 3050 nos
1810 3017 1931 3052 autem
1953 3023 2028 3060 pra:
2047 3014 2144 3052 inani
2166 3015 2281 3063 gloria
2301 3022 2337 3053 et
2355 3017 2420 3053 ab-

1337 3071 1446 3108 surda
1477 3072 1677 3111 ambitione
1697 3075 1766 3112 hoc
1785 3073 1870 3112 item
1899 3083 2122 3124 przcccptum
2144 3088 2288 3126 pessum
2315 3079 2419 3117 dedi-

1337 3144 1432 3178 mus,
1451 3134 1538 3172 dum
1557 3143 1790 3184 corruptores
1804 3165 1815 3183 ,
1833 3138 2051 3185 incredulos,
2073 3139 2312 3191 hominesque
2337 3154 2421 3181 sex-

1337 3199 1452 3238 centis
1469 3201 1566 3239 vitiis
1580 3208 1744 3250 onustos,
1769 3210 1904 3242 temere
1926 3212 1962 3242 et
1976 3205 2055 3244 sine
2073 3207 2242 3245 examine
2273 3207 2319 3245 ad
2339 3217 2420 3258 my-

1337 3265 1530 3304 steriorum
1551 3267 1863 3314 participationem
1897 3269 2124 3308 admittimus
2142 3297 2153 3316 ,
2171 3278 2208 3308 et
2224 3277 2418 3319 antequam

1335 3334 1542 3366 accuratam
1578 3331 1712 3368 mentis
1743 3333 2008 3382 sententimque
2043 3344 2122 3372 suae
2165 3335 2419 3383 probationem

1337 3389 1529 3435 dederint,
1559 3393 1681 3429 omnia
1709 3393 1780 3432 illis
1811 3395 1979 3444 dogmata
2005 3398 2236 3442 revelamus;
2261 3409 2304 3436 ac
2333 3398 2419 3436 licet

1335 3452 1514 3490 vestibula
1537 3454 1696 3492 nomium
1715 3456 1839 3494 videre
1855 3459 2052 3504 potuerint,
2071 3459 2264 3497 confestim
2293 3467 2358 3496 eos
2382 3459 2416 3495 in

1335 3515 1443 3564 adyta
1471 3517 1651 3555 ducimus.
1676 3518 1764 3564 Quae
1790 3531 1897 3558 causa
1931 3521 2000 3559 fuit
2035 3528 2074 3560 ut
2102 3522 2250 3569 quidam
2281 3531 2326 3556 ex
2361 3521 2414 3556 sic

1335 3579 1484 3618 initiatis
1500 3580 1572 3617 cito
1586 3582 1789 3621 resilientes
1801 3613 1813 3630 ,
1835 3584 2022 3624 innumera
2037 3585 2130 3621 mala
2155 3582 2409 3630 perpetrarinl.

1333 3642 1388 3680 Ac
1407 3653 1480 3681 non
1500 3644 1535 3680 in
1552 3645 1634 3683 aliis
1650 3651 1788 3685 tantum
1808 3675 1819 3693 ,
1837 3648 1901 3686 sed
1923 3649 1958 3684 in
1979 3647 2084 3685 nobis
2101 3646 2187 3693 ipsis
2206 3645 2410 3684 horribilis-

1334 3706 1466 3744 simum
1489 3706 1559 3744 hoc
1580 3703 1806 3758 prteccptum'
1825 3711 2064 3757 despicimus,
2084 3707 2228 3754 quando
2261 3706 2409 3746 innneu

1336 3769 1466 3806 talibus
1501 3772 1684 3819 mystcriis
1717 3771 1962 3820 participaturi
1981 3798 1990 3814 ,
2012 3769 2218 3815 impuritate
2237 3775 2274 3807 ct
2293 3768 2407 3818 impu-

1381 3894 1392 3916 ¹
1416 3895 1464 3930 sic
1477 3896 1571 3931 Savtl.
1589 3901 1624 3930 et
1639 3895 1726 3930 Colb.
1745 3899 1778 3928 tn
1793 3893 1904 3928 alorci.
1921 3893 2029 3935 deest,
2045 3893 2150 3927 etiam

2125 3951 2176 3995 23
