2734 4342
354 207 425 244 405

357 281 480 319 dcutia
501 277 597 326 pleni
619 274 654 312 id
669 273 822 321 agimus.
839 269 913 307 Nec
933 267 994 305 illa
1009 265 1127 304 solum
1146 269 1352 312 praecepta,
1369 259 1433 298 sed

355 343 462 379 etiam
481 323 522 377 ea
540 347 622 385 quae
656 339 858 382 sequuntur
873 331 920 368 ab
939 329 1108 368 omnibus
1133 325 1262 363 violari
1293 323 1432 360 videas.

356 405 446 441 Cum
479 384 578 438 enim
607 396 774 434 Christus
811 393 945 432 dixerit
972 403 982 428 :
1015 389 1246 436 ρικεειωιιμω
1265 384 1369 422 vultis
1399 389 1436 419 ut

357 464 489 512 faciant
508 461 602 498 vobis
627 457 782 496 homines
795 484 806 502 ,
833 455 884 492 ita
906 454 918 476 ¹
935 459 968 490 et
987 463 1046 489 vos
1064 451 1167 499 facite
1185 449 1256 486 illis
1287 444 1435 494 (Matth.

357 509 393 562 ⁵1.
416 523 478 570 l2)
495 533 506 567 ;
526 531 596 559 nos
613 519 736 558 omnia
769 517 920 555 facimus
937 525 979 552 ea
993 543 1003 558 ,
1023 523 1103 562 qua:
1135 509 1207 559 pati
1237 509 1408 546 nolumus
1422 537 1434 552 ,

357 568 504 633 aejttssi
523 594 588 632 per
606 587 796 630 angustam
824 584 964 627 portam
985 577 1122 614 intrare
1141 601 1153 620 ,
1174 573 1284 610 latam
1303 568 1438 616 ubique

357 631 616 696 perquirimus.
658 642 762 690 Quod
793 650 902 690 porro
931 637 1126 676 stcculares
1157 633 1302 683 quidam
1343 631 1438 668 hanc

359 695 625 758 amplectantur
640 713 678 744 et
692 711 837 750 ament,
855 713 928 742 non
945 710 1061 748 usque
1089 699 1180 736 adeo
1199 695 1330 734 mirum
1349 699 1406 732 est
1425 705 1436 738 ;

360 773 455 822 quod
476 777 596 809 autem
625 769 691 806 viri
709 768 770 816 qui
789 775 871 805 sese
899 762 1124 802 erueiﬁxisse
1149 759 1338 802 videntur,
1357 766 1438 794 eam

362 821 444 884 plus
463 844 570 883 quam
589 833 639 870 illi
657 836 842 869 sectentur
857 857 868 874 ,
897 827 967 864 hoc
986 835 1075 864 sane
1101 831 1286 872 stuporem
1314 821 1441 868 ingen-

363 907 436 938 tetn
455 898 562 936 affert
580 925 590 943 ,
613 896 688 933 imo
707 894 826 942 potius
845 891 1025 939 tenigmati
1045 887 1176 926 similis
1197 895 1257 923 res
1282 884 1438 922 videtur.

364 961 561 1000 lilonacltos
587 959 683 997 enim
705 954 966 1004 propemodum
985 961 1126 996 omnes,
1145 949 1176 987 si
1197 948 1240 986 ad
1257 947 1439 996 quoddam

364 1023 603 1064 ministerium
620 1020 744 1058 venire
759 1016 957 1066 rogaveris,
975 1015 1054 1052 haec
1069 1013 1189 1051 statim
1207 1018 1244 1049 et
1262 1010 1297 1047 in
1316 1008 1442 1056 primis

363 1089 552 1136 loquentes
570 1084 699 1122 audias
716 1095 725 1127 ;
750 1081 979 1119 sciscitantur
998 1087 1142 1124 nempe,
1171 1085 1255 1112 num
1273 1073 1320 1109 ibi
1341 1073 1442 1119 quie-

367 1158 440 1188 tem
475 1147 638 1186 invenire
673 1143 842 1192 possint,
862 1147 898 1179 et
929 1151 1014 1178 num
1048 1138 1212 1185 requiem
1247 1142 1443 1182 procurare

366 1212 482 1261 possit
509 1210 540 1248 is
559 1209 620 1257 qui
650 1206 890 1244 accersitzac
917 1203 1014 1240 ultro
1033 1201 1196 1246 citroque
1209 1195 1343 1245 quietis
1374 1205 1441 1231 no—

367 1287 451 1315 men
469 1275 649 1323 jactitant.
669 1270 762 1318 Quid
791 1269 864 1314 ais,
892 1267 942 1304 mi
961 1263 1158 1313 homoiin
1179 1267 1278 1298 arcta
1295 1259 1352 1296 via
1387 1257 1443 1295 in-

366 1339 498 1377 cedere
511 1337 635 1385 jussus
657 1334 704 1372 de
715 1332 840 1380 quiete
870 1331 1085 1376 interrogas,
1104 1332 1140 1364 et
1157 1335 1224 1373 per
1254 1327 1442 1370 angustam

366 1406 507 1450 portam
527 1401 661 1437 intrare
674 1397 798 1444 jussus
813 1393 923 1430 latam
949 1389 1112 1439 quieris?
1141 1386 1228 1436 quid
1265 1385 1334 1422 hac
1366 1393 1446 1431 per-

366 1464 536 1503 versitate
555 1459 716 1498 deterius
732 1458 748 1494 ?
764 1456 818 1494 Ne
831 1465 917 1492 vero
939 1461 1042 1502 putes
1076 1461 1134 1488 me
1153 1449 1232 1486 lucc
1259 1447 1443 1486 dicentem

367 1528 456 1565 alios
485 1523 751 1566 condemnare,
788 1529 866 1556 rem
912 1526 973 1554 me
1004 1518 1229 1563 spectantem
1272 1508 1442 1546 narrabo.

417 1587 678 1636 Chrysostomus
692 1583 737 1620 ad
751 1579 997 1618 monachorum
1009 1574 1229 1614 tabernacula
1245 1571 1384 1611 secedit.
1397 1589 1446 1598 --

369 1640 459 1690 Cum
475 1634 590 1697 nuper
608 1656 676 1695 ego
689 1643 952 1686 decrevissem,
979 1639 1106 1677 relicta
1135 1636 1240 1684 urbe,
1256 1634 1302 1672 ad
1324 1634 1445 1671 taber-

369 1713 496 1750 nacula
513 1696 772 1748 monachorum
787 1704 962 1742 accedere
979 1731 989 1748 ,
1006 1701 1165 1739 sollicite
1185 1696 1390 1746 qumrebam
1410 1701 1447 1732 et

367 1772 580 1812 sciscitabar
593 1769 772 1806 undenam
792 1764 1082 1804 necessariorum
1101 1765 1327 1798 commeatus
1344 1757 1447 1795 adlu-

371 1841 474 1872 turus
504 1837 630 1876 esset,
649 1835 688 1867 et
707 1839 793 1865 num
823 1827 901 1864 ﬁeri
921 1829 1100 1873 possetut
1126 1821 1230 1869 panis
1243 1829 1374 1858 recens
1404 1828 1448 1856 ac

373 1897 525 1934 diurnus
557 1892 832 1933 comederetur;
852 1899 896 1924 an
924 1887 1005 1934 quis
1041 1895 1100 1922 me
1133 1888 1324 1922 coacturus
1351 1887 1448 1919 esset

371 1959 500 1997 eodem
529 1955 580 1993 uti
595 1955 678 1992 oleo
696 1963 762 2001 pro
780 1951 928 1988 lucerna
943 1954 978 1986 et
999 1957 1064 1995 pro
1089 1945 1171 1983 cibo
1188 1956 1198 1990 ;
1214 1955 1261 1981 an
1289 1943 1371 1992 quis
1389 1952 1449 1980 me

372 2021 591 2070 impulsurus
609 2017 653 2056 ad
667 2017 836 2054 miseram
869 2012 1090 2060 leguminum
1117 2019 1262 2054 escam;
1281 2017 1328 2045 an
1359 2007 1450 2044 assi-

373 2069 543 2136 gnaturus
563 2089 654 2128 opus
681 2078 832 2122 durum,
857 2082 896 2113 ut
920 2080 976 2112 est
997 2072 1148 2117 fodere,
1167 2071 1262 2120 ligna
1291 2069 1448 2113 deferre,

374 2133 504 2198 aquam
539 2149 782 2194 comportare,
802 2147 838 2182 et
855 2146 986 2181 caetera
1006 2137 1125 2174 omnia
1155 2133 1358 2187 hujusmndi
1379 2133 1450 2169 mi.-

377 2211 526 2250 nistcria
547 2215 609 2246 :et
637 2215 680 2246 ut
709 2207 916 2248 summatim
937 2205 1054 2243 dicam
1075 2232 1086 2248 ,
1118 2203 1230 2240 multa
1251 2201 1296 2240 de
1331 2200 1450 2248 quiete

377 2272 541 2320 corporis
561 2270 816 2318 percontabar.
837 2269 884 2306 At
902 2267 926 2304 ii
957 2267 1018 2315 qui
1037 2265 1096 2304 vel
1118 2264 1319 2312 principum
1342 2262 1450 2303 mini-

379 2333 488 2372 stctia
506 2361 516 2379 ,
531 2333 586 2371 vel
607 2331 830 2380 publicorum
851 2329 1078 2378 negotiorum
1097 2325 1450 2364 administrationem

330 2391 336 2396 ’
377 2396 602 2444 suscipiunt,
630 2393 719 2432 nihil
752 2393 882 2430 borum
900 2391 1155 2435 sciscitantur,
1183 2389 1248 2427 sed
1283 2388 1400 2425 solum
1421 2386 1452 2424 si

377 2470 438 2498 res
457 2459 558 2496 lucro
578 2457 697 2495 futura
717 2456 782 2500 sit,
805 2455 920 2499 lucro,
939 2454 1100 2502 inquam,
1121 2451 1313 2499 temporali
1331 2447 1452 2498 :quod

377 2523 407 2560 si
443 2522 512 2560 hoc
539 2530 685 2570 Sperare
702 2519 870 2564 valeant,
893 2528 965 2554 non
995 2517 1139 2554 labores
1153 2545 1162 2560 .
1178 2525 1250 2552 non
1263 2513 1426 2562 pericula
1439 2540 1450 2558 ,

379 2597 452 2624 non
469 2585 723 2635 ignominiam,
745 2594 818 2622 non
849 2582 994 2620 servilia
1023 2579 1245 2624 ministeria,
1271 2588 1343 2615 non
1372 2587 1454 2624 per-

381 2650 624 2699 egrinationes
649 2648 798 2695 longas,
817 2656 888 2683 non
917 2644 1124 2681 diuturnam
1142 2642 1180 2680 in
1206 2641 1276 2677 alia
1307 2639 1454 2686 regione

383 2711 704 2750 commorationem
724 2737 735 2754 ,
755 2718 826 2745 non
859 2705 1098 2744 contumelias
1113 2731 1124 2750 ,
1144 2713 1217 2740 non
1247 2701 1450 2744 cruciatus,

383 2785 455 2812 non
472 2780 673 2822 temporum
693 2771 928 2809 mutationem
941 2797 950 2814 ,
970 2778 1042 2804 non
1057 2766 1258 2814 periculum
1271 2775 1290 2800 a
1309 2767 1455 2811 sperato

384 2837 455 2874 line
474 2834 692 2880 aberrandi,
710 2844 783 2871 non
801 2837 1053 2880 praematurum
1083 2834 1236 2866 mortem
1253 2855 1264 2873 ,
1284 2837 1354 2864 non
1393 2835 1454 2862 se-

383 2901 604 2948 parationem
631 2909 652 2936 a
684 2894 916 2941 domesticis,
947 2903 1018 2931 non
1040 2892 1164 2930 uxoris
1202 2897 1238 2928 et
1260 2890 1454 2926 liberarum

383 2961 630 3005 solitudinem,
650 2971 721 2996 non
739 2959 848 2996 aliam
864 2955 1070 3005 quampiam
1085 2953 1340 2992 difﬁcultatem
1359 2949 1458 2997 cogi-

387 3031 462 3062 tant
479 3037 489 3069 ;
517 3023 580 3061 sed
600 3021 834 3071 pecuniarum
851 3018 1032 3067 cupidine,
1053 3027 1121 3054 ceu
1139 3019 1301 3052 amentes
1321 3011 1456 3054 ell'ecti,

385 3087 505 3123 omnia
524 3086 680 3123 subeunt
705 3083 797 3121 mala
815 3111 825 3128 ,
847 3091 927 3129 qua:
950 3081 995 3116 ad
1016 3080 1109 3116 hanc
1144 3077 1347 3116 conducere
1375 3084 1459 3122 pos-

385 3151 470 3186 sint.
489 3148 562 3185 Nos
586 3154 704 3184 autem
726 3145 856 3193 quibus
881 3155 954 3180 non
972 3141 1135 3190 pecunia:
1155 3168 1166 3184 ,
1187 3148 1307 3186 neque
1337 3143 1430 3174 terra
1445 3163 1456 3180 ,

387 3211 451 3246 sed
484 3210 610 3246 czclum
637 3207 850 3256 proponitur
875 3213 912 3242 et
938 3203 1096 3242 caelestia
1129 3203 1224 3240 bona
1243 3229 1252 3247 ,
1289 3209 1369 3247 qua:
1392 3207 1460 3234 nec

387 3272 514 3308 oculus
531 3271 620 3307 vidit
635 3298 646 3314 ,
675 3279 744 3307 nec
763 3269 861 3306 auris
889 3268 1025 3305 audivit
1041 3296 1052 3311 ,
1068 3275 1136 3303 nec
1154 3265 1190 3301 in
1220 3273 1284 3300 cor
1303 3259 1460 3298 hominis

395 3332 653 3378 ascenderunt,
672 3331 718 3368 de
737 3332 857 3378 quiete
875 3331 1102 3368 sciscitamur
1123 3340 1133 3365 :
1154 3336 1269 3374 usque
1291 3323 1382 3361 adeo
1400 3332 1460 3358 su-

391 3405 473 3431 mus
503 3394 573 3430 illis
591 3393 874 3430 miserabiliores
899 3397 936 3428 et
955 3391 1154 3428 molliores.
1173 3387 1267 3434 Quid
1297 3386 1351 3422 ais
1369 3411 1380 3430 ,
1410 3382 1460 3420 mi

394 3456 544 3494 ltomo'?
558 3456 593 3492 in
603 3455 778 3492 crelumne
791 3454 1002 3500 mittendus,
1013 3455 1060 3490 ibi
1073 3461 1222 3500 regnum
1232 3454 1458 3495 accepturus,

396 3518 621 3566 percontaris
639 3528 684 3554 an
705 3516 790 3564 quid
811 3517 858 3554 sit
876 3516 1028 3554 arduum
1057 3515 1094 3551 in
1120 3513 1176 3550 via
1199 3518 1238 3549 et
1250 3507 1460 3558 peregrina-

393 3582 492 3619 tione
510 3579 716 3628 hujusmodi
729 3607 740 3624 ,
757 3585 794 3616 et
815 3589 889 3616 non
923 3585 962 3616 te
993 3577 1104 3626 pudet
1119 3603 1130 3622 ,
1150 3586 1222 3612 non
1247 3570 1431 3610 erubescis
1448 3595 1461 3614 ,

392 3655 460 3682 nec.
480 3651 516 3681 te
530 3643 598 3682 sub
615 3649 750 3681 terram
763 3641 935 3680 defodis?
955 3639 1106 3678 Etiamsi
1121 3636 1242 3674 omnia
1262 3663 1274 3678 ,
1297 3643 1378 3681 qua:
1394 3630 1463 3668 ho-

393 3706 551 3748 minibus
581 3706 792 3752 contingere
811 3708 989 3753 possunt,
1018 3701 1111 3738 mala
1146 3702 1361 3740 occurrant,
1385 3693 1464 3730 sive

396 3768 572 3812 convicia,
598 3769 675 3806 sive
692 3767 922 3805 contumelia:
940 3793 950 3811 ,
967 3763 1045 3801 sive
1074 3761 1280 3808 ignominiae
1297 3763 1334 3796 et
1357 3765 1464 3806 syco-

441 3859 452 3879 ¹
477 3857 565 3892 colb.
583 3861 700 3894 omittit
713 3859 770 3898 ita,
789 3857 928 3895 ctinlra,
943 3864 1012 3888 nos.

441 3898 455 3920 ²
477 3902 511 3932 In
523 3900 610 3933 Colit.
629 3901 744 3941 deest,
760 3896 803 3934 uti
818 3899 924 3932 homo.
1295 3896 1325 3909 "'

836 193 874 231 S.
901 187 1092 229 JOANNIS
1116 179 1442 224 CllliYSOSTOMl
1469 178 1682 217 ARCHIEP.
1711 177 2070 217 CONSTANTINOP.
2461 190 2517 228 ιω

1509 259 1694 307 pltamizc;
1718 268 1782 295 seu
1810 257 1970 305 gladius,
1991 257 2094 304 ignis,
2129 257 2276 304 iet-rum,
2297 259 2383 305 ferte,
2399 263 2519 303 deinec.

1507 322 1655 364 siones;
1675 320 1752 356 sive
1774 319 1902 361 fames,
1923 319 2069 355 morbus
2087 325 2123 356 et
2153 320 2268 356 omnia
2288 332 2360 368 quat
2379 323 2418 360 ab
2439 325 2521 362 initio

1509 385 1545 421 in
1564 384 1633 421 bac
1653 383 1725 420 vita
1741 381 2158 429 continguntaccrbiora,
2179 392 2304 426 annon,
2327 395 2445 432 quaeso,
2461 386 2523 426 haec

1509 445 1678 484 irridebis
1695 452 1732 482 et
1745 444 1950 491 despicies?
1966 454 2011 480 an
2033 444 2078 481 de
2107 443 2175 480 illis
2191 445 2242 482 vel
2259 445 2426 484 minimum
2447 452 2524 498 cogi.

1508 508 1627 545 tabis?
1651 505 1790 554 Ecquid
1824 504 2028 552 ltujusmodi
2045 505 2161 542 animo
2189 506 2342 544 stolidius
2357 535 2366 552 ,
2387 509 2460 555 quid
2482 512 2523 548 vi.

1512 572 1595 616 lius,
1613 569 1698 618 quid
1718 568 1910 606 miserius?
1925 567 2124 605 Carlestium
2142 567 2311 606 desiderio
2327 575 2456 617 captum
2469 583 2524 610 non

1509 633 1592 671 dico
1624 637 1763 670 tanutm
1796 631 1952 678 quietem
1981 640 2143 677 quaerere
2171 640 2238 668 non
2255 630 2376 669 debere
2390 660 2400 678 ,
2417 633 2472 670 sed
2491 645 2526 672 ne

1509 697 1588 744 ejus
1607 695 1753 742 quidem
1773 695 1958 741 praesentis
1979 692 2106 730 affectu
2133 693 2276 730 moveri.
2295 693 2462 738 Quomodo
2476 697 2526 734 alio

1510 759 1658 795 surdum
1681 767 1752 793 non
1771 755 1880 793 fuerit
1903 765 1966 792 eos
1980 783 1990 800 ,
2018 753 2078 802 qui
2095 753 2220 802 ineptis
2249 755 2414 793 amoribus
2428 763 2525 795 tenen-

1513 829 1584 864 tur,
1604 820 1734 857 amatis
1749 820 1797 856 ita
1815 829 1855 856 se
1875 823 1970 855 totos
1983 817 2112 854 dedere
2125 845 2136 862 ,
2153 823 2190 854 ut
2204 823 2325 864 praeter
2341 828 2398 855 eos
2413 829 2527 856 eorum-

1511 894 1583 931 que
1606 881 1828 920 consortium
1857 880 1947 917 nihil
1977 889 2099 916 eorum
2129 890 2205 926 qua:
2227 879 2261 916 in
2293 879 2355 916 liae
2373 881 2436 918 vita
2461 889 2528 919 sunt

1515 945 1613 993 (sunt
1631 951 1752 982 autem
1770 943 1862 980 bene
1877 940 2024 991 multa),
2044 941 2146 978 dulce
2171 941 2389 978 existiment:
2406 952 2462 980 nos
2477 953 2527 980 au-

1513 1016 1600 1053 tem,
1623 1008 1683 1056 qui
1702 1017 1774 1044 non
1800 1007 1922 1054 inepto
1938 1004 2094 1053 quodam
2111 1031 2122 1049 ,
2141 1003 2203 1041 sed
2221 1004 2368 1041 omnium
2391 1013 2528 1052 supremo

1513 1083 1638 1110 amore
1655 1079 1821 1108 tenemur
1835 1098 1846 1114 ,
1869 1080 1940 1107 non
1970 1069 2084 1106 solum
2105 1072 2306 1116 praesentem
2325 1067 2462 1116 quietem
2473 1079 2527 1106 non

1513 1137 1714 1185 despicere,
1734 1135 1797 1174 sed
1819 1136 1928 1174 etiam
1943 1135 2127 1173 absentem
2144 1134 2339 1182 requirere?

1563 1203 1598 1238 7.
1619 1201 1770 1239 Calcatis
1789 1199 1949 1237 desiderii
1964 1199 2014 1236 vis
2033 1199 2159 1247 ingens.
2183 1218 2231 1226 ---
2255 1197 2372 1234 Nullus
2387 1197 2527 1234 hactenus

1513 1263 1701 1301 carissime
1713 1291 1724 1309 ,
1757 1263 1805 1299 ita
1831 1261 2033 1298 caelestium.
2046 1259 2219 1298 desiderio
2236 1263 2408 1306 correptus
2422 1265 2484 1304 est,
2500 1264 2530 1294 ut

1513 1325 1646 1372 corripi
1668 1335 1733 1372 par
1749 1329 1828 1362 erat
1845 1335 1855 1362 :
1873 1322 2030 1371 alioquin
2047 1331 2125 1369 qua:
2142 1321 2256 1369 gravia
2275 1319 2527 1363 videnturesse‘.

1514 1387 1679 1425 umbram
1697 1387 1895 1434 iudicasset
1918 1391 1955 1424 et
1979 1384 2176 1422 irrisionem
2198 1392 2365 1430 magnam.
2384 1381 2465 1419 Sane
2485 1382 2529 1428 qui

1514 1449 1706 1498 praesentia
1729 1447 1880 1496 suspicit
1895 1475 1905 1493 ,
1929 1455 2120 1494 numquam
2139 1443 2329 1482 futurorum
2347 1441 2527 1489 contempla-

1517 1513 1614 1550 tione
1627 1511 1831 1560 dignabitur
1844 1522 1854 1547 :
1873 1509 1935 1558 qui
1951 1515 2069 1546 autem
2088 1508 2144 1545 illa
2157 1506 2314 1554 despicit,
2329 1511 2362 1544 et
2373 1504 2476 1543 omnia
2490 1504 2530 1540 ni-

1516 1574 1592 1612 liilo
1608 1574 1757 1612 meliora
1771 1583 1867 1618 esse,
1889 1581 1994 1620 quam
2014 1570 2156 1608 umbras
2171 1575 2207 1607 et
2225 1567 2354 1606 somnia
2370 1565 2528 1608 existimat.

1517 1637 1589 1674 cito
1616 1645 1746 1684 magna
1766 1634 1826 1672 illa
1851 1640 1889 1672 et
1921 1632 2118 1680 spiritualia
2148 1634 2360 1678 assequetur.
2396 1627 2436 1665 lis
2457 1625 2531 1664 enim

1517 1699 1649 1746 quibus
1663 1697 1796 1735 bonum
1815 1695 1908 1734 istud
1924 1705 2008 1732 vere
2025 1693 2202 1742 obtigerit,
2223 1698 2348 1729 tantam
2371 1690 2434 1727 vim
2451 1687 2532 1726 exiti--

1516 1762 1628 1806 bebit,
1649 1766 1820 1809 quantam
1839 1759 1930 1807 ignis
1949 1759 1982 1795 in
2003 1757 2114 1805 spinis
2137 1755 2229 1794 :etsi
2246 1752 2424 1792 innumeris
2442 1749 2534 1787 benti-

1518 1835 1602 1860 nem
1622 1822 1800 1860 invenerit
1819 1820 2050 1869 praefocatum
2071 1818 2194 1864 malis,
2213 1816 2328 1854 multis
2341 1819 2532 1862 peccatorum

1519 1885 1692 1922 funiculis
1711 1883 1922 1921 obstrictum
1937 1911 1946 1927 ,
1968 1881 2198 1928 cupiditatum
2218 1878 2351 1916 ﬂamma
2367 1875 2532 1916 incensum,

1519 1957 1649 1997 magno
1681 1947 1907 1986 srccularium
1938 1945 2159 1993 negotiorum
2192 1940 2337 1979 tumultu
2367 1938 2532 1975 obsessum.

1520 1996 1640 2048 omnia
1674 2009 1733 2048 illa
1767 2019 1832 2047 ceu
1866 2007 2022 2056 quodam
2052 2005 2191 2053 ﬂagello
2221 2003 2333 2041 statim
2360 1998 2485 2046 expulsa
2501 1996 2535 2032 ab

1519 2075 1639 2113 anima
1660 2074 1783 2122 procul
1802 2073 1926 2120 abigit.
1956 2073 2009 2109 Ac
2032 2067 2322 2119 quemadmodum
2337 2069 2444 2102 contra
2460 2058 2534 2096 venti

1521 2139 1666 2179 violenti
1699 2138 1871 2188 impetum
1900 2135 2014 2188 pultis
2041 2134 2188 2184 exiguus
2205 2137 2383 2180 numquam
2401 2121 2534 2162 steterit.

1521 2206 1574 2243 sic
1602 2204 1842 2242 absurdarum
1870 2199 2236 2248 concupiscentiarum
2263 2189 2434 2232 multitudo
2456 2195 2536 2248 com-

1521 2266 1726 2316 punetionis
1745 2266 1970 2312 ingruentem
1987 2243 2060 2299 vim
2077 2261 2171 2298 ferre
2187 2266 2254 2296 non
2272 2253 2392 2304 poterit
2403 2277 2412 2295 ο
2437 2247 2489 2316 seti
2502 2243 2537 2282 de

1521 2309 1642 2367 medio
1663 2309 1808 2366 tolletur
1827 2337 1870 2364 ac
1889 2326 2112 2372 dispergetur
2135 2321 2236 2359 citius
2266 2327 2368 2366 quam
2400 2309 2497 2360 pulvis
2510 2312 2538 2344 ei

1525 2391 1660 2429 fumus.
1679 2389 1784 2436 Quod
1805 2389 1835 2426 si
1859 2397 2052 2440 corporum
2073 2394 2173 2422 amor
2193 2390 2300 2428 usque
2315 2377 2398 2414 adeo
2413 2372 2538 2410 animam

1523 2453 1559 2491 in
1585 2435 1796 2491 servitutem
1814 2435 1958 2498 redigit,
1977 2455 2017 2485 ut
2039 2447 2084 2484 ab
2101 2445 2264 2483 omnibus
2280 2450 2352 2479 eam
2369 2435 2541 2498 avellatget

1525 2515 1638 2552 solius
1658 2514 1785 2551 amica:
1805 2492 1985 2560 tyrannidi
2017 2508 2240 2554 obstringat,
2273 2499 2351 2548 quid
2379 2508 2442 2534 non
2457 2492 2540 2560 iaciat

1523 2577 1658 2616 Christi
1679 2587 1793 2620 amor,
1809 2581 1846 2613 et
1870 2574 1965 2612 illius
1984 2569 2168 2610 amittendi
2187 2565 2322 2605 metus?
2340 2555 2540 2620 Quemadmo-

1525 2639 1610 2678 dum
1625 2639 1722 2679 enim
1741 2636 1886 2675 dii-iicile
1903 2642 1958 2674 est
1975 2663 1986 2681 ,
2007 2634 2078 2671 imo
2097 2631 2171 2670 ﬁeri
2191 2627 2321 2676 nequit,
2336 2629 2370 2662 ut
2384 2628 2472 2668 aqum
2486 2615 2539 2652 mi-

1525 2706 1670 2741 sceatur
1685 2699 1778 2747 ignis
1801 2710 1810 2735 :
1831 2698 1880 2734 ita
1905 2706 1973 2734 nec
1989 2695 2205 2742 voluptatem
2223 2695 2259 2728 et
2275 2680 2540 2732 eompuuctioncIn

1526 2763 1634 2802 simul
1663 2771 1792 2810 cogere
1821 2769 2038 2809 possumus;
2071 2767 2151 2795 nam
2181 2754 2257 2792 lucc
2284 2743 2541 2810 contraria-sum.

1527 2837 1639 2874 seqne
1663 2803 1788 2862 mutuo
1813 2803 2017 2860 destruunt.
2053 2818 2192 2858 Etenim
2219 2815 2292 2852 lucc
2307 2807 2436 2858 quidem
2446 2803 2543 2874 lacry:

1527 2898 1669 2926 marum
1688 2892 1724 2924 et
1753 2884 1998 2932 temperantia:
2019 2887 2133 2919 mater
2151 2885 2231 2922 est,
2259 2875 2316 2912 illa
2337 2878 2414 2907 vero
2429 2865 2505 2903 risus
2517 2863 2545 2932 ξι

1529 2951 1678 2988 insaniae
1698 2961 1706 2986 :
1727 2949 1806 2986 haec
1831 2948 1950 2985 levem
1969 2953 2005 2984 et
2019 2945 2086 2982 alis
2103 2945 2306 2980 instructam
2323 2933 2459 2972 animam
2476 2922 2542 2962 red-

1529 3014 1594 3056 dit.
1612 3013 1671 3049 illa
1689 3012 1837 3060 plumbo
1853 3010 2056 3058 graviorem
2073 3003 2269 3044 constituit.
2289 2999 2332 3036 Et
2345 2997 2406 3033 hoc
2419 3000 2478 3060 non
2492 2994 2542 3052 05.0

1529 3075 1650 3111 verbis
1669 3073 1761 3110 meis
1777 3099 1788 3116 ,
1823 3071 1887 3109 sed
1908 3071 1986 3118 ejus
2003 3069 2064 3117 qui
2083 3066 2251 3115 praeclara
2271 3051 2453 3118 huiusmodi
2465 3051 2544 3118 cui”;

1530 3135 1642 3172 ditate
1661 3134 1865 3178 tenebatur,
1881 3105 2130 3169 demonstra-re
2149 3125 2300 3164 tentabo.
2319 3119 2396 3166 Quis
2417 3113 2468 3178 ille
2481 3105 2546 3178 i=5}?

1531 3198 1612 3244 ipse
1629 3206 1752 3233 amore
1770 3169 1902 3232 Christi
1922 3194 2090 3231 incensus
2107 3189 2236 3231 Paulus
2250 3213 2260 3230 ,
2279 3183 2334 3231 qui
2350 3179 2418 3227 ejus
2433 3169 2547 3244 deside:

1533 3227 1612 3244 ..ην
1629 3227 1751 3233 μων.-
1775 3227 1902 3232 cum"
2109 3227 2115 3231 Ἴ
2251 3227 2257 3230 _
2290 3227 2300 3231 _

1532 3260 1588 3297 rio
1610 3269 1722 3306 usque
1753 3257 1845 3294 adeo
1879 3255 2093 3292 vulneratus
2123 3255 2220 3294 erat,
2251 3253 2289 3284 ut
2311 3243 2353 3280 de
2369 3246 2454 3276 mora
2471 3227 2549 3306 e‘lrdtt

1532 3291 1831 3368 peregrinationis
1848 3316 1954 3364 hujus
1971 3313 2202 3354 diuturnitate
2219 3303 2464 3365 ingemiscerct:
2477 3291 2550 3361 lim"

1532 3383 1591 3430 qui
1613 3392 1756 3425 sumus,
1788 3379 1926 3428 inquit,
1957 3379 1992 3415 in
2013 3373 2226 3414 tabernaculo
2254 3370 2314 3406 hoc
2338 3358 2551 3430 inpenditur-lt:

1535 3412 1589 3492 ('2:
2091 3443 2208 3474 tamen
2238 3435 2274 3468 et
2295 3424 2424 3464 volebat

1536 3477 1662 3492 κ-’νίν
1711 3477 1886 3488 vnit,
2450 3477 2458 3486 .

1535 3503 1594 3542 hic
1622 3513 1770 3542 manere
1799 3508 1949 3551 pr0pter
1975 3498 2155 3538 Christum
2176 3507 2185 3533 :
2206 3493 2420 3551 Permanere,
2437 3477 2552 3551 ‘Illgl‘liti

1536 3577 1589 3603 me
1602 3566 1638 3602 in
1663 3577 1765 3602 carne
1782 3531 2008 3602 anesrsarium
2027 3564 2162 3609 propter
2181 3566 2236 3592 v03
2254 3548 2415 3609 (Pl‘mW'
2435 3541 2465 3609 ιζ

1537 3629 1571 3666 id
1590 3634 1668 3674 est,
1690 3635 1730 3665 ut
1758 3627 1847 3664 ﬁdes
1872 3626 1908 3664 in
1930 3598 2113 3663 Christum
2132 3598 2327 3666 augeretur.
2357 3605 2431 3645 Ideo
2451 3598 2557 3635 inuitem

1581 3721 1592 3767 ε
1609 3717 1714 3767 cu...
1727 3722 1812 3767 ροει,
1826 3715 1940 3760 arma
1954 3687 2560 3767 armetleizrttsftzt‘tt

1581 3733 1592 3742 .
1609 3733 1714 3768 bunum,
1728 3733 1812 3767 ιιυδι,
1826 3733 1939 3760 gruum
1956 3733 2092 3749 mnuum
2115 3733 2194 3749 ww,
2209 3733 2288 3748 -.τ--
2299 3733 2308 3748 ς
2322 3733 2326 3734 ν
2397 3736 2404 3743 ,
2461 3733 2495 3764 ea
2507 3733 2560 3768 am

1537 3765 1629 3808 “(et
1643 3768 1828 3808 ‘”‘“9??e"l
1841 3745 2336 3808 "laqueist/10‘}??an
2346 3741 2470 3808 mihi
2483 3771 2562 3803 mter-

1538 3781 1583 3796 κι
1599 3781 1629 3795 τι
1645 3781 1666 3794 ιι
1677 3781 1828 3796 Ισῠιυιιῐυι
1843 3781 2005 3802 ιιιιιυιιιυη-
2023 3781 2060 3788 ν.
2075 3781 2130 3787 -ην
2148 3781 2193 3784 ..ἣν
2550 3781 2552 3785 ι

1538 3803 1593 3845 qui
1603 3811 1720 3845 "mgna
1737 3801 1794 3836 illo
1809 3801 1918 3845 furore
1933 3797 2110 3845 latebutttr,
2125 3781 2552 3845 ξέξᾜὲἔέυᾞςξι

1539 3816 1593 3845 qm
1603 3816 1720 3845 "mgna
1737 3816 1794 3836 uw
1809 3816 1854 3843 [tu
1863 3816 1892 3833 υι
1901 3816 1918 3833 υ
1933 3816 2088 3832 summum
2099 3819 2110 3836 ,
2125 3816 2272 3827 νωμνην..
2284 3816 2300 3818 -
2525 3816 2552 3837 m

1539 3845 1648 3878 media
1662 3853 1742 3878 vero
1751 3843 1870 3882 omnia,
1884 3849 1960 3884 quin
1969 3837 2130 3884 dimidiam
2139 3832 2290 3884 collimitia:
2295 3816 2562 3884 Pfhe‘gmw:

1545 3852 1648 3878 meum
1662 3853 1742 3878 vero
1751 3852 1870 3882 omnia,
1884 3852 1960 3884 qua:
1969 3852 2130 3886 υιωευιξιιιι
2139 3852 2290 3878 υυωιιςιιτυ
2301 3852 2347 3867 ιη-
2357 3852 2365 3854 ν
2373 3852 2380 3853 ί
2415 3861 2420 3866 .
2511 3852 2560 3881 ωε.

1545 3895 1667 3929 nempe
1683 3893 1788 3930 usque
1804 3884 1846 3918 ad
1861 3884 1974 3923 verba,
1987 3886 2062 3923 ouis
2076 3876 2131 3914 tlte
2142 3878 2189 3911 est
2201 3871 2217 3907 .9
2229 3868 2344 3905 ibidem
2357 3857 2509 3897 destdeﬂ“
