  <div class='ocr_page' id='page_1' title='image "/cluster/home/n/w/nwhite01/storage/ocr_20150623/47/hvd.32044073501884/368.png"; bbox 0 0 2734 4342; ppageno 0'>
   <div class='ocr_carea' id='block_1_1' title="bbox 153 295 223 334">
    <p class='ocr_par' dir='ltr' id='par_1_1' title="bbox 153 295 223 334">
     <span class='ocr_line' id='line_1_1' title="bbox 153 295 223 334; baseline -0.029 0"><span class='ocrx_word' id='word_1_1' title='bbox 153 295 223 334; x_wconf 68' lang='grc' dir='ltr'><strong>ωε</strong></span> 
     </span>
    </p>
   </div>
   <div class='ocr_carea' id='block_1_2' title="bbox 153 371 1214 415">
    <p class='ocr_par' dir='ltr' id='par_1_2' title="bbox 153 371 1214 415">
     <span class='ocr_line' id='line_1_2' title="bbox 153 371 1214 415; baseline -0.008 -2"><span class='ocrx_word' id='word_1_2' title='bbox 153 383 188 413; x_wconf 86' lang='lat' dir='ltr'><strong>et</strong></span> <span class='ocrx_word' id='word_1_3' title='bbox 206 376 300 415; x_wconf 97' lang='lat' dir='ltr'><strong>sitim</strong></span> <span class='ocrx_word' id='word_1_4' title='bbox 320 381 357 412; x_wconf 91' lang='lat' dir='ltr'><strong>et</strong></span> <span class='ocrx_word' id='word_1_5' title='bbox 371 373 563 413; x_wconf 71' lang='lat' dir='ltr'><strong>nuditatem</strong></span> <span class='ocrx_word' id='word_1_6' title='bbox 581 377 617 410; x_wconf 88' lang='lat' dir='ltr'><strong>et</strong></span> <span class='ocrx_word' id='word_1_7' title='bbox 632 371 772 408; x_wconf 79' lang='lat' dir='ltr'><strong>vincula</strong></span> <span class='ocrx_word' id='word_1_8' title='bbox 789 377 825 409; x_wconf 85' lang='lat' dir='ltr'><strong>et</strong></span> <span class='ocrx_word' id='word_1_9' title='bbox 843 377 980 408; x_wconf 87' lang='lat' dir='ltr'><strong>mortes</strong></span> <span class='ocrx_word' id='word_1_10' title='bbox 989 375 1026 408; x_wconf 85' lang='lat' dir='ltr'><strong>et</strong></span> <span class='ocrx_word' id='word_1_11' title='bbox 1039 375 1214 410; x_wconf 77' lang='lat' dir='ltr'><strong>transma-</strong></span> 
     </span>
    </p>
   </div>
   <div class='ocr_carea' id='block_1_3' title="bbox 152 434 1214 484">
    <p class='ocr_par' dir='ltr' id='par_1_3' title="bbox 152 434 1214 484">
     <span class='ocr_line' id='line_1_3' title="bbox 152 434 1214 484; baseline -0.009 -7"><span class='ocrx_word' id='word_1_12' title='bbox 152 441 232 477; x_wconf 72' lang='lat' dir='ltr'><strong>rina</strong></span> <span class='ocrx_word' id='word_1_13' title='bbox 259 440 384 478; x_wconf 82' lang='lat' dir='ltr'><strong>itinera</strong></span> <span class='ocrx_word' id='word_1_14' title='bbox 404 444 439 476; x_wconf 87' lang='lat' dir='ltr'><strong>et</strong></span> <span class='ocrx_word' id='word_1_15' title='bbox 468 435 649 484; x_wconf 78' lang='lat' dir='ltr'><strong>naufragia</strong></span> <span class='ocrx_word' id='word_1_16' title='bbox 668 441 704 473; x_wconf 90' lang='lat' dir='ltr'><strong>et</strong></span> <span class='ocrx_word' id='word_1_17' title='bbox 731 434 802 471; x_wconf 78' lang='lat' dir='ltr'><strong>alia</strong></span> <span class='ocrx_word' id='word_1_18' title='bbox 825 434 946 472; x_wconf 82' lang='lat' dir='ltr'><strong>omnia</strong></span> <span class='ocrx_word' id='word_1_19' title='bbox 973 442 1054 480; x_wconf 65' lang='lat' dir='ltr'><strong>quae</strong></span> <span class='ocrx_word' id='word_1_20' title='bbox 1086 441 1214 469; x_wconf 85' lang='lat' dir='ltr'><strong>recen-</strong></span> 
     </span>
    </p>
   </div>
   <div class='ocr_carea' id='block_1_4' title="bbox 151 491 1215 541">
    <p class='ocr_par' dir='ltr' id='par_1_4' title="bbox 151 491 1215 541">
     <span class='ocr_line' id='line_1_4' title="bbox 151 491 1215 541; baseline -0.008 -5"><span class='ocrx_word' id='word_1_21' title='bbox 151 501 222 538; x_wconf 83' lang='lat' dir='ltr'><strong>suit</strong></span> <span class='ocrx_word' id='word_1_22' title='bbox 259 499 480 541; x_wconf 87' lang='lat' dir='ltr'><strong>sustinebat,</strong></span> <span class='ocrx_word' id='word_1_23' title='bbox 519 507 562 534; x_wconf 84' lang='lat' dir='ltr'><strong>ac</strong></span> <span class='ocrx_word' id='word_1_24' title='bbox 591 506 664 534; x_wconf 86' lang='lat' dir='ltr'><strong>non</strong></span> <span class='ocrx_word' id='word_1_25' title='bbox 695 495 810 532; x_wconf 82' lang='lat' dir='ltr'><strong>soluat</strong></span> <span class='ocrx_word' id='word_1_26' title='bbox 849 495 927 531; x_wconf 76' lang='lat' dir='ltr'><strong>lucc</strong></span> <span class='ocrx_word' id='word_1_27' title='bbox 961 503 1032 530; x_wconf 90' lang='lat' dir='ltr'><strong>non</strong></span> <span class='ocrx_word' id='word_1_28' title='bbox 1063 491 1215 530; x_wconf 82' lang='lat' dir='ltr'><strong>moleste</strong></span> 
     </span>
    </p>
   </div>
   <div class='ocr_carea' id='block_1_5' title="bbox 153 553 1212 604">
    <p class='ocr_par' dir='ltr' id='par_1_5' title="bbox 153 553 1212 604">
     <span class='ocr_line' id='line_1_5' title="bbox 153 553 1212 604; baseline -0.008 -7"><span class='ocrx_word' id='word_1_29' title='bbox 153 561 320 603; x_wconf 86' lang='lat' dir='ltr'><strong>ferebat,</strong></span> <span class='ocrx_word' id='word_1_30' title='bbox 355 559 416 598; x_wconf 91' lang='lat' dir='ltr'><strong>scd</strong></span> <span class='ocrx_word' id='word_1_31' title='bbox 449 557 555 594; x_wconf 88' lang='lat' dir='ltr'><strong>etiam</strong></span> <span class='ocrx_word' id='word_1_32' title='bbox 582 555 758 604; x_wconf 75' lang='lat' dir='ltr'><strong>gaudebat</strong></span> <span class='ocrx_word' id='word_1_33' title='bbox 781 567 792 592; x_wconf 90' lang='lat'><strong>:</strong></span> <span class='ocrx_word' id='word_1_34' title='bbox 813 565 920 598; x_wconf 86' lang='lat' dir='ltr'><strong>causa</strong></span> <span class='ocrx_word' id='word_1_35' title='bbox 942 559 1062 591; x_wconf 80' lang='lat' dir='ltr'><strong>autem</strong></span> <span class='ocrx_word' id='word_1_36' title='bbox 1086 553 1212 590; x_wconf 89' lang='lat' dir='ltr'><strong>horum</strong></span> 
     </span>
    </p>
   </div>
   <div class='ocr_carea' id='block_1_6' title="bbox 153 615 1214 667">
    <p class='ocr_par' dir='ltr' id='par_1_6' title="bbox 153 615 1214 667">
     <span class='ocr_line' id='line_1_6' title="bbox 153 615 1214 667; baseline -0.009 -6"><span class='ocrx_word' id='word_1_37' title='bbox 153 630 230 661; x_wconf 86' lang='lat' dir='ltr'><strong>erat</strong></span> <span class='ocrx_word' id='word_1_38' title='bbox 247 624 258 644; x_wconf 82' lang='grc' dir='ltr'>ί</span> <span class='ocrx_word' id='word_1_39' title='bbox 274 633 374 660; x_wconf 87' lang='lat' dir='ltr'><strong>amor</strong></span> <span class='ocrx_word' id='word_1_40' title='bbox 404 619 534 658; x_wconf 81' lang='lat' dir='ltr'><strong>Christi</strong></span> <span class='ocrx_word' id='word_1_41' title='bbox 566 631 576 656; x_wconf 90' lang='lat'><strong>:</strong></span> <span class='ocrx_word' id='word_1_42' title='bbox 609 628 720 667; x_wconf 86' lang='lat' dir='ltr'><strong>quare</strong></span> <span class='ocrx_word' id='word_1_43' title='bbox 737 617 879 665; x_wconf 83' lang='lat' dir='ltr'><strong>diccbat</strong></span> <span class='ocrx_word' id='word_1_44' title='bbox 897 628 906 654; x_wconf 94' lang='lat'>:</span> <span class='ocrx_word' id='word_1_45' title='bbox 925 616 970 653; x_wconf 82' lang='lat' dir='ltr'><strong>In</strong></span> <span class='ocrx_word' id='word_1_46' title='bbox 988 617 1040 652; x_wconf 75' lang='lat' dir='ltr'><strong>Itis</strong></span> <span class='ocrx_word' id='word_1_47' title='bbox 1058 615 1214 662; x_wconf 76' lang='lat' dir='ltr'><strong>omnibus</strong></span> 
     </span>
    </p>
   </div>
   <div class='ocr_carea' id='block_1_7' title="bbox 152 675 1213 733">
    <p class='ocr_par' dir='ltr' id='par_1_7' title="bbox 152 675 1213 733">
     <span class='ocr_line' id='line_1_7' title="bbox 152 675 1213 733; baseline -0.008 -11"><span class='ocrx_word' id='word_1_48' title='bbox 152 695 350 733; x_wconf 71' lang='lat' dir='ltr'><strong>superamus</strong></span> <span class='ocrx_word' id='word_1_49' title='bbox 368 689 505 730; x_wconf 80' lang='lat' dir='ltr'><strong>propter</strong></span> <span class='ocrx_word' id='word_1_50' title='bbox 529 693 606 720; x_wconf 82' lang='lat' dir='ltr'><strong>eum</strong></span> <span class='ocrx_word' id='word_1_51' title='bbox 630 681 688 728; x_wconf 82' lang='lat' dir='ltr'><strong>qui</strong></span> <span class='ocrx_word' id='word_1_52' title='bbox 716 679 836 716; x_wconf 75' lang='lat' dir='ltr'><strong>diletu&#39;t</strong></span> <span class='ocrx_word' id='word_1_53' title='bbox 861 690 922 715; x_wconf 82' lang='lat' dir='ltr'><strong>nos</strong></span> <span class='ocrx_word' id='word_1_54' title='bbox 942 677 1058 727; x_wconf 72' lang='lat' dir='ltr'><strong>(Rom.</strong></span> <span class='ocrx_word' id='word_1_55' title='bbox 1077 677 1116 716; x_wconf 88' lang='lat'><strong>8.</strong></span> <span class='ocrx_word' id='word_1_56' title='bbox 1137 675 1213 726; x_wconf 78' lang='grc'><strong>57).</strong></span> 
     </span>
    </p>
   </div>
   <div class='ocr_carea' id='block_1_8' title="bbox 153 741 1214 790">
    <p class='ocr_par' dir='ltr' id='par_1_8' title="bbox 153 741 1214 790">
     <span class='ocr_line' id='line_1_8' title="bbox 153 741 1214 790; baseline -0.006 -7"><span class='ocrx_word' id='word_1_57' title='bbox 153 747 226 784; x_wconf 84' lang='lat' dir='ltr'><strong>Nee</strong></span> <span class='ocrx_word' id='word_1_58' title='bbox 257 745 338 783; x_wconf 89' lang='lat' dir='ltr'><strong>ideo</strong></span> <span class='ocrx_word' id='word_1_59' title='bbox 364 744 534 790; x_wconf 82' lang='lat' dir='ltr'><strong>mireris:</strong></span> <span class='ocrx_word' id='word_1_60' title='bbox 555 753 636 781; x_wconf 87' lang='lat' dir='ltr'><strong>nam</strong></span> <span class='ocrx_word' id='word_1_61' title='bbox 663 743 692 779; x_wconf 90' lang='lat' dir='ltr'><strong>si</strong></span> <span class='ocrx_word' id='word_1_62' title='bbox 719 752 821 780; x_wconf 88' lang='lat' dir='ltr'><strong>amor</strong></span> <span class='ocrx_word' id='word_1_63' title='bbox 849 741 1034 778; x_wconf 79' lang='lat' dir='ltr'><strong>hominum</strong></span> <span class='ocrx_word' id='word_1_64' title='bbox 1061 747 1214 783; x_wconf 82' lang='lat' dir='ltr'><strong>mortem</strong></span> 
     </span>
    </p>
   </div>
   <div class='ocr_carea' id='block_1_9' title="bbox 153 802 1215 855">
    <p class='ocr_par' dir='ltr' id='par_1_9' title="bbox 153 802 1215 855">
     <span class='ocr_line' id='line_1_9' title="bbox 153 802 1215 855; baseline -0.008 -9"><span class='ocrx_word' id='word_1_65' title='bbox 153 818 251 855; x_wconf 71' lang='lat' dir='ltr'><strong>smpe</strong></span> <span class='ocrx_word' id='word_1_66' title='bbox 283 806 455 844; x_wconf 77' lang='lat' dir='ltr'><strong>audacter</strong></span> <span class='ocrx_word' id='word_1_67' title='bbox 487 804 590 843; x_wconf 89' lang='lat' dir='ltr'><strong>adire</strong></span> <span class='ocrx_word' id='word_1_68' title='bbox 609 803 729 849; x_wconf 77' lang='lat' dir='ltr'><strong>fecit,</strong></span> <span class='ocrx_word' id='word_1_69' title='bbox 761 803 846 850; x_wconf 81' lang='lat' dir='ltr'><strong>quid</strong></span> <span class='ocrx_word' id='word_1_70' title='bbox 877 812 948 840; x_wconf 86' lang='lat' dir='ltr'><strong>non</strong></span> <span class='ocrx_word' id='word_1_71' title='bbox 979 802 1085 842; x_wconf 82' lang='lat' dir='ltr'><strong>faciat</strong></span> <span class='ocrx_word' id='word_1_72' title='bbox 1113 811 1215 838; x_wconf 87' lang='lat' dir='ltr'><strong>amor</strong></span> 
     </span>
    </p>
   </div>
   <div class='ocr_carea' id='block_1_10' title="bbox 153 861 1217 915">
    <p class='ocr_par' dir='ltr' id='par_1_10' title="bbox 153 861 1217 915">
     <span class='ocr_line' id='line_1_10' title="bbox 153 861 1217 915; baseline -0.006 -10"><span class='ocrx_word' id='word_1_73' title='bbox 153 869 312 906; x_wconf 84' lang='lat' dir='ltr'><strong>Christi?</strong></span> <span class='ocrx_word' id='word_1_74' title='bbox 339 877 446 915; x_wconf 84' lang='lat' dir='ltr'><strong>quant</strong></span> <span class='ocrx_word' id='word_1_75' title='bbox 466 865 714 904; x_wconf 75' lang='lat' dir='ltr'><strong>difficultatem</strong></span> <span class='ocrx_word' id='word_1_76' title='bbox 747 874 817 900; x_wconf 93' lang='lat' dir='ltr'><strong>non</strong></span> <span class='ocrx_word' id='word_1_77' title='bbox 850 863 965 902; x_wconf 86' lang='lat' dir='ltr'><strong>levem</strong></span> <span class='ocrx_word' id='word_1_78' title='bbox 996 861 1125 900; x_wconf 83' lang='lat' dir='ltr'><strong>faciet?</strong></span> <span class='ocrx_word' id='word_1_79' title='bbox 1157 862 1217 900; x_wconf 87' lang='lat' dir='ltr'><strong>Sic</strong></span> 
     </span>
    </p>
   </div>
   <div class='ocr_carea' id='block_1_11' title="bbox 153 924 1216 972">
    <p class='ocr_par' dir='ltr' id='par_1_11' title="bbox 153 924 1216 972">
     <span class='ocr_line' id='line_1_11' title="bbox 153 924 1216 972; baseline -0.007 -6"><span class='ocrx_word' id='word_1_80' title='bbox 153 930 272 968; x_wconf 89' lang='lat' dir='ltr'><strong>omnia</strong></span> <span class='ocrx_word' id='word_1_81' title='bbox 293 929 344 966; x_wconf 87' lang='lat' dir='ltr'><strong>illi</strong></span> <span class='ocrx_word' id='word_1_82' title='bbox 365 927 565 966; x_wconf 73' lang='lat' dir='ltr'><strong>tolerabilia</strong></span> <span class='ocrx_word' id='word_1_83' title='bbox 595 931 722 970; x_wconf 86' lang='lat' dir='ltr'><strong>erant,</strong></span> <span class='ocrx_word' id='word_1_84' title='bbox 759 925 854 972; x_wconf 88' lang='lat' dir='ltr'><strong>quod</strong></span> <span class='ocrx_word' id='word_1_85' title='bbox 883 925 928 962; x_wconf 88' lang='lat' dir='ltr'><strong>ad</strong></span> <span class='ocrx_word' id='word_1_86' title='bbox 959 924 1129 960; x_wconf 84' lang='lat' dir='ltr'><strong>dilectum</strong></span> <span class='ocrx_word' id='word_1_87' title='bbox 1158 934 1216 960; x_wconf 85' lang='lat' dir='ltr'><strong>so—</strong></span> 
     </span>
    </p>
   </div>
   <div class='ocr_carea' id='block_1_12' title="bbox 155 983 1216 1035">
    <p class='ocr_par' dir='ltr' id='par_1_12' title="bbox 155 983 1216 1035">
     <span class='ocr_line' id='line_1_12' title="bbox 155 983 1216 1035; baseline -0.007 -9"><span class='ocrx_word' id='word_1_88' title='bbox 155 989 339 1030; x_wconf 83' lang='lat' dir='ltr'><strong>lummodo</strong></span> <span class='ocrx_word' id='word_1_89' title='bbox 371 989 592 1035; x_wconf 78' lang='lat' dir='ltr'><strong>respiceret,</strong></span> <span class='ocrx_word' id='word_1_90' title='bbox 623 992 660 1024; x_wconf 91' lang='lat' dir='ltr'><strong>et</strong></span> <span class='ocrx_word' id='word_1_91' title='bbox 687 986 782 1034; x_wconf 82' lang='lat' dir='ltr'><strong>quod</strong></span> <span class='ocrx_word' id='word_1_92' title='bbox 813 991 956 1032; x_wconf 84' lang='lat' dir='ltr'><strong>propter</strong></span> <span class='ocrx_word' id='word_1_93' title='bbox 975 984 1075 1024; x_wconf 84' lang='lat' dir='ltr'><strong>illum</strong></span> <span class='ocrx_word' id='word_1_94' title='bbox 1096 983 1216 1021; x_wconf 87' lang='lat' dir='ltr'><strong>omnia</strong></span> 
     </span>
    </p>
   </div>
   <div class='ocr_carea' id='block_1_13' title="bbox 154 1046 1213 1098">
    <p class='ocr_par' dir='ltr' id='par_1_13' title="bbox 154 1046 1213 1098">
     <span class='ocr_line' id='line_1_13' title="bbox 154 1046 1213 1098; baseline -0.005 -11"><span class='ocrx_word' id='word_1_95' title='bbox 154 1051 254 1098; x_wconf 86' lang='lat' dir='ltr'><strong>pati,</strong></span> <span class='ocrx_word' id='word_1_96' title='bbox 283 1049 382 1087; x_wconf 86' lang='lat' dir='ltr'><strong>omni</strong></span> <span class='ocrx_word' id='word_1_97' title='bbox 410 1049 590 1096; x_wconf 81' lang='lat' dir='ltr'><strong>voluptate</strong></span> <span class='ocrx_word' id='word_1_98' title='bbox 615 1055 651 1085; x_wconf 86' lang='lat' dir='ltr'><strong>et</strong></span> <span class='ocrx_word' id='word_1_99' title='bbox 679 1047 816 1084; x_wconf 85' lang='lat' dir='ltr'><strong>deliciis</strong></span> <span class='ocrx_word' id='word_1_100' title='bbox 835 1047 952 1092; x_wconf 80' lang='lat' dir='ltr'><strong>majus</strong></span> <span class='ocrx_word' id='word_1_101' title='bbox 978 1046 1213 1089; x_wconf 78' lang='lat' dir='ltr'><strong>existimaret,</strong></span> 
     </span>
    </p>
   </div>
   <div class='ocr_carea' id='block_1_14' title="bbox 153 1107 1215 1160">
    <p class='ocr_par' dir='ltr' id='par_1_14' title="bbox 153 1107 1215 1160">
     <span class='ocr_line' id='line_1_14' title="bbox 153 1107 1215 1160; baseline -0.006 -10"><span class='ocrx_word' id='word_1_102' title='bbox 153 1112 248 1160; x_wconf 86' lang='lat' dir='ltr'><strong>quod</strong></span> <span class='ocrx_word' id='word_1_103' title='bbox 266 1121 354 1149; x_wconf 86' lang='lat' dir='ltr'><strong>sane</strong></span> <span class='ocrx_word' id='word_1_104' title='bbox 373 1121 498 1148; x_wconf 85' lang='lat' dir='ltr'><strong>verum</strong></span> <span class='ocrx_word' id='word_1_105' title='bbox 525 1116 592 1148; x_wconf 84' lang='lat' dir='ltr'><strong>est.</strong></span> <span class='ocrx_word' id='word_1_106' title='bbox 626 1109 704 1146; x_wconf 81' lang='lat' dir='ltr'><strong>Non</strong></span> <span class='ocrx_word' id='word_1_107' title='bbox 735 1109 830 1146; x_wconf 89' lang='lat' dir='ltr'><strong>enim</strong></span> <span class='ocrx_word' id='word_1_108' title='bbox 863 1107 1102 1145; x_wconf 71' lang='lat' dir='ltr'><strong>arbitrabatur</strong></span> <span class='ocrx_word' id='word_1_109' title='bbox 1121 1117 1160 1144; x_wconf 90' lang='lat' dir='ltr'><strong>se</strong></span> <span class='ocrx_word' id='word_1_110' title='bbox 1180 1107 1215 1144; x_wconf 87' lang='lat' dir='ltr'><strong>in</strong></span> 
     </span>
    </p>
   </div>
   <div class='ocr_carea' id='block_1_15' title="bbox 155 1168 1215 1220">
    <p class='ocr_par' dir='ltr' id='par_1_15' title="bbox 155 1168 1215 1220">
     <span class='ocr_line' id='line_1_15' title="bbox 155 1168 1215 1220; baseline -0.008 -8"><span class='ocrx_word' id='word_1_111' title='bbox 155 1180 250 1212; x_wconf 84' lang='lat' dir='ltr'><strong>terra</strong></span> <span class='ocrx_word' id='word_1_112' title='bbox 269 1183 363 1218; x_wconf 87' lang='lat' dir='ltr'><strong>esse,</strong></span> <span class='ocrx_word' id='word_1_113' title='bbox 383 1173 440 1210; x_wconf 80' lang='lat' dir='ltr'><strong>vel</strong></span> <span class='ocrx_word' id='word_1_114' title='bbox 464 1172 504 1212; x_wconf 83' lang='lat' dir='ltr'><strong>in</strong></span> <span class='ocrx_word' id='word_1_115' title='bbox 525 1171 690 1220; x_wconf 71' lang='lat' dir='ltr'><strong>prmsenti</strong></span> <span class='ocrx_word' id='word_1_116' title='bbox 708 1171 779 1208; x_wconf 86' lang='lat' dir='ltr'><strong>vita</strong></span> <span class='ocrx_word' id='word_1_117' title='bbox 796 1169 927 1217; x_wconf 79' lang='lat' dir='ltr'><strong>degere</strong></span> <span class='ocrx_word' id='word_1_118' title='bbox 942 1197 952 1212; x_wconf 94' lang='lat'><strong>,</strong></span> <span class='ocrx_word' id='word_1_119' title='bbox 973 1169 1028 1206; x_wconf 86' lang='lat' dir='ltr'><strong>vel</strong></span> <span class='ocrx_word' id='word_1_120' title='bbox 1049 1179 1128 1206; x_wconf 91' lang='lat' dir='ltr'><strong>cum</strong></span> <span class='ocrx_word' id='word_1_121' title='bbox 1148 1168 1215 1204; x_wconf 90' lang='lat' dir='ltr'><strong>ho-</strong></span> 
     </span>
    </p>
   </div>
   <div class='ocr_carea' id='block_1_16' title="bbox 154 1230 1216 1277">
    <p class='ocr_par' dir='ltr' id='par_1_16' title="bbox 154 1230 1216 1277">
     <span class='ocr_line' id='line_1_16' title="bbox 154 1230 1216 1277; baseline -0.007 -5"><span class='ocrx_word' id='word_1_122' title='bbox 154 1234 310 1272; x_wconf 85' lang='lat' dir='ltr'><strong>minibus</strong></span> <span class='ocrx_word' id='word_1_123' title='bbox 329 1232 556 1276; x_wconf 79' lang='lat' dir='ltr'><strong>conversari;</strong></span> <span class='ocrx_word' id='word_1_124' title='bbox 585 1231 650 1269; x_wconf 83' lang='lat' dir='ltr'><strong>sed</strong></span> <span class='ocrx_word' id='word_1_125' title='bbox 675 1241 717 1268; x_wconf 85' lang='lat' dir='ltr'><strong>ac</strong></span> <span class='ocrx_word' id='word_1_126' title='bbox 744 1231 774 1268; x_wconf 87' lang='lat' dir='ltr'><strong>si</strong></span> <span class='ocrx_word' id='word_1_127' title='bbox 791 1230 866 1277; x_wconf 86' lang='lat' dir='ltr'><strong>jam</strong></span> <span class='ocrx_word' id='word_1_128' title='bbox 883 1231 1064 1267; x_wconf 84' lang='lat' dir='ltr'><strong>caelestem</strong></span> <span class='ocrx_word' id='word_1_129' title='bbox 1083 1236 1216 1266; x_wconf 88' lang='lat' dir='ltr'><strong>sortem</strong></span> 
     </span>
    </p>
   </div>
   <div class='ocr_carea' id='block_1_17' title="bbox 153 1290 1218 1340">
    <p class='ocr_par' dir='ltr' id='par_1_17' title="bbox 153 1290 1218 1340">
     <span class='ocr_line' id='line_1_17' title="bbox 153 1290 1218 1340; baseline -0.008 -7"><span class='ocrx_word' id='word_1_130' title='bbox 153 1296 345 1340; x_wconf 85' lang='lat' dir='ltr'><strong>obtineret,</strong></span> <span class='ocrx_word' id='word_1_131' title='bbox 365 1304 406 1332; x_wconf 88' lang='lat' dir='ltr'><strong>ac</strong></span> <span class='ocrx_word' id='word_1_132' title='bbox 425 1304 506 1331; x_wconf 91' lang='lat' dir='ltr'><strong>cum</strong></span> <span class='ocrx_word' id='word_1_133' title='bbox 527 1293 666 1340; x_wconf 81' lang='lat' dir='ltr'><strong>angelis</strong></span> <span class='ocrx_word' id='word_1_134' title='bbox 685 1291 845 1340; x_wconf 75' lang='lat' dir='ltr'><strong>degeret,</strong></span> <span class='ocrx_word' id='word_1_135' title='bbox 867 1301 1015 1338; x_wconf 78' lang='lat' dir='ltr'><strong>regnum</strong></span> <span class='ocrx_word' id='word_1_136' title='bbox 1037 1290 1218 1338; x_wconf 86' lang='lat' dir='ltr'><strong>acciperet</strong></span> 
     </span>
    </p>
   </div>
   <div class='ocr_carea' id='block_1_18' title="bbox 153 1351 1218 1395">
    <p class='ocr_par' dir='ltr' id='par_1_18' title="bbox 153 1351 1218 1395">
     <span class='ocr_line' id='line_1_18' title="bbox 153 1351 1218 1395; baseline -0.008 0"><span class='ocrx_word' id='word_1_137' title='bbox 153 1364 189 1395; x_wconf 90' lang='lat' dir='ltr'><strong>ct</strong></span> <span class='ocrx_word' id='word_1_138' title='bbox 213 1357 302 1394; x_wconf 86' lang='lat' dir='ltr'><strong>facie</strong></span> <span class='ocrx_word' id='word_1_139' title='bbox 330 1354 374 1392; x_wconf 90' lang='lat' dir='ltr'><strong>ad</strong></span> <span class='ocrx_word' id='word_1_140' title='bbox 407 1355 534 1392; x_wconf 83' lang='lat' dir='ltr'><strong>faciem</strong></span> <span class='ocrx_word' id='word_1_141' title='bbox 565 1354 628 1391; x_wconf 90' lang='lat' dir='ltr'><strong>illo</strong></span> <span class='ocrx_word' id='word_1_142' title='bbox 656 1353 866 1390; x_wconf 85' lang='lat' dir='ltr'><strong>frueretur:</strong></span> <span class='ocrx_word' id='word_1_143' title='bbox 888 1353 940 1390; x_wconf 89' lang='lat' dir='ltr'><strong>sic</strong></span> <span class='ocrx_word' id='word_1_144' title='bbox 969 1358 1008 1390; x_wconf 89' lang='lat' dir='ltr'><strong>et</strong></span> <span class='ocrx_word' id='word_1_145' title='bbox 1036 1351 1155 1389; x_wconf 77' lang='lat' dir='ltr'><strong>dulcia.</strong></span> <span class='ocrx_word' id='word_1_146' title='bbox 1179 1357 1218 1388; x_wconf 82' lang='lat' dir='ltr'><strong>et</strong></span> 
     </span>
    </p>
   </div>
   <div class='ocr_carea' id='block_1_19' title="bbox 154 1413 1218 1464">
    <p class='ocr_par' dir='ltr' id='par_1_19' title="bbox 154 1413 1218 1464">
     <span class='ocr_line' id='line_1_19' title="bbox 154 1413 1218 1464; baseline -0.006 -10"><span class='ocrx_word' id='word_1_147' title='bbox 154 1417 290 1461; x_wconf 87' lang='lat' dir='ltr'><strong>tristia,</strong></span> <span class='ocrx_word' id='word_1_148' title='bbox 323 1427 404 1464; x_wconf 74' lang='lat' dir='ltr'><strong>qua:</strong></span> <span class='ocrx_word' id='word_1_149' title='bbox 423 1417 456 1452; x_wconf 89' lang='lat' dir='ltr'><strong>in</strong></span> <span class='ocrx_word' id='word_1_150' title='bbox 477 1415 544 1452; x_wconf 82' lang='lat' dir='ltr'><strong>hoc</strong></span> <span class='ocrx_word' id='word_1_151' title='bbox 563 1415 696 1452; x_wconf 87' lang='lat' dir='ltr'><strong>mundo</strong></span> <span class='ocrx_word' id='word_1_152' title='bbox 711 1420 794 1451; x_wconf 89' lang='lat' dir='ltr'><strong>sunt</strong></span> <span class='ocrx_word' id='word_1_153' title='bbox 811 1441 821 1458; x_wconf 91' lang='lat'><strong>,</strong></span> <span class='ocrx_word' id='word_1_154' title='bbox 843 1413 1118 1458; x_wconf 84' lang='lat' dir='ltr'><strong>contemnebat,</strong></span> <span class='ocrx_word' id='word_1_155' title='bbox 1138 1413 1218 1449; x_wconf 86' lang='lat' dir='ltr'><strong>nul-</strong></span> 
     </span>
    </p>
   </div>
   <div class='ocr_carea' id='block_1_20' title="bbox 153 1475 1216 1525">
    <p class='ocr_par' dir='ltr' id='par_1_20' title="bbox 153 1475 1216 1525">
     <span class='ocr_line' id='line_1_20' title="bbox 153 1475 1216 1525; baseline -0.005 -11"><span class='ocrx_word' id='word_1_156' title='bbox 153 1479 295 1525; x_wconf 89' lang='lat' dir='ltr'><strong>lamque</strong></span> <span class='ocrx_word' id='word_1_157' title='bbox 313 1477 448 1524; x_wconf 87' lang='lat' dir='ltr'><strong>requiei</strong></span> <span class='ocrx_word' id='word_1_158' title='bbox 465 1477 560 1514; x_wconf 91' lang='lat' dir='ltr'><strong>illius</strong></span> <span class='ocrx_word' id='word_1_159' title='bbox 574 1504 584 1520; x_wconf 87' lang='lat'><strong>,</strong></span> <span class='ocrx_word' id='word_1_160' title='bbox 607 1486 711 1522; x_wconf 84' lang='lat' dir='ltr'><strong>quant</strong></span> <span class='ocrx_word' id='word_1_161' title='bbox 741 1475 884 1512; x_wconf 89' lang='lat' dir='ltr'><strong>assidue</strong></span> <span class='ocrx_word' id='word_1_162' title='bbox 903 1475 1136 1522; x_wconf 81' lang='lat' dir='ltr'><strong>inquirimus,</strong></span> <span class='ocrx_word' id='word_1_163' title='bbox 1157 1483 1216 1510; x_wconf 86' lang='lat' dir='ltr'><strong>ra-</strong></span> 
     </span>
    </p>
   </div>
   <div class='ocr_carea' id='block_1_21' title="bbox 156 1535 1218 1583">
    <p class='ocr_par' dir='ltr' id='par_1_21' title="bbox 156 1535 1218 1583">
     <span class='ocr_line' id='line_1_21' title="bbox 156 1535 1218 1583; baseline -0.004 -7"><span class='ocrx_word' id='word_1_164' title='bbox 156 1541 288 1576; x_wconf 87' lang='lat' dir='ltr'><strong>ti0nem</strong></span> <span class='ocrx_word' id='word_1_165' title='bbox 308 1539 484 1583; x_wconf 80' lang='lat' dir='ltr'><strong>habebat;</strong></span> <span class='ocrx_word' id='word_1_166' title='bbox 504 1539 566 1576; x_wconf 89' lang='lat' dir='ltr'><strong>sed</strong></span> <span class='ocrx_word' id='word_1_167' title='bbox 581 1538 758 1576; x_wconf 83' lang='lat' dir='ltr'><strong>clamabat</strong></span> <span class='ocrx_word' id='word_1_168' title='bbox 775 1537 898 1574; x_wconf 87' lang='lat' dir='ltr'><strong>dicens</strong></span> <span class='ocrx_word' id='word_1_169' title='bbox 919 1549 927 1573; x_wconf 91' lang='lat'><strong>:</strong></span> <span class='ocrx_word' id='word_1_170' title='bbox 950 1535 1064 1583; x_wconf 81' lang='lat' dir='ltr'><strong>Usque</strong></span> <span class='ocrx_word' id='word_1_171' title='bbox 1077 1538 1112 1573; x_wconf 85' lang='lat' dir='ltr'><strong>in</strong></span> <span class='ocrx_word' id='word_1_172' title='bbox 1131 1537 1218 1574; x_wconf 86' lang='lat' dir='ltr'><strong>hanc</strong></span> 
     </span>
    </p>
   </div>
   <div class='ocr_carea' id='block_1_22' title="bbox 155 1599 1220 1644">
    <p class='ocr_par' dir='ltr' id='par_1_22' title="bbox 155 1599 1220 1644">
     <span class='ocr_line' id='line_1_22' title="bbox 155 1599 1220 1644; baseline 0 -10"><span class='ocrx_word' id='word_1_173' title='bbox 155 1601 274 1636; x_wconf 70' lang='lat' dir='ltr'><strong>[eorum</strong></span> <span class='ocrx_word' id='word_1_174' title='bbox 289 1606 320 1636; x_wconf 88' lang='lat' dir='ltr'><strong>et</strong></span> <span class='ocrx_word' id='word_1_175' title='bbox 333 1600 498 1637; x_wconf 72' lang='lat' dir='ltr'><strong>esurimus</strong></span> <span class='ocrx_word' id='word_1_176' title='bbox 514 1627 525 1644; x_wconf 94' lang='lat'><strong>,</strong></span> <span class='ocrx_word' id='word_1_177' title='bbox 543 1606 575 1636; x_wconf 83' lang='lat' dir='ltr'><strong>et</strong></span> <span class='ocrx_word' id='word_1_178' title='bbox 592 1599 722 1636; x_wconf 81' lang='lat' dir='ltr'><strong>sitimus</strong></span> <span class='ocrx_word' id='word_1_179' title='bbox 738 1627 748 1644; x_wconf 90' lang='lat'><strong>,</strong></span> <span class='ocrx_word' id='word_1_180' title='bbox 771 1605 801 1635; x_wconf 89' lang='lat' dir='ltr'><strong>et</strong></span> <span class='ocrx_word' id='word_1_181' title='bbox 820 1599 902 1635; x_wconf 84' lang='lat' dir='ltr'><strong>nudi</strong></span> <span class='ocrx_word' id='word_1_182' title='bbox 917 1609 1034 1634; x_wconf 84' lang='lat' dir='ltr'><strong>sumus</strong></span> <span class='ocrx_word' id='word_1_183' title='bbox 1048 1625 1058 1642; x_wconf 91' lang='lat'><strong>,</strong></span> <span class='ocrx_word' id='word_1_184' title='bbox 1078 1605 1109 1635; x_wconf 89' lang='lat' dir='ltr'><strong>et</strong></span> <span class='ocrx_word' id='word_1_185' title='bbox 1125 1599 1220 1634; x_wconf 80' lang='lat' dir='ltr'><strong>cola—</strong></span> 
     </span>
    </p>
   </div>
   <div class='ocr_carea' id='block_1_23' title="bbox 155 1660 1220 1709">
    <p class='ocr_par' dir='ltr' id='par_1_23' title="bbox 155 1660 1220 1709">
     <span class='ocr_line' id='line_1_23' title="bbox 155 1660 1220 1709; baseline -0.001 -12"><span class='ocrx_word' id='word_1_186' title='bbox 155 1663 232 1709; x_wconf 74' lang='lat' dir='ltr'><strong>phis</strong></span> <span class='ocrx_word' id='word_1_187' title='bbox 242 1663 416 1706; x_wconf 66' lang='lat' dir='ltr'><strong>caedimur,</strong></span> <span class='ocrx_word' id='word_1_188' title='bbox 433 1668 464 1700; x_wconf 84' lang='lat' dir='ltr'><strong>et</strong></span> <span class='ocrx_word' id='word_1_189' title='bbox 483 1660 654 1700; x_wconf 76' lang='lat' dir='ltr'><strong>instabiles</strong></span> <span class='ocrx_word' id='word_1_190' title='bbox 671 1671 801 1706; x_wconf 77' lang='lat' dir='ltr'><strong>sumus,</strong></span> <span class='ocrx_word' id='word_1_191' title='bbox 822 1667 853 1697; x_wconf 86' lang='lat' dir='ltr'><strong>et</strong></span> <span class='ocrx_word' id='word_1_192' title='bbox 870 1660 1061 1697; x_wconf 78' lang='lat' dir='ltr'><strong>laboramus</strong></span> <span class='ocrx_word' id='word_1_193' title='bbox 1075 1671 1220 1708; x_wconf 81' lang='lat' dir='ltr'><strong>operan-</strong></span> 
     </span>
    </p>
   </div>
   <div class='ocr_carea' id='block_1_24' title="bbox 154 1722 1220 1770">
    <p class='ocr_par' dir='ltr' id='par_1_24' title="bbox 154 1722 1220 1770">
     <span class='ocr_line' id='line_1_24' title="bbox 154 1722 1220 1770; baseline -0.001 -11"><span class='ocrx_word' id='word_1_194' title='bbox 154 1731 202 1760; x_wconf 78' lang='lat' dir='ltr'><strong>tes</strong></span> <span class='ocrx_word' id='word_1_195' title='bbox 231 1724 385 1763; x_wconf 77' lang='lat' dir='ltr'><strong>manibus</strong></span> <span class='ocrx_word' id='word_1_196' title='bbox 403 1723 528 1760; x_wconf 74' lang='lat' dir='ltr'><strong>nostris</strong></span> <span class='ocrx_word' id='word_1_197' title='bbox 547 1733 560 1758; x_wconf 93' lang='lat'><em>:</em></span> <span class='ocrx_word' id='word_1_198' title='bbox 578 1722 813 1760; x_wconf 83' lang='lat' dir='ltr'><strong>maledicimur</strong></span> <span class='ocrx_word' id='word_1_199' title='bbox 826 1729 858 1759; x_wconf 86' lang='lat' dir='ltr'><strong>et</strong></span> <span class='ocrx_word' id='word_1_200' title='bbox 877 1722 1101 1759; x_wconf 82' lang='lat' dir='ltr'><strong>benedicimus</strong></span> <span class='ocrx_word' id='word_1_201' title='bbox 1113 1750 1124 1766; x_wconf 91' lang='lat'><strong>,</strong></span> <span class='ocrx_word' id='word_1_202' title='bbox 1141 1733 1220 1770; x_wconf 89' lang='lat' dir='ltr'><strong>per-</strong></span> 
     </span>
    </p>
   </div>
   <div class='ocr_carea' id='block_1_25' title="bbox 153 1783 1218 1832">
    <p class='ocr_par' dir='ltr' id='par_1_25' title="bbox 153 1783 1218 1832">
     <span class='ocr_line' id='line_1_25' title="bbox 153 1783 1218 1832; baseline -0.004 -10"><span class='ocrx_word' id='word_1_203' title='bbox 153 1785 381 1832; x_wconf 81' lang='lat' dir='ltr'><strong>sequutionem</strong></span> <span class='ocrx_word' id='word_1_204' title='bbox 408 1784 559 1830; x_wconf 80' lang='lat' dir='ltr'><strong>patimur</strong></span> <span class='ocrx_word' id='word_1_205' title='bbox 577 1789 609 1820; x_wconf 78' lang='lat' dir='ltr'><strong>et</strong></span> <span class='ocrx_word' id='word_1_206' title='bbox 629 1784 855 1827; x_wconf 81' lang='lat' dir='ltr'><strong>sustinemus,</strong></span> <span class='ocrx_word' id='word_1_207' title='bbox 886 1783 1160 1829; x_wconf 79' lang='lat' dir='ltr'><strong>blasphemamur</strong></span> <span class='ocrx_word' id='word_1_208' title='bbox 1188 1790 1218 1819; x_wconf 84' lang='lat' dir='ltr'><strong>et</strong></span> 
     </span>
    </p>
   </div>
   <div class='ocr_carea' id='block_1_26' title="bbox 153 1844 1215 1893">
    <p class='ocr_par' dir='ltr' id='par_1_26' title="bbox 153 1844 1215 1893">
     <span class='ocr_line' id='line_1_26' title="bbox 153 1844 1215 1893; baseline -0.004 -10"><span class='ocrx_word' id='word_1_209' title='bbox 153 1847 364 1883; x_wconf 73' lang='lat' dir='ltr'><strong>obsecramus</strong></span> <span class='ocrx_word' id='word_1_210' title='bbox 383 1856 395 1882; x_wconf 92' lang='lat'><em>:</em></span> <span class='ocrx_word' id='word_1_211' title='bbox 413 1850 585 1892; x_wconf 80' lang='lat' dir='ltr'><strong>tamquam</strong></span> <span class='ocrx_word' id='word_1_212' title='bbox 610 1851 834 1893; x_wconf 81' lang='lat' dir='ltr'><strong>purgamenta</strong></span> <span class='ocrx_word' id='word_1_213' title='bbox 852 1845 970 1880; x_wconf 80' lang='lat' dir='ltr'><strong>mundi</strong></span> <span class='ocrx_word' id='word_1_214' title='bbox 987 1844 1069 1891; x_wconf 79' lang='lat' dir='ltr'><strong>facti</strong></span> <span class='ocrx_word' id='word_1_215' title='bbox 1086 1855 1215 1888; x_wconf 81' lang='lat' dir='ltr'><strong>sumus,</strong></span> 
     </span>
    </p>
   </div>
   <div class='ocr_carea' id='block_1_27' title="bbox 153 1905 1214 1956">
    <p class='ocr_par' dir='ltr' id='par_1_27' title="bbox 153 1905 1214 1956">
     <span class='ocr_line' id='line_1_27' title="bbox 153 1905 1214 1956; baseline -0.003 -12"><span class='ocrx_word' id='word_1_216' title='bbox 153 1908 300 1944; x_wconf 83' lang='lat' dir='ltr'><strong>onmium</strong></span> <span class='ocrx_word' id='word_1_217' title='bbox 329 1907 516 1955; x_wconf 83' lang='lat' dir='ltr'><strong>peripsema</strong></span> <span class='ocrx_word' id='word_1_218' title='bbox 554 1920 664 1956; x_wconf 83' lang='lat' dir='ltr'><strong>usque</strong></span> <span class='ocrx_word' id='word_1_219' title='bbox 694 1907 812 1944; x_wconf 76' lang='lat' dir='ltr'><strong>adhuc</strong></span> <span class='ocrx_word' id='word_1_220' title='bbox 840 1906 890 1953; x_wconf 84' lang='grc' dir='ltr'><strong>(Ι.</strong></span> <span class='ocrx_word' id='word_1_221' title='bbox 909 1905 988 1942; x_wconf 89' lang='lat' dir='ltr'><strong>Cor.</strong></span> <span class='ocrx_word' id='word_1_222' title='bbox 1011 1906 1047 1942; x_wconf 73' lang='grc'><strong>4.</strong></span> <span class='ocrx_word' id='word_1_223' title='bbox 1074 1905 1214 1953; x_wconf 71' lang='grc'><strong>11-15).</strong></span> 
     </span>
    </p>
   </div>
   <div class='ocr_carea' id='block_1_28' title="bbox 153 1962 1218 2006">
    <p class='ocr_par' dir='ltr' id='par_1_28' title="bbox 153 1962 1218 2006">
     <span class='ocr_line' id='line_1_28' title="bbox 153 1962 1218 2006; baseline -0.003 0"><span class='ocrx_word' id='word_1_224' title='bbox 153 1969 241 2006; x_wconf 86' lang='lat' dir='ltr'><strong>Cum</strong></span> <span class='ocrx_word' id='word_1_225' title='bbox 269 1967 365 2006; x_wconf 87' lang='lat' dir='ltr'><strong>enim</strong></span> <span class='ocrx_word' id='word_1_226' title='bbox 389 1967 502 2005; x_wconf 87' lang='lat' dir='ltr'><strong>semel</strong></span> <span class='ocrx_word' id='word_1_227' title='bbox 533 1967 657 2005; x_wconf 89' lang='lat' dir='ltr'><strong>oculos</strong></span> <span class='ocrx_word' id='word_1_228' title='bbox 686 1967 817 2004; x_wconf 79' lang='lat' dir='ltr'><strong>anima:</strong></span> <span class='ocrx_word' id='word_1_229' title='bbox 849 1967 887 2004; x_wconf 92' lang='lat' dir='ltr'><strong>in</strong></span> <span class='ocrx_word' id='word_1_230' title='bbox 913 1967 1039 2004; x_wconf 66' lang='lat' dir='ltr'><strong>eatlum</strong></span> <span class='ocrx_word' id='word_1_231' title='bbox 1063 1962 1218 2004; x_wconf 85' lang='lat' dir='ltr'><strong>conver-</strong></span> 
     </span>
    </p>
   </div>
   <div class='ocr_carea' id='block_1_29' title="bbox 155 2027 1216 2078">
    <p class='ocr_par' dir='ltr' id='par_1_29' title="bbox 155 2027 1216 2078">
     <span class='ocr_line' id='line_1_29' title="bbox 155 2027 1216 2078; baseline -0.002 -12"><span class='ocrx_word' id='word_1_232' title='bbox 155 2031 278 2073; x_wconf 87' lang='lat' dir='ltr'><strong>tisset,</strong></span> <span class='ocrx_word' id='word_1_233' title='bbox 308 2034 344 2066; x_wconf 87' lang='lat' dir='ltr'><strong>et</strong></span> <span class='ocrx_word' id='word_1_234' title='bbox 373 2028 570 2066; x_wconf 62' lang='lat' dir='ltr'><strong>caelestium</strong></span> <span class='ocrx_word' id='word_1_235' title='bbox 600 2027 866 2078; x_wconf 85' lang='lat' dir='ltr'><strong>pulchritudine</strong></span> <span class='ocrx_word' id='word_1_236' title='bbox 899 2035 1025 2076; x_wconf 87' lang='lat' dir='ltr'><strong>captus</strong></span> <span class='ocrx_word' id='word_1_237' title='bbox 1041 2034 1162 2073; x_wconf 81' lang='lat' dir='ltr'><strong>esset,</strong></span> <span class='ocrx_word' id='word_1_238' title='bbox 1180 2029 1216 2065; x_wconf 90' lang='lat' dir='ltr'><strong>in</strong></span> 
     </span>
    </p>
   </div>
   <div class='ocr_carea' id='block_1_30' title="bbox 154 2090 1219 2139">
    <p class='ocr_par' dir='ltr' id='par_1_30' title="bbox 154 2090 1219 2139">
     <span class='ocr_line' id='line_1_30' title="bbox 154 2090 1219 2139; baseline 0 -11"><span class='ocrx_word' id='word_1_239' title='bbox 154 2098 284 2129; x_wconf 84' lang='lat' dir='ltr'><strong>terram</strong></span> <span class='ocrx_word' id='word_1_240' title='bbox 318 2090 449 2128; x_wconf 83' lang='lat' dir='ltr'><strong>reverti</strong></span> <span class='ocrx_word' id='word_1_241' title='bbox 489 2101 562 2128; x_wconf 88' lang='lat' dir='ltr'><strong>non</strong></span> <span class='ocrx_word' id='word_1_242' title='bbox 594 2090 814 2134; x_wconf 77' lang='lat' dir='ltr'><strong>sustinebat;</strong></span> <span class='ocrx_word' id='word_1_243' title='bbox 851 2091 913 2128; x_wconf 88' lang='lat' dir='ltr'><strong>sed</strong></span> <span class='ocrx_word' id='word_1_244' title='bbox 955 2091 1050 2128; x_wconf 86' lang='lat' dir='ltr'><strong>velut</strong></span> <span class='ocrx_word' id='word_1_245' title='bbox 1083 2101 1219 2139; x_wconf 85' lang='lat' dir='ltr'><strong>pauper</strong></span> 
     </span>
    </p>
   </div>
   <div class='ocr_carea' id='block_1_31' title="bbox 151 2151 1219 2202">
    <p class='ocr_par' dir='ltr' id='par_1_31' title="bbox 151 2151 1219 2202">
     <span class='ocr_line' id='line_1_31' title="bbox 151 2151 1219 2202; baseline 0.003 -13"><span class='ocrx_word' id='word_1_246' title='bbox 151 2154 294 2202; x_wconf 86' lang='lat' dir='ltr'><strong>quidam</strong></span> <span class='ocrx_word' id='word_1_247' title='bbox 305 2159 342 2190; x_wconf 88' lang='lat' dir='ltr'><strong>et</strong></span> <span class='ocrx_word' id='word_1_248' title='bbox 361 2154 478 2200; x_wconf 88' lang='lat' dir='ltr'><strong>inops,</strong></span> <span class='ocrx_word' id='word_1_249' title='bbox 501 2153 540 2188; x_wconf 85' lang='lat' dir='ltr'><strong>in</strong></span> <span class='ocrx_word' id='word_1_250' title='bbox 557 2151 710 2190; x_wconf 88' lang='lat' dir='ltr'><strong>obscura</strong></span> <span class='ocrx_word' id='word_1_251' title='bbox 725 2159 761 2189; x_wconf 91' lang='lat' dir='ltr'><strong>et</strong></span> <span class='ocrx_word' id='word_1_252' title='bbox 776 2153 834 2190; x_wconf 83' lang='lat' dir='ltr'><strong>vili</strong></span> <span class='ocrx_word' id='word_1_253' title='bbox 851 2153 1064 2191; x_wconf 83' lang='lat' dir='ltr'><strong>domuncula</strong></span> <span class='ocrx_word' id='word_1_254' title='bbox 1076 2165 1219 2202; x_wconf 81' lang='lat' dir='ltr'><strong>semper</strong></span> 
     </span>
    </p>
   </div>
   <div class='ocr_carea' id='block_1_32' title="bbox 153 2212 1219 2261">
    <p class='ocr_par' dir='ltr' id='par_1_32' title="bbox 153 2212 1219 2261">
     <span class='ocr_line' id='line_1_32' title="bbox 153 2212 1219 2261; baseline 0.001 -10"><span class='ocrx_word' id='word_1_255' title='bbox 153 2215 309 2252; x_wconf 85' lang='lat' dir='ltr'><strong>inclusus</strong></span> <span class='ocrx_word' id='word_1_256' title='bbox 327 2242 337 2258; x_wconf 93' lang='lat'><strong>,</strong></span> <span class='ocrx_word' id='word_1_257' title='bbox 365 2212 395 2250; x_wconf 90' lang='lat' dir='ltr'><strong>si</strong></span> <span class='ocrx_word' id='word_1_258' title='bbox 428 2223 549 2260; x_wconf 79' lang='lat' dir='ltr'><strong>regem</strong></span> <span class='ocrx_word' id='word_1_259' title='bbox 578 2213 698 2250; x_wconf 86' lang='lat' dir='ltr'><strong>videat</strong></span> <span class='ocrx_word' id='word_1_260' title='bbox 723 2223 811 2250; x_wconf 89' lang='lat' dir='ltr'><strong>auro</strong></span> <span class='ocrx_word' id='word_1_261' title='bbox 829 2213 944 2252; x_wconf 90' lang='lat' dir='ltr'><strong>multo</strong></span> <span class='ocrx_word' id='word_1_262' title='bbox 959 2220 995 2251; x_wconf 89' lang='lat' dir='ltr'><strong>et</strong></span> <span class='ocrx_word' id='word_1_263' title='bbox 1013 2214 1219 2261; x_wconf 82' lang='lat' dir='ltr'><strong>lapillorum</strong></span> 
     </span>
    </p>
   </div>
   <div class='ocr_carea' id='block_1_33' title="bbox 153 2279 1220 2328">
    <p class='ocr_par' dir='ltr' id='par_1_33' title="bbox 153 2279 1220 2328">
     <span class='ocr_line' id='line_1_33' title="bbox 153 2279 1220 2328; baseline 0.001 -13"><span class='ocrx_word' id='word_1_264' title='bbox 153 2279 342 2326; x_wconf 82' lang='lat' dir='ltr'><strong>splendore</strong></span> <span class='ocrx_word' id='word_1_265' title='bbox 361 2279 570 2328; x_wconf 75' lang='lat' dir='ltr'><strong>fulgentem,</strong></span> <span class='ocrx_word' id='word_1_266' title='bbox 590 2290 783 2328; x_wconf 87' lang='lat' dir='ltr'><strong>numquam</strong></span> <span class='ocrx_word' id='word_1_267' title='bbox 810 2279 906 2317; x_wconf 90' lang='lat' dir='ltr'><strong>volet</strong></span> <span class='ocrx_word' id='word_1_268' title='bbox 925 2285 1048 2327; x_wconf 88' lang='lat' dir='ltr'><strong>postea</strong></span> <span class='ocrx_word' id='word_1_269' title='bbox 1067 2279 1113 2317; x_wconf 89' lang='lat' dir='ltr'><strong>de</strong></span> <span class='ocrx_word' id='word_1_270' title='bbox 1131 2289 1220 2326; x_wconf 90' lang='lat' dir='ltr'><strong>pau-</strong></span> 
     </span>
    </p>
   </div>
   <div class='ocr_carea' id='block_1_34' title="bbox 152 2341 1220 2391">
    <p class='ocr_par' dir='ltr' id='par_1_34' title="bbox 152 2341 1220 2391">
     <span class='ocr_line' id='line_1_34' title="bbox 152 2341 1220 2391; baseline 0.002 -13"><span class='ocrx_word' id='word_1_271' title='bbox 152 2343 296 2386; x_wconf 87' lang='lat' dir='ltr'><strong>percula</strong></span> <span class='ocrx_word' id='word_1_272' title='bbox 315 2342 422 2380; x_wconf 88' lang='lat' dir='ltr'><strong>domo</strong></span> <span class='ocrx_word' id='word_1_273' title='bbox 449 2353 514 2380; x_wconf 87' lang='lat' dir='ltr'><strong>sua</strong></span> <span class='ocrx_word' id='word_1_274' title='bbox 543 2343 701 2391; x_wconf 78' lang='lat' dir='ltr'><strong>cogitare</strong></span> <span class='ocrx_word' id='word_1_275' title='bbox 715 2369 724 2387; x_wconf 93' lang='lat'><strong>,</strong></span> <span class='ocrx_word' id='word_1_276' title='bbox 753 2342 818 2379; x_wconf 81' lang='lat' dir='ltr'><strong>sed</strong></span> <span class='ocrx_word' id='word_1_277' title='bbox 839 2341 925 2378; x_wconf 91' lang='lat' dir='ltr'><strong>nihil</strong></span> <span class='ocrx_word' id='word_1_278' title='bbox 945 2353 1016 2379; x_wconf 89' lang='lat' dir='ltr'><strong>non</strong></span> <span class='ocrx_word' id='word_1_279' title='bbox 1033 2349 1116 2390; x_wconf 79' lang='lat' dir='ltr'><strong>aget</strong></span> <span class='ocrx_word' id='word_1_280' title='bbox 1129 2349 1167 2379; x_wconf 90' lang='lat' dir='ltr'><strong>ut</strong></span> <span class='ocrx_word' id='word_1_281' title='bbox 1183 2343 1220 2380; x_wconf 86' lang='lat' dir='ltr'><strong>in</strong></span> 
     </span>
    </p>
   </div>
   <div class='ocr_carea' id='block_1_35' title="bbox 150 2403 1221 2452">
    <p class='ocr_par' dir='ltr' id='par_1_35' title="bbox 150 2403 1221 2452">
     <span class='ocr_line' id='line_1_35' title="bbox 150 2403 1221 2452; baseline 0.001 -11"><span class='ocrx_word' id='word_1_282' title='bbox 150 2403 249 2441; x_wconf 73' lang='lat' dir='ltr'><strong>illam</strong></span> <span class='ocrx_word' id='word_1_283' title='bbox 263 2404 412 2442; x_wconf 89' lang='lat' dir='ltr'><strong>domum</strong></span> <span class='ocrx_word' id='word_1_284' title='bbox 427 2415 468 2442; x_wconf 89' lang='lat' dir='ltr'><strong>se</strong></span> <span class='ocrx_word' id='word_1_285' title='bbox 487 2405 694 2448; x_wconf 87' lang='lat' dir='ltr'><strong>transferat,</strong></span> <span class='ocrx_word' id='word_1_286' title='bbox 715 2404 747 2442; x_wconf 89' lang='lat' dir='ltr'><strong>si</strong></span> <span class='ocrx_word' id='word_1_287' title='bbox 763 2404 842 2442; x_wconf 88' lang='lat' dir='ltr'><strong>ﬁeri</strong></span> <span class='ocrx_word' id='word_1_288' title='bbox 860 2405 975 2452; x_wconf 81' lang='lat' dir='ltr'><strong>possit</strong></span> <span class='ocrx_word' id='word_1_289' title='bbox 997 2417 1005 2441; x_wconf 94' lang='lat'><strong>:</strong></span> <span class='ocrx_word' id='word_1_290' title='bbox 1025 2404 1078 2442; x_wconf 86' lang='lat' dir='ltr'><strong>sic</strong></span> <span class='ocrx_word' id='word_1_291' title='bbox 1093 2405 1221 2442; x_wconf 87' lang='lat' dir='ltr'><strong>beatus</strong></span> 
     </span>
    </p>
   </div>
   <div class='ocr_carea' id='block_1_36' title="bbox 155 2464 1222 2514">
    <p class='ocr_par' dir='ltr' id='par_1_36' title="bbox 155 2464 1222 2514">
     <span class='ocr_line' id='line_1_36' title="bbox 155 2464 1222 2514; baseline 0.002 -14"><span class='ocrx_word' id='word_1_292' title='bbox 155 2464 226 2506; x_wconf 85' lang='lat' dir='ltr'><strong>ille,</strong></span> <span class='ocrx_word' id='word_1_293' title='bbox 247 2475 328 2503; x_wconf 87' lang='lat' dir='ltr'><strong>cum</strong></span> <span class='ocrx_word' id='word_1_294' title='bbox 347 2467 504 2504; x_wconf 82' lang='lat' dir='ltr'><strong>ca-lestia</strong></span> <span class='ocrx_word' id='word_1_295' title='bbox 526 2467 678 2504; x_wconf 84' lang='lat' dir='ltr'><strong>intuitus</strong></span> <span class='ocrx_word' id='word_1_296' title='bbox 697 2471 818 2512; x_wconf 88' lang='lat' dir='ltr'><strong>esset,</strong></span> <span class='ocrx_word' id='word_1_297' title='bbox 846 2466 952 2514; x_wconf 88' lang='lat' dir='ltr'><strong>hujus</strong></span> <span class='ocrx_word' id='word_1_298' title='bbox 969 2466 1051 2503; x_wconf 82' lang='lat' dir='ltr'><strong>vitae</strong></span> <span class='ocrx_word' id='word_1_299' title='bbox 1069 2476 1222 2514; x_wconf 87' lang='lat' dir='ltr'><strong>panper-</strong></span> 
     </span>
    </p>
   </div>
   <div class='ocr_carea' id='block_1_37' title="bbox 155 2527 1222 2584">
    <p class='ocr_par' dir='ltr' id='par_1_37' title="bbox 155 2527 1222 2584">
     <span class='ocr_line' id='line_1_37' title="bbox 155 2527 1222 2584; baseline 0.005 -23"><span class='ocrx_word' id='word_1_300' title='bbox 155 2531 262 2562; x_wconf 84' lang='lat' dir='ltr'><strong>tatem</strong></span> <span class='ocrx_word' id='word_1_301' title='bbox 297 2527 514 2574; x_wconf 83' lang='lat' dir='ltr'><strong>despiciebat</strong></span> <span class='ocrx_word' id='word_1_302' title='bbox 537 2536 603 2566; x_wconf 89' lang='lat' dir='ltr'><strong>:ct</strong></span> <span class='ocrx_word' id='word_1_303' title='bbox 633 2539 714 2566; x_wconf 91' lang='lat' dir='ltr'><strong>cum</strong></span> <span class='ocrx_word' id='word_1_304' title='bbox 749 2529 952 2566; x_wconf 88' lang='lat' dir='ltr'><strong>hominibus</strong></span> <span class='ocrx_word' id='word_1_305' title='bbox 981 2529 1124 2576; x_wconf 89' lang='lat' dir='ltr'><strong>quidem</strong></span> <span class='ocrx_word' id='word_1_306' title='bbox 1156 2538 1222 2584; x_wconf 86' lang='lat' dir='ltr'><strong>pro</strong></span> 
     </span>
    </p>
   </div>
   <div class='ocr_carea' id='block_1_38' title="bbox 155 2588 1220 2637">
    <p class='ocr_par' dir='ltr' id='par_1_38' title="bbox 155 2588 1220 2637">
     <span class='ocr_line' id='line_1_38' title="bbox 155 2588 1220 2637; baseline 0.006 -13"><span class='ocrx_word' id='word_1_307' title='bbox 155 2588 370 2625; x_wconf 87' lang='lat' dir='ltr'><strong>necessitate</strong></span> <span class='ocrx_word' id='word_1_308' title='bbox 389 2592 550 2637; x_wconf 82' lang='lat' dir='ltr'><strong>corporis</strong></span> <span class='ocrx_word' id='word_1_309' title='bbox 570 2591 805 2637; x_wconf 82' lang='lat' dir='ltr'><strong>versabatur,</strong></span> <span class='ocrx_word' id='word_1_310' title='bbox 835 2591 880 2628; x_wconf 88' lang='lat' dir='ltr'><strong>ad</strong></span> <span class='ocrx_word' id='word_1_311' title='bbox 901 2591 1036 2629; x_wconf 90' lang='lat' dir='ltr'><strong>nullam</strong></span> <span class='ocrx_word' id='word_1_312' title='bbox 1057 2601 1142 2629; x_wconf 89' lang='lat' dir='ltr'><strong>vero</strong></span> <span class='ocrx_word' id='word_1_313' title='bbox 1159 2601 1220 2630; x_wconf 88' lang='lat' dir='ltr'><strong>re-</strong></span> 
     </span>
    </p>
   </div>
   <div class='ocr_carea' id='block_1_39' title="bbox 155 2649 1221 2699">
    <p class='ocr_par' dir='ltr' id='par_1_39' title="bbox 155 2649 1221 2699">
     <span class='ocr_line' id='line_1_39' title="bbox 155 2649 1221 2699; baseline 0.007 -16"><span class='ocrx_word' id='word_1_314' title='bbox 155 2658 234 2684; x_wconf 90' lang='lat' dir='ltr'><strong>rum</strong></span> <span class='ocrx_word' id='word_1_315' title='bbox 253 2649 475 2686; x_wconf 76' lang='lat' dir='ltr'><strong>smcttlarium</strong></span> <span class='ocrx_word' id='word_1_316' title='bbox 491 2660 530 2688; x_wconf 89' lang='lat' dir='ltr'><strong>sc</strong></span> <span class='ocrx_word' id='word_1_317' title='bbox 541 2651 786 2699; x_wconf 80' lang='lat' dir='ltr'><strong>convertebat,</strong></span> <span class='ocrx_word' id='word_1_318' title='bbox 805 2653 867 2691; x_wconf 88' lang='lat' dir='ltr'><strong>sed</strong></span> <span class='ocrx_word' id='word_1_319' title='bbox 887 2663 928 2691; x_wconf 89' lang='lat' dir='ltr'><strong>se</strong></span> <span class='ocrx_word' id='word_1_320' title='bbox 945 2659 1060 2690; x_wconf 88' lang='lat' dir='ltr'><strong>totum</strong></span> <span class='ocrx_word' id='word_1_321' title='bbox 1075 2653 1109 2690; x_wconf 90' lang='lat' dir='ltr'><strong>in</strong></span> <span class='ocrx_word' id='word_1_322' title='bbox 1125 2653 1221 2690; x_wconf 88' lang='lat' dir='ltr'><strong>illam</strong></span> 
     </span>
    </p>
   </div>
   <div class='ocr_carea' id='block_1_40' title="bbox 154 2709 606 2750">
    <p class='ocr_par' dir='ltr' id='par_1_40' title="bbox 154 2709 606 2750">
     <span class='ocr_line' id='line_1_40' title="bbox 154 2709 606 2750; baseline 0.004 -4"><span class='ocrx_word' id='word_1_323' title='bbox 154 2709 335 2746; x_wconf 88' lang='lat' dir='ltr'><strong>civitatem</strong></span> <span class='ocrx_word' id='word_1_324' title='bbox 355 2710 606 2750; x_wconf 84' lang='lat' dir='ltr'><strong>transferebat.</strong></span> 
     </span>
    </p>
   </div>
   <div class='ocr_carea' id='block_1_41' title="bbox 203 2769 1222 2824">
    <p class='ocr_par' dir='ltr' id='par_1_41' title="bbox 203 2769 1222 2824">
     <span class='ocr_line' id='line_1_41' title="bbox 203 2769 1222 2824; baseline 0.007 -18"><span class='ocrx_word' id='word_1_325' title='bbox 203 2769 308 2808; x_wconf 80' lang='lat' dir='ltr'><strong>Pauli</strong></span> <span class='ocrx_word' id='word_1_326' title='bbox 323 2782 419 2808; x_wconf 88' lang='lat' dir='ltr'><strong>amor</strong></span> <span class='ocrx_word' id='word_1_327' title='bbox 440 2772 813 2821; x_wconf 78' lang='lat' dir='ltr'><strong>ueltemetts.—Ecquid</strong></span> <span class='ocrx_word' id='word_1_328' title='bbox 828 2775 952 2822; x_wconf 90' lang='lat' dir='ltr'><strong>loquar</strong></span> <span class='ocrx_word' id='word_1_329' title='bbox 969 2776 1016 2815; x_wconf 91' lang='lat' dir='ltr'><strong>de</strong></span> <span class='ocrx_word' id='word_1_330' title='bbox 1034 2777 1222 2824; x_wconf 65' lang='lat' dir='ltr'><strong>praesentis</strong></span> 
     </span>
    </p>
   </div>
   <div class='ocr_carea' id='block_1_42' title="bbox 153 2832 1220 2891">
    <p class='ocr_par' dir='ltr' id='par_1_42' title="bbox 153 2832 1220 2891">
     <span class='ocr_line' id='line_1_42' title="bbox 153 2832 1220 2891; baseline 0.007 -23"><span class='ocrx_word' id='word_1_331' title='bbox 153 2832 236 2891; x_wconf 72' lang='lat' dir='ltr'><strong>vita:</strong></span> <span class='ocrx_word' id='word_1_332' title='bbox 253 2833 447 2872; x_wconf 71' lang='lat' dir='ltr'><strong>aerumnis?</strong></span> <span class='ocrx_word' id='word_1_333' title='bbox 467 2834 580 2872; x_wconf 86' lang='lat' dir='ltr'><strong>Tanto</strong></span> <span class='ocrx_word' id='word_1_334' title='bbox 596 2835 726 2884; x_wconf 87' lang='lat' dir='ltr'><strong>quippe</strong></span> <span class='ocrx_word' id='word_1_335' title='bbox 743 2835 874 2874; x_wconf 81' lang='lat' dir='ltr'><strong>Christi</strong></span> <span class='ocrx_word' id='word_1_336' title='bbox 894 2848 1016 2876; x_wconf 86' lang='lat' dir='ltr'><strong>amore</strong></span> <span class='ocrx_word' id='word_1_337' title='bbox 1034 2839 1220 2886; x_wconf 83' lang='lat' dir='ltr'><strong>ﬂagrabat,</strong></span> 
     </span>
    </p>
   </div>
   <div class='ocr_carea' id='block_1_43' title="bbox 155 2893 1222 2944">
    <p class='ocr_par' dir='ltr' id='par_1_43' title="bbox 155 2893 1222 2944">
     <span class='ocr_line' id='line_1_43' title="bbox 155 2893 1222 2944; baseline 0.007 -14"><span class='ocrx_word' id='word_1_338' title='bbox 155 2900 192 2930; x_wconf 90' lang='lat' dir='ltr'><strong>ut</strong></span> <span class='ocrx_word' id='word_1_339' title='bbox 205 2894 234 2930; x_wconf 88' lang='lat' dir='ltr'><strong>si</strong></span> <span class='ocrx_word' id='word_1_340' title='bbox 253 2893 479 2944; x_wconf 81' lang='lat' dir='ltr'><strong>propositum</strong></span> <span class='ocrx_word' id='word_1_341' title='bbox 496 2895 562 2934; x_wconf 81' lang='lat' dir='ltr'><strong>sibi</strong></span> <span class='ocrx_word' id='word_1_342' title='bbox 572 2895 698 2935; x_wconf 85' lang='lat' dir='ltr'><strong>fuisset</strong></span> <span class='ocrx_word' id='word_1_343' title='bbox 713 2897 930 2938; x_wconf 72' lang='lat' dir='ltr'><strong>immortales</strong></span> <span class='ocrx_word' id='word_1_344' title='bbox 949 2899 1030 2937; x_wconf 92' lang='lat' dir='ltr'><strong>illos</strong></span> <span class='ocrx_word' id='word_1_345' title='bbox 1043 2902 1222 2938; x_wconf 87' lang='lat' dir='ltr'><strong>cruciatus</strong></span> 
     </span>
    </p>
   </div>
   <div class='ocr_carea' id='block_1_44' title="bbox 156 2955 1220 3008">
    <p class='ocr_par' dir='ltr' id='par_1_44' title="bbox 156 2955 1220 3008">
     <span class='ocr_line' id='line_1_44' title="bbox 156 2955 1220 3008; baseline 0.008 -17"><span class='ocrx_word' id='word_1_346' title='bbox 156 2965 219 3003; x_wconf 82' lang='lat' dir='ltr'><strong>pro</strong></span> <span class='ocrx_word' id='word_1_347' title='bbox 228 2955 370 2994; x_wconf 88' lang='lat' dir='ltr'><strong>Christo</strong></span> <span class='ocrx_word' id='word_1_348' title='bbox 380 2957 514 3004; x_wconf 88' lang='lat' dir='ltr'><strong>subire,</strong></span> <span class='ocrx_word' id='word_1_349' title='bbox 527 2968 570 2996; x_wconf 90' lang='lat' dir='ltr'><strong>ne</strong></span> <span class='ocrx_word' id='word_1_350' title='bbox 581 2958 649 2996; x_wconf 90' lang='lat' dir='ltr'><strong>hoc</strong></span> <span class='ocrx_word' id='word_1_351' title='bbox 659 2959 800 3008; x_wconf 83' lang='lat' dir='ltr'><strong>quidem</strong></span> <span class='ocrx_word' id='word_1_352' title='bbox 811 2968 1022 2999; x_wconf 87' lang='lat' dir='ltr'><strong>recusasset.</strong></span> <span class='ocrx_word' id='word_1_353' title='bbox 1037 2963 1114 3000; x_wconf 89' lang='lat' dir='ltr'><strong>Non</strong></span> <span class='ocrx_word' id='word_1_354' title='bbox 1125 2964 1220 3000; x_wconf 84' lang='lat' dir='ltr'><strong>enim</strong></span> 
     </span>
    </p>
   </div>
   <div class='ocr_carea' id='block_1_45' title="bbox 155 3019 1221 3071">
    <p class='ocr_par' dir='ltr' id='par_1_45' title="bbox 155 3019 1221 3071">
     <span class='ocr_line' id='line_1_45' title="bbox 155 3019 1221 3071; baseline 0.01 -17"><span class='ocrx_word' id='word_1_355' title='bbox 155 3019 451 3064; x_wconf 86' lang='lat' dir='ltr'><strong>quemadmodum</strong></span> <span class='ocrx_word' id='word_1_356' title='bbox 466 3031 532 3058; x_wconf 91' lang='lat' dir='ltr'><strong>nos</strong></span> <span class='ocrx_word' id='word_1_357' title='bbox 541 3023 766 3069; x_wconf 86' lang='lat' dir='ltr'><strong>mercenarii,</strong></span> <span class='ocrx_word' id='word_1_358' title='bbox 779 3023 835 3070; x_wconf 90' lang='lat' dir='ltr'><strong>qui</strong></span> <span class='ocrx_word' id='word_1_359' title='bbox 845 3023 1042 3071; x_wconf 76' lang='lat' dir='ltr'><strong>gehennam</strong></span> <span class='ocrx_word' id='word_1_360' title='bbox 1053 3025 1221 3065; x_wconf 82' lang='lat' dir='ltr'><strong>formida-</strong></span> 
     </span>
    </p>
   </div>
   <div class='ocr_carea' id='block_1_46' title="bbox 156 3083 1222 3130">
    <p class='ocr_par' dir='ltr' id='par_1_46' title="bbox 156 3083 1222 3130">
     <span class='ocr_line' id='line_1_46' title="bbox 156 3083 1222 3130; baseline 0.01 -16"><span class='ocrx_word' id='word_1_361' title='bbox 156 3087 235 3116; x_wconf 90' lang='lat' dir='ltr'><strong>mus</strong></span> <span class='ocrx_word' id='word_1_362' title='bbox 249 3085 285 3116; x_wconf 93' lang='lat' dir='ltr'><strong>et</strong></span> <span class='ocrx_word' id='word_1_363' title='bbox 303 3091 452 3127; x_wconf 81' lang='lat' dir='ltr'><strong>regnum</strong></span> <span class='ocrx_word' id='word_1_364' title='bbox 467 3083 768 3130; x_wconf 87' lang='lat' dir='ltr'><strong>concupiscimus,</strong></span> <span class='ocrx_word' id='word_1_365' title='bbox 784 3083 836 3120; x_wconf 85' lang='lat' dir='ltr'><strong>sic</strong></span> <span class='ocrx_word' id='word_1_366' title='bbox 852 3084 910 3122; x_wconf 90' lang='lat' dir='ltr'><strong>ille</strong></span> <span class='ocrx_word' id='word_1_367' title='bbox 929 3085 1070 3124; x_wconf 90' lang='lat' dir='ltr'><strong>Christo</strong></span> <span class='ocrx_word' id='word_1_368' title='bbox 1083 3088 1222 3125; x_wconf 87' lang='lat' dir='ltr'><strong>servie-</strong></span> 
     </span>
    </p>
   </div>
   <div class='ocr_carea' id='block_1_47' title="bbox 157 3135 1224 3194">
    <p class='ocr_par' dir='ltr' id='par_1_47' title="bbox 157 3135 1224 3194">
     <span class='ocr_line' id='line_1_47' title="bbox 157 3135 1224 3194; baseline 0.015 -21"><span class='ocrx_word' id='word_1_369' title='bbox 157 3135 217 3174; x_wconf 91' lang='lat' dir='ltr'><strong>bat</strong></span> <span class='ocrx_word' id='word_1_370' title='bbox 232 3149 242 3182; x_wconf 89' lang='lat'><strong>;</strong></span> <span class='ocrx_word' id='word_1_371' title='bbox 258 3139 319 3176; x_wconf 89' lang='lat' dir='ltr'><strong>sed</strong></span> <span class='ocrx_word' id='word_1_372' title='bbox 330 3140 399 3179; x_wconf 88' lang='lat' dir='ltr'><strong>alio</strong></span> <span class='ocrx_word' id='word_1_373' title='bbox 409 3141 514 3190; x_wconf 77' lang='lat' dir='ltr'><strong>longe</strong></span> <span class='ocrx_word' id='word_1_374' title='bbox 524 3144 772 3190; x_wconf 73' lang='lat' dir='ltr'><strong>prmstantiore</strong></span> <span class='ocrx_word' id='word_1_375' title='bbox 783 3145 1010 3194; x_wconf 87' lang='lat' dir='ltr'><strong>beatiOreque</strong></span> <span class='ocrx_word' id='word_1_376' title='bbox 1027 3158 1150 3187; x_wconf 84' lang='lat' dir='ltr'><strong>amore</strong></span> <span class='ocrx_word' id='word_1_377' title='bbox 1163 3159 1224 3189; x_wconf 84' lang='lat' dir='ltr'><strong>ca-</strong></span> 
     </span>
    </p>
   </div>
   <div class='ocr_carea' id='block_1_48' title="bbox 158 3202 1220 3256">
    <p class='ocr_par' dir='ltr' id='par_1_48' title="bbox 158 3202 1220 3256">
     <span class='ocr_line' id='line_1_48' title="bbox 158 3202 1220 3256; baseline 0.015 -21"><span class='ocrx_word' id='word_1_378' title='bbox 158 3206 252 3246; x_wconf 89' lang='lat' dir='ltr'><strong>ptus,</strong></span> <span class='ocrx_word' id='word_1_379' title='bbox 281 3202 399 3239; x_wconf 83' lang='lat' dir='ltr'><strong>omnia</strong></span> <span class='ocrx_word' id='word_1_380' title='bbox 422 3204 620 3252; x_wconf 86' lang='lat' dir='ltr'><strong>patiebatur</strong></span> <span class='ocrx_word' id='word_1_381' title='bbox 637 3211 674 3244; x_wconf 89' lang='lat' dir='ltr'><strong>et</strong></span> <span class='ocrx_word' id='word_1_382' title='bbox 691 3206 816 3254; x_wconf 80' lang='lat' dir='ltr'><strong>agebat</strong></span> <span class='ocrx_word' id='word_1_383' title='bbox 835 3208 928 3246; x_wconf 89' lang='lat' dir='ltr'><strong>nulla</strong></span> <span class='ocrx_word' id='word_1_384' title='bbox 948 3209 1017 3246; x_wconf 87' lang='lat' dir='ltr'><strong>alia</strong></span> <span class='ocrx_word' id='word_1_385' title='bbox 1033 3209 1079 3248; x_wconf 91' lang='lat' dir='ltr'><strong>de</strong></span> <span class='ocrx_word' id='word_1_386' title='bbox 1099 3221 1220 3256; x_wconf 83' lang='lat' dir='ltr'><strong>causa,</strong></span> 
     </span>
    </p>
   </div>
   <div class='ocr_carea' id='block_1_49' title="bbox 155 3264 1222 3318">
    <p class='ocr_par' dir='ltr' id='par_1_49' title="bbox 155 3264 1222 3318">
     <span class='ocr_line' id='line_1_49' title="bbox 155 3264 1222 3318; baseline 0.013 -22"><span class='ocrx_word' id='word_1_387' title='bbox 155 3271 261 3309; x_wconf 85' lang='lat' dir='ltr'><strong>quam</strong></span> <span class='ocrx_word' id='word_1_388' title='bbox 273 3267 311 3298; x_wconf 92' lang='lat' dir='ltr'><strong>ut</strong></span> <span class='ocrx_word' id='word_1_389' title='bbox 321 3264 433 3300; x_wconf 88' lang='lat' dir='ltr'><strong>amori</strong></span> <span class='ocrx_word' id='word_1_390' title='bbox 443 3275 525 3312; x_wconf 74' lang='lat' dir='ltr'><strong>erga</strong></span> <span class='ocrx_word' id='word_1_391' title='bbox 533 3266 713 3306; x_wconf 80' lang='lat' dir='ltr'><strong>Christum</strong></span> <span class='ocrx_word' id='word_1_392' title='bbox 724 3277 788 3304; x_wconf 88' lang='lat' dir='ltr'><strong>suo</strong></span> <span class='ocrx_word' id='word_1_393' title='bbox 799 3269 1038 3309; x_wconf 77' lang='lat' dir='ltr'><strong>satisfaceret:</strong></span> <span class='ocrx_word' id='word_1_394' title='bbox 1053 3272 1110 3318; x_wconf 88' lang='lat' dir='ltr'><strong>qui</strong></span> <span class='ocrx_word' id='word_1_395' title='bbox 1121 3281 1222 3310; x_wconf 91' lang='lat' dir='ltr'><strong>amor</strong></span> 
     </span>
    </p>
   </div>
   <div class='ocr_carea' id='block_1_50' title="bbox 156 3321 1222 3376">
    <p class='ocr_par' dir='ltr' id='par_1_50' title="bbox 156 3321 1222 3376">
     <span class='ocr_line' id='line_1_50' title="bbox 156 3321 1222 3376; baseline 0.013 -18"><span class='ocrx_word' id='word_1_396' title='bbox 156 3321 248 3359; x_wconf 78' lang='lat' dir='ltr'><strong>adeo</strong></span> <span class='ocrx_word' id='word_1_397' title='bbox 259 3329 413 3360; x_wconf 89' lang='lat' dir='ltr'><strong>mentem</strong></span> <span class='ocrx_word' id='word_1_398' title='bbox 425 3327 501 3370; x_wconf 85' lang='lat' dir='ltr'><strong>ejus</strong></span> <span class='ocrx_word' id='word_1_399' title='bbox 512 3328 656 3371; x_wconf 86' lang='lat' dir='ltr'><strong>vicerat,</strong></span> <span class='ocrx_word' id='word_1_400' title='bbox 673 3335 712 3366; x_wconf 92' lang='lat' dir='ltr'><strong>ut</strong></span> <span class='ocrx_word' id='word_1_401' title='bbox 724 3328 819 3376; x_wconf 89' lang='lat' dir='ltr'><strong>quod</strong></span> <span class='ocrx_word' id='word_1_402' title='bbox 831 3331 879 3366; x_wconf 93' lang='lat' dir='ltr'><strong>illi</strong></span> <span class='ocrx_word' id='word_1_403' title='bbox 889 3332 1004 3369; x_wconf 88' lang='lat' dir='ltr'><strong>carius</strong></span> <span class='ocrx_word' id='word_1_404' title='bbox 1017 3339 1107 3374; x_wconf 86' lang='lat' dir='ltr'><strong>erat,</strong></span> <span class='ocrx_word' id='word_1_405' title='bbox 1120 3344 1222 3372; x_wconf 86' lang='lat' dir='ltr'><strong>nem-</strong></span> 
     </span>
    </p>
   </div>
   <div class='ocr_carea' id='block_1_51' title="bbox 157 3384 1221 3442">
    <p class='ocr_par' dir='ltr' id='par_1_51' title="bbox 157 3384 1221 3442">
     <span class='ocr_line' id='line_1_51' title="bbox 157 3384 1221 3442; baseline 0.012 -23"><span class='ocrx_word' id='word_1_406' title='bbox 157 3392 201 3430; x_wconf 84' lang='lat' dir='ltr'><strong>pe</strong></span> <span class='ocrx_word' id='word_1_407' title='bbox 219 3393 299 3421; x_wconf 80' lang='lat' dir='ltr'><strong>esse</strong></span> <span class='ocrx_word' id='word_1_408' title='bbox 317 3394 398 3422; x_wconf 86' lang='lat' dir='ltr'><strong>cum</strong></span> <span class='ocrx_word' id='word_1_409' title='bbox 415 3384 570 3434; x_wconf 85' lang='lat' dir='ltr'><strong>Christo,</strong></span> <span class='ocrx_word' id='word_1_410' title='bbox 584 3399 649 3435; x_wconf 93' lang='lat' dir='ltr'><strong>pro</strong></span> <span class='ocrx_word' id='word_1_411' title='bbox 663 3399 732 3438; x_wconf 86' lang='lat' dir='ltr'><strong>quo</strong></span> <span class='ocrx_word' id='word_1_412' title='bbox 749 3397 785 3428; x_wconf 86' lang='lat' dir='ltr'><strong>et</strong></span> <span class='ocrx_word' id='word_1_413' title='bbox 801 3391 998 3439; x_wconf 77' lang='lat' dir='ltr'><strong>gehennam</strong></span> <span class='ocrx_word' id='word_1_414' title='bbox 1017 3400 1054 3432; x_wconf 89' lang='lat' dir='ltr'><strong>et</strong></span> <span class='ocrx_word' id='word_1_415' title='bbox 1071 3405 1221 3442; x_wconf 76' lang='lat' dir='ltr'><strong>regnum</strong></span> 
     </span>
    </p>
   </div>
   <div class='ocr_carea' id='block_1_52' title="bbox 157 3445 1222 3500">
    <p class='ocr_par' dir='ltr' id='par_1_52' title="bbox 157 3445 1222 3500">
     <span class='ocr_line' id='line_1_52' title="bbox 157 3445 1222 3500; baseline 0.014 -20"><span class='ocrx_word' id='word_1_416' title='bbox 157 3445 327 3482; x_wconf 58' lang='lat' dir='ltr'><strong>caelorum</strong></span> <span class='ocrx_word' id='word_1_417' title='bbox 361 3445 595 3494; x_wconf 86' lang='lat' dir='ltr'><strong>despiciebat,</strong></span> <span class='ocrx_word' id='word_1_418' title='bbox 630 3450 698 3488; x_wconf 90' lang='lat' dir='ltr'><strong>hoc</strong></span> <span class='ocrx_word' id='word_1_419' title='bbox 729 3452 862 3498; x_wconf 89' lang='lat' dir='ltr'><strong>ipsum,</strong></span> <span class='ocrx_word' id='word_1_420' title='bbox 880 3452 1038 3500; x_wconf 86' lang='lat' dir='ltr'><strong>inquam,</strong></span> <span class='ocrx_word' id='word_1_421' title='bbox 1068 3456 1222 3496; x_wconf 86' lang='lat' dir='ltr'><strong>libenter</strong></span> 
     </span>
    </p>
   </div>
   <div class='ocr_carea' id='block_1_53' title="bbox 158 3504 1220 3556">
    <p class='ocr_par' dir='ltr' id='par_1_53' title="bbox 158 3504 1220 3556">
     <span class='ocr_line' id='line_1_53' title="bbox 158 3504 1220 3556; baseline 0.012 -14"><span class='ocrx_word' id='word_1_422' title='bbox 158 3504 358 3552; x_wconf 86' lang='lat' dir='ltr'><strong>desereret,</strong></span> <span class='ocrx_word' id='word_1_423' title='bbox 390 3517 433 3544; x_wconf 89' lang='lat' dir='ltr'><strong>ac</strong></span> <span class='ocrx_word' id='word_1_424' title='bbox 457 3509 600 3554; x_wconf 85' lang='lat' dir='ltr'><strong>propter</strong></span> <span class='ocrx_word' id='word_1_425' title='bbox 629 3511 806 3550; x_wconf 87' lang='lat' dir='ltr'><strong>Christum</strong></span> <span class='ocrx_word' id='word_1_426' title='bbox 825 3513 1098 3555; x_wconf 82' lang='lat' dir='ltr'><strong>incnarrabilem</strong></span> <span class='ocrx_word' id='word_1_427' title='bbox 1120 3518 1220 3556; x_wconf 88' lang='lat' dir='ltr'><strong>illunt</strong></span> 
     </span>
    </p>
   </div>
   <div class='ocr_carea' id='block_1_54' title="bbox 158 3566 1220 3624">
    <p class='ocr_par' dir='ltr' id='par_1_54' title="bbox 158 3566 1220 3624">
     <span class='ocr_line' id='line_1_54' title="bbox 158 3566 1220 3624; baseline 0.014 -22"><span class='ocrx_word' id='word_1_428' title='bbox 158 3566 312 3612; x_wconf 85' lang='lat' dir='ltr'><strong>lapsum,</strong></span> <span class='ocrx_word' id='word_1_429' title='bbox 336 3568 437 3614; x_wconf 88' lang='lat' dir='ltr'><strong>quasi</strong></span> <span class='ocrx_word' id='word_1_430' title='bbox 459 3579 535 3605; x_wconf 88' lang='lat' dir='ltr'><strong>rem</strong></span> <span class='ocrx_word' id='word_1_431' title='bbox 553 3571 859 3616; x_wconf 87' lang='lat' dir='ltr'><strong>optabilissimam,</strong></span> <span class='ocrx_word' id='word_1_432' title='bbox 881 3575 987 3612; x_wconf 86' lang='lat' dir='ltr'><strong>vellet</strong></span> <span class='ocrx_word' id='word_1_433' title='bbox 1003 3578 1166 3624; x_wconf 83' lang='lat' dir='ltr'><strong>ampleCti</strong></span> <span class='ocrx_word' id='word_1_434' title='bbox 1184 3584 1220 3617; x_wconf 89' lang='lat' dir='ltr'><strong>et</strong></span> 
     </span>
    </p>
   </div>
   <div class='ocr_carea' id='block_1_55' title="bbox 157 3630 794 3680">
    <p class='ocr_par' dir='ltr' id='par_1_55' title="bbox 157 3630 794 3680">
     <span class='ocr_line' id='line_1_55' title="bbox 157 3630 794 3680; baseline 0.009 -14"><span class='ocrx_word' id='word_1_435' title='bbox 157 3639 283 3678; x_wconf 78' lang='lat' dir='ltr'><strong>magna</strong></span> <span class='ocrx_word' id='word_1_436' title='bbox 302 3641 385 3671; x_wconf 88' lang='lat' dir='ltr'><strong>cum</strong></span> <span class='ocrx_word' id='word_1_437' title='bbox 403 3630 587 3670; x_wconf 86' lang='lat' dir='ltr'><strong>alacritate</strong></span> <span class='ocrx_word' id='word_1_438' title='bbox 602 3635 794 3680; x_wconf 88' lang='lat' dir='ltr'><strong>suscipere.</strong></span> 
     </span>
    </p>
   </div>
   <div class='ocr_carea' id='block_1_56' title="bbox 205 3692 1221 3740">
    <p class='ocr_par' dir='ltr' id='par_1_56' title="bbox 205 3692 1221 3740">
     <span class='ocr_line' id='line_1_56' title="bbox 205 3692 1221 3740; baseline 0.011 -11"><span class='ocrx_word' id='word_1_439' title='bbox 205 3692 241 3729; x_wconf 78' lang='grc' dir='ltr'><strong>Β.</strong></span> <span class='ocrx_word' id='word_1_440' title='bbox 270 3693 316 3730; x_wconf 80' lang='lat' dir='ltr'><strong>At</strong></span> <span class='ocrx_word' id='word_1_441' title='bbox 343 3693 496 3731; x_wconf 83' lang='lat' dir='ltr'><strong>fortasse</strong></span> <span class='ocrx_word' id='word_1_442' title='bbox 515 3705 609 3732; x_wconf 89' lang='lat' dir='ltr'><strong>nunc</strong></span> <span class='ocrx_word' id='word_1_443' title='bbox 627 3695 816 3734; x_wconf 89' lang='lat' dir='ltr'><strong>obscurum</strong></span> <span class='ocrx_word' id='word_1_444' title='bbox 843 3698 966 3736; x_wconf 90' lang='lat' dir='ltr'><strong>multis</strong></span> <span class='ocrx_word' id='word_1_445' title='bbox 984 3699 1123 3738; x_wconf 90' lang='lat' dir='ltr'><strong>videtur</strong></span> <span class='ocrx_word' id='word_1_446' title='bbox 1141 3710 1221 3740; x_wconf 84' lang='lat' dir='ltr'><strong>esse</strong></span> 
     </span>
    </p>
   </div>
   <div class='ocr_carea' id='block_1_57' title="bbox 159 3755 1218 3811">
    <p class='ocr_par' dir='ltr' id='par_1_57' title="bbox 159 3755 1218 3811">
     <span class='ocr_line' id='line_1_57' title="bbox 159 3755 1218 3811; baseline 0.009 -19"><span class='ocrx_word' id='word_1_447' title='bbox 159 3755 253 3802; x_wconf 86' lang='lat' dir='ltr'><strong>quod</strong></span> <span class='ocrx_word' id='word_1_448' title='bbox 271 3756 405 3794; x_wconf 83' lang='lat' dir='ltr'><strong>dictant</strong></span> <span class='ocrx_word' id='word_1_449' title='bbox 431 3762 487 3795; x_wconf 90' lang='lat' dir='ltr'><strong>est</strong></span> <span class='ocrx_word' id='word_1_450' title='bbox 507 3769 515 3793; x_wconf 93' lang='lat'><strong>:</strong></span> <span class='ocrx_word' id='word_1_451' title='bbox 547 3768 630 3796; x_wconf 91' lang='lat' dir='ltr'><strong>eum</strong></span> <span class='ocrx_word' id='word_1_452' title='bbox 647 3765 765 3796; x_wconf 84' lang='lat' dir='ltr'><strong>autem</strong></span> <span class='ocrx_word' id='word_1_453' title='bbox 785 3759 821 3797; x_wconf 91' lang='lat' dir='ltr'><strong>id</strong></span> <span class='ocrx_word' id='word_1_454' title='bbox 843 3761 972 3799; x_wconf 85' lang='lat' dir='ltr'><strong>clarius</strong></span> <span class='ocrx_word' id='word_1_455' title='bbox 990 3773 1218 3811; x_wconf 85' lang='lat' dir='ltr'><strong>enarravero,</strong></span> 
     </span>
    </p>
   </div>
   <div class='ocr_carea' id='block_1_58' title="bbox 159 3818 1220 3871">
    <p class='ocr_par' dir='ltr' id='par_1_58' title="bbox 159 3818 1220 3871">
     <span class='ocr_line' id='line_1_58' title="bbox 159 3818 1220 3871; baseline 0.011 -19"><span class='ocrx_word' id='word_1_456' title='bbox 159 3823 242 3856; x_wconf 90' lang='lat' dir='ltr'><strong>tunc</strong></span> <span class='ocrx_word' id='word_1_457' title='bbox 278 3818 486 3857; x_wconf 87' lang='lat' dir='ltr'><strong>incredibile</strong></span> <span class='ocrx_word' id='word_1_458' title='bbox 519 3819 698 3857; x_wconf 88' lang='lat' dir='ltr'><strong>videbitur</strong></span> <span class='ocrx_word' id='word_1_459' title='bbox 731 3821 774 3858; x_wconf 88' lang='lat' dir='ltr'><strong>iis</strong></span> <span class='ocrx_word' id='word_1_460' title='bbox 803 3822 915 3868; x_wconf 86' lang='lat' dir='ltr'><strong>ipsis,</strong></span> <span class='ocrx_word' id='word_1_461' title='bbox 961 3824 1088 3871; x_wconf 90' lang='lat' dir='ltr'><strong>quibus</strong></span> <span class='ocrx_word' id='word_1_462' title='bbox 1117 3833 1220 3864; x_wconf 87' lang='lat' dir='ltr'><strong>antea</strong></span> 
     </span>
    </p>
   </div>
   <div class='ocr_carea' id='block_1_59' title="bbox 163 3879 1220 3930">
    <p class='ocr_par' dir='ltr' id='par_1_59' title="bbox 163 3879 1220 3930">
     <span class='ocr_line' id='line_1_59' title="bbox 163 3879 1220 3930; baseline 0.01 -13"><span class='ocrx_word' id='word_1_463' title='bbox 163 3879 353 3918; x_wconf 89' lang='lat' dir='ltr'><strong>obscurum</strong></span> <span class='ocrx_word' id='word_1_464' title='bbox 369 3887 458 3918; x_wconf 87' lang='lat' dir='ltr'><strong>erat.</strong></span> <span class='ocrx_word' id='word_1_465' title='bbox 475 3881 642 3930; x_wconf 83' lang='lat' dir='ltr'><strong>Nihilque</strong></span> <span class='ocrx_word' id='word_1_466' title='bbox 662 3883 814 3920; x_wconf 90' lang='lat' dir='ltr'><strong>mirum:</strong></span> <span class='ocrx_word' id='word_1_467' title='bbox 828 3895 908 3921; x_wconf 92' lang='lat' dir='ltr'><strong>nam</strong></span> <span class='ocrx_word' id='word_1_468' title='bbox 925 3885 1049 3925; x_wconf 83' lang='lat' dir='ltr'><strong>beatus</strong></span> <span class='ocrx_word' id='word_1_469' title='bbox 1067 3889 1126 3926; x_wconf 89' lang='lat' dir='ltr'><strong>ille</strong></span> <span class='ocrx_word' id='word_1_470' title='bbox 1139 3900 1220 3929; x_wconf 88' lang='lat' dir='ltr'><strong>cum</strong></span> 
     </span>
    </p>
   </div>
   <div class='ocr_carea' id='block_1_60' title="bbox 202 3956 1215 4004">
    <p class='ocr_par' dir='ltr' id='par_1_60' title="bbox 202 3956 1215 4004">
     <span class='ocr_line' id='line_1_60' title="bbox 202 3956 1215 4004; baseline 0.01 -14"><span class='ocrx_word' id='word_1_471' title='bbox 202 3957 213 3978; x_wconf 83' lang='grc'>¹</span> <span class='ocrx_word' id='word_1_472' title='bbox 231 3962 308 3999; x_wconf 75' lang='lat' dir='ltr'><strong>vos,</strong></span> <span class='ocrx_word' id='word_1_473' title='bbox 325 3961 408 4000; x_wconf 81' lang='lat' dir='ltr'><strong>erat,</strong></span> <span class='ocrx_word' id='word_1_474' title='bbox 416 3962 451 3992; x_wconf 83' lang='lat' dir='ltr'><strong>et</strong></span> <span class='ocrx_word' id='word_1_475' title='bbox 462 3956 542 3994; x_wconf 83' lang='lat' dir='ltr'><strong>infra</strong></span> <span class='ocrx_word' id='word_1_476' title='bbox 557 3958 670 4000; x_wconf 84' lang='lat' dir='ltr'><strong>verba,</strong></span> <span class='ocrx_word' id='word_1_477' title='bbox 684 3967 784 4002; x_wconf 87' lang='lat' dir='ltr'><strong>quare</strong></span> <span class='ocrx_word' id='word_1_478' title='bbox 801 3958 939 4004; x_wconf 81' lang='lat' dir='ltr'><strong>diccbat,</strong></span> <span class='ocrx_word' id='word_1_479' title='bbox 954 3962 1073 3999; x_wconf 78' lang='lat' dir='ltr'><strong>desunt</strong></span> <span class='ocrx_word' id='word_1_480' title='bbox 1086 3965 1119 4000; x_wconf 85' lang='lat' dir='ltr'><strong>in</strong></span> <span class='ocrx_word' id='word_1_481' title='bbox 1129 3967 1215 4002; x_wconf 84' lang='lat' dir='ltr'><strong>Colb.</strong></span> 
     </span>
    </p>
   </div>
   <div class='ocr_carea' id='block_1_61' title="bbox 721 269 1748 333">
    <p class='ocr_par' dir='ltr' id='par_1_61' title="bbox 721 269 1748 333">
     <span class='ocr_line' id='line_1_61' title="bbox 721 269 1748 333; baseline -0.005 -5"><span class='ocrx_word' id='word_1_482' title='bbox 721 291 782 328; x_wconf 77' lang='lat' dir='ltr'><strong>ou</strong></span> <span class='ocrx_word' id='word_1_483' title='bbox 807 269 1175 333; x_wconf 69' lang='lat' dir='ltr'><strong>conponamus.</strong></span> <span class='ocrx_word' id='word_1_484' title='bbox 1203 289 1266 327; x_wconf 70' lang='lat' dir='ltr'><strong>ao</strong></span> <span class='ocrx_word' id='word_1_485' title='bbox 1290 285 1579 330; x_wconf 76' lang='lat' dir='ltr'><strong>neus&#39;rmou.</strong></span> <span class='ocrx_word' id='word_1_486' title='bbox 1607 285 1692 324; x_wconf 82' lang='lat' dir='ltr'><strong>LIB.</strong></span> <span class='ocrx_word' id='word_1_487' title='bbox 1719 285 1748 324; x_wconf 83' lang='grc' dir='ltr'><strong>ι.</strong></span> 
     </span>
    </p>
   </div>
   <div class='ocr_carea' id='block_1_62' title="bbox 2278 289 2348 328">
    <p class='ocr_par' dir='ltr' id='par_1_62' title="bbox 2278 289 2348 328">
     <span class='ocr_line' id='line_1_62' title="bbox 2278 289 2348 328; baseline 0.029 -2"><span class='ocrx_word' id='word_1_488' title='bbox 2278 289 2348 328; x_wconf 64' lang='grc'><strong>406</strong></span> 
     </span>
    </p>
   </div>
   <div class='ocr_carea' id='block_1_63' title="bbox 1288 365 2348 416">
    <p class='ocr_par' dir='ltr' id='par_1_63' title="bbox 1288 365 2348 416">
     <span class='ocr_line' id='line_1_63' title="bbox 1288 365 2348 416; baseline 0.004 -14"><span class='ocrx_word' id='word_1_489' title='bbox 1288 365 1358 404; x_wconf 87' lang='lat' dir='ltr'><strong>sibi</strong></span> <span class='ocrx_word' id='word_1_490' title='bbox 1375 365 1482 404; x_wconf 89' lang='lat' dir='ltr'><strong>ﬁdem</strong></span> <span class='ocrx_word' id='word_1_491' title='bbox 1499 365 1596 407; x_wconf 80' lang='lat' dir='ltr'><strong>circa</strong></span> <span class='ocrx_word' id='word_1_492' title='bbox 1613 365 1690 403; x_wconf 82' lang='lat' dir='ltr'><strong>haec</strong></span> <span class='ocrx_word' id='word_1_493' title='bbox 1708 376 1778 404; x_wconf 88' lang='lat' dir='ltr'><strong>non</strong></span> <span class='ocrx_word' id='word_1_494' title='bbox 1798 365 1997 405; x_wconf 82' lang='lat' dir='ltr'><strong>habendam</strong></span> <span class='ocrx_word' id='word_1_495' title='bbox 2015 376 2094 404; x_wconf 84' lang='lat' dir='ltr'><strong>esse</strong></span> <span class='ocrx_word' id='word_1_496' title='bbox 2111 374 2348 416; x_wconf 72' lang='lat' dir='ltr'><strong>exspectaret.</strong></span> 
     </span>
    </p>
   </div>
   <div class='ocr_carea' id='block_1_64' title="bbox 1287 426 2350 476">
    <p class='ocr_par' dir='ltr' id='par_1_64' title="bbox 1287 426 2350 476">
     <span class='ocr_line' id='line_1_64' title="bbox 1287 426 2350 476; baseline 0.004 -12"><span class='ocrx_word' id='word_1_497' title='bbox 1287 427 1364 464; x_wconf 68' lang='lat' dir='ltr'><strong>hate</strong></span> <span class='ocrx_word' id='word_1_498' title='bbox 1382 427 1554 474; x_wconf 71' lang='lat' dir='ltr'><strong>pnemisit</strong></span> <span class='ocrx_word' id='word_1_499' title='bbox 1575 439 1584 463; x_wconf 92' lang='lat'><strong>:</strong></span> <span class='ocrx_word' id='word_1_500' title='bbox 1607 426 1790 464; x_wconf 74' lang='lat' dir='ltr'><strong>Veritatem</strong></span> <span class='ocrx_word' id='word_1_501' title='bbox 1807 428 1882 464; x_wconf 84' lang='lat' dir='ltr'><strong>dico</strong></span> <span class='ocrx_word' id='word_1_502' title='bbox 1899 428 1934 464; x_wconf 80' lang='lat' dir='ltr'><strong>in</strong></span> <span class='ocrx_word' id='word_1_503' title='bbox 1951 427 2098 472; x_wconf 74' lang='lat' dir='ltr'><strong>Christo,</strong></span> <span class='ocrx_word' id='word_1_504' title='bbox 2115 431 2350 476; x_wconf 78' lang='lat' dir='ltr'><strong>nonmetttior,</strong></span> 
     </span>
    </p>
   </div>
   <div class='ocr_carea' id='block_1_65' title="bbox 1287 491 2352 542">
    <p class='ocr_par' dir='ltr' id='par_1_65' title="bbox 1287 491 2352 542">
     <span class='ocr_line' id='line_1_65' title="bbox 1287 491 2352 542; baseline 0.001 -14"><span class='ocrx_word' id='word_1_505' title='bbox 1287 491 1516 528; x_wconf 71' lang='lat' dir='ltr'><strong>testimonium</strong></span> <span class='ocrx_word' id='word_1_506' title='bbox 1539 492 1622 527; x_wconf 73' lang='lat' dir='ltr'><strong>mihi</strong></span> <span class='ocrx_word' id='word_1_507' title='bbox 1641 492 1834 538; x_wconf 80' lang='lat' dir='ltr'><strong>perhibente</strong></span> <span class='ocrx_word' id='word_1_508' title='bbox 1851 493 2054 530; x_wconf 67' lang='lat' dir='ltr'><strong>conscientia</strong></span> <span class='ocrx_word' id='word_1_509' title='bbox 2076 504 2150 529; x_wconf 82' lang='lat' dir='ltr'><strong>mea</strong></span> <span class='ocrx_word' id='word_1_510' title='bbox 2166 495 2202 530; x_wconf 78' lang='lat' dir='ltr'><strong>in</strong></span> <span class='ocrx_word' id='word_1_511' title='bbox 2219 493 2352 542; x_wconf 82' lang='lat' dir='ltr'><strong>Spiritu</strong></span> 
     </span>
    </p>
   </div>
   <div class='ocr_carea' id='block_1_66' title="bbox 1282 554 2352 604">
    <p class='ocr_par' dir='ltr' id='par_1_66' title="bbox 1282 554 2352 604">
     <span class='ocr_line' id='line_1_66' title="bbox 1282 554 2352 604; baseline 0.001 -11"><span class='ocrx_word' id='word_1_512' title='bbox 1282 562 1404 593; x_wconf 71' lang='lat' dir='ltr'><strong>sancto</strong></span> <span class='ocrx_word' id='word_1_513' title='bbox 1419 554 1538 603; x_wconf 81' lang='lat' dir='ltr'><strong>(Rom.</strong></span> <span class='ocrx_word' id='word_1_514' title='bbox 1559 555 1594 593; x_wconf 84' lang='lat'><strong>9.</strong></span> <span class='ocrx_word' id='word_1_515' title='bbox 1613 555 1849 602; x_wconf 74' lang='lat' dir='ltr'><strong>i).Attamcn</strong></span> <span class='ocrx_word' id='word_1_516' title='bbox 1863 555 1918 592; x_wconf 88' lang='lat' dir='ltr'><strong>his</strong></span> <span class='ocrx_word' id='word_1_517' title='bbox 1937 555 2084 602; x_wconf 84' lang='lat' dir='ltr'><strong>adjectis</strong></span> <span class='ocrx_word' id='word_1_518' title='bbox 2099 557 2352 604; x_wconf 81' lang='lat' dir='ltr'><strong>advocatisque</strong></span> 
     </span>
    </p>
   </div>
   <div class='ocr_carea' id='block_1_67' title="bbox 1286 617 2355 660">
    <p class='ocr_par' dir='ltr' id='par_1_67' title="bbox 1286 617 2355 660">
     <span class='ocr_line' id='line_1_67' title="bbox 1286 617 2355 660; baseline 0.002 -6"><span class='ocrx_word' id='word_1_519' title='bbox 1286 617 1416 655; x_wconf 78' lang='lat' dir='ltr'><strong>talibus</strong></span> <span class='ocrx_word' id='word_1_520' title='bbox 1429 617 1659 656; x_wconf 71' lang='lat' dir='ltr'><strong>conscientiae</strong></span> <span class='ocrx_word' id='word_1_521' title='bbox 1676 628 1750 655; x_wconf 76' lang='lat' dir='ltr'><strong>sua:</strong></span> <span class='ocrx_word' id='word_1_522' title='bbox 1768 617 1931 660; x_wconf 86' lang='lat' dir='ltr'><strong>testibus,</strong></span> <span class='ocrx_word' id='word_1_523' title='bbox 1950 619 2058 656; x_wconf 73' lang='lat' dir='ltr'><strong>etiam</strong></span> <span class='ocrx_word' id='word_1_524' title='bbox 2075 630 2169 656; x_wconf 86' lang='lat' dir='ltr'><strong>nunc</strong></span> <span class='ocrx_word' id='word_1_525' title='bbox 2186 630 2256 656; x_wconf 90' lang='lat' dir='ltr'><strong>non</strong></span> <span class='ocrx_word' id='word_1_526' title='bbox 2275 631 2355 656; x_wconf 84' lang='lat' dir='ltr'><strong>cre-</strong></span> 
     </span>
    </p>
   </div>
   <div class='ocr_carea' id='block_1_68' title="bbox 1285 677 2354 726">
    <p class='ocr_par' dir='ltr' id='par_1_68' title="bbox 1285 677 2354 726">
     <span class='ocr_line' id='line_1_68' title="bbox 1285 677 2354 726; baseline 0.002 -11"><span class='ocrx_word' id='word_1_527' title='bbox 1285 677 1490 724; x_wconf 85' lang='lat' dir='ltr'><strong>ditur.Quid</strong></span> <span class='ocrx_word' id='word_1_528' title='bbox 1505 679 1609 726; x_wconf 79' lang='lat' dir='ltr'><strong>igitur</strong></span> <span class='ocrx_word' id='word_1_529' title='bbox 1623 679 1698 716; x_wconf 84' lang='lat' dir='ltr'><strong>vult</strong></span> <span class='ocrx_word' id='word_1_530' title='bbox 1709 679 1855 716; x_wconf 85' lang='lat' dir='ltr'><strong>dicere?</strong></span> <span class='ocrx_word' id='word_1_531' title='bbox 1867 679 1973 716; x_wconf 86' lang='lat' dir='ltr'><strong>Audi.</strong></span> <span class='ocrx_word' id='word_1_532' title='bbox 1985 679 2178 726; x_wconf 82' lang='lat' dir='ltr'><strong>Postquam</strong></span> <span class='ocrx_word' id='word_1_533' title='bbox 2189 681 2233 718; x_wconf 89' lang='lat' dir='ltr'><strong>de</strong></span> <span class='ocrx_word' id='word_1_534' title='bbox 2247 681 2354 726; x_wconf 84' lang='lat' dir='ltr'><strong>hujus</strong></span> 
     </span>
    </p>
   </div>
   <div class='ocr_carea' id='block_1_69' title="bbox 1288 737 2352 788">
    <p class='ocr_par' dir='ltr' id='par_1_69' title="bbox 1288 737 2352 788">
     <span class='ocr_line' id='line_1_69' title="bbox 1288 737 2352 788; baseline 0.002 -13"><span class='ocrx_word' id='word_1_535' title='bbox 1288 737 1413 775; x_wconf 65' lang='lat' dir='ltr'><strong>mnu-di</strong></span> <span class='ocrx_word' id='word_1_536' title='bbox 1433 739 1604 776; x_wconf 67' lang='lat' dir='ltr'><strong>aerumnis</strong></span> <span class='ocrx_word' id='word_1_537' title='bbox 1621 739 1789 781; x_wconf 83' lang='lat' dir='ltr'><strong>disseruit</strong></span> <span class='ocrx_word' id='word_1_538' title='bbox 1807 749 1849 776; x_wconf 84' lang='lat' dir='ltr'><strong>ac</strong></span> <span class='ocrx_word' id='word_1_539' title='bbox 1865 739 1955 776; x_wconf 83' lang='lat' dir='ltr'><strong>dixit</strong></span> <span class='ocrx_word' id='word_1_540' title='bbox 1975 750 1984 777; x_wconf 90' lang='lat'><strong><em>:</em></strong></span> <span class='ocrx_word' id='word_1_541' title='bbox 2003 739 2086 784; x_wconf 80' lang='lat' dir='ltr'><strong>Quis</strong></span> <span class='ocrx_word' id='word_1_542' title='bbox 2104 751 2164 778; x_wconf 84' lang='lat' dir='ltr'><strong>nos</strong></span> <span class='ocrx_word' id='word_1_543' title='bbox 2183 743 2352 788; x_wconf 81' lang='lat' dir='ltr'><strong>separabit</strong></span> 
     </span>
    </p>
   </div>
   <div class='ocr_carea' id='block_1_70' title="bbox 1286 801 2351 850">
    <p class='ocr_par' dir='ltr' id='par_1_70' title="bbox 1286 801 2351 850">
     <span class='ocr_line' id='line_1_70' title="bbox 1286 801 2351 850; baseline 0.003 -14"><span class='ocrx_word' id='word_1_544' title='bbox 1286 801 1456 837; x_wconf 75' lang='lat' dir='ltr'><strong>ecaritate</strong></span> <span class='ocrx_word' id='word_1_545' title='bbox 1465 801 1590 838; x_wconf 76' lang='lat' dir='ltr'><strong>Christi</strong></span> <span class='ocrx_word' id='word_1_546' title='bbox 1601 801 1812 846; x_wconf 73' lang='lat' dir='ltr'><strong>?tr,ibu-latio,</strong></span> <span class='ocrx_word' id='word_1_547' title='bbox 1824 814 1867 839; x_wconf 85' lang='lat' dir='ltr'><strong>an</strong></span> <span class='ocrx_word' id='word_1_548' title='bbox 1880 803 2050 850; x_wconf 74' lang='lat' dir='ltr'><strong>angustia,</strong></span> <span class='ocrx_word' id='word_1_549' title='bbox 2065 814 2108 839; x_wconf 87' lang='lat' dir='ltr'><strong>an</strong></span> <span class='ocrx_word' id='word_1_550' title='bbox 2124 804 2351 850; x_wconf 72' lang='lat' dir='ltr'><strong>persequutia,</strong></span> 
     </span>
    </p>
   </div>
   <div class='ocr_carea' id='block_1_71' title="bbox 1288 864 2350 913">
    <p class='ocr_par' dir='ltr' id='par_1_71' title="bbox 1288 864 2350 913">
     <span class='ocr_line' id='line_1_71' title="bbox 1288 864 2350 913; baseline 0.002 -15"><span class='ocrx_word' id='word_1_551' title='bbox 1288 875 1334 900; x_wconf 85' lang='lat' dir='ltr'><strong>an</strong></span> <span class='ocrx_word' id='word_1_552' title='bbox 1349 864 1470 910; x_wconf 64' lang='lat' dir='ltr'><strong>(antes,</strong></span> <span class='ocrx_word' id='word_1_553' title='bbox 1487 876 1531 901; x_wconf 86' lang='lat' dir='ltr'><strong>an</strong></span> <span class='ocrx_word' id='word_1_554' title='bbox 1544 865 1694 906; x_wconf 72' lang='lat' dir='ltr'><strong>auditas.</strong></span> <span class='ocrx_word' id='word_1_555' title='bbox 1709 877 1752 901; x_wconf 89' lang='lat' dir='ltr'><strong>a</strong></span> <span class='ocrx_word' id='word_1_556' title='bbox 1765 865 1970 912; x_wconf 75' lang='lat' dir='ltr'><strong>periculum,</strong></span> <span class='ocrx_word' id='word_1_557' title='bbox 1983 877 2026 902; x_wconf 84' lang='lat' dir='ltr'><strong>ou</strong></span> <span class='ocrx_word' id='word_1_558' title='bbox 2037 865 2174 912; x_wconf 76' lang='lat' dir='ltr'><strong>gladius</strong></span> <span class='ocrx_word' id='word_1_559' title='bbox 2185 865 2302 913; x_wconf 83' lang='lat' dir='ltr'><strong>(Rom.</strong></span> <span class='ocrx_word' id='word_1_560' title='bbox 2315 867 2350 904; x_wconf 87' lang='lat'><strong>8.</strong></span> 
     </span>
    </p>
   </div>
   <div class='ocr_carea' id='block_1_72' title="bbox 1285 924 2354 974">
    <p class='ocr_par' dir='ltr' id='par_1_72' title="bbox 1285 924 2354 974">
     <span class='ocr_line' id='line_1_72' title="bbox 1285 924 2354 974; baseline 0.001 -13"><span class='ocrx_word' id='word_1_561' title='bbox 1285 924 1344 961; x_wconf 77' lang='lat'><strong>55.</strong></span> <span class='ocrx_word' id='word_1_562' title='bbox 1357 924 1416 962; x_wconf 81' lang='grc'><strong>58.</strong></span> <span class='ocrx_word' id='word_1_563' title='bbox 1427 925 1506 972; x_wconf 77' lang='lat'><strong>59)?</strong></span> <span class='ocrx_word' id='word_1_564' title='bbox 1523 933 1560 962; x_wconf 88' lang='lat' dir='ltr'><strong>et</strong></span> <span class='ocrx_word' id='word_1_565' title='bbox 1577 926 1744 964; x_wconf 86' lang='lat' dir='ltr'><strong>omnibus</strong></span> <span class='ocrx_word' id='word_1_566' title='bbox 1763 927 1888 974; x_wconf 63' lang='lat' dir='ltr'><strong>quicin</strong></span> <span class='ocrx_word' id='word_1_567' title='bbox 1899 933 1994 965; x_wconf 85' lang='lat' dir='ltr'><strong>terra</strong></span> <span class='ocrx_word' id='word_1_568' title='bbox 2011 933 2094 964; x_wconf 87' lang='lat' dir='ltr'><strong>sunt</strong></span> <span class='ocrx_word' id='word_1_569' title='bbox 2107 927 2308 972; x_wconf 85' lang='lat' dir='ltr'><strong>recensitis,</strong></span> <span class='ocrx_word' id='word_1_570' title='bbox 2320 929 2354 963; x_wconf 91' lang='lat' dir='ltr'><strong>in</strong></span> 
     </span>
    </p>
   </div>
   <div class='ocr_carea' id='block_1_73' title="bbox 1286 987 2355 1036">
    <p class='ocr_par' dir='ltr' id='par_1_73' title="bbox 1286 987 2355 1036">
     <span class='ocr_line' id='line_1_73' title="bbox 1286 987 2355 1036; baseline 0.001 -13"><span class='ocrx_word' id='word_1_571' title='bbox 1286 987 1413 1026; x_wconf 65' lang='lat' dir='ltr'><strong>cit-lum</strong></span> <span class='ocrx_word' id='word_1_572' title='bbox 1427 988 1588 1026; x_wconf 87' lang='lat' dir='ltr'><strong>ascendit</strong></span> <span class='ocrx_word' id='word_1_573' title='bbox 1609 1001 1618 1026; x_wconf 96' lang='lat'>:</span> <span class='ocrx_word' id='word_1_574' title='bbox 1650 996 1759 1036; x_wconf 81' lang='lat' dir='ltr'><strong>utque</strong></span> <span class='ocrx_word' id='word_1_575' title='bbox 1777 989 1953 1032; x_wconf 83' lang='lat' dir='ltr'><strong>ostendat,</strong></span> <span class='ocrx_word' id='word_1_576' title='bbox 1974 999 2046 1026; x_wconf 85' lang='lat' dir='ltr'><strong>non</strong></span> <span class='ocrx_word' id='word_1_577' title='bbox 2069 999 2234 1036; x_wconf 80' lang='lat' dir='ltr'><strong>magnum</strong></span> <span class='ocrx_word' id='word_1_578' title='bbox 2253 988 2355 1035; x_wconf 81' lang='lat' dir='ltr'><strong>quid-</strong></span> 
     </span>
    </p>
   </div>
   <div class='ocr_carea' id='block_1_74' title="bbox 1287 1049 2355 1098">
    <p class='ocr_par' dir='ltr' id='par_1_74' title="bbox 1287 1049 2355 1098">
     <span class='ocr_line' id='line_1_74' title="bbox 1287 1049 2355 1098; baseline 0.002 -14"><span class='ocrx_word' id='word_1_579' title='bbox 1287 1049 1380 1094; x_wconf 82' lang='lat' dir='ltr'><strong>piam</strong></span> <span class='ocrx_word' id='word_1_580' title='bbox 1395 1060 1475 1088; x_wconf 85' lang='lat' dir='ltr'><strong>esse</strong></span> <span class='ocrx_word' id='word_1_581' title='bbox 1491 1051 1596 1098; x_wconf 87' lang='lat' dir='ltr'><strong>hujus</strong></span> <span class='ocrx_word' id='word_1_582' title='bbox 1615 1051 1696 1088; x_wconf 70' lang='lat' dir='ltr'><strong>vitta</strong></span> <span class='ocrx_word' id='word_1_583' title='bbox 1717 1053 1901 1090; x_wconf 87' lang='lat' dir='ltr'><strong>cruciatus</strong></span> <span class='ocrx_word' id='word_1_584' title='bbox 1925 1057 2071 1098; x_wconf 80' lang='lat' dir='ltr'><strong>propter</strong></span> <span class='ocrx_word' id='word_1_585' title='bbox 2089 1050 2270 1088; x_wconf 88' lang='lat' dir='ltr'><strong>Christum</strong></span> <span class='ocrx_word' id='word_1_586' title='bbox 2289 1051 2355 1087; x_wconf 90' lang='lat' dir='ltr'><strong>dc-</strong></span> 
     </span>
    </p>
   </div>
   <div class='ocr_carea' id='block_1_75' title="bbox 1286 1110 2354 1159">
    <p class='ocr_par' dir='ltr' id='par_1_75' title="bbox 1286 1110 2354 1159">
     <span class='ocr_line' id='line_1_75' title="bbox 1286 1110 2354 1159; baseline 0 -11"><span class='ocrx_word' id='word_1_587' title='bbox 1286 1110 1439 1156; x_wconf 83' lang='lat' dir='ltr'><strong>spiccre,</strong></span> <span class='ocrx_word' id='word_1_588' title='bbox 1457 1112 1510 1148; x_wconf 88' lang='lat' dir='ltr'><strong>sic</strong></span> <span class='ocrx_word' id='word_1_589' title='bbox 1529 1111 1638 1148; x_wconf 85' lang='lat' dir='ltr'><strong>infert</strong></span> <span class='ocrx_word' id='word_1_590' title='bbox 1662 1123 1671 1148; x_wconf 90' lang='lat'><strong>:</strong></span> <span class='ocrx_word' id='word_1_591' title='bbox 1703 1111 1822 1158; x_wconf 77' lang='lat' dir='ltr'><strong>Neque</strong></span> <span class='ocrx_word' id='word_1_592' title='bbox 1837 1112 1962 1158; x_wconf 80' lang='lat' dir='ltr'><strong>angeli,</strong></span> <span class='ocrx_word' id='word_1_593' title='bbox 1992 1123 2099 1158; x_wconf 78' lang='lat' dir='ltr'><strong>neque</strong></span> <span class='ocrx_word' id='word_1_594' title='bbox 2123 1112 2354 1159; x_wconf 81' lang='lat' dir='ltr'><strong>Principatus,</strong></span> 
     </span>
    </p>
   </div>
   <div class='ocr_carea' id='block_1_76' title="bbox 1287 1171 2356 1220">
    <p class='ocr_par' dir='ltr' id='par_1_76' title="bbox 1287 1171 2356 1220">
     <span class='ocr_line' id='line_1_76' title="bbox 1287 1171 2356 1220; baseline 0.002 -14"><span class='ocrx_word' id='word_1_595' title='bbox 1287 1181 1395 1217; x_wconf 81' lang='lat' dir='ltr'><strong>neque</strong></span> <span class='ocrx_word' id='word_1_596' title='bbox 1431 1171 1590 1215; x_wconf 83' lang='lat' dir='ltr'><strong>Virtutes,</strong></span> <span class='ocrx_word' id='word_1_597' title='bbox 1621 1183 1728 1218; x_wconf 87' lang='lat' dir='ltr'><strong>neque</strong></span> <span class='ocrx_word' id='word_1_598' title='bbox 1757 1172 1932 1213; x_wconf 74' lang='lat' dir='ltr'><strong>instantia,</strong></span> <span class='ocrx_word' id='word_1_599' title='bbox 1961 1183 2068 1218; x_wconf 81' lang='lat' dir='ltr'><strong>neque</strong></span> <span class='ocrx_word' id='word_1_600' title='bbox 2087 1175 2218 1219; x_wconf 79' lang='lat' dir='ltr'><strong>futura,</strong></span> <span class='ocrx_word' id='word_1_601' title='bbox 2253 1184 2356 1220; x_wconf 74' lang='lat' dir='ltr'><strong>neque</strong></span> 
     </span>
    </p>
   </div>
   <div class='ocr_carea' id='block_1_77' title="bbox 1289 1232 2357 1283">
    <p class='ocr_par' dir='ltr' id='par_1_77' title="bbox 1289 1232 2357 1283">
     <span class='ocr_line' id='line_1_77' title="bbox 1289 1232 2357 1283; baseline 0.002 -16"><span class='ocrx_word' id='word_1_602' title='bbox 1289 1232 1450 1276; x_wconf 83' lang='lat' dir='ltr'><strong>altitudo,</strong></span> <span class='ocrx_word' id='word_1_603' title='bbox 1471 1243 1578 1280; x_wconf 69' lang='lat' dir='ltr'><strong>neque</strong></span> <span class='ocrx_word' id='word_1_604' title='bbox 1598 1234 1822 1281; x_wconf 70' lang='lat' dir='ltr'><strong>profundum,</strong></span> <span class='ocrx_word' id='word_1_605' title='bbox 1845 1245 1952 1280; x_wconf 75' lang='lat' dir='ltr'><strong>neque</strong></span> <span class='ocrx_word' id='word_1_606' title='bbox 1964 1241 2121 1270; x_wconf 83' lang='lat' dir='ltr'><strong>creatura</strong></span> <span class='ocrx_word' id='word_1_607' title='bbox 2148 1235 2217 1270; x_wconf 85' lang='lat' dir='ltr'><strong>alia</strong></span> <span class='ocrx_word' id='word_1_608' title='bbox 2235 1236 2357 1283; x_wconf 80' lang='lat' dir='ltr'><strong>poterit</strong></span> 
     </span>
    </p>
   </div>
   <div class='ocr_carea' id='block_1_78' title="bbox 1288 1295 2357 1343">
    <p class='ocr_par' dir='ltr' id='par_1_78' title="bbox 1288 1295 2357 1343">
     <span class='ocr_line' id='line_1_78' title="bbox 1288 1295 2357 1343; baseline 0.004 -13"><span class='ocrx_word' id='word_1_609' title='bbox 1288 1306 1350 1330; x_wconf 78' lang='lat' dir='ltr'><strong>uos</strong></span> <span class='ocrx_word' id='word_1_610' title='bbox 1377 1307 1538 1343; x_wconf 77' lang='lat' dir='ltr'><strong>separare</strong></span> <span class='ocrx_word' id='word_1_611' title='bbox 1565 1308 1586 1332; x_wconf 90' lang='lat' dir='ltr'><strong>a</strong></span> <span class='ocrx_word' id='word_1_612' title='bbox 1614 1297 1756 1333; x_wconf 78' lang='lat' dir='ltr'><strong>caritate</strong></span> <span class='ocrx_word' id='word_1_613' title='bbox 1787 1295 1864 1341; x_wconf 76' lang='lat' dir='ltr'><strong>Dei,</strong></span> <span class='ocrx_word' id='word_1_614' title='bbox 1895 1308 1972 1343; x_wconf 72' lang='lat' dir='ltr'><strong>qua:</strong></span> <span class='ocrx_word' id='word_1_615' title='bbox 1989 1305 2038 1334; x_wconf 82' lang='lat' dir='ltr'><strong>est</strong></span> <span class='ocrx_word' id='word_1_616' title='bbox 2065 1299 2099 1334; x_wconf 84' lang='lat' dir='ltr'><strong>in</strong></span> <span class='ocrx_word' id='word_1_617' title='bbox 2122 1297 2256 1334; x_wconf 77' lang='lat' dir='ltr'><strong>Christo</strong></span> <span class='ocrx_word' id='word_1_618' title='bbox 2273 1297 2357 1334; x_wconf 81' lang='lat' dir='ltr'><strong>Jesu</strong></span> 
     </span>
    </p>
   </div>
   <div class='ocr_carea' id='block_1_79' title="bbox 1290 1355 2357 1404">
    <p class='ocr_par' dir='ltr' id='par_1_79' title="bbox 1290 1355 2357 1404">
     <span class='ocr_line' id='line_1_79' title="bbox 1290 1355 2357 1404; baseline 0.004 -12"><span class='ocrx_word' id='word_1_619' title='bbox 1290 1355 1439 1394; x_wconf 85' lang='lat' dir='ltr'><strong>Domino</strong></span> <span class='ocrx_word' id='word_1_620' title='bbox 1463 1363 1592 1394; x_wconf 80' lang='lat' dir='ltr'><strong>nostro.</strong></span> <span class='ocrx_word' id='word_1_621' title='bbox 1610 1359 1712 1404; x_wconf 84' lang='lat' dir='ltr'><strong>Quod</strong></span> <span class='ocrx_word' id='word_1_622' title='bbox 1731 1365 1849 1396; x_wconf 85' lang='lat' dir='ltr'><strong>autem</strong></span> <span class='ocrx_word' id='word_1_623' title='bbox 1869 1359 1955 1396; x_wconf 83' lang='lat' dir='ltr'><strong>dicit</strong></span> <span class='ocrx_word' id='word_1_624' title='bbox 1974 1361 2042 1396; x_wconf 84' lang='lat' dir='ltr'><strong>tale</strong></span> <span class='ocrx_word' id='word_1_625' title='bbox 2063 1366 2130 1397; x_wconf 86' lang='lat' dir='ltr'><strong>est.</strong></span> <span class='ocrx_word' id='word_1_626' title='bbox 2149 1360 2226 1396; x_wconf 86' lang='lat' dir='ltr'><strong>Non</strong></span> <span class='ocrx_word' id='word_1_627' title='bbox 2241 1360 2357 1396; x_wconf 82' lang='lat' dir='ltr'><strong>solum</strong></span> 
     </span>
    </p>
   </div>
   <div class='ocr_carea' id='block_1_80' title="bbox 1291 1417 2356 1466">
    <p class='ocr_par' dir='ltr' id='par_1_80' title="bbox 1291 1417 2356 1466">
     <span class='ocr_line' id='line_1_80' title="bbox 1291 1417 2356 1466; baseline 0.005 -12"><span class='ocrx_word' id='word_1_628' title='bbox 1291 1417 1456 1458; x_wconf 78' lang='lat' dir='ltr'><strong>homines</strong></span> <span class='ocrx_word' id='word_1_629' title='bbox 1475 1429 1533 1455; x_wconf 89' lang='lat' dir='ltr'><strong>me</strong></span> <span class='ocrx_word' id='word_1_630' title='bbox 1553 1429 1625 1455; x_wconf 87' lang='lat' dir='ltr'><strong>non</strong></span> <span class='ocrx_word' id='word_1_631' title='bbox 1643 1425 1814 1466; x_wconf 83' lang='lat' dir='ltr'><strong>poterunt</strong></span> <span class='ocrx_word' id='word_1_632' title='bbox 1833 1420 1880 1456; x_wconf 88' lang='lat' dir='ltr'><strong>ab</strong></span> <span class='ocrx_word' id='word_1_633' title='bbox 1905 1420 1974 1456; x_wconf 81' lang='lat' dir='ltr'><strong>hoc</strong></span> <span class='ocrx_word' id='word_1_634' title='bbox 1992 1431 2116 1458; x_wconf 86' lang='lat' dir='ltr'><strong>amore</strong></span> <span class='ocrx_word' id='word_1_635' title='bbox 2133 1421 2356 1466; x_wconf 86' lang='lat' dir='ltr'><strong>abstrahere,</strong></span> 
     </span>
    </p>
   </div>
   <div class='ocr_carea' id='block_1_81' title="bbox 1293 1479 2360 1528">
    <p class='ocr_par' dir='ltr' id='par_1_81' title="bbox 1293 1479 2360 1528">
     <span class='ocr_line' id='line_1_81' title="bbox 1293 1479 2360 1528; baseline 0.004 -12"><span class='ocrx_word' id='word_1_636' title='bbox 1293 1479 1362 1516; x_wconf 80' lang='lat' dir='ltr'><strong>sed</strong></span> <span class='ocrx_word' id='word_1_637' title='bbox 1376 1489 1490 1526; x_wconf 85' lang='lat' dir='ltr'><strong>neque</strong></span> <span class='ocrx_word' id='word_1_638' title='bbox 1509 1480 1640 1527; x_wconf 77' lang='lat' dir='ltr'><strong>angeli,</strong></span> <span class='ocrx_word' id='word_1_639' title='bbox 1674 1491 1791 1528; x_wconf 82' lang='lat' dir='ltr'><strong>neque</strong></span> <span class='ocrx_word' id='word_1_640' title='bbox 1821 1481 1852 1518; x_wconf 92' lang='lat' dir='ltr'><strong>si</strong></span> <span class='ocrx_word' id='word_1_641' title='bbox 1879 1491 2006 1518; x_wconf 82' lang='lat' dir='ltr'><strong>otnues</strong></span> <span class='ocrx_word' id='word_1_642' title='bbox 2021 1482 2186 1520; x_wconf 69' lang='lat' dir='ltr'><strong>ctelestes</strong></span> <span class='ocrx_word' id='word_1_643' title='bbox 2203 1483 2360 1520; x_wconf 82' lang='lat' dir='ltr'><strong>Virtutes</strong></span> 
     </span>
    </p>
   </div>
   <div class='ocr_carea' id='block_1_82' title="bbox 1291 1541 2359 1590">
    <p class='ocr_par' dir='ltr' id='par_1_82' title="bbox 1291 1541 2359 1590">
     <span class='ocr_line' id='line_1_82' title="bbox 1291 1541 2359 1590; baseline 0.003 -13"><span class='ocrx_word' id='word_1_644' title='bbox 1291 1541 1326 1578; x_wconf 90' lang='lat' dir='ltr'><strong>in</strong></span> <span class='ocrx_word' id='word_1_645' title='bbox 1348 1541 1416 1578; x_wconf 90' lang='lat' dir='ltr'><strong>hoc</strong></span> <span class='ocrx_word' id='word_1_646' title='bbox 1438 1543 1702 1588; x_wconf 79' lang='lat' dir='ltr'><strong>conspirarent,</strong></span> <span class='ocrx_word' id='word_1_647' title='bbox 1729 1543 1764 1580; x_wconf 90' lang='lat' dir='ltr'><strong>id</strong></span> <span class='ocrx_word' id='word_1_648' title='bbox 1782 1543 1930 1581; x_wconf 86' lang='lat' dir='ltr'><strong>efﬁcere</strong></span> <span class='ocrx_word' id='word_1_649' title='bbox 1959 1551 2120 1590; x_wconf 78' lang='lat' dir='ltr'><strong>possent.</strong></span> <span class='ocrx_word' id='word_1_650' title='bbox 2139 1545 2231 1590; x_wconf 89' lang='lat' dir='ltr'><strong>Quid</strong></span> <span class='ocrx_word' id='word_1_651' title='bbox 2250 1545 2359 1583; x_wconf 85' lang='lat' dir='ltr'><strong>dico?</strong></span> 
     </span>
    </p>
   </div>
   <div class='ocr_carea' id='block_1_83' title="bbox 1291 1603 2358 1652">
    <p class='ocr_par' dir='ltr' id='par_1_83' title="bbox 1291 1603 2358 1652">
     <span class='ocr_line' id='line_1_83' title="bbox 1291 1603 2358 1652; baseline 0.005 -13"><span class='ocrx_word' id='word_1_652' title='bbox 1291 1613 1406 1650; x_wconf 74' lang='lat' dir='ltr'><strong>neque</strong></span> <span class='ocrx_word' id='word_1_653' title='bbox 1423 1603 1453 1640; x_wconf 87' lang='lat' dir='ltr'><strong>si</strong></span> <span class='ocrx_word' id='word_1_654' title='bbox 1470 1613 1492 1641; x_wconf 71' lang='grc' dir='ltr'>Θ</span> <span class='ocrx_word' id='word_1_655' title='bbox 1511 1612 1623 1651; x_wconf 76' lang='lat' dir='ltr'><strong>regno</strong></span> <span class='ocrx_word' id='word_1_656' title='bbox 1639 1603 1820 1649; x_wconf 83' lang='lat' dir='ltr'><strong>excidere,</strong></span> <span class='ocrx_word' id='word_1_657' title='bbox 1841 1615 1958 1652; x_wconf 85' lang='lat' dir='ltr'><strong>neque</strong></span> <span class='ocrx_word' id='word_1_658' title='bbox 1975 1605 2004 1641; x_wconf 89' lang='lat' dir='ltr'><strong>si</strong></span> <span class='ocrx_word' id='word_1_659' title='bbox 2025 1605 2059 1641; x_wconf 88' lang='lat' dir='ltr'><strong>in</strong></span> <span class='ocrx_word' id='word_1_660' title='bbox 2077 1605 2278 1652; x_wconf 78' lang='lat' dir='ltr'><strong>gehennam</strong></span> <span class='ocrx_word' id='word_1_661' title='bbox 2302 1608 2358 1644; x_wconf 84' lang='lat' dir='ltr'><strong>in-</strong></span> 
     </span>
    </p>
   </div>
   <div class='ocr_carea' id='block_1_84' title="bbox 1291 1665 2355 1712">
    <p class='ocr_par' dir='ltr' id='par_1_84' title="bbox 1291 1665 2355 1712">
     <span class='ocr_line' id='line_1_84' title="bbox 1291 1665 2355 1712; baseline 0.002 -10"><span class='ocrx_word' id='word_1_662' title='bbox 1291 1665 1412 1702; x_wconf 82' lang='lat' dir='ltr'><strong>cidere</strong></span> <span class='ocrx_word' id='word_1_663' title='bbox 1430 1673 1576 1712; x_wconf 85' lang='lat' dir='ltr'><strong>propter</strong></span> <span class='ocrx_word' id='word_1_664' title='bbox 1593 1665 1775 1702; x_wconf 84' lang='lat' dir='ltr'><strong>Christum</strong></span> <span class='ocrx_word' id='word_1_665' title='bbox 1789 1671 1983 1712; x_wconf 86' lang='lat' dir='ltr'><strong>oporteret,</strong></span> <span class='ocrx_word' id='word_1_666' title='bbox 2018 1666 2052 1705; x_wconf 85' lang='lat' dir='ltr'><strong>id</strong></span> <span class='ocrx_word' id='word_1_667' title='bbox 2080 1668 2165 1702; x_wconf 83' lang='lat' dir='ltr'><strong>mihi</strong></span> <span class='ocrx_word' id='word_1_668' title='bbox 2184 1668 2355 1706; x_wconf 85' lang='lat' dir='ltr'><strong>formida-</strong></span> 
     </span>
    </p>
   </div>
   <div class='ocr_carea' id='block_1_85' title="bbox 1290 1724 2356 1773">
    <p class='ocr_par' dir='ltr' id='par_1_85' title="bbox 1290 1724 2356 1773">
     <span class='ocr_line' id='line_1_85' title="bbox 1290 1724 2356 1773; baseline 0.003 -11"><span class='ocrx_word' id='word_1_669' title='bbox 1290 1724 1362 1762; x_wconf 86' lang='lat' dir='ltr'><strong>bile</strong></span> <span class='ocrx_word' id='word_1_670' title='bbox 1379 1732 1488 1762; x_wconf 88' lang='lat' dir='ltr'><strong>esset.</strong></span> <span class='ocrx_word' id='word_1_671' title='bbox 1509 1725 1599 1762; x_wconf 86' lang='lat' dir='ltr'><strong>Nam</strong></span> <span class='ocrx_word' id='word_1_672' title='bbox 1616 1725 1766 1762; x_wconf 82' lang='lat' dir='ltr'><strong>altitudo</strong></span> <span class='ocrx_word' id='word_1_673' title='bbox 1785 1732 1820 1762; x_wconf 90' lang='lat' dir='ltr'><strong>et</strong></span> <span class='ocrx_word' id='word_1_674' title='bbox 1841 1726 2070 1772; x_wconf 85' lang='lat' dir='ltr'><strong>profundum,</strong></span> <span class='ocrx_word' id='word_1_675' title='bbox 2099 1728 2169 1764; x_wconf 85' lang='lat' dir='ltr'><strong>vita</strong></span> <span class='ocrx_word' id='word_1_676' title='bbox 2188 1735 2224 1764; x_wconf 89' lang='lat' dir='ltr'><strong>et</strong></span> <span class='ocrx_word' id='word_1_677' title='bbox 2244 1738 2356 1773; x_wconf 87' lang='lat' dir='ltr'><strong>mors,</strong></span> 
     </span>
    </p>
   </div>
   <div class='ocr_carea' id='block_1_86' title="bbox 1291 1785 2358 1835">
    <p class='ocr_par' dir='ltr' id='par_1_86' title="bbox 1291 1785 2358 1835">
     <span class='ocr_line' id='line_1_86' title="bbox 1291 1785 2358 1835; baseline 0.006 -15"><span class='ocrx_word' id='word_1_678' title='bbox 1291 1785 1376 1822; x_wconf 83' lang='lat' dir='ltr'><strong>nihil</strong></span> <span class='ocrx_word' id='word_1_679' title='bbox 1408 1785 1503 1822; x_wconf 89' lang='lat' dir='ltr'><strong>aliud</strong></span> <span class='ocrx_word' id='word_1_680' title='bbox 1530 1797 1636 1832; x_wconf 89' lang='lat' dir='ltr'><strong>quatn</strong></span> <span class='ocrx_word' id='word_1_681' title='bbox 1669 1785 1736 1823; x_wconf 89' lang='lat' dir='ltr'><strong>hoc</strong></span> <span class='ocrx_word' id='word_1_682' title='bbox 1770 1787 1966 1823; x_wconf 86' lang='lat' dir='ltr'><strong>declarant.</strong></span> <span class='ocrx_word' id='word_1_683' title='bbox 2000 1787 2038 1824; x_wconf 90' lang='lat' dir='ltr'><strong>Id</strong></span> <span class='ocrx_word' id='word_1_684' title='bbox 2058 1789 2068 1808; x_wconf 90' lang='grc'>¹</span> <span class='ocrx_word' id='word_1_685' title='bbox 2089 1799 2174 1825; x_wconf 89' lang='lat' dir='ltr'><strong>vero</strong></span> <span class='ocrx_word' id='word_1_686' title='bbox 2203 1789 2358 1835; x_wconf 83' lang='lat' dir='ltr'><strong>diccbat,</strong></span> 
     </span>
    </p>
   </div>
   <div class='ocr_carea' id='block_1_87' title="bbox 1289 1847 2359 1898">
    <p class='ocr_par' dir='ltr' id='par_1_87' title="bbox 1289 1847 2359 1898">
     <span class='ocr_line' id='line_1_87' title="bbox 1289 1847 2359 1898; baseline 0.007 -15"><span class='ocrx_word' id='word_1_687' title='bbox 1289 1857 1362 1884; x_wconf 87' lang='lat' dir='ltr'><strong>non</strong></span> <span class='ocrx_word' id='word_1_688' title='bbox 1386 1847 1482 1894; x_wconf 89' lang='lat' dir='ltr'><strong>quod</strong></span> <span class='ocrx_word' id='word_1_689' title='bbox 1499 1848 1616 1895; x_wconf 77' lang='lat' dir='ltr'><strong>angeli</strong></span> <span class='ocrx_word' id='word_1_690' title='bbox 1639 1849 1808 1886; x_wconf 85' lang='lat' dir='ltr'><strong>tentaturi</strong></span> <span class='ocrx_word' id='word_1_691' title='bbox 1825 1855 1947 1892; x_wconf 88' lang='lat' dir='ltr'><strong>essent</strong></span> <span class='ocrx_word' id='word_1_692' title='bbox 1964 1850 2080 1898; x_wconf 89' lang='lat' dir='ltr'><strong>ipsum</strong></span> <span class='ocrx_word' id='word_1_693' title='bbox 2099 1861 2118 1886; x_wconf 90' lang='lat' dir='ltr'><strong>a</strong></span> <span class='ocrx_word' id='word_1_694' title='bbox 2136 1849 2280 1889; x_wconf 85' lang='lat' dir='ltr'><strong>Christo</strong></span> <span class='ocrx_word' id='word_1_695' title='bbox 2299 1863 2359 1890; x_wconf 85' lang='lat' dir='ltr'><strong>se-</strong></span> 
     </span>
    </p>
   </div>
   <div class='ocr_carea' id='block_1_88' title="bbox 1289 1911 2357 1962">
    <p class='ocr_par' dir='ltr' id='par_1_88' title="bbox 1289 1911 2357 1962">
     <span class='ocr_line' id='line_1_88' title="bbox 1289 1911 2357 1962; baseline 0.006 -16"><span class='ocrx_word' id='word_1_696' title='bbox 1289 1921 1440 1958; x_wconf 89' lang='lat' dir='ltr'><strong>parare;</strong></span> <span class='ocrx_word' id='word_1_697' title='bbox 1477 1911 1543 1950; x_wconf 85' lang='lat' dir='ltr'><strong>sed</strong></span> <span class='ocrx_word' id='word_1_698' title='bbox 1561 1922 1602 1949; x_wconf 89' lang='lat' dir='ltr'><strong>ea</strong></span> <span class='ocrx_word' id='word_1_699' title='bbox 1621 1923 1700 1959; x_wconf 86' lang='lat' dir='ltr'><strong>quae</strong></span> <span class='ocrx_word' id='word_1_700' title='bbox 1727 1923 1925 1960; x_wconf 81' lang='lat' dir='ltr'><strong>numquam</strong></span> <span class='ocrx_word' id='word_1_701' title='bbox 1951 1914 2160 1961; x_wconf 80' lang='lat' dir='ltr'><strong>contingere</strong></span> <span class='ocrx_word' id='word_1_702' title='bbox 2190 1922 2357 1962; x_wconf 77' lang='lat' dir='ltr'><strong>possunt,</strong></span> 
     </span>
    </p>
   </div>
   <div class='ocr_carea' id='block_1_89' title="bbox 1290 1972 2359 2022">
    <p class='ocr_par' dir='ltr' id='par_1_89' title="bbox 1290 1972 2359 2022">
     <span class='ocr_line' id='line_1_89' title="bbox 1290 1972 2359 2022; baseline 0.007 -14"><span class='ocrx_word' id='word_1_703' title='bbox 1290 1972 1400 2008; x_wconf 81' lang='lat' dir='ltr'><strong>verbo</strong></span> <span class='ocrx_word' id='word_1_704' title='bbox 1435 1978 1541 2010; x_wconf 88' lang='lat' dir='ltr'><strong>tenus</strong></span> <span class='ocrx_word' id='word_1_705' title='bbox 1568 1974 1749 2020; x_wconf 82' lang='lat' dir='ltr'><strong>proponit,</strong></span> <span class='ocrx_word' id='word_1_706' title='bbox 1781 1980 1820 2010; x_wconf 88' lang='lat' dir='ltr'><strong>ut</strong></span> <span class='ocrx_word' id='word_1_707' title='bbox 1844 1975 2126 2022; x_wconf 74' lang='lat' dir='ltr'><strong>magnitudinem</strong></span> <span class='ocrx_word' id='word_1_708' title='bbox 2153 1978 2288 2018; x_wconf 85' lang='lat' dir='ltr'><strong>amoris</strong></span> <span class='ocrx_word' id='word_1_709' title='bbox 2304 1978 2359 2015; x_wconf 77' lang='lat' dir='ltr'><strong>sui</strong></span> 
     </span>
    </p>
   </div>
   <div class='ocr_carea' id='block_1_90' title="bbox 1289 2032 2360 2084">
    <p class='ocr_par' dir='ltr' id='par_1_90' title="bbox 1289 2032 2360 2084">
     <span class='ocr_line' id='line_1_90' title="bbox 1289 2032 2360 2084; baseline 0.008 -16"><span class='ocrx_word' id='word_1_710' title='bbox 1289 2032 1486 2076; x_wconf 85' lang='lat' dir='ltr'><strong>declarare,</strong></span> <span class='ocrx_word' id='word_1_711' title='bbox 1502 2034 1736 2084; x_wconf 74' lang='lat' dir='ltr'><strong>omnibusque</strong></span> <span class='ocrx_word' id='word_1_712' title='bbox 1749 2035 1865 2082; x_wconf 82' lang='lat' dir='ltr'><strong>palam</strong></span> <span class='ocrx_word' id='word_1_713' title='bbox 1878 2035 1996 2074; x_wconf 88' lang='lat' dir='ltr'><strong>facere</strong></span> <span class='ocrx_word' id='word_1_714' title='bbox 2011 2037 2136 2084; x_wconf 84' lang='lat' dir='ltr'><strong>possit.</strong></span> <span class='ocrx_word' id='word_1_715' title='bbox 2149 2037 2246 2076; x_wconf 85' lang='lat' dir='ltr'><strong>Talis</strong></span> <span class='ocrx_word' id='word_1_716' title='bbox 2259 2049 2360 2076; x_wconf 79' lang='lat' dir='ltr'><strong>nam-</strong></span> 
     </span>
    </p>
   </div>
   <div class='ocr_carea' id='block_1_91' title="bbox 1289 2095 2357 2143">
    <p class='ocr_par' dir='ltr' id='par_1_91' title="bbox 1289 2095 2357 2143">
     <span class='ocr_line' id='line_1_91' title="bbox 1289 2095 2357 2143; baseline 0.008 -15"><span class='ocrx_word' id='word_1_717' title='bbox 1289 2103 1356 2140; x_wconf 88' lang='lat' dir='ltr'><strong>quc</strong></span> <span class='ocrx_word' id='word_1_718' title='bbox 1373 2095 1568 2132; x_wconf 87' lang='lat' dir='ltr'><strong>amantium</strong></span> <span class='ocrx_word' id='word_1_719' title='bbox 1583 2106 1660 2133; x_wconf 87' lang='lat' dir='ltr'><strong>mos</strong></span> <span class='ocrx_word' id='word_1_720' title='bbox 1676 2102 1732 2133; x_wconf 88' lang='lat' dir='ltr'><strong>est</strong></span> <span class='ocrx_word' id='word_1_721' title='bbox 1753 2109 1761 2134; x_wconf 92' lang='lat'><strong>:</strong></span> <span class='ocrx_word' id='word_1_722' title='bbox 1783 2107 1853 2133; x_wconf 89' lang='lat' dir='ltr'><strong>non</strong></span> <span class='ocrx_word' id='word_1_723' title='bbox 1873 2103 2021 2143; x_wconf 87' lang='lat' dir='ltr'><strong>possunt</strong></span> <span class='ocrx_word' id='word_1_724' title='bbox 2034 2097 2177 2135; x_wconf 76' lang='lat' dir='ltr'><strong>silentio</strong></span> <span class='ocrx_word' id='word_1_725' title='bbox 2196 2109 2357 2137; x_wconf 87' lang='lat' dir='ltr'><strong>amorem</strong></span> 
     </span>
    </p>
   </div>
   <div class='ocr_carea' id='block_1_92' title="bbox 1288 2157 2363 2208">
    <p class='ocr_par' dir='ltr' id='par_1_92' title="bbox 1288 2157 2363 2208">
     <span class='ocr_line' id='line_1_92' title="bbox 1288 2157 2363 2208; baseline 0.009 -18"><span class='ocrx_word' id='word_1_726' title='bbox 1288 2165 1392 2190; x_wconf 86' lang='lat' dir='ltr'><strong>suum</strong></span> <span class='ocrx_word' id='word_1_727' title='bbox 1413 2161 1544 2202; x_wconf 77' lang='lat' dir='ltr'><strong>legere,</strong></span> <span class='ocrx_word' id='word_1_728' title='bbox 1563 2157 1624 2194; x_wconf 87' lang='lat' dir='ltr'><strong>sed</strong></span> <span class='ocrx_word' id='word_1_729' title='bbox 1643 2157 1877 2195; x_wconf 85' lang='lat' dir='ltr'><strong>familiaribus</strong></span> <span class='ocrx_word' id='word_1_730' title='bbox 1894 2159 2060 2196; x_wconf 85' lang='lat' dir='ltr'><strong>omnibus</strong></span> <span class='ocrx_word' id='word_1_731' title='bbox 2075 2159 2256 2199; x_wconf 77' lang='lat' dir='ltr'><strong>flammam</strong></span> <span class='ocrx_word' id='word_1_732' title='bbox 2274 2161 2363 2208; x_wconf 45' lang='lat' dir='ltr'><strong>elice</strong></span> 
     </span>
    </p>
   </div>
   <div class='ocr_carea' id='block_1_93' title="bbox 1289 2217 2361 2262">
    <p class='ocr_par' dir='ltr' id='par_1_93' title="bbox 1289 2217 2361 2262">
     <span class='ocr_line' id='line_1_93' title="bbox 1289 2217 2361 2262; baseline 0.01 -12"><span class='ocrx_word' id='word_1_733' title='bbox 1289 2221 1386 2260; x_wconf 86' lang='lat' dir='ltr'><strong>runt,</strong></span> <span class='ocrx_word' id='word_1_734' title='bbox 1419 2224 1458 2253; x_wconf 81' lang='lat' dir='ltr'><strong>ut</strong></span> <span class='ocrx_word' id='word_1_735' title='bbox 1484 2217 1691 2256; x_wconf 88' lang='lat' dir='ltr'><strong>assiduitate</strong></span> <span class='ocrx_word' id='word_1_736' title='bbox 1717 2221 1886 2260; x_wconf 83' lang='lat' dir='ltr'><strong>narrandi</strong></span> <span class='ocrx_word' id='word_1_737' title='bbox 1913 2223 2074 2258; x_wconf 85' lang='lat' dir='ltr'><strong>animum</strong></span> <span class='ocrx_word' id='word_1_738' title='bbox 2105 2223 2285 2262; x_wconf 81' lang='lat' dir='ltr'><strong>desiderio</strong></span> <span class='ocrx_word' id='word_1_739' title='bbox 2306 2225 2361 2261; x_wconf 89' lang='lat' dir='ltr'><strong>in-</strong></span> 
     </span>
    </p>
   </div>
   <div class='ocr_carea' id='block_1_94' title="bbox 1288 2277 2360 2332">
    <p class='ocr_par' dir='ltr' id='par_1_94' title="bbox 1288 2277 2360 2332">
     <span class='ocr_line' id='line_1_94' title="bbox 1288 2277 2360 2332; baseline 0.009 -20"><span class='ocrx_word' id='word_1_740' title='bbox 1288 2277 1386 2322; x_wconf 78' lang='lat' dir='ltr'><strong>genti</strong></span> <span class='ocrx_word' id='word_1_741' title='bbox 1407 2277 1616 2324; x_wconf 81' lang='lat' dir='ltr'><strong>flagrantem</strong></span> <span class='ocrx_word' id='word_1_742' title='bbox 1645 2281 1809 2328; x_wconf 80' lang='lat' dir='ltr'><strong>mitigent</strong></span> <span class='ocrx_word' id='word_1_743' title='bbox 1843 2293 1886 2319; x_wconf 85' lang='lat' dir='ltr'><strong>ac</strong></span> <span class='ocrx_word' id='word_1_744' title='bbox 1915 2290 2092 2320; x_wconf 79' lang='lat' dir='ltr'><strong>recreant.</strong></span> <span class='ocrx_word' id='word_1_745' title='bbox 2120 2285 2224 2330; x_wconf 85' lang='lat' dir='ltr'><strong>Quod</strong></span> <span class='ocrx_word' id='word_1_746' title='bbox 2243 2285 2360 2332; x_wconf 88' lang='lat' dir='ltr'><strong>ipsum</strong></span> 
     </span>
    </p>
   </div>
   <div class='ocr_carea' id='block_1_95' title="bbox 1292 2337 2356 2394">
    <p class='ocr_par' dir='ltr' id='par_1_95' title="bbox 1292 2337 2356 2394">
     <span class='ocr_line' id='line_1_95' title="bbox 1292 2337 2356 2394; baseline 0.01 -20"><span class='ocrx_word' id='word_1_747' title='bbox 1292 2343 1376 2375; x_wconf 90' lang='lat' dir='ltr'><strong>tunc</strong></span> <span class='ocrx_word' id='word_1_748' title='bbox 1395 2337 1478 2376; x_wconf 88' lang='lat' dir='ltr'><strong>fecit</strong></span> <span class='ocrx_word' id='word_1_749' title='bbox 1497 2340 1618 2378; x_wconf 86' lang='lat' dir='ltr'><strong>beatus</strong></span> <span class='ocrx_word' id='word_1_750' title='bbox 1640 2342 1713 2386; x_wconf 86' lang='lat' dir='ltr'><strong>ille,</strong></span> <span class='ocrx_word' id='word_1_751' title='bbox 1737 2344 1930 2392; x_wconf 88' lang='lat' dir='ltr'><strong>omniaque</strong></span> <span class='ocrx_word' id='word_1_752' title='bbox 1950 2355 2117 2383; x_wconf 86' lang='lat' dir='ltr'><strong>sermone</strong></span> <span class='ocrx_word' id='word_1_753' title='bbox 2133 2349 2356 2394; x_wconf 75' lang='lat' dir='ltr'><strong>complexus,</strong></span> 
     </span>
    </p>
   </div>
   <div class='ocr_carea' id='block_1_96' title="bbox 1293 2402 2357 2454">
    <p class='ocr_par' dir='ltr' id='par_1_96' title="bbox 1293 2402 2357 2454">
     <span class='ocr_line' id='line_1_96' title="bbox 1293 2402 2357 2454; baseline 0.008 -17"><span class='ocrx_word' id='word_1_754' title='bbox 1293 2402 1494 2448; x_wconf 67' lang='lat' dir='ltr'><strong>praesentia,</strong></span> <span class='ocrx_word' id='word_1_755' title='bbox 1522 2403 1652 2448; x_wconf 85' lang='lat' dir='ltr'><strong>futura,</strong></span> <span class='ocrx_word' id='word_1_756' title='bbox 1677 2405 1870 2450; x_wconf 76' lang='lat' dir='ltr'><strong>prteterita,</strong></span> <span class='ocrx_word' id='word_1_757' title='bbox 1893 2416 1972 2452; x_wconf 76' lang='lat' dir='ltr'><strong>qum</strong></span> <span class='ocrx_word' id='word_1_758' title='bbox 2002 2418 2194 2454; x_wconf 88' lang='lat' dir='ltr'><strong>numquam</strong></span> <span class='ocrx_word' id='word_1_759' title='bbox 2213 2410 2357 2446; x_wconf 89' lang='lat' dir='ltr'><strong>contin-</strong></span> 
     </span>
    </p>
   </div>
   <div class='ocr_carea' id='block_1_97' title="bbox 1291 2466 2357 2514">
    <p class='ocr_par' dir='ltr' id='par_1_97' title="bbox 1291 2466 2357 2514">
     <span class='ocr_line' id='line_1_97' title="bbox 1291 2466 2357 2514; baseline 0.008 -14"><span class='ocrx_word' id='word_1_760' title='bbox 1291 2473 1376 2510; x_wconf 81' lang='lat' dir='ltr'><strong>gere</strong></span> <span class='ocrx_word' id='word_1_761' title='bbox 1396 2470 1575 2512; x_wconf 82' lang='lat' dir='ltr'><strong>poterant,</strong></span> <span class='ocrx_word' id='word_1_762' title='bbox 1596 2466 1748 2504; x_wconf 73' lang='lat' dir='ltr'><strong>visibilis</strong></span> <span class='ocrx_word' id='word_1_763' title='bbox 1767 2474 1804 2504; x_wconf 89' lang='lat' dir='ltr'><strong>et</strong></span> <span class='ocrx_word' id='word_1_764' title='bbox 1820 2468 2026 2514; x_wconf 82' lang='lat' dir='ltr'><strong>invisibilia,</strong></span> <span class='ocrx_word' id='word_1_765' title='bbox 2052 2481 2196 2508; x_wconf 92' lang='lat' dir='ltr'><strong>omnem</strong></span> <span class='ocrx_word' id='word_1_766' title='bbox 2215 2473 2357 2508; x_wconf 84' lang='lat' dir='ltr'><strong>crucia-</strong></span> 
     </span>
    </p>
   </div>
   <div class='ocr_carea' id='block_1_98' title="bbox 1293 2527 2361 2576">
    <p class='ocr_par' dir='ltr' id='par_1_98' title="bbox 1293 2527 2361 2576">
     <span class='ocr_line' id='line_1_98' title="bbox 1293 2527 2361 2576; baseline 0.007 -14"><span class='ocrx_word' id='word_1_767' title='bbox 1293 2531 1382 2570; x_wconf 87' lang='lat' dir='ltr'><strong>tum,</strong></span> <span class='ocrx_word' id='word_1_768' title='bbox 1403 2537 1548 2564; x_wconf 84' lang='lat' dir='ltr'><strong>omnem</strong></span> <span class='ocrx_word' id='word_1_769' title='bbox 1559 2527 1736 2574; x_wconf 86' lang='lat' dir='ltr'><strong>quietem;</strong></span> <span class='ocrx_word' id='word_1_770' title='bbox 1757 2530 1858 2576; x_wconf 88' lang='lat' dir='ltr'><strong>quasi</strong></span> <span class='ocrx_word' id='word_1_771' title='bbox 1881 2530 1956 2567; x_wconf 86' lang='lat' dir='ltr'><strong>haec</strong></span> <span class='ocrx_word' id='word_1_772' title='bbox 1973 2540 2046 2568; x_wconf 88' lang='lat' dir='ltr'><strong>non</strong></span> <span class='ocrx_word' id='word_1_773' title='bbox 2065 2531 2133 2570; x_wconf 87' lang='lat' dir='ltr'><strong>sibi</strong></span> <span class='ocrx_word' id='word_1_774' title='bbox 2153 2531 2361 2572; x_wconf 83' lang='lat' dir='ltr'><strong>sufﬁcerent</strong></span> 
     </span>
    </p>
   </div>
   <div class='ocr_carea' id='block_1_99' title="bbox 1291 2585 2361 2640">
    <p class='ocr_par' dir='ltr' id='par_1_99' title="bbox 1291 2585 2361 2640">
     <span class='ocr_line' id='line_1_99' title="bbox 1291 2585 2361 2640; baseline 0.007 -18"><span class='ocrx_word' id='word_1_775' title='bbox 1291 2585 1336 2623; x_wconf 90' lang='lat' dir='ltr'><strong>ad</strong></span> <span class='ocrx_word' id='word_1_776' title='bbox 1367 2587 1532 2630; x_wconf 78' lang='lat' dir='ltr'><strong>aﬁ‘cctum</strong></span> <span class='ocrx_word' id='word_1_777' title='bbox 1557 2597 1660 2627; x_wconf 88' lang='lat' dir='ltr'><strong>suum</strong></span> <span class='ocrx_word' id='word_1_778' title='bbox 1691 2589 1960 2640; x_wconf 82' lang='lat' dir='ltr'><strong>declarandum,</strong></span> <span class='ocrx_word' id='word_1_779' title='bbox 1991 2597 2178 2638; x_wconf 86' lang='lat' dir='ltr'><strong>postquam</strong></span> <span class='ocrx_word' id='word_1_780' title='bbox 2213 2599 2264 2629; x_wconf 92' lang='lat' dir='ltr'><strong>tot</strong></span> <span class='ocrx_word' id='word_1_781' title='bbox 2290 2595 2361 2630; x_wconf 86' lang='lat' dir='ltr'><strong>alia</strong></span> 
     </span>
    </p>
   </div>
   <div class='ocr_carea' id='block_1_100' title="bbox 1291 2649 2359 2700">
    <p class='ocr_par' dir='ltr' id='par_1_100' title="bbox 1291 2649 2359 2700">
     <span class='ocr_line' id='line_1_100' title="bbox 1291 2649 2359 2700; baseline 0.005 -15"><span class='ocrx_word' id='word_1_782' title='bbox 1291 2658 1364 2687; x_wconf 88' lang='lat' dir='ltr'><strong>non</strong></span> <span class='ocrx_word' id='word_1_783' title='bbox 1385 2649 1594 2687; x_wconf 82' lang='lat' dir='ltr'><strong>exsistcnlia</strong></span> <span class='ocrx_word' id='word_1_784' title='bbox 1613 2651 1800 2698; x_wconf 73' lang='lat' dir='ltr'><strong>supposuit</strong></span> <span class='ocrx_word' id='word_1_785' title='bbox 1818 2659 1853 2690; x_wconf 90' lang='lat' dir='ltr'><strong>et</strong></span> <span class='ocrx_word' id='word_1_786' title='bbox 1867 2653 1994 2690; x_wconf 78' lang='lat' dir='ltr'><strong>extulit</strong></span> <span class='ocrx_word' id='word_1_787' title='bbox 2015 2652 2112 2700; x_wconf 89' lang='lat' dir='ltr'><strong>(nam</strong></span> <span class='ocrx_word' id='word_1_788' title='bbox 2132 2655 2232 2698; x_wconf 87' lang='lat' dir='ltr'><strong>illud,</strong></span> <span class='ocrx_word' id='word_1_789' title='bbox 2261 2667 2359 2692; x_wconf 78' lang='lat' dir='ltr'><strong>crea-</strong></span> 
     </span>
    </p>
   </div>
   <div class='ocr_carea' id='block_1_101' title="bbox 1293 2711 2362 2762">
    <p class='ocr_par' dir='ltr' id='par_1_101' title="bbox 1293 2711 2362 2762">
     <span class='ocr_line' id='line_1_101' title="bbox 1293 2711 2362 2762; baseline 0.007 -16"><span class='ocrx_word' id='word_1_790' title='bbox 1293 2717 1369 2748; x_wconf 80' lang='lat' dir='ltr'><strong>tura</strong></span> <span class='ocrx_word' id='word_1_791' title='bbox 1392 2711 1475 2756; x_wconf 84' lang='lat' dir='ltr'><strong>alia,</strong></span> <span class='ocrx_word' id='word_1_792' title='bbox 1509 2711 1554 2749; x_wconf 90' lang='lat' dir='ltr'><strong>de</strong></span> <span class='ocrx_word' id='word_1_793' title='bbox 1585 2723 1656 2751; x_wconf 89' lang='lat' dir='ltr'><strong>non</strong></span> <span class='ocrx_word' id='word_1_794' title='bbox 1687 2713 1944 2752; x_wconf 78' lang='lat' dir='ltr'><strong>cxsistcntibus</strong></span> <span class='ocrx_word' id='word_1_795' title='bbox 1963 2715 2136 2762; x_wconf 89' lang='lat' dir='ltr'><strong>dicitur);</strong></span> <span class='ocrx_word' id='word_1_796' title='bbox 2165 2716 2216 2753; x_wconf 89' lang='lat' dir='ltr'><strong>sic</strong></span> <span class='ocrx_word' id='word_1_797' title='bbox 2242 2716 2362 2754; x_wconf 90' lang='lat' dir='ltr'><strong>intulit</strong></span> 
     </span>
    </p>
   </div>
   <div class='ocr_carea' id='block_1_102' title="bbox 1291 2775 2360 2825">
    <p class='ocr_par' dir='ltr' id='par_1_102' title="bbox 1291 2775 2360 2825">
     <span class='ocr_line' id='line_1_102' title="bbox 1291 2775 2360 2825; baseline 0.003 -13"><span class='ocrx_word' id='word_1_798' title='bbox 1291 2775 1486 2812; x_wconf 87' lang='lat' dir='ltr'><strong>ostendens</strong></span> <span class='ocrx_word' id='word_1_799' title='bbox 1506 2775 1592 2812; x_wconf 88' lang='lat' dir='ltr'><strong>nihil</strong></span> <span class='ocrx_word' id='word_1_800' title='bbox 1609 2783 1717 2822; x_wconf 83' lang='lat' dir='ltr'><strong>supra</strong></span> <span class='ocrx_word' id='word_1_801' title='bbox 1737 2776 1915 2813; x_wconf 89' lang='lat' dir='ltr'><strong>dictorum</strong></span> <span class='ocrx_word' id='word_1_802' title='bbox 1937 2787 2043 2824; x_wconf 87' lang='lat' dir='ltr'><strong>posse</strong></span> <span class='ocrx_word' id='word_1_803' title='bbox 2066 2788 2132 2814; x_wconf 89' lang='lat' dir='ltr'><strong>nos</strong></span> <span class='ocrx_word' id='word_1_804' title='bbox 2149 2789 2316 2825; x_wconf 79' lang='lat' dir='ltr'><strong>separare</strong></span> <span class='ocrx_word' id='word_1_805' title='bbox 2340 2791 2360 2816; x_wconf 93' lang='lat' dir='ltr'><strong>a</strong></span> 
     </span>
    </p>
   </div>
   <div class='ocr_carea' id='block_1_103' title="bbox 1292 2837 2358 2886">
    <p class='ocr_par' dir='ltr' id='par_1_103' title="bbox 1292 2837 2358 2886">
     <span class='ocr_line' id='line_1_103' title="bbox 1292 2837 2358 2886; baseline 0.005 -12"><span class='ocrx_word' id='word_1_806' title='bbox 1292 2837 1440 2874; x_wconf 68' lang='lat' dir='ltr'><strong>arritate</strong></span> <span class='ocrx_word' id='word_1_807' title='bbox 1461 2837 1536 2882; x_wconf 85' lang='lat' dir='ltr'><strong>Dei,</strong></span> <span class='ocrx_word' id='word_1_808' title='bbox 1555 2849 1635 2886; x_wconf 68' lang='lat' dir='ltr'><strong>quae</strong></span> <span class='ocrx_word' id='word_1_809' title='bbox 1654 2845 1710 2876; x_wconf 88' lang='lat' dir='ltr'><strong>est</strong></span> <span class='ocrx_word' id='word_1_810' title='bbox 1726 2839 1762 2874; x_wconf 87' lang='lat' dir='ltr'><strong>in</strong></span> <span class='ocrx_word' id='word_1_811' title='bbox 1775 2838 1919 2876; x_wconf 85' lang='lat' dir='ltr'><strong>Christo</strong></span> <span class='ocrx_word' id='word_1_812' title='bbox 1941 2839 2028 2877; x_wconf 83' lang='lat' dir='ltr'><strong>Jesu</strong></span> <span class='ocrx_word' id='word_1_813' title='bbox 2049 2840 2200 2877; x_wconf 85' lang='lat' dir='ltr'><strong>Domino</strong></span> <span class='ocrx_word' id='word_1_814' title='bbox 2219 2848 2358 2879; x_wconf 87' lang='lat' dir='ltr'><strong>nostro.</strong></span> 
     </span>
    </p>
   </div>
   <div class='ocr_carea' id='block_1_104' title="bbox 1292 2899 2360 2947">
    <p class='ocr_par' dir='ltr' id='par_1_104' title="bbox 1292 2899 2360 2947">
     <span class='ocr_line' id='line_1_104' title="bbox 1292 2899 2360 2947; baseline 0.005 -11"><span class='ocrx_word' id='word_1_815' title='bbox 1292 2899 1338 2936; x_wconf 90' lang='lat' dir='ltr'><strong>Et</strong></span> <span class='ocrx_word' id='word_1_816' title='bbox 1352 2899 1411 2936; x_wconf 90' lang='lat' dir='ltr'><strong>ille</strong></span> <span class='ocrx_word' id='word_1_817' title='bbox 1425 2900 1566 2947; x_wconf 88' lang='lat' dir='ltr'><strong>quidem</strong></span> <span class='ocrx_word' id='word_1_818' title='bbox 1586 2911 1744 2938; x_wconf 85' lang='lat' dir='ltr'><strong>amorem</strong></span> <span class='ocrx_word' id='word_1_819' title='bbox 1764 2911 1866 2938; x_wconf 91' lang='lat' dir='ltr'><strong>suum</strong></span> <span class='ocrx_word' id='word_1_820' title='bbox 1886 2901 1920 2938; x_wconf 92' lang='lat' dir='ltr'><strong>in</strong></span> <span class='ocrx_word' id='word_1_821' title='bbox 1949 2907 2084 2938; x_wconf 84' lang='lat' dir='ltr'><strong>tantam</strong></span> <span class='ocrx_word' id='word_1_822' title='bbox 2103 2903 2360 2941; x_wconf 83' lang='lat' dir='ltr'><strong>sublimitatem</strong></span> 
     </span>
    </p>
   </div>
   <div class='ocr_carea' id='block_1_105' title="bbox 1291 2962 2360 3010">
    <p class='ocr_par' dir='ltr' id='par_1_105' title="bbox 1291 2962 2360 3010">
     <span class='ocr_line' id='line_1_105' title="bbox 1291 2962 2360 3010; baseline 0.005 -12"><span class='ocrx_word' id='word_1_823' title='bbox 1291 2962 1419 2999; x_wconf 80' lang='lat' dir='ltr'><strong>extulit</strong></span> <span class='ocrx_word' id='word_1_824' title='bbox 1438 2973 1448 2998; x_wconf 90' lang='lat'><strong>:</strong></span> <span class='ocrx_word' id='word_1_825' title='bbox 1470 2972 1535 3000; x_wconf 91' lang='lat' dir='ltr'><strong>nos</strong></span> <span class='ocrx_word' id='word_1_826' title='bbox 1552 2968 1688 3009; x_wconf 86' lang='lat' dir='ltr'><strong>autem,</strong></span> <span class='ocrx_word' id='word_1_827' title='bbox 1720 2963 1780 3010; x_wconf 88' lang='lat' dir='ltr'><strong>qui</strong></span> <span class='ocrx_word' id='word_1_828' title='bbox 1806 2963 1894 3010; x_wconf 82' lang='lat' dir='ltr'><strong>jussi</strong></span> <span class='ocrx_word' id='word_1_829' title='bbox 1921 2973 2043 3001; x_wconf 87' lang='lat' dir='ltr'><strong>sumus</strong></span> <span class='ocrx_word' id='word_1_830' title='bbox 2065 2965 2144 3010; x_wconf 85' lang='lat' dir='ltr'><strong>ejus</strong></span> <span class='ocrx_word' id='word_1_831' title='bbox 2162 2966 2360 3004; x_wconf 88' lang='lat' dir='ltr'><strong>imitatores</strong></span> 
     </span>
    </p>
   </div>
   <div class='ocr_carea' id='block_1_106' title="bbox 1291 3024 2356 3072">
    <p class='ocr_par' dir='ltr' id='par_1_106' title="bbox 1291 3024 2356 3072">
     <span class='ocr_line' id='line_1_106' title="bbox 1291 3024 2356 3072; baseline 0.005 -12"><span class='ocrx_word' id='word_1_832' title='bbox 1291 3033 1386 3067; x_wconf 86' lang='lat' dir='ltr'><strong>esse,</strong></span> <span class='ocrx_word' id='word_1_833' title='bbox 1410 3034 1455 3062; x_wconf 90' lang='lat' dir='ltr'><strong>ne</strong></span> <span class='ocrx_word' id='word_1_834' title='bbox 1474 3024 1555 3061; x_wconf 81' lang='lat' dir='ltr'><strong>vita:</strong></span> <span class='ocrx_word' id='word_1_835' title='bbox 1573 3025 1716 3072; x_wconf 85' lang='lat' dir='ltr'><strong>quidem</strong></span> <span class='ocrx_word' id='word_1_836' title='bbox 1737 3025 1841 3072; x_wconf 87' lang='lat' dir='ltr'><strong>hujus</strong></span> <span class='ocrx_word' id='word_1_837' title='bbox 1861 3036 2040 3064; x_wconf 65' lang='lat' dir='ltr'><strong>aerumnas</strong></span> <span class='ocrx_word' id='word_1_838' title='bbox 2074 3025 2178 3064; x_wconf 85' lang='lat' dir='ltr'><strong>facile</strong></span> <span class='ocrx_word' id='word_1_839' title='bbox 2196 3027 2356 3070; x_wconf 87' lang='lat' dir='ltr'><strong>ferimtts,</strong></span> 
     </span>
    </p>
   </div>
   <div class='ocr_carea' id='block_1_107' title="bbox 1292 3087 2358 3135">
    <p class='ocr_par' dir='ltr' id='par_1_107' title="bbox 1292 3087 2358 3135">
     <span class='ocr_line' id='line_1_107' title="bbox 1292 3087 2358 3135; baseline 0.002 -11"><span class='ocrx_word' id='word_1_840' title='bbox 1292 3087 1356 3124; x_wconf 87' lang='lat' dir='ltr'><strong>sed</strong></span> <span class='ocrx_word' id='word_1_841' title='bbox 1372 3097 1442 3125; x_wconf 93' lang='lat' dir='ltr'><strong>non</strong></span> <span class='ocrx_word' id='word_1_842' title='bbox 1461 3087 1592 3131; x_wconf 87' lang='lat' dir='ltr'><strong>minus,</strong></span> <span class='ocrx_word' id='word_1_843' title='bbox 1605 3097 1710 3135; x_wconf 90' lang='lat' dir='ltr'><strong>quam</strong></span> <span class='ocrx_word' id='word_1_844' title='bbox 1724 3087 1980 3130; x_wconf 87' lang='lat' dir='ltr'><strong>febricitantes,</strong></span> <span class='ocrx_word' id='word_1_845' title='bbox 1997 3099 2204 3132; x_wconf 66' lang='lat' dir='ltr'><strong>maeremus,</strong></span> <span class='ocrx_word' id='word_1_846' title='bbox 2218 3096 2254 3126; x_wconf 88' lang='lat' dir='ltr'><strong>et</strong></span> <span class='ocrx_word' id='word_1_847' title='bbox 2265 3090 2358 3126; x_wconf 90' lang='lat' dir='ltr'><strong>indi-</strong></span> 
     </span>
    </p>
   </div>
   <div class='ocr_carea' id='block_1_108' title="bbox 1292 3148 2360 3196">
    <p class='ocr_par' dir='ltr' id='par_1_108' title="bbox 1292 3148 2360 3196">
     <span class='ocr_line' id='line_1_108' title="bbox 1292 3148 2360 3196; baseline 0.003 -10"><span class='ocrx_word' id='word_1_848' title='bbox 1292 3160 1455 3196; x_wconf 81' lang='lat' dir='ltr'><strong>gnamur.</strong></span> <span class='ocrx_word' id='word_1_849' title='bbox 1472 3149 1562 3186; x_wconf 85' lang='lat' dir='ltr'><strong>Nam</strong></span> <span class='ocrx_word' id='word_1_850' title='bbox 1580 3149 1705 3195; x_wconf 72' lang='lat' dir='ltr'><strong>longus</strong></span> <span class='ocrx_word' id='word_1_851' title='bbox 1729 3148 1787 3186; x_wconf 91' lang='lat' dir='ltr'><strong>hic</strong></span> <span class='ocrx_word' id='word_1_852' title='bbox 1805 3149 1966 3194; x_wconf 91' lang='lat' dir='ltr'><strong>morbus,</strong></span> <span class='ocrx_word' id='word_1_853' title='bbox 1987 3151 2046 3196; x_wconf 91' lang='lat' dir='ltr'><strong>qui</strong></span> <span class='ocrx_word' id='word_1_854' title='bbox 2064 3150 2201 3186; x_wconf 87' lang='lat' dir='ltr'><strong>animas</strong></span> <span class='ocrx_word' id='word_1_855' title='bbox 2220 3158 2360 3190; x_wconf 78' lang='lat' dir='ltr'><strong>nostras</strong></span> 
     </span>
    </p>
   </div>
   <div class='ocr_carea' id='block_1_109' title="bbox 1291 3210 2358 3258">
    <p class='ocr_par' dir='ltr' id='par_1_109' title="bbox 1291 3210 2358 3258">
     <span class='ocr_line' id='line_1_109' title="bbox 1291 3210 2358 3258; baseline 0 -10"><span class='ocrx_word' id='word_1_856' title='bbox 1291 3211 1492 3258; x_wconf 77' lang='lat' dir='ltr'><strong>ochpavit,</strong></span> <span class='ocrx_word' id='word_1_857' title='bbox 1503 3210 1736 3248; x_wconf 85' lang='lat' dir='ltr'><strong>diuturnitate</strong></span> <span class='ocrx_word' id='word_1_858' title='bbox 1750 3210 1956 3256; x_wconf 84' lang='lat' dir='ltr'><strong>insanabilis</strong></span> <span class='ocrx_word' id='word_1_859' title='bbox 1974 3211 2100 3255; x_wconf 89' lang='lat' dir='ltr'><strong>evasit,</strong></span> <span class='ocrx_word' id='word_1_860' title='bbox 2119 3219 2157 3249; x_wconf 94' lang='lat' dir='ltr'><strong>ut</strong></span> <span class='ocrx_word' id='word_1_861' title='bbox 2170 3212 2217 3248; x_wconf 86' lang='lat' dir='ltr'><strong>ita</strong></span> <span class='ocrx_word' id='word_1_862' title='bbox 2229 3212 2358 3256; x_wconf 89' lang='lat' dir='ltr'><strong>dicam,</strong></span> 
     </span>
    </p>
   </div>
   <div class='ocr_carea' id='block_1_110' title="bbox 1291 3267 2359 3322">
    <p class='ocr_par' dir='ltr' id='par_1_110' title="bbox 1291 3267 2359 3322">
     <span class='ocr_line' id='line_1_110' title="bbox 1291 3267 2359 3322; baseline 0.001 -12"><span class='ocrx_word' id='word_1_863' title='bbox 1291 3283 1334 3310; x_wconf 90' lang='lat' dir='ltr'><strong>ac</strong></span> <span class='ocrx_word' id='word_1_864' title='bbox 1352 3273 1544 3320; x_wconf 88' lang='lat' dir='ltr'><strong>perfectam</strong></span> <span class='ocrx_word' id='word_1_865' title='bbox 1565 3267 1808 3314; x_wconf 73' lang='lat' dir='ltr'><strong>valetudinem</strong></span> <span class='ocrx_word' id='word_1_866' title='bbox 1829 3283 1875 3310; x_wconf 92' lang='lat' dir='ltr'><strong>ne</strong></span> <span class='ocrx_word' id='word_1_867' title='bbox 1894 3273 2052 3320; x_wconf 82' lang='lat' dir='ltr'><strong>cogitare</strong></span> <span class='ocrx_word' id='word_1_868' title='bbox 2067 3273 2215 3322; x_wconf 89' lang='lat' dir='ltr'><strong>quidem</strong></span> <span class='ocrx_word' id='word_1_869' title='bbox 2233 3285 2359 3322; x_wconf 90' lang='lat' dir='ltr'><strong>possu-</strong></span> 
     </span>
    </p>
   </div>
   <div class='ocr_carea' id='block_1_111' title="bbox 1291 3335 2360 3390">
    <p class='ocr_par' dir='ltr' id='par_1_111' title="bbox 1291 3335 2360 3390">
     <span class='ocr_line' id='line_1_111' title="bbox 1291 3335 2360 3390; baseline 0.003 -19"><span class='ocrx_word' id='word_1_870' title='bbox 1291 3345 1374 3371; x_wconf 92' lang='lat' dir='ltr'><strong>mus</strong></span> <span class='ocrx_word' id='word_1_871' title='bbox 1394 3347 1402 3371; x_wconf 93' lang='lat'>:</span> <span class='ocrx_word' id='word_1_872' title='bbox 1426 3335 1498 3372; x_wconf 88' lang='lat' dir='ltr'><strong>imo</strong></span> <span class='ocrx_word' id='word_1_873' title='bbox 1519 3335 1626 3372; x_wconf 89' lang='lat' dir='ltr'><strong>etiam</strong></span> <span class='ocrx_word' id='word_1_874' title='bbox 1646 3335 1750 3390; x_wconf 61' lang='lat' dir='ltr'><strong>nobis</strong></span> <span class='ocrx_word' id='word_1_875' title='bbox 1767 3345 1809 3373; x_wconf 84' lang='lat' dir='ltr'><strong>ea</strong></span> <span class='ocrx_word' id='word_1_876' title='bbox 1827 3346 1899 3372; x_wconf 88' lang='lat' dir='ltr'><strong>non</strong></span> <span class='ocrx_word' id='word_1_877' title='bbox 1917 3336 2008 3372; x_wconf 82' lang='lat' dir='ltr'><strong>ultra</strong></span> <span class='ocrx_word' id='word_1_878' title='bbox 2029 3337 2235 3384; x_wconf 89' lang='lat' dir='ltr'><strong>recuperari</strong></span> <span class='ocrx_word' id='word_1_879' title='bbox 2255 3347 2360 3384; x_wconf 88' lang='lat' dir='ltr'><strong>posse</strong></span> 
     </span>
    </p>
   </div>
   <div class='ocr_carea' id='block_1_112' title="bbox 1290 3391 2360 3446">
    <p class='ocr_par' dir='ltr' id='par_1_112' title="bbox 1290 3391 2360 3446">
     <span class='ocr_line' id='line_1_112' title="bbox 1290 3391 2360 3446; baseline 0.002 -14"><span class='ocrx_word' id='word_1_880' title='bbox 1290 3395 1444 3432; x_wconf 87' lang='lat' dir='ltr'><strong>videtur.</strong></span> <span class='ocrx_word' id='word_1_881' title='bbox 1481 3396 1518 3434; x_wconf 89' lang='lat' dir='ltr'><strong>Si</strong></span> <span class='ocrx_word' id='word_1_882' title='bbox 1549 3406 1636 3434; x_wconf 87' lang='lat' dir='ltr'><strong>vero</strong></span> <span class='ocrx_word' id='word_1_883' title='bbox 1659 3391 1864 3444; x_wconf 80' lang='lat' dir='ltr'><strong>quempiam</strong></span> <span class='ocrx_word' id='word_1_884' title='bbox 1895 3397 2082 3434; x_wconf 88' lang='lat' dir='ltr'><strong>audiamus</strong></span> <span class='ocrx_word' id='word_1_885' title='bbox 2111 3399 2296 3446; x_wconf 85' lang='lat' dir='ltr'><strong>apostolos</strong></span> <span class='ocrx_word' id='word_1_886' title='bbox 2325 3399 2360 3434; x_wconf 90' lang='lat' dir='ltr'><strong>in</strong></span> 
     </span>
    </p>
   </div>
   <div class='ocr_carea' id='block_1_113' title="bbox 1291 3457 2361 3508">
    <p class='ocr_par' dir='ltr' id='par_1_113' title="bbox 1291 3457 2361 3508">
     <span class='ocr_line' id='line_1_113' title="bbox 1291 3457 2361 3508; baseline 0 -14"><span class='ocrx_word' id='word_1_887' title='bbox 1291 3457 1448 3498; x_wconf 86' lang='lat' dir='ltr'><strong>medium</strong></span> <span class='ocrx_word' id='word_1_888' title='bbox 1468 3457 1724 3505; x_wconf 83' lang='lat' dir='ltr'><strong>proferentem,</strong></span> <span class='ocrx_word' id='word_1_889' title='bbox 1745 3465 1782 3496; x_wconf 88' lang='lat' dir='ltr'><strong>et</strong></span> <span class='ocrx_word' id='word_1_890' title='bbox 1801 3468 1925 3508; x_wconf 79' lang='lat' dir='ltr'><strong>eorum</strong></span> <span class='ocrx_word' id='word_1_891' title='bbox 1942 3459 2112 3506; x_wconf 65' lang='lat' dir='ltr'><strong>praeclara</strong></span> <span class='ocrx_word' id='word_1_892' title='bbox 2139 3469 2247 3506; x_wconf 90' lang='lat' dir='ltr'><strong>opera</strong></span> <span class='ocrx_word' id='word_1_893' title='bbox 2276 3469 2361 3494; x_wconf 88' lang='lat' dir='ltr'><strong>nar-</strong></span> 
     </span>
    </p>
   </div>
   <div class='ocr_carea' id='block_1_114' title="bbox 1290 3521 2360 3571">
    <p class='ocr_par' dir='ltr' id='par_1_114' title="bbox 1290 3521 2360 3571">
     <span class='ocr_line' id='line_1_114' title="bbox 1290 3521 2360 3571; baseline -0.001 -12"><span class='ocrx_word' id='word_1_894' title='bbox 1290 3528 1446 3566; x_wconf 87' lang='lat' dir='ltr'><strong>rantem,</strong></span> <span class='ocrx_word' id='word_1_895' title='bbox 1477 3532 1559 3560; x_wconf 89' lang='lat' dir='ltr'><strong>eum</strong></span> <span class='ocrx_word' id='word_1_896' title='bbox 1578 3523 1697 3562; x_wconf 87' lang='lat' dir='ltr'><strong>statim</strong></span> <span class='ocrx_word' id='word_1_897' title='bbox 1724 3523 1847 3571; x_wconf 76' lang='lat' dir='ltr'><strong>lugere</strong></span> <span class='ocrx_word' id='word_1_898' title='bbox 1866 3523 2098 3569; x_wconf 85' lang='lat' dir='ltr'><strong>deberemus,</strong></span> <span class='ocrx_word' id='word_1_899' title='bbox 2133 3521 2227 3569; x_wconf 88' lang='lat' dir='ltr'><strong>quod</strong></span> <span class='ocrx_word' id='word_1_900' title='bbox 2247 3530 2360 3565; x_wconf 82' lang='lat' dir='ltr'><strong>usque</strong></span> 
     </span>
    </p>
   </div>
   <div class='ocr_carea' id='block_1_115' title="bbox 1291 3581 2358 3632">
    <p class='ocr_par' dir='ltr' id='par_1_115' title="bbox 1291 3581 2358 3632">
     <span class='ocr_line' id='line_1_115' title="bbox 1291 3581 2358 3632; baseline -0.006 -12"><span class='ocrx_word' id='word_1_901' title='bbox 1291 3583 1382 3621; x_wconf 91' lang='lat' dir='ltr'><strong>adeo</strong></span> <span class='ocrx_word' id='word_1_902' title='bbox 1403 3584 1471 3620; x_wconf 87' lang='lat' dir='ltr'><strong>illis</strong></span> <span class='ocrx_word' id='word_1_903' title='bbox 1489 3583 1679 3621; x_wconf 88' lang='lat' dir='ltr'><strong>inferiores</strong></span> <span class='ocrx_word' id='word_1_904' title='bbox 1691 3584 1817 3630; x_wconf 86' lang='lat' dir='ltr'><strong>simus,</strong></span> <span class='ocrx_word' id='word_1_905' title='bbox 1841 3595 1888 3622; x_wconf 88' lang='lat' dir='ltr'><strong>ne</strong></span> <span class='ocrx_word' id='word_1_906' title='bbox 1907 3590 2091 3632; x_wconf 85' lang='lat' dir='ltr'><strong>peccatum</strong></span> <span class='ocrx_word' id='word_1_907' title='bbox 2109 3581 2251 3628; x_wconf 87' lang='lat' dir='ltr'><strong>quidem</strong></span> <span class='ocrx_word' id='word_1_908' title='bbox 2279 3589 2358 3616; x_wconf 87' lang='lat' dir='ltr'><strong>eam</strong></span> 
     </span>
    </p>
   </div>
   <div class='ocr_carea' id='block_1_116' title="bbox 1289 3641 2358 3695">
    <p class='ocr_par' dir='ltr' id='par_1_116' title="bbox 1289 3641 2358 3695">
     <span class='ocr_line' id='line_1_116' title="bbox 1289 3641 2358 3695; baseline 0.001 -13"><span class='ocrx_word' id='word_1_909' title='bbox 1289 3656 1367 3683; x_wconf 87' lang='lat' dir='ltr'><strong>rem</strong></span> <span class='ocrx_word' id='word_1_910' title='bbox 1390 3655 1471 3683; x_wconf 88' lang='lat' dir='ltr'><strong>esse</strong></span> <span class='ocrx_word' id='word_1_911' title='bbox 1491 3652 1669 3693; x_wconf 84' lang='lat' dir='ltr'><strong>putamus,</strong></span> <span class='ocrx_word' id='word_1_912' title='bbox 1686 3647 1751 3684; x_wconf 90' lang='lat' dir='ltr'><strong>sed-</strong></span> <span class='ocrx_word' id='word_1_913' title='bbox 1769 3647 1870 3695; x_wconf 86' lang='lat' dir='ltr'><strong>quasi</strong></span> <span class='ocrx_word' id='word_1_914' title='bbox 1891 3657 1962 3684; x_wconf 93' lang='lat' dir='ltr'><strong>non</strong></span> <span class='ocrx_word' id='word_1_915' title='bbox 1981 3645 2094 3692; x_wconf 86' lang='lat' dir='ltr'><strong>possit</strong></span> <span class='ocrx_word' id='word_1_916' title='bbox 2111 3643 2254 3680; x_wconf 78' lang='lat' dir='ltr'><strong>Culmen</strong></span> <span class='ocrx_word' id='word_1_917' title='bbox 2273 3641 2358 3676; x_wconf 73' lang='lat' dir='ltr'><strong>illud</strong></span> 
     </span>
    </p>
   </div>
   <div class='ocr_carea' id='block_1_117' title="bbox 1289 3705 2358 3757">
    <p class='ocr_par' dir='ltr' id='par_1_117' title="bbox 1289 3705 2358 3757">
     <span class='ocr_line' id='line_1_117' title="bbox 1289 3705 2358 3757; baseline -0.007 -14"><span class='ocrx_word' id='word_1_918' title='bbox 1289 3707 1429 3754; x_wconf 86' lang='lat' dir='ltr'><strong>attingi,</strong></span> <span class='ocrx_word' id='word_1_919' title='bbox 1460 3708 1509 3744; x_wconf 88' lang='lat' dir='ltr'><strong>ita</strong></span> <span class='ocrx_word' id='word_1_920' title='bbox 1536 3708 1689 3746; x_wconf 87' lang='lat' dir='ltr'><strong>remisse</strong></span> <span class='ocrx_word' id='word_1_921' title='bbox 1713 3709 1891 3757; x_wconf 78' lang='lat' dir='ltr'><strong>degimus.</strong></span> <span class='ocrx_word' id='word_1_922' title='bbox 1921 3707 1960 3744; x_wconf 87' lang='lat' dir='ltr'><strong>Si</strong></span> <span class='ocrx_word' id='word_1_923' title='bbox 1985 3705 2064 3753; x_wconf 89' lang='lat' dir='ltr'><strong>quis</strong></span> <span class='ocrx_word' id='word_1_924' title='bbox 2083 3712 2226 3740; x_wconf 88' lang='lat' dir='ltr'><strong>causam</strong></span> <span class='ocrx_word' id='word_1_925' title='bbox 2247 3707 2358 3748; x_wconf 80' lang='lat' dir='ltr'><strong>petat,</strong></span> 
     </span>
    </p>
   </div>
   <div class='ocr_carea' id='block_1_118' title="bbox 1291 3763 2360 3818">
    <p class='ocr_par' dir='ltr' id='par_1_118' title="bbox 1291 3763 2360 3818">
     <span class='ocr_line' id='line_1_118' title="bbox 1291 3763 2360 3818; baseline -0.005 -13"><span class='ocrx_word' id='word_1_926' title='bbox 1291 3770 1411 3806; x_wconf 85' lang='lat' dir='ltr'><strong>statim</strong></span> <span class='ocrx_word' id='word_1_927' title='bbox 1434 3770 1593 3818; x_wconf 86' lang='lat' dir='ltr'><strong>ineptam</strong></span> <span class='ocrx_word' id='word_1_928' title='bbox 1623 3770 1715 3808; x_wconf 89' lang='lat' dir='ltr'><strong>hanc</strong></span> <span class='ocrx_word' id='word_1_929' title='bbox 1732 3769 2004 3808; x_wconf 79' lang='lat' dir='ltr'><strong>excusationem</strong></span> <span class='ocrx_word' id='word_1_930' title='bbox 2028 3765 2246 3813; x_wconf 87' lang='lat' dir='ltr'><strong>proferimus</strong></span> <span class='ocrx_word' id='word_1_931' title='bbox 2265 3775 2274 3800; x_wconf 91' lang='lat'><strong>:</strong></span> <span class='ocrx_word' id='word_1_932' title='bbox 2297 3763 2360 3800; x_wconf 79' lang='lat' dir='ltr'><strong>llie</strong></span> 
     </span>
    </p>
   </div>
   <div class='ocr_carea' id='block_1_119' title="bbox 1292 3823 2360 3876">
    <p class='ocr_par' dir='ltr' id='par_1_119' title="bbox 1292 3823 2360 3876">
     <span class='ocr_line' id='line_1_119' title="bbox 1292 3823 2360 3876; baseline -0.007 -9"><span class='ocrx_word' id='word_1_933' title='bbox 1292 3831 1423 3868; x_wconf 85' lang='lat' dir='ltr'><strong>Paulus</strong></span> <span class='ocrx_word' id='word_1_934' title='bbox 1441 3837 1534 3876; x_wconf 86' lang='lat' dir='ltr'><strong>erat,</strong></span> <span class='ocrx_word' id='word_1_935' title='bbox 1566 3833 1626 3870; x_wconf 91' lang='lat' dir='ltr'><strong>ille</strong></span> <span class='ocrx_word' id='word_1_936' title='bbox 1645 3833 1786 3873; x_wconf 87' lang='lat' dir='ltr'><strong>Petrus,</strong></span> <span class='ocrx_word' id='word_1_937' title='bbox 1810 3830 1869 3867; x_wconf 88' lang='lat' dir='ltr'><strong>ille</strong></span> <span class='ocrx_word' id='word_1_938' title='bbox 1888 3828 2058 3865; x_wconf 83' lang='lat' dir='ltr'><strong>Joannes.</strong></span> <span class='ocrx_word' id='word_1_939' title='bbox 2089 3825 2180 3872; x_wconf 88' lang='lat' dir='ltr'><strong>Quid</strong></span> <span class='ocrx_word' id='word_1_940' title='bbox 2200 3825 2266 3862; x_wconf 89' lang='lat' dir='ltr'><strong>sibi</strong></span> <span class='ocrx_word' id='word_1_941' title='bbox 2287 3823 2360 3861; x_wconf 90' lang='lat' dir='ltr'><strong>vult</strong></span> 
     </span>
    </p>
   </div>
   <div class='ocr_carea' id='block_1_120' title="bbox 1291 3885 2358 3938">
    <p class='ocr_par' dir='ltr' id='par_1_120' title="bbox 1291 3885 2358 3938">
     <span class='ocr_line' id='line_1_120' title="bbox 1291 3885 2358 3938; baseline -0.007 -8"><span class='ocrx_word' id='word_1_942' title='bbox 1291 3893 1391 3937; x_wconf 87' lang='lat' dir='ltr'><strong>illud,</strong></span> <span class='ocrx_word' id='word_1_943' title='bbox 1413 3892 1474 3932; x_wconf 92' lang='lat' dir='ltr'><strong>Ille</strong></span> <span class='ocrx_word' id='word_1_944' title='bbox 1491 3895 1623 3934; x_wconf 83' lang='lat' dir='ltr'><strong>Paulus</strong></span> <span class='ocrx_word' id='word_1_945' title='bbox 1639 3899 1732 3938; x_wconf 87' lang='lat' dir='ltr'><strong>erat,</strong></span> <span class='ocrx_word' id='word_1_946' title='bbox 1767 3891 1828 3928; x_wconf 84' lang='lat' dir='ltr'><strong>ille</strong></span> <span class='ocrx_word' id='word_1_947' title='bbox 1846 3891 1973 3927; x_wconf 88' lang='lat' dir='ltr'><strong>Petrus</strong></span> <span class='ocrx_word' id='word_1_948' title='bbox 1991 3887 2094 3925; x_wconf 82' lang='lat' dir='ltr'><strong>erat?</strong></span> <span class='ocrx_word' id='word_1_949' title='bbox 2127 3887 2270 3932; x_wconf 84' lang='lat' dir='ltr'><strong>Annon,</strong></span> <span class='ocrx_word' id='word_1_950' title='bbox 2301 3885 2358 3923; x_wconf 89' lang='lat' dir='ltr'><strong>dic</strong></span> 
     </span>
    </p>
   </div>
   <div class='ocr_carea' id='block_1_121' title="bbox 1334 3962 2254 4007">
    <p class='ocr_par' dir='ltr' id='par_1_121' title="bbox 1334 3962 2254 4007">
     <span class='ocr_line' id='line_1_121' title="bbox 1334 3962 2254 4007; baseline -0.008 -5"><span class='ocrx_word' id='word_1_951' title='bbox 1334 3969 1345 3990; x_wconf 73' lang='grc'>⁸</span> <span class='ocrx_word' id='word_1_952' title='bbox 1369 3967 1473 4004; x_wconf 84' lang='lat' dir='ltr'><strong>Colb..</strong></span> <span class='ocrx_word' id='word_1_953' title='bbox 1505 3962 1587 4001; x_wconf 80' lang='lat' dir='ltr'><strong>nihil</strong></span> <span class='ocrx_word' id='word_1_954' title='bbox 1602 3964 1695 4000; x_wconf 82' lang='lat' dir='ltr'><strong>aliud</strong></span> <span class='ocrx_word' id='word_1_955' title='bbox 1710 3972 1807 4007; x_wconf 86' lang='lat' dir='ltr'><strong>quam</strong></span> <span class='ocrx_word' id='word_1_956' title='bbox 1823 3963 1892 3998; x_wconf 76' lang='lat' dir='ltr'><strong>ha’c</strong></span> <span class='ocrx_word' id='word_1_957' title='bbox 1904 3966 1976 3997; x_wconf 79' lang='lat' dir='ltr'><strong>sunt</strong></span> <span class='ocrx_word' id='word_1_958' title='bbox 1993 3986 2002 3995; x_wconf 97' lang='lat'><strong>.</strong></span> <span class='ocrx_word' id='word_1_959' title='bbox 2019 3967 2066 3995; x_wconf 74' lang='lat' dir='ltr'><strong>Ea</strong></span> <span class='ocrx_word' id='word_1_960' title='bbox 2079 3968 2171 4001; x_wconf 80' lang='lat' dir='ltr'><strong>uero,</strong></span> <span class='ocrx_word' id='word_1_961' title='bbox 2189 3965 2254 3995; x_wconf 86' lang='lat' dir='ltr'><strong>etc.</strong></span> 
     </span>
    </p>
   </div>
  </div>
