2734 4342
438 317 506 355 807

434 396 536 437 mihi,
568 391 730 440 ejusdem
767 389 815 428 illi
846 394 986 425 natura:
1005 394 1194 426 consortes
1227 384 1359 425 erant?
1391 396 1514 423 annon

432 455 560 492 eadem
580 455 637 490 via
669 454 704 490 in
733 452 825 490 hanc
851 452 960 488 vitam
980 450 1218 498 prodierant?
1237 459 1357 487 annon
1385 449 1514 486 iisdem

432 517 522 554 cibis
554 515 681 553 nutriti
703 513 880 551 fuerant?
907 524 1029 550 annon
1059 513 1226 550 eumdem
1246 512 1516 560 respiraverant

431 579 585 617 aerem?
602 589 724 624 nonne
751 577 879 614 iisdem
907 577 1018 613 rebus
1037 575 1258 613 utebantur?
1290 585 1412 612 nonne
1431 575 1514 622 qui-

430 643 513 678 dam
531 642 691 690 ipsorum
713 650 847 678 uxores
862 640 1041 677 duxerant
1059 645 1096 677 et
1115 639 1252 676 liberos
1277 644 1516 685 susceperant

429 704 492 741 alii
513 715 602 741 vero
623 709 724 740 artes
743 702 937 740 saecularcs
955 701 1189 746 exercebant,
1225 701 1285 738 alii
1309 700 1456 738 demum
1480 701 1514 738 in

433 767 550 814 ipsum
561 767 732 814 nequitia:
747 765 956 802 barathrum
967 765 1106 812 delapsi
1125 765 1294 802 fuerant?
1308 771 1353 802 At
1370 775 1511 812 magna,

430 830 588 877 inquies,
608 828 822 866 fruebantur
839 828 901 866 Dei
918 829 1047 876 gratia.
1063 828 1136 866 Sed
1155 829 1184 865 si
1202 829 1348 876 quidem
1364 827 1514 876 jubere-

430 903 516 929 mur
545 898 710 930 mortuos
754 892 946 937 suscitare,
984 901 1164 930 caecomm
1195 892 1322 929 oculos
1355 891 1512 938 aperire,

431 955 596 1002 leprosos
616 955 806 1000 mundare,
823 955 972 992 claudos
986 955 1138 1003 erigere,
1161 955 1347 993 daemones
1365 954 1511 1003 ejicere,

430 1017 597 1065 aliosque
612 1017 750 1054 similes
763 1017 912 1054 morbos
921 1027 1063 1060 sanare.
1084 1023 1288 1065 opportune
1301 1023 1423 1064 posset
1436 1016 1515 1054 hmc

430 1082 618 1116 excusatio
636 1078 790 1126 proferri
814 1091 824 1115 :
851 1079 906 1116 sin
926 1084 1094 1116 accurata
1115 1079 1198 1116 vita:
1217 1080 1310 1116 ratio
1330 1089 1513 1127 propona-

431 1151 490 1180 tur
513 1150 550 1180 et
567 1143 815 1191 obsequentia
847 1142 1035 1183 exhibitio,
1055 1152 1135 1190 qua:
1155 1143 1392 1180 eonsonantia
1419 1142 1514 1179 inter

432 1206 499 1242 hoc.
520 1212 557 1242 ct
578 1205 691 1242 illud"

480 1269 524 1306 In
545 1269 713 1316 baptismo
733 1269 887 1317 gratiam
903 1274 934 1304 et
950 1267 1119 1315 Spiritum
1139 1273 1294 1303 sanctum
1313 1267 1511 1314 recipimus.

429 1333 632 1370 -—-i£tcnim
653 1339 690 1369 tu
708 1333 816 1369 etiam
841 1331 874 1366 in
896 1329 1074 1376 baptismo
1087 1328 1206 1366 divina
1228 1329 1362 1376 potitus
1380 1340 1418 1366 es
1432 1339 1513 1376 gra-

431 1397 478 1431 tia
494 1423 504 1438 ,
525 1405 568 1432 ac
585 1395 733 1442 spiritus
749 1393 928 1440 particeps
947 1390 1070 1436 fuisti,
1091 1391 1234 1428 etiamsi
1256 1401 1328 1427 non
1347 1397 1386 1428 ut
1406 1391 1508 1438 signa

429 1460 558 1498 edcres
573 1485 584 1503 ,
605 1459 668 1496 sed
685 1466 860 1506 quantum
875 1457 962 1494 satis
981 1462 1060 1494 erat
1077 1455 1121 1493 ad
1140 1462 1278 1493 rectum
1309 1460 1347 1492 et
1365 1463 1514 1491 accura-

431 1529 506 1559 tum
526 1523 609 1559 vitae
629 1522 833 1559 institutum
851 1532 860 1556 :
877 1521 926 1557 ita
948 1526 986 1556 ut
1002 1518 1184 1565 pernicies
1203 1528 1248 1555 ex
1269 1517 1346 1554 sola
1359 1516 1514 1564 segnitie

431 1593 555 1624 nostra
573 1585 759 1633 procedat.
781 1583 878 1622 Sane
895 1583 1064 1621 Christus
1086 1584 1121 1620 iu
1135 1583 1194 1620 die
1217 1583 1276 1619 illa
1307 1592 1382 1619 non
1411 1581 1513 1629 signa

431 1650 623 1688 edentibus
641 1649 857 1696 simpliciter
887 1657 1036 1684 munera
1058 1646 1145 1691 dat,
1175 1646 1238 1684 sed
1268 1647 1312 1683 iis
1329 1646 1389 1694 qui
1411 1655 1513 1682 man-

432 1713 514 1748 data
532 1723 597 1748 sua
616 1718 701 1748 sunt
721 1711 932 1758 exscquuti:
955 1721 1036 1746 nam
1056 1738 1065 1754 ,
1093 1708 1212 1746 Venite
1227 1738 1236 1752 ,
1261 1709 1390 1755 inquit,
1411 1709 1512 1744 bene-

434 1774 519 1809 dicti
540 1773 657 1810 Patris
671 1773 738 1809 mei
753 1801 763 1817 ,
793 1773 963 1819 possidete
981 1778 1214 1819 praeparatum
1232 1771 1323 1807 vobis
1337 1782 1480 1819 regnum
1492 1782 1514 1806 a

435 1835 676 1872 constitutione
692 1833 812 1870 mundi
828 1861 838 1876 ,
859 1843 932 1870 non
951 1833 1034 1879 quia
1053 1833 1227 1869 miracula
1249 1832 1428 1875 cdidistis,
1449 1832 1514 1869 sed

433 1900 515 1946 quia
532 1899 656 1936 esurivi
675 1927 685 1941 ,
703 1904 735 1934 et
751 1897 894 1933 dedistis
912 1896 998 1932 mihi
1015 1896 1252 1938 manducare;
1271 1896 1362 1932 sitivi
1377 1923 1387 1940 ,
1407 1901 1438 1932 et
1455 1896 1515 1932 de-

433 1963 533 1999 distis
551 1961 636 1998 mihi
655 1961 795 2003 bibere;
815 1960 938 2006 hospes
965 1969 1073 2004 eram,
1089 1965 1121 1995 et
1137 1959 1322 2006 collegistis
1340 1970 1393 1994 me
1411 1970 1425 2002 ;
1445 1970 1513 1994 nu-

434 2023 515 2069 dus,
537 2030 568 2060 et
585 2023 766 2071 operuistis
783 2032 836 2058 me
850 2033 863 2067 ;
877 2021 1034 2067 inﬁrmus
1055 2021 1107 2067 {ui
1124 2048 1133 2064 ,
1155 2026 1188 2056 et
1201 2020 1363 2057 aisitastis
1380 2031 1433 2057 me
1449 2031 1461 2063 ;
1478 2021 1514 2057 in

433 2099 570 2126 carcere
583 2099 690 2130 eram,
703 2092 734 2123 et
751 2086 888 2123 venistis
907 2085 954 2122 ad
968 2095 1022 2121 me
1055 2085 1067 2132 (
1089 2083 1214 2122 Matth.
1231 2083 1292 2121 25.
1309 2083 1356 2122 54
1371 2084 1397 2132 ).
1414 2085 1460 2121 Et
1479 2085 1512 2121 in

435 2149 720 2188 beatitudinibus
747 2157 924 2195 nusquam
956 2148 1058 2195 signa
1076 2152 1270 2194 operantcs
1289 2147 1420 2194 ponit,
1449 2147 1513 2184 sed

435 2213 497 2260 qui
517 2212 626 2248 vitam
644 2210 758 2258 probe
771 2210 922 2247 ducunt.

485 2274 522 2310 9.
542 2274 761 2321 ltaquelicet
777 2273 836 2310 illa
852 2273 966 2320 gratia
988 2283 1085 2311 nunc
1105 2279 1291 2311 contracta
1307 2274 1354 2310 sit
1377 2303 1386 2320 ,
1409 2274 1444 2311 id
1466 2275 1514 2310 ni-

437 2338 487 2374 hil
501 2337 605 2374 nobis
616 2336 778 2374 nocebit:
797 2347 914 2384 neque
932 2337 1015 2374 inde
1030 2346 1096 2374 nos
1113 2347 1286 2374 excusare
1297 2336 1512 2384 poterimus.

434 2400 578 2448 quando
596 2399 796 2438 facinorum
817 2406 1023 2437 nostrorum
1043 2400 1220 2436 rationem
1250 2399 1431 2437 dabimus.
1463 2399 1516 2438 Si-

435 2462 581 2510 quidem
602 2461 727 2499 beatos
742 2461 825 2498 illos
844 2472 914 2499 non
941 2462 988 2499 ob
1016 2462 1118 2510 signa
1138 2461 1336 2499 miramur:
1359 2473 1441 2498 nam
1455 2462 1513 2498 illa

436 2525 482 2563 ad
500 2525 659 2562 divinam
685 2534 834 2572 prorsus
860 2525 1059 2572 potentiam
1084 2525 1094 2546 ¹
1118 2525 1314 2572 pertinent,
1339 2524 1403 2562 sed
1417 2526 1513 2572 quod

435 2588 545 2625 vitam
554 2587 753 2635 angelicam
768 2586 999 2624 exhibuerint
1015 2598 1024 2621 τ
1039 2587 1108 2624 hoc
1125 2592 1245 2624 autem
1261 2597 1343 2624 cum
1355 2595 1515 2634 superno

436 2657 540 2696 nutu,
561 2651 669 2687 etiam
698 2650 840 2687 illorum
861 2649 1036 2697 propositi
1055 2659 1146 2697 opus
1172 2654 1241 2687 est.
1278 2650 1324 2686 Et
1343 2649 1412 2687 hoc
1440 2660 1512 2686 non

436 2725 504 2762 ego
521 2714 618 2759 dico,
636 2713 700 2751 sed
729 2714 759 2750 is
777 2715 855 2761 ipse
873 2713 1007 2750 Christi
1039 2713 1212 2751 imitator.
1246 2713 1400 2760 Quando
1417 2715 1513 2751 enim

437 2777 623 2824 discipulis
641 2777 806 2814 scribens
825 2783 952 2813 contra
972 2776 1295 2824 pscudoapostolos
1314 2776 1514 2813 contende-

435 2839 494 2875 bat
515 2865 526 2882 ,
547 2843 584 2875 ut
604 2838 800 2876 discrimen
821 2838 914 2875 inter
930 2838 1118 2886 probatum
1150 2843 1188 2876 et
1220 2839 1422 2886 improbum
1444 2839 1514 2875 mi-

438 2901 627 2938 nisterium
647 2900 863 2944 declararet,
887 2910 958 2937 non
975 2911 994 2935 τι
1011 2899 1124 2948 signis
1139 2929 1148 2946 ,
1178 2901 1242 2938 sed
1269 2901 1315 2938 ab
1341 2900 1514 2947 operibus

437 2963 470 3000 id
491 2963 643 3000 faciebat
663 2964 718 3000 his
737 2963 856 3000 verbis
877 2975 885 2999 :
910 2962 1063 2999 Ministri
1081 2963 1208 3000 Christi
1229 2970 1306 3000 sunt
1321 2965 1386 3000 i'ut
1401 2964 1515 3000 minus

437 3027 574 3073 sapiens
587 3025 678 3070 dico,
701 3026 778 3074 plus
793 3036 854 3074 ego
875 3036 886 3061 :
903 3026 938 3061 in
959 3025 1133 3062 laboribus
1147 3025 1321 3074 plurimis,
1343 3026 1377 3064 in
1394 3037 1513 3063 carce-

437 3087 529 3124 ribus
545 3087 789 3130 abundantius,
810 3087 847 3123 in
869 3087 979 3135 plagis
996 3098 1102 3135 supra
1119 3088 1275 3134 modum,
1295 3089 1331 3125 in
1351 3089 1515 3125 mortibus

439 3152 631 3196 frequenter
650 3161 697 3185 :a
713 3147 846 3185 Judaei:
861 3150 1040 3197 quinquies
1059 3151 1298 3200 quadragenas
1317 3163 1386 3188 una
1401 3152 1514 3188 minus

437 3211 566 3258 accepi,
587 3218 636 3248 ter
655 3211 758 3258 uirgis
773 3223 882 3248 ca'sus
899 3223 975 3248 sunt
992 3241 1002 3257 ,
1019 3214 1122 3250 semel
1143 3215 1318 3261 lapidatus
1335 3227 1410 3252 sum
1434 3244 1443 3258 ,
1465 3223 1515 3252 ter

439 3273 659 3319 naufragium
677 3273 742 3320 feci
760 3300 769 3316 ,
789 3280 888 3310 nocte
904 3280 933 3310 et
949 3274 1004 3311 die
1017 3275 1051 3311 in
1067 3277 1242 3325 profundo
1261 3279 1367 3313 maris
1382 3278 1432 3325 fui
1448 3288 1460 3312 :
1477 3278 1513 3312 in

438 3333 613 3370 itineribus
631 3336 826 3381 frequenter
841 3363 851 3379 ,
868 3336 1027 3382 periculis
1052 3337 1235 3385 ﬂuminum
1251 3367 1263 3385 ,
1286 3339 1445 3385 periculis
1463 3339 1512 3374 la-

441 3400 591 3436 tronum,
608 3395 768 3441 periculis
786 3408 828 3433 er
843 3409 976 3445 genere,
992 3399 1153 3446 periculis
1167 3411 1210 3437 e1:
1222 3400 1379 3449 gentibus
1400 3429 1409 3441 .
1430 3401 1516 3446 peri-

435 3456 524 3492 culis
541 3457 577 3492 in
605 3457 740 3494 civitate
757 3487 766 3502 ,
797 3460 954 3506 periculis
980 3462 1015 3498 in
1047 3464 1231 3500 solitudine
1247 3492 1257 3507 ,
1292 3465 1452 3510 periculis
1479 3464 1514 3499 in

439 3519 539 3562 mari,
557 3519 717 3566 periculis
731 3520 766 3556 in
784 3521 883 3569 falsis
901 3525 1065 3572 {mnibus
1079 3536 1092 3561 :
1111 3526 1146 3561 in
1163 3525 1278 3562 labore
1293 3532 1324 3562 et
1345 3536 1512 3568 aerumna,

442 3581 476 3614 in
496 3581 622 3628 vigiliis
649 3584 842 3629 frequenter
855 3612 866 3628 ,
886 3584 922 3620 in
940 3587 1033 3633 fame
1058 3593 1090 3623 et
1109 3587 1167 3623 siti
1186 3615 1195 3631 ,
1220 3587 1255 3622 in
1279 3587 1424 3634 jejuniis
1445 3586 1512 3632 {re-

437 3649 597 3688 quenter,
619 3643 655 3679 in
684 3644 812 3692 frigore
827 3651 860 3682 et
874 3647 1042 3683 nuditate.
1063 3646 1196 3684 Praeter
1212 3647 1274 3684 illa
1293 3659 1369 3694 quw
1383 3647 1512 3683 extrin-

438 3714 535 3741 secus
547 3712 637 3748 sunt,
651 3706 815 3744 instantia
830 3719 904 3745 utea
917 3708 1132 3758 quotidiana,
1149 3710 1342 3746 sollicitudo
1359 3710 1512 3746 euntium

447 3765 693 3804 Ecclesiarum.
716 3769 801 3814 Qui;
829 3770 1051 3816 inﬁrmatur,
1073 3777 1106 3806 et
1135 3781 1197 3819 ego
1225 3782 1294 3808 non
1321 3772 1512 3818 inﬁrmor?

439 3830 512 3869 quis
526 3830 795 3878 scandalizatur,
811 3839 912 3880 etego
929 3844 996 3868 non
1013 3843 1096 3868 uror
1113 3832 1163 3880 (2.
1181 3832 1260 3870 Cor.
1280 3834 1336 3870 Η.
1353 3835 1400 3871 2⁵5
1422 3835 1484 3884 29)
1497 3836 1511 3870 ‘?

445 3886 526 3924 Ideo
544 3899 612 3936 ego
631 3894 817 3937 apostolos
835 3893 1009 3940 admiror,
1030 3899 1154 3941 utpote
1175 3895 1234 3940 qui
1253 3896 1330 3933 sine
1339 3897 1510 3944 operibus

483 4004 494 4026 ¹
511 4009 653 4051 Quidam,
663 4013 815 4056 gratiam.

918 311 957 349 s.
984 306 1176 349 JUANNIS
1201 305 1521 348 CIIBYSOSTOMI
1548 307 1761 347 ARCIIIEP.
1789 311 2141 358 consum-nmo.

1591 397 1656 434 per
1666 388 1973 456 dispensationem
1982 397 2167 442 quamdam
2186 399 2278 448 signa
2295 404 2444 446 exhibere
2453 420 2573 456 concessi

1589 457 1686 520 sunt,
1707 461 1777 488 non
1797 453 1904 490 modo
1924 464 1994 492 non
2011 457 2231 499 admirabiles
2250 491 2258 506 ,
2277 465 2336 502 sed
2354 468 2447 506 etiam
2466 453 2572 520 reprobi

1589 511 1723 549 fuerint
1741 543 1750 558 ,
1773 521 1810 552 ιιι
1826 515 1986 555 declarat
2002 518 2162 558 Christus
2177 523 2229 561 his
2243 526 2350 564 verbis
2367 541 2376 565 ε
2394 529 2480 568 Multi
2493 511 2570 575 at;

1588 575 1673 611 mihi
1697 577 1732 612 in
1753 576 1809 613 die
1831 578 1893 615 illa
1907 606 1918 624 ,
1935 579 2080 618 Domine
2100 611 2109 626 ,
2142 582 2279 622 Domine
2297 615 2304 631 ,
2322 599 2421 627 nonne
2437 593 2466 629 in
2480 599 2572 637 nomine

1587 647 1646 676 tuo
1661 641 1948 688 prop/tdavimus,
1963 651 1994 681 et
2015 645 2049 682 in
2067 647 2198 684 nomine
2213 655 2266 686 tuo
2282 650 2431 690 daemonia
2445 656 2560 702 decimus

1589 709 1620 739 et
1639 704 1674 740 in
1695 706 1831 742 nomine
1859 712 1916 743 tuo
1951 707 2088 745 uirtutes
2113 710 2233 748 multas
2262 714 2422 760 fecimus?
2449 690 2567 759 Etdici:

1587 765 1657 802 illis
1673 777 1684 802 :
1701 765 1859 804 Recedite
1876 779 1897 803 a
1912 779 1965 804 me
1982 780 2097 807 omnes
2123 772 2180 818 qui
2195 775 2370 819 aperamini
2386 777 2570 826 iniquitatem;

1588 838 1773 875 numquam
1794 830 1872 866 novi
1890 841 1948 867 vos
1966 830 2105 879 (Matth.
2119 833 2153 869 7.
2167 833 2225 870 22.
2241 835 2311 884 25).
2333 837 2451 876 Idcirco
2464 841 2572 890 discipo.

1588 890 1641 926 los
1661 891 1713 927 sic
1740 891 1909 929 monebat
1927 904 1936 927 :
1974 892 2092 930 Nolite
2107 895 2251 942 gaudere
2267 898 2341 944 quia
2357 899 2498 938 dtemonia
2513 906 2572 942 robii

1587 953 1829 1000 subjiciuntur,
1847 953 1908 989 sed
1926 955 2006 1001 quia
2025 956 2159 992 nomina
2169 965 2272 994 vestra
2285 960 2399 1006 scripta
2411 969 2476 998 sunt
2489 964 2516 999 in
2528 974 2570 1001 re-

1586 1015 1629 1050 lis
1643 1013 1748 1064 (Luc.
1770 1015 1831 1054 10.
1853 1015 1929 1064 20).
1942 1016 2020 1053 Vita
2034 1017 2127 1054 enim
2144 1019 2250 1065 proba
2260 1021 2358 1057 etiam
2376 1022 2570 1069 illisdestituta,

1585 1086 1741 1113 coronas
1761 1077 1912 1125 accipiet
1929 1106 1940 1124 ,
1972 1089 2037 1117 nec
2055 1080 2229 1128 quidpiam
2250 1081 2358 1120 minus
2375 1083 2494 1122 habebit
2506 1089 2567 1133 quod

1586 1140 1656 1176 illis
1674 1147 1797 1178 careat
1814 1155 1822 1178 :
1851 1142 1924 1179 vita
1943 1149 2062 1180 autem
2075 1143 2190 1192 iniqua
2207 1155 2250 1182 ne
2265 1155 2341 1182 cum
2357 1145 2453 1193 signis
2468 1149 2566 1194 quidem

1586 1203 1802 1250 supplicium
1823 1204 1980 1253 effugere
2003 1206 2145 1254 poterit.
2167 1205 2282 1254 itaque
2298 1217 2518 1254 supervacanea
2537 1217 2570 1247 est

1587 1266 1645 1303 illa
1666 1267 1834 1315 loquendi
1859 1257 1980 1313 raiio;
2015 1280 2080 1308 nec
2109 1277 2239 1309 tantum
2257 1280 2508 1318 supervacanea,
2531 1273 2568 1310 sed

1585 1329 1694 1367 etiam
1715 1331 1931 1378 periculosa,
1951 1342 2031 1380 qum
2043 1332 2161 1371 multis
2177 1333 2410 1372 hzereticorum
2424 1344 2570 1382 ansasprr-

1586 1391 1675 1429 bere
1714 1393 1840 1439 possit.
1869 1393 1957 1430 Nam
1991 1394 2021 1431 si
2052 1394 2103 1431 illi
2133 1405 2201 1432 non
2235 1405 2275 1432 ex
2296 1395 2457 1443 proposito
2480 1405 2526 1433 suo
2539 1396 2570 1433 sit

1586 1455 1771 1493 mirabiles
1790 1458 2004 1502 evasissent,
2026 1457 2087 1494 scd
2103 1467 2164 1505 per
2181 1457 2306 1495 Christi
2320 1460 2451 1505 gratiam
2464 1463 2568 1499 tantum,

1587 1518 1672 1566 quid
1691 1518 1865 1566 impediat
1883 1521 2074 1567 quominus
2092 1530 2215 1557 omnes
2232 1520 2316 1556 tales
2332 1519 2523 1556 efficiantur?

1636 1580 1758 1618 Gratia
1784 1593 1922 1630 operam
1951 1589 2102 1618 nostram
2119 1582 2262 1630 requirit.
2279 1602 2323 1609 -—
2337 1581 2443 1620 Gratia
2463 1591 2567 1627 namque

1586 1644 1654 1682 nisi
1686 1655 1833 1693 operam
1855 1651 2013 1682 nostram
2040 1645 2137 1693 prius
2165 1644 2377 1692 requireret,
2393 1641 2538 1680 confertim
2550 1643 2571 1677 in

1586 1707 1748 1744 omnium
1775 1709 1915 1745 animas
1931 1707 2043 1746 effusa
2071 1714 2189 1745 esset:
2209 1717 2318 1754 neque
2343 1705 2427 1743 enim
2455 1715 2574 1752 persona-

1586 1779 1666 1806 rum
1698 1776 1869 1817 acceptor
1894 1776 1950 1808 est
1983 1769 2090 1807 Deus.
2122 1769 2191 1806 Sed
2215 1769 2293 1816 quia
2311 1777 2438 1816 operam
2465 1772 2574 1802 nostram

1586 1833 1737 1881 requirit
1755 1862 1764 1877 ,
1785 1833 1868 1871 ideo
1883 1833 1974 1870 alios
1991 1831 2132 1881 quidem
2151 1831 2305 1879 sequitur
2319 1837 2433 1868 etcum
2453 1828 2507 1865 illis
2521 1837 2575 1874 per-

1587 1901 1710 1933 manet
1728 1924 1737 1940 ,
1758 1897 1805 1934 ab
1821 1896 1902 1934 aliis
1921 1896 2039 1934 evolat
2053 1924 2063 1941 ,
2090 1895 2242 1942 reliquos
2259 1899 2366 1930 autent
2385 1903 2424 1930 ne
2451 1901 2467 1927 a
2485 1890 2576 1938 princi-

1587 1959 1647 2006 pio
1678 1959 1824 2006 quidem
1858 1959 2012 2007 attingit.
2046 1957 2146 2004 Quod
2180 1966 2263 1993 vero
2292 1953 2480 2004 propositum
2509 1951 2577 1998 prius

1585 2026 1788 2066 scrutatus,
1808 2021 1860 2059 sic
1875 2023 2025 2069 gratiam
2045 2019 2180 2058 dederit
2207 2019 2296 2056 Deus
2310 2046 2318 2061 ,
2338 2023 2500 2062 antequam
2517 2013 2575 2048 boa-

1587 2088 1644 2119 tus
1665 2083 1726 2119 ille
1743 2084 1930 2132 quidpiam
1948 2081 2109 2120 mirabile
2136 2081 2366 2121 exhibuisset,
2385 2076 2454 2114 audi
2470 2072 2535 2122 quid
2548 2073 2578 2108 de

1586 2146 1648 2185 illo
1664 2147 1759 2185 dicat
1779 2159 1790 2186 τ
1830 2147 1896 2185 Vas
1925 2146 2094 2184 electionis
2116 2152 2164 2182 est
2193 2144 2298 2186 mihi,
2317 2149 2351 2179 ut
2375 2145 2466 2188 portet
2493 2145 2578 2172 nonten

1585 2221 1697 2247 meum
1719 2221 1834 2248 coram
1851 2211 2006 2259 gentibus
2025 2216 2058 2246 et
2074 2208 2203 2256 regibus
2225 2213 2254 2242 et
2277 2203 2361 2242 onmi
2385 2211 2486 2252 genere
2499 2194 2578 2234 Israel

1587 2274 1679 2321 (Act.
1697 2273 1733 2312 9.
1751 2273 1826 2322 15).
1847 2273 1930 2311 lla-c
1947 2273 2059 2320 gratia
2078 2270 2232 2308 nondum
2245 2271 2404 2316 praesente
2419 2260 2576 2300 testiﬁcatus

1586 2344 1641 2375 cst
1662 2337 1712 2382 is,
1731 2337 1790 2384 qui
1806 2336 1916 2373 corda
1935 2341 2056 2373 nostra
2073 2338 2258 2370 scrutatur.
2277 2329 2324 2366 Nc
2343 2328 2446 2374 itaque
2461 2326 2577 2360 nosmet-

1587 2401 1686 2449 ipsos
1704 2399 1942 2448 decipiamus,
1965 2398 2109 2441 dilecti,
2129 2397 2284 2434 dicentes
2303 2402 2367 2430 non
2385 2396 2473 2452 posit!
2489 2392 2576 2452 (ἰυςην

1587 2464 1681 2509 piam
1695 2462 1795 2500 Pauli
1812 2461 1965 2499 similem
1985 2469 2078 2498 esse.
2093 2458 2231 2497 Etenim
2248 2460 2403 2504 quantum
2419 2450 2455 2486 ad
2469 2450 2576 2509 εηιίιιπξ

1586 2504 1732 2573 quidem
1757 2533 1794 2563 ct
1824 2526 1923 2572 signa
1957 2535 2029 2562 non
2060 2524 2149 2560 alter
2175 2520 2300 2559 Paulus
2326 2521 2434 2565 postea
2457 2504 2576 2573 caused

1586 2569 1759 2638 quantum
1784 2589 1828 2626 ad
1957 2586 2178 2635 diligentiam
2196 2613 2205 2628 ,
2227 2580 2375 2631 quisquis
2391 2573 2515 2613 voluerit
2533 2569 2576 2637 iut-

1583 2651 1738 2699 jusmodi
1768 2661 1850 2688 esse
1882 2651 2014 2697 poterit
2037 2647 2157 2698 :quod
2188 2647 2218 2684 si
2247 2644 2330 2682 tales
2343 2646 2491 2686 nusqm‘“
2513 2641 2574 2698 ms."

1586 2721 1682 2752 stant
1698 2743 1708 2757 ,
1727 2725 1770 2751 ex
1792 2723 1837 2751 eo
1853 2712 1950 2760 quod
1970 2712 2085 2749 nolint
2103 2716 2238 2748 tantum
2251 2701 2420 2746 contingit.
2436 2701 2474 2735 At
2493 2701 2577 2760 nesci:

1586 2776 1768 2824 quomodo
1787 2775 1820 2812 in
1841 2775 1933 2812 hanc
1947 2774 2202 2812 absurditatem
2218 2769 2374 2816 delapsus
2386 2764 2494 2804 sim,ut
2510 2753 2577 2824 Pulli!

1587 2821 1724 2877 similes
1754 2849 1850 2876 nunc
1879 2838 2075 2886 requiram,
2094 2845 2172 2873 cum
2203 2841 2266 2870 nec
2293 2829 2390 2866 tertio
2415 2833 2469 2860 nec
2491 2821 2578 2886 quarto

1587 2908 1669 2949 νοδι
1687 2901 1786 2938 illum
1805 2900 1919 2949 gradu
1935 2885 2088 2948 positos
2108 2895 2228 2934 videre
2245 2900 2375 2942 queam.
2399 2886 2469 2923 Ideo
2490 2885 2579 2949 nempe

1587 2948 1796 3016 lugendum,
1812 2948 2079 3003 lamentandum
2097 2966 2133 3000 et
2159 2953 2382 3008 plangendum
2406 2952 2453 3016 esi
2467 2954 2520 3016 "0ft

1587 3002 1644 3066 vel
1663 3029 1775 3066 altera
1791 3028 1850 3064 die
1868 3057 1878 3073 ,
1898 3027 1962 3065 sed
1982 3037 2044 3075 per
2063 3030 2171 3062 totam
2189 3021 2292 3058 vitam
2309 3030 2318 3055 :
2333 3024 2404 3053 nam
2418 3012 2442 3047 si
2459 3002 2579 3075 qui-91"":

1587 3100 1627 3127 sc
1657 3090 1764 3127 modo
1794 3071 1963 3126 affectum
1983 3071 2216 3136 'prarstiterit,
2248 3091 2314 3119 non
2347 3076 2435 3114 facile
2457 3071 2580 3138 (ξῡίηείξνξ

1588 3152 1762 3200 Peccabit.
1782 3151 1884 3197 Quod
1921 3154 1951 3188 si
1989 3133 2044 3188 his
2077 3159 2146 3186 non
2167 3145 2289 3184 credas
2323 3139 2437 3178 dictis.
2465 3133 2580 3200 mimi?

1588 3214 1777 3252 considera
1804 3223 1882 3257 cos,
1902 3213 1962 3261 qui
1980 3213 2078 3250 luctu
2098 3207 2254 3248 smculari
2275 3202 2475 3261 cruciantur;
2489 3196 2579 3261 'l“"“_

1588 3277 1831 3314 multitudinis
1848 3258 2000 3314 numero
2015 3305 2025 3321 ,
2057 3283 2172 3322 neque
2188 3279 2305 3310 eorum
2322 3295 2330 3309 ν
2348 3264 2400 3312 (Ιίιί
2419 3258 2580 3325 ¹³¹ξξξτί¹έῗῖ¹¹

1587 3340 1698 3376 vitam
1721 3338 1874 3382 ducunt,
1894 3338 1958 3375 sed
1987 3348 2030 3376 ex
2057 3342 2205 3373 numero
2232 3317 2581 3399 delicaton'ilrnillpr‘unth;

1722 3368 1874 3382 -..w..-,
1894 3368 1958 3375 η..
1989 3368 2030 3376 ν-
2058 3368 2198 3373 .,,,,,,--
2424 3382 2430 3390 .
2485 3377 2491 3384 ι

1587 3399 1648 3447 qui
1665 3399 1753 3436 nihil
1774 3399 1871 3437 aliud
1902 3404 2059 3443 norunt,
2083 3405 2188 3444 quam
2217 3389 2367 3430 delicias.
2388 3382 2430 3460 lIIh

1587 3438 1648 3508 qui
1668 3460 1833 3499 ebrietati
1851 3467 1888 3498 et
1907 3460 2022 3498 ventri
2042 3438 2199 3500 stu-dent,
2220 3452 2278 3500 qlli
2295 3444 2428 3508 prandia
2451 3438 2574 3508 usque:

1587 3533 1780 3570 vesperum
1811 3523 2039 3571 producunt,
2061 3527 2097 3558 et
2127 3525 2247 3556 coenas
2274 3511 2315 3549 ad
2341 3498 2582 3572 mediamJW-l'ﬂ'i

1589 3590 1733 3621 noctem
1753 3613 1762 3629 ,
1785 3585 1846 3632 qui
1866 3585 1983 3622 aliena
2000 3583 2165 3629 rapiunt,
2187 3578 2243 3625 qui
2259 3581 2366 3640 neque
2381 3563 2582 3648 ωιιςξξ

1588 3656 1658 3694 que
1675 3646 1804 3689 viduae,
1827 3656 1941 3694 neque
1961 3644 2056 3691 inepi
2079 3644 2247 3689 parcunt,
2265 3633 2322 3682 qui

1589 3682 1676 3744 bent
1688 3682 1952 3750 crudelitatem,
1965 3707 1994 3744 si
2012 3682 2154 3751 quando
2171 3702 2262 3737 luctu
2279 3691 2368 3740 tim“
2384 3682 2583 3753 οοττῖρίῗξῗξῗῗ

1589 3738 1994 3750 ------.....-..-_.-._.,-.
2115 3738 2119 3739 ,
2141 3738 2146 3739 κ
2282 3738 2296 3740 _
2532 3750 2534 3753 ι
2565 3742 2572 3752 ι

1589 3769 1648 3816 qui
1671 3770 1784 3816 possit
1815 3769 1969 3805 animam
2001 3764 2161 3802 funditus
2191 3765 2328 3796 movere
2351 3756 2384 3787 ct

1589 3800 1684 3868 iluncl
1695 3832 1815 3868 missis
1834 3831 1904 3868 illis
1923 3827 2143 3876 voluptuosis
2160 3821 2326 3868 iniquisvc
2342 3800 2584 3876 εοείωι¹⁴ξξ¹ξξ¹ξ¹ξ’

1589 3893 1624 3929 in
1648 3893 1947 3940 Phdosophorum
1966 3865 2072 3927 vitam
2090 3898 2128 3925 se
2151 3882 2369 3923 transierunt,

1589 3955 1750 4003 vigilias,
1773 3955 1870 3991 humi
1905 3953 2128 3991 cubationcm
2147 3977 2155 3992 ,
2177 3929 2585 4013 tolerantiam,

1591 3991 1786 4063 silentium,
1809 4015 2034 4061 modestiam,
2051 4010 2291 4049 lunnilitatcm,
2311 3991 2553 4038 humanitatem
