2734 4342
229 278 298 317 409

227 355 415 404 plurimam
425 359 593 393 exercent
607 365 616 391 :
631 364 672 391 ac
688 353 772 392 licet
789 354 903 390 aliena
917 363 1044 400 rapere
1054 352 1206 395 soleant,
1221 360 1283 386 sua

228 424 311 453 tunc
335 416 469 462 placide
487 417 684 463 largiuntur
702 427 711 453 :
732 415 873 456 etiamsi
887 415 967 464 quis
986 424 1112 452 eorum
1129 412 1234 452 bonis
1251 418 1288 450 ct

227 477 348 514 domui
377 479 438 514 toti
461 478 576 524 ignem
594 478 772 525 subjicere
790 477 889 520 velit,
911 486 982 513 non
998 480 1295 513 commoventur.-

223 537 353 575 Multos
383 549 449 585 ego
481 539 564 575 novi
600 545 681 586 post
717 539 983 576 carissimorum
1027 537 1282 580 amissionem,

222 603 346 640 relicta
374 605 464 642 urbe
491 605 640 653 ejusque
673 603 884 648 commodis,
904 604 938 640 in
969 611 1055 650 agro
1088 601 1192 638 sedes
1221 610 1284 648 po-

223 669 360 712 suisse,
383 669 542 716 aliosque
561 677 672 715 prope
689 667 939 704 defunctorum
967 662 1159 712 sepulchra
1186 668 1282 702 stru-

222 732 290 770 ctis
304 731 460 775 aedibus,
479 732 526 768 ibi
555 731 663 768 vitam
691 730 878 767 clausisse.
900 728 1030 764 Verum
1047 727 1092 763 de
1111 726 1166 764 his
1179 727 1280 762 alias.

221 793 335 831 Porro
363 794 477 831 donec
506 794 624 830 luctus
653 791 964 840 perseveraverit,
989 790 1082 825 nulla
1115 789 1205 836 ipsis
1227 794 1285 832 est

219 855 451 904 prtesentium
483 855 494 876 ¹
515 855 634 899 ratio;
668 864 793 890 verum
830 853 991 889 insanam
1028 852 1123 887 illam
1151 851 1282 887 sollici-

221 916 380 952 tudinem
396 943 406 959 ,
425 925 530 964 quam
550 915 596 953 do
613 914 798 952 servandis
815 920 853 950 et
869 912 1080 959 colligedis
1103 911 1279 960 pecuniis,

221 977 266 1014 de
277 977 497 1024 acquirendo.
509 977 670 1024 potentia
686 983 723 1012 et
737 976 852 1022 gloria
880 974 975 1022 apud
998 974 1278 1019 multitudinem,

220 1039 479 1086 eeuquoddsm
509 1039 644 1076 frenum
664 1045 726 1075 aut
745 1037 827 1075 feni
859 1037 984 1074 ﬂorem
1016 1038 1182 1074 mmoris
1199 1038 1280 1083 igne

219 1100 473 1137 comburentes
488 1127 500 1145 ,
521 1101 567 1138 ab
585 1101 707 1136 animo
732 1109 800 1136 suo
827 1099 1040 1146 repudiarit;
1060 1099 1095 1136 in
1125 1105 1280 1135 aiataia-

219 1173 288 1210 qne
307 1169 393 1200 tunc
413 1162 676 1210 philosophiam
709 1173 812 1200 mens
827 1172 954 1199 eorum
969 1171 1010 1198 se
1027 1160 1220 1205 transfert,
1240 1166 1281 1197 ut

219 1226 263 1263 de
281 1228 362 1263 vita:
392 1226 633 1273 voluptati-bus
656 1235 701 1262 ne
719 1225 827 1262 verba
851 1225 996 1272 quidem
1021 1225 1138 1260 facere
1153 1233 1278 1270 quem-

218 1288 311 1334 piam
346 1288 548 1334 patiantur;
575 1287 640 1324 sed
669 1286 788 1323 omnia
805 1314 814 1329 ,
835 1295 915 1332 qua:
944 1285 980 1322 in
1003 1285 1142 1321 deliciis
1172 1291 1277 1320 antea

217 1355 342 1391 erant,
373 1349 497 1385 odiosa
527 1354 612 1384 tune
646 1353 683 1384 et
711 1348 840 1384 acerba
859 1346 1076 1384 videantur:
1099 1355 1278 1392 nemoque

218 1418 301 1448 tunc
336 1412 414 1448 sive
437 1411 731 1453 domesticorum,
753 1410 830 1447 sive
859 1410 1058 1446 amicorum
1091 1408 1138 1446 de
1167 1409 1276 1446 rebus

217 1474 323 1518 hujus
341 1472 478 1515 mundi,
495 1473 553 1509 vel
576 1472 771 1514 admodum
788 1472 1010 1518 urgentibus,
1025 1481 1150 1508 vocem
1167 1471 1276 1508 emit-

215 1538 290 1568 tere
309 1532 459 1576 audeat;
479 1531 542 1568 sed
561 1532 680 1568 omnia
697 1532 940 1577 repudiantur,
959 1538 998 1569 et
1015 1531 1276 1578 philosophicis

213 1594 439 1631 sermonibus
458 1593 589 1632 cedunt
605 1606 614 1631 :
629 1594 816 1641 animaque
835 1602 942 1639 tunc,
961 1594 1137 1641 magistro
1151 1595 1248 1632 luctu
1261 1621 1272 1638 ,

213 1665 277 1692 ceu
301 1656 335 1692 in
357 1665 460 1692 sacro
478 1655 634 1702 quodam
662 1655 742 1692 loco
771 1655 920 1693 docetur
946 1657 1110 1692 humana:
1137 1663 1276 1693 natum

209 1717 381 1755 vilitatem
399 1746 409 1762 ,
429 1719 617 1766 praesentis
640 1718 763 1756 szeculi
792 1719 1001 1755 brevitatem
1015 1746 1025 1762 ,
1046 1719 1271 1756 s'ecularium

209 1791 329 1817 rerum
355 1781 692 1827 eorruptibilitatem
727 1789 764 1819 et
794 1782 1087 1827 instabilitatem,
1119 1791 1236 1819 scenae
1256 1784 1270 1804 '

208 1851 326 1878 rerum
342 1852 422 1888 qum
447 1849 621 1890 geruntur
640 1841 878 1879 histrioniam.
907 1843 936 1879 τ
939 1849 1007 1879 unc
1038 1853 1186 1890 magnus
1205 1853 1268 1890 pe-

206 1903 394 1939 cnniarmn
426 1909 678 1950 contemptus,
705 1904 757 1941 ira
792 1905 953 1950 tollitur,
974 1905 1122 1942 ambitio
1149 1905 1270 1953 despi-

206 1965 299 2002 citur
319 1977 328 2002 :
350 1975 416 2002 nec
433 1966 524 2002 livor
539 1976 714 2014 occupare
729 1994 740 2011 ,
762 1977 828 2004 nec
857 1968 1060 2015 arrogantia
1075 1969 1171 2005 ultra
1187 1980 1267 2006 mo-

204 2028 287 2064 dum
308 2030 486 2068 extollere
503 2037 619 2078 potest
653 2042 734 2068 emn
749 2059 758 2075 ,
777 2031 836 2078 qui
864 2031 962 2068 luctu
982 2033 1148 2069 atteritur
1165 2045 1174 2070 :
1195 2044 1266 2071 non

203 2091 487 2138 concupiscentia
507 2091 676 2129 lascivum
705 2093 886 2137 incendit;
907 2093 970 2131 sed
1005 2093 1074 2132 illis
1099 2096 1266 2134 omnibus

203 2151 359 2200 fugatis,
389 2165 458 2191 una
484 2156 602 2192 solum
633 2156 802 2203 cogitatio
822 2156 981 2199 obtinet,
1003 2168 1082 2204 qua:
1107 2157 1265 2196 defuncti

201 2215 392 2264 imaginem
418 2218 675 2255 indesinenter
708 2220 812 2256 oli'ert
845 2231 853 2256 :
886 2220 954 2256 hoc
984 2221 1106 2262 cibus.
1128 2228 1234 2269 potos
1254 2252 1263 2267 ,

201 2286 346 2313 somnus
362 2304 372 2321 ,
391 2277 557 2324 voluptas
575 2307 585 2323 ,
623 2280 765 2326 requies
781 2307 791 2323 ,
813 2281 1013 2317 consolatio
1040 2282 1150 2321 multa
1167 2295 1175 2319 :
1197 2283 1265 2322 hoc

200 2338 310 2384 gloria
328 2365 339 2382 ,
361 2338 494 2376 divitia:
507 2368 516 2383 ,
537 2341 694 2387 potentia
710 2369 719 2384 ,
743 2341 921 2388 voluptas.

214 2416 215 2420 π
249 2400 306 2437 10.
333 2400 391 2438 Sic
411 2411 474 2437 nos
500 2407 682 2448 oporteret
702 2403 869 2440 amissam
900 2404 1023 2451 lugere
1040 2406 1190 2442 salutem
1219 2417 1264 2443 ne

201 2460 282 2506 quid
311 2463 462 2509 amplius
479 2462 596 2500 dicam
617 2475 626 2501 :
645 2463 722 2500 desi
738 2465 826 2502 lcrio
859 2465 922 2502 illo
943 2472 1044 2502 tanto
1075 2475 1110 2502 et
1133 2468 1262 2504 alacri-

202 2527 272 2557 tate
301 2532 388 2569 opus
425 2525 552 2561 esset‘
580 2535 705 2562 omnes
723 2526 865 2562 oculum
895 2529 1024 2564 mentis
1054 2528 1139 2565 illuc
1171 2529 1260 2565 diri-

201 2591 308 2627 gere,
330 2583 477 2630 ejusque
503 2587 711 2624 memoriam
742 2594 777 2624 et
808 2588 957 2625 formam
990 2591 1151 2626 omnium
1181 2591 1262 2628 loco

201 2642 302 2679 nobis
317 2653 408 2680 esse.
424 2645 524 2682 Nunc
539 2653 656 2684 autem
672 2649 732 2695 qui
749 2650 887 2688 lilinsct
901 2663 1032 2690 uxores
1045 2653 1257 2700 amiserunt,

199 2702 286 2739 nihil
317 2703 411 2740 aliud
438 2705 473 2741 in
508 2713 628 2744 mente
661 2718 826 2754 versant,
848 2723 953 2759 quam
987 2721 1025 2752 ut
1055 2717 1257 2755 ablatorum

198 2764 370 2811 imagines
403 2767 470 2809 sibi
497 2769 702 2816 confingant
721 2783 729 2806 :
750 2783 816 2809 nos
841 2782 958 2812 autem
974 2805 983 2821 ,
1014 2779 1072 2825 qui
1109 2790 1256 2827 regnum

197 2826 367 2863 ca-lorum
387 2828 606 2874 perdidimus
629 2858 639 2875 ,
659 2833 777 2870 omnia
805 2836 922 2880 potius
938 2865 948 2881 ,
967 2849 1072 2885 quam
1091 2826 1178 2878 illud
1197 2853 1257 2880 co-

195 2887 364 2933 gitamus.
384 2890 436 2927 Ac
454 2891 595 2928 illorum
613 2893 756 2940 quidem
776 2906 882 2934 nemo
906 2901 974 2936 etsi
1017 2902 1116 2951 regio
1130 2904 1253 2954 sitge—

197 2960 301 2994 nere,
321 2951 368 2988 de
393 2952 490 2990 luctu
517 2955 624 2992 solito
645 2956 858 3003 erubescet;
880 2961 942 2998 sed
963 2961 1060 3000 humi
1087 2951 1252 3009 sedebit,

195 3011 322 3074 acerbe
341 3012 474 3059 lugebit
487 3041 498 3059 ,
521 3021 656 3053 vestem
672 3019 823 3056 mutabit
839 3048 849 3063 ,
865 3022 1003 3069 aliaque
1021 3026 1157 3070 omnia,
1175 3037 1256 3074 quae

197 3069 397 3116 hujusniodi
412 3078 608 3114 cruciatum
629 3081 859 3127 comitantur,
879 3095 1005 3133 magna
1025 3099 1107 3125 cum
1126 3069 1254 3126 alacri-

139 3145 142 3148 ί
197 3133 373 3200 tatel‘eret
393 3148 402 3173 :
423 3149 493 3176 non
513 3141 682 3188 cogitabit
701 3142 745 3180 de
771 3145 981 3186 educatione
995 3179 1004 3192 ,
1025 3151 1072 3188 de
1091 3155 1253 3200 corporis

196 3190 331 3238 habitu,
347 3205 416 3232 non
429 3198 474 3236 de
489 3201 626 3239 morbis
642 3203 704 3250 qui
723 3205 770 3240 ab
788 3206 961 3252 ejusmodi
977 3190 1146 3250 :erumuis
1158 3190 1253 3252 Iacci-

195 3252 283 3314 dere
300 3263 470 3303 possunt,
491 3262 553 3298 sed
581 3265 700 3301 omnia
731 3266 921 3306 admodum
951 3271 1055 3310 facile
1082 3273 1185 3312 feret.
1208 3277 1252 3314 Et

196 3313 272 3378 hac
291 3326 361 3353 non
378 3321 484 3358 modo
500 3324 578 3368 viri,
599 3326 660 3363 sed
680 3328 786 3364 etiam
805 3333 1061 3378 mulieres,ctsi
1077 3339 1179 3377 valde
1194 3341 1249 3378 in-

195 3377 322 3452 fll'mf‘,
337 3381 518 3429 exhibent,
534 3386 658 3436 hisque
675 3392 782 3428 etiam
803 3377 1033 3442 majora.Nos
1052 3407 1169 3439 autem
1189 3377 1250 3452 qui

195 3450 265 3479 non
281 3441 374 3479 filios
389 3470 399 3487 ,
423 3453 494 3481 non
514 3457 643 3487 uxores
658 3479 668 3494 ,
690 3453 754 3490 sed
777 3441 906 3492 anima:
933 3461 1128 3506 perniciem
1151 3441 1251 3512 luge-

194 3514 286 3570 mus,
307 3506 447 3570 anima,
466 3508 610 3556 inquam
625 3541 634 3557 ,
653 3527 724 3554 non
750 3518 890 3565 alienm,
910 3523 972 3558 sed
1002 3531 1145 3570 nostrm,
1165 3506 1248 3566 cor-

193 3566 288 3631 poris
315 3567 598 3610 imbecillitatem
633 3576 812 3625 llngimus,
831 3583 1016 3631 victusque
1045 3566 1245 3627 mollitiem.

193 3627 308 3675 Δίῳ-ε
337 3630 474 3669 utinam
501 3633 560 3671 hic
588 3643 658 3674 stet
685 3643 819 3679 malum
841 3656 849 3680 :
869 3651 906 3682 at
937 3627 982 3683 ne
1015 3649 1071 3684 illa
1104 3651 1247 3698 quidem

231 3732 245 3794 ;
265 3737 341 3772 vox,
358 3736 574 3807 premium,
593 3738 688 3774 deest
703 3742 735 3776 in
749 3743 838 3778 coll).

268 3777 299 3806 lu
314 3780 356 3807 Cu
369 3777 416 3807 b..
433 3786 560 3807 nummi:
575 3789 680 3807 xrpmre

268 3777 299 3806 lu
314 3777 416 3820 Coll)"
433 3786 560 3820 magna:
575 3789 689 3814 scene.

189 3857 218 3890 ω
232 3815 382 3892 Longino,
399 3827 476 3860 opus
485 3815 579 3864 'cssct,
589 3823 708 3858 desunt
721 3824 754 3859 in
769 3825 869 3869 Colb.,
885 3835 916 3864 ct
933 3839 1018 3873 mox,
1035 3833 1134 3876 uehis,
1154 3836 1249 3873 deest

820 275 878 313 DE
897 270 1264 317 COMPUNCTIONE,
1290 271 1354 309 AD
1379 271 1664 313 DEBETRIUM.
1683 277 1766 314 LIB.
1794 278 1822 315 Ι.

2349 283 2419 320 410

1360 349 1512 388 facimus
1528 380 1537 394 ,
1557 352 1591 389 in
1607 355 1735 401 quibus
1753 356 1916 404 corporis
1935 367 2044 404 opere
2060 368 2132 396 non
2147 369 2306 406 egemus.
2327 359 2418 406 Quid

1357 413 1474 454 enim,
1495 414 1553 454 dic
1573 416 1659 453 mihi
1675 444 1686 461 ,
1703 419 1869 466 corporis
1888 420 2024 458 viribus
2055 431 2146 469 opus
2172 429 2251 467 est,
2275 424 2418 469 quando

1356 482 1420 510 eor
1437 481 1626 514 conterere
1641 477 1816 517 debemus
1830 507 1840 524 ,
1863 491 1942 517 cum
1963 482 2088 528 vigiles
2103 483 2242 530 precari
2261 491 2417 531 oportet,

1355 545 1437 572 cum
1455 544 1602 583 peccata
1618 540 1833 586 raeogitare,
1856 543 2094 589 arrogantiam
2111 551 2144 581 et
2165 550 2340 582 tumorem
2357 546 2419 583 dc-

1356 607 1490 643 poncre
1503 625 1513 642 ,
1536 606 1693 637 mentem
1713 602 1943 649 deprimere?
1963 605 2046 641 Hmc
2065 607 2196 653 quippe
2216 614 2321 652 sunt,
2339 620 2419 655 qua:

1355 657 1467 696 Deum
1487 660 1590 696 nobis
1607 662 1769 708 placant,
1789 673 1855 701 nec
1873 666 1985 702 multo
2007 673 2112 714 egent
2130 668 2265 706 labore.
2296 669 2419 715 Neque

1355 725 1474 757 tamen
1503 721 1580 759 [nec
1607 725 1768 762 facimus.
1789 725 1912 773 Neque
1943 728 2038 764 enim
2073 729 2128 765 hic
2159 731 2257 767 solus
2280 737 2337 768 est
2365 731 2418 767 lu-

1352 782 1458 830 gendi
1475 783 1614 827 modus,
1631 787 1659 821 si
1679 796 1783 823 sacco
1797 789 2037 836 accingamur,
2057 790 2092 826 in
2112 791 2330 829 domuncula
2351 803 2416 829 nos

1352 845 1560 883 claudamus
1578 876 1587 892 ,
1609 849 1666 886 vel
1683 851 1716 886 in
1738 851 1897 887 tenebris
1914 852 2103 890 sedeamus
2117 882 2127 898 ,
2147 855 2209 891 sed
2225 855 2255 891 si
2274 855 2418 894 assidue

1353 909 1564 948 memoriam
1583 910 1795 948 delictorum
1819 913 2112 952 circumferamus
2129 943 2138 958 ,
2157 917 2415 954 conscientiam

1351 971 1624 1020 examinemus,
1664 974 1730 1012 viai
1763 975 2020 1022 loogitudinem
2056 978 2260 1026 frequeutcr
2291 980 2415 1016 metia-

1353 1043 1448 1076 mur,
1463 1042 1634 1080 quantum
1655 1036 1796 1074 scilicet
1811 1047 1833 1074 a
1852 1049 1963 1086 regno
1981 1040 2152 1077 calorum
2167 1040 2354 1078 distemus.
2375 1042 2416 1079 lit

1351 1095 1532 1143 quomodo
1545 1123 1555 1140 ,
1574 1097 1732 1143 inquies,
1753 1099 1821 1135 hoc
1839 1100 1916 1138 ﬁeri
1931 1101 2088 1147 poterit?
2106 1102 2180 1146 Qua
2202 1103 2368 1141 ratione?
2386 1103 2415 1139 si

1349 1155 1549 1203 gehennam
1581 1167 1724 1205 semper
1752 1170 1826 1206 pra:
1855 1162 1968 1200 oculis
1997 1161 2216 1208 habeamus,
2239 1175 2304 1200 nec
2344 1175 2414 1202 non

1349 1217 1496 1264 angelos
1513 1219 1645 1266 ubique
1666 1220 1826 1258 locorum
1853 1227 1936 1260 tunc
1953 1221 2216 1267 discurrentes,
2239 1231 2345 1270 atque
2371 1237 2413 1265 cx

1348 1279 1516 1317 universo
1544 1281 1632 1317 orbe
1656 1290 1918 1330 cengrcgautes
1950 1294 2013 1320 eos
2048 1286 2108 1332 qui
2143 1285 2178 1322 in
2212 1287 2412 1332 gehennam

1346 1339 1545 1377 abducendi
1562 1348 1670 1378 sunt:
1691 1343 1722 1379 si
1736 1344 1934 1390 cogitemus
1951 1345 2058 1382 etiam
2077 1352 2246 1392 quantum
2263 1346 2411 1391 malum,

1346 1400 1509 1448 gehenna
1526 1404 1703 1449 seposita,
1725 1405 1866 1442 excludi
1887 1416 1905 1442 a
1923 1417 2034 1454 regno
2057 1407 2241 1445 caelorum.
2271 1409 2410 1448 Etenim

1346 1465 1486 1502 etiamsi
1515 1467 1611 1504 nulla
1645 1475 1741 1505 esset
1773 1470 1864 1517 ignis
1882 1470 1978 1508 illius
1997 1472 2250 1516 comminatio,
2270 1473 2412 1512 etiamsi

1347 1525 1561 1564 immortalia
1581 1531 1752 1577 supplicia
1775 1541 1844 1568 nou
1867 1543 1933 1570 nos
1961 1541 2162 1580 manerent,
2185 1535 2273 1572 illud
2293 1537 2410 1575 solum

1344 1589 1438 1634 quod
1465 1589 1691 1628 abalienandi
1722 1603 1884 1630 essemus
1911 1605 1930 1630 a
1949 1593 2107 1640 Christo,
2125 1604 2314 1634 mansueto
2335 1598 2409 1643 illo,

1343 1657 1380 1688 et
1409 1651 1592 1689 hominum
1629 1659 1815 1699 amatore,
1849 1657 1910 1702 qui
1934 1657 2092 1704 seipsum
2125 1669 2190 1705 pro
2223 1660 2326 1697 nobis
2365 1661 2408 1698 ad

1343 1721 1496 1752 mortem
1517 1715 1676 1760 tradidit,
1695 1722 1733 1754 et
1759 1718 1880 1754 omnia
1901 1729 2027 1765 passus
2045 1726 2113 1763 cst,
2136 1726 2173 1756 ut
2199 1731 2266 1758 nos
2282 1722 2329 1758 ab
2347 1723 2408 1759 illo

1341 1777 1518 1822 supplicio
1529 1777 1714 1823 liberaret,
1729 1786 1765 1815 et
1779 1778 1877 1815 Patri
1894 1789 1960 1816 suo
1976 1781 2240 1826 reconciliaret,
2259 1783 2319 1829 qui
2345 1793 2408 1829 per

1339 1837 1470 1876 delicta
1492 1846 1614 1876 nostra
1635 1840 1746 1887 ipsius
1763 1841 1895 1878 inimici
1917 1853 2062 1880 eramus
2076 1872 2086 1888 ,
2107 1845 2248 1882 etiamsi
2267 1855 2287 1882 a
2304 1845 2407 1882 bonis

1341 1900 1411 1937 illis
1430 1902 1645 1948 propositis,
1665 1902 1906 1942 incllabilibus
1932 1911 1970 1942 et
1999 1905 2263 1944 immortalibus
2279 1934 2289 1952 ,
2310 1907 2405 1944 exci-

1338 1961 1424 1999 dere
1459 1973 1531 2000 non
1567 1963 1808 2010 deberemus;
1830 1965 1916 2002 ilhul
1930 1995 1940 2011 ,
1960 1967 2104 2014 inquam
2121 1996 2131 2014 ,
2151 1969 2268 2006 solum
2307 1971 2404 2008 omni

1338 2024 1516 2070 supplicio
1530 2025 1645 2073 majus
1656 2033 1724 2070 est,
1741 2026 1944 2075 sufiicitque
1961 2028 2004 2064 ad
2020 2029 2246 2066 excitandum
2265 2031 2404 2068 animas

1338 2091 1495 2130 nostras,
1516 2093 1553 2124 et
1573 2088 1859 2135 persuadendum
1890 2095 1928 2126 ut
1948 2100 2092 2136 semper
2123 2091 2281 2139 vigilent.
2313 2092 2401 2129 Nam

1336 2148 1367 2184 si
1396 2148 1452 2186 vel
1481 2158 1563 2186 cum
1599 2150 1753 2197 legimus
1777 2151 1983 2199 exemplum
2014 2152 2170 2199 quinque
2201 2153 2400 2201 virginum,

1335 2220 1424 2256 quas
1444 2210 1514 2248 olei
1536 2212 1683 2257 penuria
1701 2218 1802 2249 extra
1819 2213 1940 2260 sponsi
1960 2213 2161 2252 cubiculum
2176 2215 2341 2259 exclusit,
2357 2215 2402 2252 dc

1337 2271 1480 2324 illarum
1503 2272 1699 2310 infortunio
1717 2273 1864 2322 perinde
1883 2281 1991 2322 atque
2014 2276 2083 2312 illa:
2101 2275 2264 2314 dolemus
2293 2283 2400 2324 atque

1337 2323 1548 2375 turbamur;
1583 2335 1612 2370 si
1651 2336 1852 2382 cogitemus
1888 2346 1953 2372 nos
1989 2336 2086 2382 ipsos
2122 2338 2168 2373 ob
2210 2338 2397 2384 segnitiem

1335 2401 1493 2432 nostram
1516 2395 1668 2442 idipsum
1685 2406 1853 2442 passuros
1871 2407 1965 2439 esse,
1987 2397 2066 2443 quis
2084 2398 2130 2434 ita
2149 2399 2308 2444 lapideus
2328 2400 2398 2436 erit

1333 2464 1388 2500 ut,
1408 2457 1525 2493 anima
1544 2467 1688 2504 semper
1709 2457 1777 2494 hoc
1806 2458 1970 2504 exemplo
1997 2448 2194 2502 concitata,
2217 2460 2250 2496 in
2282 2462 2395 2507 negli-

1332 2519 1490 2565 gentiam
1527 2519 1660 2556 cadat?
1689 2519 1900 2557 Poteramus
1919 2519 2064 2566 quidem
2084 2530 2288 2558 sermonem
2316 2524 2396 2560 lon-

1331 2582 1412 2628 gius
1437 2581 1656 2628 producere,
1677 2581 1742 2618 sed
1761 2582 1843 2628 quia
1864 2581 2076 2618 obcdicntiae
2107 2584 2219 2630 gratia
2249 2584 2364 2620 Solum
2384 2614 2394 2629 ,

1331 2649 1364 2680 et
1385 2653 1456 2678 non
1470 2643 1538 2678 alia
1549 2642 1595 2679 de
1614 2652 1721 2679 causa
1737 2642 1812 2678 hanc
1823 2652 1843 2678 a
1860 2642 1962 2679 nobis
1974 2642 2066 2679 dicta
2081 2651 2177 2687 sunt,
2197 2644 2275 2690 plus
2290 2657 2395 2691 quam

1331 2704 1421 2740 satis
1438 2709 1557 2741 erunt.
1580 2703 1667 2740 Nam
1689 2704 1801 2750 probe
1819 2705 1901 2741 novi
1923 2710 1957 2741 te
1976 2705 2263 2750 eonqutnctionis
2284 2707 2394 2741 virtu-

1329 2772 1402 2803 tem
1427 2764 1584 2812 perfecte
1609 2771 1731 2802 tenere
1747 2793 1758 2809 ,
1778 2772 1814 2802 et
1837 2766 1916 2802 aliis
1935 2776 2013 2802 eam
2034 2775 2138 2812 posse
2154 2766 2207 2802 vel
2229 2767 2392 2804 silentem

1329 2829 1488 2873 tradere,
1507 2829 1536 2865 si
1552 2829 1686 2866 vellent
1706 2834 1842 2865 tantutu
1860 2828 1905 2865 ad
1927 2829 2034 2865 breve
2061 2835 2199 2876 tempus
2217 2841 2298 2866 cum
2323 2832 2395 2876 pie-

1329 2896 1401 2928 tate
1435 2897 1493 2928 tua
1525 2890 1666 2933 vivere,
1687 2890 1867 2936 vitamque
1886 2889 1980 2926 illam
2017 2889 2223 2927 crucilixam
2256 2891 2391 2930 videre.

1326 2953 1377 2992 Ita
1397 2959 1435 2990 ut
1449 2981 1458 2998 ,
1476 2954 1506 2990 si
1529 2954 1638 2990 Vt-lint
1657 2953 1700 2996 ii,
1719 2953 1778 3001 qui
1800 2964 1894 2990 nunc
1914 2954 2038 2990 vivunt
2053 2981 2062 2995 ,
2081 2955 2392 3000 compunctiuncm

1324 3014 1509 3059 ediscere,
1549 3014 1595 3051 ad
1630 3015 1869 3051 habitaculum
1901 3021 2000 3052 tuum
2033 3025 2072 3052 se
2091 3014 2300 3058 Conferant;
2333 3019 2392 3064 qui

1324 3088 1411 3114 vero
1440 3085 1522 3124 post
1547 3077 1656 3114 futuri
1679 3083 1785 3121 sunt,
1804 3083 1904 3123 gesta
1927 3082 1985 3113 tua
2011 3077 2176 3124 audiant,
2199 3085 2363 3124 oporteat
2382 3091 2391 3116 :

1325 3150 1490 3187 magnam
1528 3140 1623 3176 enim
1665 3139 1709 3174 ad
1749 3139 1781 3176 id
1811 3149 1916 3185 opem
1953 3139 2141 3177 allaturum
2188 3149 2268 3176 esse
2308 3147 2393 3188 puto

1324 3204 1380 3240 vel
1407 3204 1490 3240 vita:
1522 3208 1592 3240 tua:
1633 3203 1889 3239 narrationem.
1922 3202 2162 3248 Quamobrem
2181 3232 2191 3247 ,
2221 3204 2389 3248 obsecro,

1322 3267 1421 3302 vices
1460 3264 1547 3302 mihi
1588 3265 1791 3312 rependas,
1829 3276 2024 3312 precesque
2064 3273 2142 3304 tuas
2177 3269 2214 3306 in
2256 3278 2393 3308 merce-

1322 3328 1404 3366 dem
1437 3328 1595 3372 tribuas;
1617 3329 1665 3366 ita
1695 3334 1733 3364 ut
1753 3339 1824 3366 non
1860 3329 1966 3367 modo
1987 3331 2033 3368 de
2052 3334 2326 3381 compunclioue
2342 3335 2392 3370 lo—

1322 3401 1426 3438 quar,
1446 3389 1510 3427 sed
1527 3397 1563 3426 et
1578 3401 1652 3426 rem
1682 3390 1797 3438 ipsam
1818 3393 1988 3438 operibus
2003 3393 2208 3432 exhibeam.
2224 3396 2390 3440 Quando-

1323 3452 1466 3500 quidem
1487 3451 1652 3489 doctrina
1669 3453 1748 3490 sine
1761 3464 1871 3500 opere
1889 3465 1960 3492 non
1977 3456 2084 3493 modo
2099 3457 2188 3494 nihil
2206 3457 2310 3501 lucri,
2327 3456 2390 3493 scd

1321 3516 1428 3552 etiam
1451 3515 1705 3552 detrimentum
1737 3527 1903 3564 magnum
1923 3524 1959 3555 et
1978 3519 2315 3556 condemnationem
2334 3517 2388 3553 af-

1324 3577 1392 3616 fert
1409 3579 1440 3614 ci
1457 3606 1466 3621 ,
1489 3579 1646 3625 quicum
1669 3585 1766 3617 tanta
1785 3581 1950 3618 socordia
1969 3581 2077 3620 vitam
2099 3580 2241 3616 ordinat
2268 3589 2386 3616 suam.

1325 3640 1336 3661 ¹
1365 3639 1446 3675 Non
1465 3640 1570 3685 enim,
1605 3640 1742 3688 inquit,
1767 3643 1877 3679 omnis
1905 3639 1962 3689 qui
1985 3642 2068 3677 dicit
2085 3641 2170 3676 mihi
2183 3667 2193 3683 ,
2213 3637 2382 3683 Dandae,

1326 3701 1472 3738 Domine
1487 3730 1497 3747 ,
1516 3703 1575 3740 sed
1593 3703 1651 3751 qui
1671 3704 1783 3742 fecerit
1802 3711 1832 3742 et
1851 3705 2001 3741 docuerit
2013 3731 2022 3746 ,
2043 3703 2099 3738 hic
2123 3711 2267 3748 magnus
2285 3711 2386 3737 voca-

1327 3763 1416 3800 bitur
1436 3765 1471 3801 in
1489 3777 1591 3813 regno
1611 3767 1773 3804 malorum
1790 3765 1930 3814 (Matth.
1945 3765 2047 3804 7.21.
2060 3769 2095 3802 ct
2113 3761 2148 3800 5'.
2164 3761 2243 3809 19)-

1366 3880 1377 3900 ¹
1401 3884 1470 3913 Haec
1491 3887 1596 3922 usque
1608 3879 1646 3912 ad
1661 3878 1758 3912 ﬁnem
1775 3876 1893 3908 desum
1908 3875 1941 3908 in
1955 3871 2048 3906 Savil.
