2734 4342
354 297 417 334 4η
855 285 896 324 s.
921 284 1111 324 JOANNIS
1135 282 1701 324 CHRYSOSTOMI'ARCHIEP.
1729 281 2088 320 consummes.
2458 292 2513 328 m

589 371 1684 392 __________.____..._.._.__————

1689 371 1831 380 ,-

893 431 1080 528 AD
1153 422 2062 550 STELECHIUM,

1145 583 1216 624 ET
1244 581 1317 622 DE
1345 575 1798 626 COMPUNCTIONE,

951 668 1280 758 LIBER
1335 675 1884 752 SECUNDUS
1918 677 1968 747 ‘.

1303 819 1631 874 ...κορω-

400 959 435 996 t.
462 957 508 994 Et
528 951 710 1004 quomodo
726 949 806 988 ﬁeri
828 947 955 996 possit,
976 950 1101 982 sancte
1120 943 1186 980 Dei
1202 941 1328 984 homo,
1345 937 1429 975 Ste-

351 1021 459 1064 lechi,
479 1000 574 1067 quod
591 1019 764 1062 imperas,
785 1018 824 1050 ut
837 1011 884 1048 al)
897 1009 1016 1047 anima
1032 1008 1080 1044 ita
1093 1005 1236 1043 inﬁrma
1253 1009 1291 1041 et
1305 1000 1446 1049 frigidae

352 1083 398 1120 de
417 1065 696 1128 compunctione
715 1082 902 1112 sermones
921 1069 1101 1109 edantur?
1121 1068 1212 1105 Puto
1230 1065 1326 1103 enim
1341 1073 1432 1110 opus

353 1157 434 1185 esse
445 1155 542 1190 eum,
555 1142 616 1192 qui
637 1142 671 1178 in
688 1140 756 1177 hac
771 1137 922 1176 materia
940 1134 1074 1183 aliquid
1087 1133 1172 1171 boni
1186 1131 1350 1168 dicturus
1361 1135 1430 1174 est,

353 1219 428 1257 pra:
457 1190 624 1244 omnibus
651 1203 732 1240 aliis
761 1200 831 1238 hoc
857 1198 978 1236 studio
997 1198 1012 1219 ⁸
1033 1197 1174 1234 fervere
1197 1199 1232 1230 et
1261 1190 1404 1229 incendi
1421 1217 1432 1235 ,

353 1254 403 1312 ita
421 1275 459 1306 ut
474 1267 584 1306 verba
596 1277 676 1314 qua:
690 1264 878 1312 proferunt
891 1259 1060 1299 candenti
1076 1258 1172 1296 ferro
1184 1254 1434 1293 vehementius

354 1336 390 1372 in
411 1333 616 1370 auditorum
644 1329 784 1366 animos
817 1324 977 1362 incidere
1006 1321 1162 1359 valeant.
1181 1318 1294 1356 Nobis
1313 1323 1434 1354 autem

354 1396 448 1445 ignis
467 1391 674 1442 hujusmodi
695 1400 765 1427 non
793 1387 923 1430 adest,
945 1384 1010 1423 sed
1032 1383 1152 1421 omnia
1173 1382 1346 1418 interiora
1367 1389 1434 1416 no-

355 1440 429 1496 stra
455 1440 540 1507 sunt
564 1453 655 1491 cinis
675 1457 712 1489 et
734 1449 864 1498 pulvis.
887 1446 1076 1485 Undenam
1094 1473 1103 1489 ,
1125 1443 1184 1480 dic
1207 1442 1321 1485 mihi,
1341 1440 1436 1477 unde

358 1502 541 1558 ﬂammam
555 1514 796 1554 accendamus
811 1512 924 1552 illam,
936 1519 1020 1547 cum
1032 1517 1148 1555 neque
1162 1504 1315 1543 scintilla
1327 1502 1434 1548 adsit,

357 1593 476 1631 neque
499 1581 596 1629 ligna
613 1577 824 1626 subjaceant
839 1603 850 1619 ,
872 1583 990 1621 neque
1007 1571 1156 1619 spiritus
1171 1568 1216 1606 ad
1236 1568 1333 1604 illam
1355 1575 1438 1614 per-

357 1644 511 1682 ﬂandam
521 1640 702 1683 adveniat,
713 1638 759 1676 ob
767 1635 954 1684 caliginem
964 1631 1225 1680 ’nempeillam
1237 1631 1436 1678 ingentem,

357 1717 465 1756 quam
493 1707 547 1741 vis
577 1708 810 1751 peccatorum
838 1699 969 1734 anima:
997 1701 1130 1733 nostrae
1153 1692 1344 1731 obtendit?
1361 1691 1439 1738 Ego

359 1768 504 1816 quidem
526 1775 597 1802 non
617 1763 714 1808 novi,
735 1761 800 1798 sed
821 1766 922 1797 tuum
943 1763 999 1796 est
1017 1757 1153 1801 dicere,
1174 1755 1234 1802 qui
1253 1755 1410 1800 imperas
1425 1780 1437 1797 ,

360 1840 432 1878 quo
447 1833 551 1876 pacto
563 1826 702 1874 jussum
719 1831 818 1860 tuum
833 1822 869 1858 in
881 1831 972 1868 opus
987 1817 1172 1866 procedat,
1187 1823 1224 1854 et
1237 1825 1441 1863 congruen-

361 1876 433 1931 tem
455 1891 564 1928 linem
584 1891 810 1934 asscqttatur.
833 1883 908 1920 Nos
931 1887 1032 1919 certe
1049 1880 1180 1928 lingua:
1195 1876 1441 1926 praebebimus

361 1953 628 1994 ministerium;
651 1955 689 1986 tu
708 1957 794 1985 vero
811 1954 963 1994 precare
979 1953 1078 1988 eum,
1097 1941 1159 1990 qui
1178 1946 1282 1978 sanat
1300 1939 1438 1978 contri-

363 2024 420 2054 tos
447 2014 559 2053 corde
572 2042 583 2059 ,
599 2013 660 2061 qui
679 2011 741 2048 dat
765 2007 1005 2058 pusillanimis
1025 2004 1333 2052 louganimitatem
1347 2031 1356 2047 ,
1377 2002 1440 2050 qui

364 2079 512 2117 suscitat
525 2078 570 2115 de
590 2084 684 2114 terra
703 2083 912 2123 pauperem,
927 2077 967 2108 ut
985 2070 1082 2107 hunc
1096 2069 1131 2106 in
1152 2068 1256 2106 nobis
1273 2066 1442 2104 incendat

363 2146 497 2193 ignem,
513 2141 573 2190 qui
589 2140 783 2177 humanam
801 2145 947 2174 omnem
964 2133 1210 2172 inﬁrmitatem
1228 2131 1322 2168 solet
1334 2130 1442 2168 absu-

364 2216 481 2247 nterc,
497 2214 539 2240 ac
553 2211 738 2245 somnum,
753 2198 944 2246 segnitiem
963 2195 1246 2244 gravitatemque
1259 2193 1441 2230 carnalem

365 2266 607 2314 prmscindcre
625 2291 635 2308 ,
653 2263 854 2309 animmque
871 2261 947 2298 alas
966 2259 1011 2296 ad
1029 2258 1156 2297 caelum
1177 2257 1349 2294 sublimes
1366 2257 1441 2294 eri-

365 2340 450 2378 gere
470 2341 478 2364 :
500 2329 546 2366 ab
570 2328 629 2364 illa
648 2333 770 2364 autem
796 2325 921 2373 apside
935 2353 945 2370 ,
965 2335 1031 2362 ceu
1050 2335 1094 2362 ex
1114 2323 1271 2372 quodam
1297 2322 1444 2360 excelso

366 2392 500 2430 vertice
514 2419 523 2434 ,
543 2399 688 2428 omnem
708 2387 722 2410 ⁸
738 2387 896 2426 ostendit
923 2387 1110 2434 przesentis
1137 2386 1220 2422 vita:
1249 2386 1442 2422 vanitatem

367 2453 649 2500 ementitamque
663 2451 836 2498 speciem.
854 2449 920 2494 Qui
936 2450 1032 2487 enim
1051 2457 1169 2496 neque
1180 2448 1264 2484 illuc
1281 2447 1442 2493 avolare,

367 2529 482 2565 neque
500 2517 536 2554 in
555 2516 612 2552 illa
633 2514 776 2562 specula
794 2512 922 2551 sedere
940 2515 1079 2559 potuit,
1100 2514 1131 2548 is
1151 2521 1266 2558 neque
1286 2517 1442 2554 terram,

367 2590 484 2627 neque
512 2584 655 2616 terrena
685 2575 826 2624 negotia
847 2575 876 2620 ,
910 2580 949 2611 ut
973 2573 1096 2610 videre
1122 2583 1187 2619 par
1215 2578 1296 2618 est,
1323 2571 1446 2608 videre

367 2648 500 2691 potest.
519 2641 610 2688 Quia
628 2641 724 2678 enim
743 2639 854 2676 multa
875 2643 978 2683 sunt,
992 2644 1078 2684 quae
1097 2636 1189 2674 visui
1208 2635 1376 2672 tenebras
1391 2633 1446 2670 of-

370 2707 537 2750 fundunt,
557 2704 672 2741 multa
691 2713 770 2751 qua:
787 2701 948 2739 auditum
969 2700 1128 2744 turbant,
1150 2698 1264 2736 multa
1281 2708 1360 2746 quae
1378 2698 1447 2735 lin-

369 2779 474 2817 guam
492 2766 730 2815 praepediunt,
753 2769 897 2812 oportet
915 2773 1012 2805 eum,
1031 2761 1078 2798 ab
1097 2761 1196 2798 omni
1215 2760 1370 2798 tumultu
1388 2765 1448 2796 at-

370 2842 440 2880 que
458 2831 556 2868 l'tttno
569 2829 800 2873 subductum,
819 2827 865 2864 ad
883 2826 978 2864 illam
1009 2823 1239 2862 solitudinem
1256 2823 1444 2867 secedere,

368 2895 429 2932 ubi
448 2904 576 2941 magna
597 2891 852 2940 tranquillitas,
870 2900 956 2937 pura
973 2889 1163 2934 serenitas,
1177 2889 1351 2926 tumultus
1365 2887 1449 2924 nul-

371 2958 450 2995 lus:
468 2957 532 2994 scd
549 2955 642 2992 oculi
663 2955 699 2992 in
715 2965 825 2991 unum
849 2954 911 2990 Dei
931 2963 1091 2990 amorem
1107 2952 1121 2973 ⁸
1136 2952 1264 2990 intenti
1286 2961 1356 2989 non
1377 2951 1449 2988 alio

371 3019 572 3063 declinant,
593 3027 699 3054 aures
717 3027 804 3054 vero
822 3015 1060 3058 inc0ncussm,
1082 3015 1142 3050 uni
1164 3021 1302 3052 tantum
1319 3015 1372 3052 rei
1388 3025 1450 3051 va-

375 3087 470 3122 cauit,
486 3090 617 3127 nempe
630 3079 834 3116 divinorum
849 3076 1074 3125 eloquiorum
1088 3076 1240 3122 auditui,
1257 3083 1295 3114 et
1308 3077 1450 3114 suavis-

374 3142 474 3178 simae
493 3141 742 3187 Spiritnalique
757 3139 948 3176 audienda:
965 3139 1204 3187 symphoniae,
1223 3150 1304 3187 quae
1320 3139 1448 3184 semel,

373 3211 478 3250 capto
497 3204 620 3240 animo
635 3230 646 3248 ,
666 3208 766 3239 tanta
789 3202 823 3238 vi
847 3201 1053 3239 dominatur
1068 3229 1078 3246 ,
1099 3209 1138 3239 ut
1164 3203 1222 3240 illa
1250 3209 1450 3250 pertractus

375 3264 528 3300 melodia
550 3275 668 3311 neque
684 3264 804 3301 cibum
816 3292 826 3309 ,
847 3274 966 3312 neque
984 3270 1120 3312 potum,
1144 3276 1264 3313 neque
1283 3275 1450 3303 somnum

376 3336 458 3362 cum
477 3327 658 3374 voluptate
675 3327 806 3376 capiat.
823 3327 946 3375 Itaque
962 3339 1028 3366 nec
1045 3331 1274 3367 saecularium
1291 3331 1452 3378 negotio-

377 3399 456 3425 rum
474 3389 665 3432 tumultns,
681 3399 796 3436 neque
813 3391 1055 3437 corporalium
1073 3392 1178 3430 turba
1196 3403 1331 3436 rerum,
1349 3398 1451 3429 teno-

379 3460 456 3487 rem
485 3449 584 3487 illum
608 3450 772 3488 relaxare
795 3452 922 3490 valeat.
945 3453 999 3490 Ad
1021 3459 1156 3490 tantam
1175 3455 1270 3492 enim
1289 3455 1302 3476 ⁷
1320 3455 1452 3490 animae

375 3512 631 3550 sublimitatem
651 3513 783 3551 intimae
807 3513 914 3562 hujus
939 3517 1162 3564 tempestatis
1184 3517 1355 3564 strepitus
1377 3527 1450 3554 non

415 3628 428 3649 ¹
450 3627 575 3674 Titulus
593 3629 627 3664 iu
656 3630 746 3674 colb.
763 3633 822 3672 sic,
840 3633 994 3674 Ejusdem
1021 3635 1066 3668 ad
1083 3634 1275 3669 Stoice/rium
1289 3637 1332 3670 de
1359 3643 1451 3671 Com-

572 3675 605 3704 ln
616 3673 726 3715 Savil.,
743 3669 964 3719 chrysostomi
985 3677 1030 3710 ad
1045 3676 1240 3712 Stelechium
1253 3669 1346 3713 etde
1357 3669 1452 3713 behi-

507 3861 516 3869 ι
576 3862 582 3868 ι
587 3862 597 3870 .
677 3849 778 3870 orem.

419 3841 428 3854 ιι
451 3841 483 3867 ιη
495 3841 597 3878 t,olb.,
609 3841 778 3880 pudorem.

419 3873 433 3920 ξ
457 3878 542 3917 Apud
557 3879 659 3920 Culb.,
677 3889 803 3915 ormwm
818 3881 908 3916 nobis
923 3883 1072 3917 ostendit.

416 3916 432 3976 ἓ
455 3916 528 3986 Inice
539 3916 657 3973 verba,
670 3930 772 3964 neque
782 3929 912 3970 terrena
927 3916 1065 3967 negotia,
1083 3925 1183 3961 habet
1198 3927 1288 3962 solus
1296 3927 1408 3963 ator-al.

465 3967 485 3986 ιι
500 3959 576 3986 mlh
607 3962 745 3986 Innlntnc
777 3973 808 3986 ..ι
822 3970 941 3986 ...σιω-ι
958 3971 986 3986 ιιι
1004 3976 1146 3986 mum...“

417 3959 432 4018 ξ
455 3961 485 4012 In
500 3959 759 4008 Coll)._legtmus,
777 3966 808 3997 in
822 3970 941 3999 metunt
956 3959 986 4001 ἐὶ
1002 3959 1158 4003 mutarent.

457 4002 536 4034 ὶοκ.
549 4009 648 4034 etum.
658 4006 755 4034 deest.
770 4007 802 4034 in
818 4007 906 4034 (tulit.

525 4021 536 4041 .
549 4006 648 4046 enim,
658 4006 755 4040 deest
770 4007 803 4041 in
818 4007 907 4041 Coll).

1504 937 1675 985 pertingit
1688 948 1698 982 ;
1711 947 1835 975 verum
1845 935 2142 985 quemadmodum
2155 937 2191 983 ii,
2201 939 2256 986 qui
2266 938 2308 976 ad
2319 939 2522 982 altissnuosto

1509 1001 1698 1039 contulere
1711 1007 1868 1047 montes,
1885 1001 1973 1038 nihil
1985 1011 2106 1040 eorum
2121 1001 2238 1039 vident
2249 1003 2521 1053 velaudiunt,qua

1514 1063 1548 1100 in
1567 1063 1658 1100 urbe
1675 1069 1850 1110 geruntur
1865 1063 1924 1102 vel
1939 1063 2120 1110 dicuntur,
2140 1064 2200 1102 sed
2215 1064 2390 1104 obscurum
2407 1066 2520 1104 dumta.

1511 1132 1574 1162 xat
1597 1131 1636 1163 et
1659 1125 1892 1172 injucundum
1908 1126 1919 1149 ⁸
1935 1125 2126 1169 clamorem
2147 1126 2309 1171 audiunt,
2331 1127 2522 1166 stridentibus

1515 1188 1634 1236 vespis
1654 1188 1771 1226 nihilo
1789 1188 2006 1233 suaviorem,
2023 1188 2076 1226 sic
2092 1189 2130 1232 ii,
2149 1188 2207 1236 qui
2225 1199 2244 1224 a
2261 1189 2463 1230 saecularibus
2478 1201 2521 1228 re-

1510 1251 1579 1288 bus
1609 1260 1692 1288 esse
1722 1250 1949 1288 abduxerunt
1979 1256 2016 1288 et
2043 1249 2088 1288 ad
2116 1251 2303 1298 Spiritualis
2331 1251 2522 1298 ριιὶιυειψιιῑευ

1509 1323 1683 1350 cacumen
1701 1312 1916 1350 advolarunt
1929 1341 1939 1356 ,
1961 1313 2048 1349 nihil
2071 1322 2192 1350 eorum
2211 1322 2287 1360 qua:
2302 1312 2388 1360 apud
2405 1322 2459 1350 nos
2473 1323 2521 1360 ge-

1510 1383 1642 1414 runtur
1667 1387 1778 1414 sensu
1810 1377 2034 1424 percipiunt;
2066 1386 2194 1423 corpus
2224 1375 2312 1414 enim
2341 1381 2373 1412 et
2395 1375 2524 1421 corporis

1513 1447 1654 1482 sensus,
1669 1437 1788 1475 donec
1801 1436 1921 1475 anima
1934 1438 2028 1475 circa
2044 1444 2171 1475 terram
2187 1443 2350 1482 versatur,
2367 1436 2523 1472 innumeris

1513 1501 1612 1538 illam
1640 1500 1794 1538 vinculis
1822 1500 2098 1548 constringunt,
2127 1498 2358 1547 gravissimam
2385 1497 2522 1533 ﬂuxarum

1515 1562 1740 1610 voluptatum
1761 1567 2012 1610 tempestatem
2028 1561 2186 1608 undique.
2196 1559 2399 1607 colligentes.
2416 1557 2525 1594 Etenim

1511 1625 1670 1672 auditus,
1683 1625 1795 1670 visus,
1813 1630 1942 1669 tactus,
1957 1623 2126 1662 odoratus
2141 1628 2177 1660 et
2193 1623 2318 1670 lingua,
2337 1627 2525 1658 externorum

1513 1688 1690 1724 malorum
1703 1687 1857 1738 plurima
1870 1687 1906 1724 in
1919 1687 2014 1724 illam
2026 1685 2208 1723 inducunt.
2220 1683 2302 1721 Cum
2314 1692 2390 1719 vero
2398 1679 2527 1717 sublimis

1512 1749 1684 1796 efﬁcitur,
1704 1756 1742 1788 et
1758 1750 1872 1789 otium
1889 1759 1994 1788 suum
2013 1747 2058 1785 ad
2075 1746 2268 1796 spiritualia
2283 1743 2449 1787 convertit,
2463 1747 2528 1778 tunc

1513 1812 1688 1860 malignas
1708 1811 1946 1860 cogitationes
1963 1811 2124 1858 ingressu
2142 1814 2239 1846 arcet
2253 1819 2262 1844 ε
2277 1816 2342 1844 non
2359 1815 2467 1843 sensus
2479 1803 2528 1840 ob-

1513 1881 1654 1920 turans,
1670 1874 1736 1912 sed
1750 1885 1878 1912 eorum
1893 1873 2138 1922 Operationem
2157 1871 2201 1908 ad
2215 1869 2442 1908 sublimitatem
2456 1867 2528 1902 illam

1515 1936 1723 1974 traducens.
1739 1935 2050 1982 Quemadmodum
2063 1934 2158 1972 enim
2171 1932 2310 1970 domina
2323 1929 2462 1978 qnzrdant
2474 1927 2528 1962 fur-

1516 1999 1700 2037 midabilis
1712 2005 1750 2036 et
1762 2009 1904 2044 severa,
1919 2009 2000 2046 qua:
2011 2001 2222 2045 unguentum
2234 1993 2347 2032 condit
2359 1991 2528 2039 pretiosum,

1515 2061 1726 2109 magnisque
1737 2061 1940 2108 sumptibus
1953 2071 1994 2098 ac
2009 2059 2198 2097 multorum
2213 2055 2364 2094 manibus
2383 2051 2420 2088 ad
2435 2049 2530 2088 condi-

1516 2130 1634 2162 turam
1661 2134 1754 2172 opus
1780 2123 1910 2170 habet,
1933 2123 2080 2160 ancillas
2107 2122 2276 2159 suscitans
2298 2125 2332 2156 et
2352 2123 2529 2154 accersens,

1516 2186 1624 2224 aliam
1649 2186 1752 2235 jubet
1775 2192 1938 2224 aromata
1957 2185 2112 2222 nondum
2131 2184 2164 2221 in
2184 2192 2268 2230 opus
2286 2179 2423 2217 admissa
2439 2174 2530 2212 cribro

1515 2259 1708 2288 secernere
1721 2277 1731 2294 ,
1753 2248 1858 2286 aliam
1878 2254 2022 2295 arrepta
2051 2247 2187 2284 bilancc
2204 2250 2240 2282 et
2257 2247 2378 2280 statera
2399 2240 2532 2275 acturam

1514 2313 1694 2362 dispicere
1711 2323 1757 2350 ne
1775 2312 1857 2360 plus
1876 2311 1933 2349 vel
1954 2311 2072 2348 minus
2087 2318 2190 2357 quant
2207 2317 2270 2355 par
2287 2310 2338 2342 est
2355 2304 2384 2340 in
2401 2297 2532 2337 conditu-

1515 2386 1592 2413 ram
1621 2375 1819 2412 admissum
1843 2373 1977 2422 justam
2005 2382 2204 2410 mensuram
2231 2367 2366 2416 perdat,
2383 2363 2471 2400 aliam
2487 2369 2533 2395 co-

1515 2448 1628 2486 quere
1643 2448 1725 2486 qua:
1741 2421 1928 2486 coquenda
1949 2443 2046 2482 sunt,
2066 2435 2170 2472 aliam
2191 2439 2300 2470 terere
2316 2437 2386 2476 quite
2403 2421 2532 2462 terenda.

1515 2499 1616 2536 illam
1627 2500 1698 2537 alia
1714 2500 1794 2537 aliis
1809 2499 2061 2542 commiscere,
2075 2497 2171 2534 illam
2185 2505 2262 2533 cum
2275 2491 2435 2528 alabastro
2446 2492 2532 2525 Stare.

1515 2561 1622 2599 aliam
1641 2573 1724 2599 cum
1742 2562 1815 2599 alio
1832 2571 1920 2598 vase
1933 2588 1943 2606 ,
1961 2561 2069 2598 aliam
2089 2557 2182 2595 aliud
2199 2555 2366 2604 quidpiam
2388 2553 2530 2587 tractare'

1517 2625 1642 2672 sicque
1659 2634 1784 2662 carum
1803 2630 1944 2661 mentes
1961 2622 2066 2660 simul
2083 2628 2120 2660 et
2134 2629 2256 2658 manus
2268 2615 2358 2664 operi
2373 2611 2533 2660 applicam.

1519 2686 1608 2724 nihil
1627 2687 1810 2734 corrumpi
1840 2686 1950 2730 sinit,
1973 2695 2116 2732 semper
2138 2683 2320 2724 insistens,
2339 2687 2401 2715 non
2419 2670 2535 2722 permit-

1522 2757 1602 2787 tens
1621 2755 1723 2787 extra
1742 2749 1878 2797 vagari,
1891 2755 1954 2786 aut
1971 2749 2042 2786 alio
2058 2752 2238 2795 aspectum
2256 2743 2416 2780 divertere
2431 2747 2440 2772 z
2454 2734 2497 2770 sic
2509 2735 2536 2767 cl

1519 2811 1639 2848 anima
1661 2811 1857 2859 pretiosum
1876 2810 1946 2849 hoc
1971 2814 2189 2859 unguentum
2210 2810 2418 2854 praeparans,
2435 2801 2536 2838 nempe

1521 2875 1836 2922 compunctionem
1852 2902 1862 2921 ,
1889 2885 2019 2912 sensus
2043 2873 2089 2911 ad
2115 2871 2264 2920 seipsam
2283 2869 2419 2906 evocat.
2437 2863 2535 2922 09W“

1520 2937 1768 2984 przescindens
1793 2937 1996 2985 segnitiem.
2028 2936 2067 2974 Si
2093 2932 2234 2984 quando
2257 2935 2367 2968 autem
2389 2921 2538 2964 contini!al

1521 3002 1620 3038 illam
1642 3001 1678 3038 in
1697 3009 1738 3038 se
1753 3010 1967 3038 cenversam
1991 2998 2172 3047 quidpiam
2187 3003 2306 3032 eorum
2323 2988 2460 3036 cogitare
2475 2989 2536 3028 qua“

1521 3062 1566 3100 ad
1585 3061 1801 3110 probitatem
1821 3066 1858 3098 et
1877 3061 1940 3098 Dei
1961 3059 2127 3109 placitum
2147 3059 2325 3104 spectant,
2344 3055 2454 3086 sensus
2468 3049 2537 3088 οΡθ·

1521 3125 1661 3162 ratione
1675 3134 1740 3162 sua
1754 3133 1890 3162 vacuos
1902 3122 2086 3160 constituit
2099 3131 2108 3166 ;
2127 3129 2172 3157 nc
2185 3116 2266 3166 quid
2279 3111 2537 3160 supervacaneum

1521 3187 1775 3235 intempestive
1808 3186 2021 3227 inducentes
2040 3214 2052 3232 ,
2087 3185 2258 3221 internam
2292 3170 2538 3235 tranquillitatem

1522 3246 1745 3297 perturbent.
1765 3249 1885 3293 Quare
1901 3248 1932 3285 si
1951 3257 2059 3286 voces
2075 3244 2238 3288 auribus,
2255 3233 2437 3297 spectacula
2450 3225 2541 3266 oculis

1522 3311 1710 3354 accidant,
1743 3309 1832 3346 nihil
1863 3309 2133 3351 intromittitur,
2162 3301 2306 3351 singulis
2334 3293 2539 3354 membrorum

1522 3371 1792 3418 operationibus
1811 3371 1857 3408 ad
1875 3371 2033 3408 animam
2057 3366 2249 3408 conversis.
2269 3357 2393 3408 Ecquid
2411 3361 2501 3391 voces
2514 3352 2540 3383 cl

1522 3433 1724 3481 spectacula
1739 3444 1918 3479 memoro,
1931 3444 2012 3471 cum
2027 3430 2128 3470 multi
2143 3429 2176 3466 in
2190 3428 2254 3464 ltoc
2269 3423 2365 3472 positi
2379 3422 2471 3481 statu.
2485 3418 2539 3447 ﬂ?“

1523 3495 1634 3534 modo
1653 3501 1913 3543 praetereuntes
1931 3505 2052 3533 eorum
2066 3521 2076 3539 ,
2097 3492 2160 3531 sed
2179 3490 2282 3528 etiam
2302 3496 2339 3522 se
2356 3478 2540 3526 euagilanlcs

1523 3566 1595 3594 nou
1615 3557 1798 3594 sentiant?
1817 3557 1930 3594 Tanta
1948 3557 2078 3604 quippe
2095 3559 2150 3592 est
2167 3551 2291 3589 animm
2308 3547 2424 3584 virtus,
2443 3544 2474 3574 ut
2489 3543 2540 3604 tn-

1523 3619 1611 3656 lenti
1629 3619 1734 3657 facile
1752 3620 1800 3656 sit
1818 3619 1855 3656 in
1875 3626 1968 3656 terra
1988 3617 2132 3666 quidem
2151 3611 2279 3652 versari
2295 3636 2306 3654 ο
2325 3606 2381 3646 Sed
2395 3632 2406 3649 ν
2422 3611 2458 3639 ac
2472 3609 2496 3635 θ’

1522 3680 1615 3717 caelo
1634 3679 1773 3726 sedeat,
1793 3681 1882 3718 nihil
1895 3690 2020 3718 eorum
2035 3688 2114 3726 quae.
2131 3678 2166 3714 in
2185 3682 2273 3712 terra
2288 3671 2442 3720 geruntur
2455 3663 2540 3698 sensti

1523 3740 1726 3788 percipere.

1570 3802 1608 3838 ‘2.
1627 3781 1734 3839 'Talis
1753 3808 1830 3840 erat
1848 3803 1975 3840 beatus
1991 3799 2120 3838 Paulus
2132 3826 2142 3844 ,
2163 3797 2220 3845 qui
2239 3791 2356 3831 mediis
2374 3789 2406 3824 in
2423 3781 2542 3821 urbiblls

1523 3872 1698 3908 versans,
1724 3869 1862 3901 tantum
1886 3874 1907 3900 a
1933 3859 2168 3910 prmsentihus
2195 3858 2338 3897 aberat.
2360 3846 2541 3910 qm'1‘f'f'"!

1524 3935 1748 3964 mortuorum
1777 3926 2012 3964 cadaveribus
2041 3924 2218 3960 absumus.
2237 3918 2321 3954 Cum
2345 3911 2432 3951 enim
2450 3905 2542 3943 diell.

1571 4018 1582 4038 ³
1605 4021 1655 4052 Sic
1668 4017 1778 4060 Savil.,
1794 4017 1854 4051 sed
1868 4016 1972 4058 Colb.,
1989 4014 2136 4050 debilem.
