2734 4342
281 197 351 232 H3

283 271 372 308 Mihi
391 274 536 311 mundus
553 275 736 322 cruciﬁxus
752 283 799 312 est
817 277 831 323 (
847 277 964 316 Galut.
980 279 1020 317 '8.
1039 280 1110 329 14)
1126 309 1136 326 ,
1157 281 1249 318 hanc
1268 287 1343 321 me-

283 339 397 370 morat
412 335 732 382 insensibilitatem,
755 339 828 375 imo
845 341 963 386 potius
983 351 1052 379 non
1071 343 1162 380 hanc
1179 349 1317 381 tantum
1331 374 1342 390 ,

279 395 342 431 sed
357 395 460 432 aliam
479 397 598 442 talem,
617 406 656 435 ut
671 399 802 447 duplex
815 401 876 438 illa
891 402 1010 441 fuerit.
1025 403 1103 441 Non
1112 405 1211 442 enim
1224 406 1342 443 solum

279 455 382 500 dixit,
397 456 483 492 Mihi
497 459 643 496 mundus
653 462 837 508 cruciﬁxus
851 470 914 508 est,
927 464 977 501 ita
992 471 1028 501 ut
1041 471 1166 512 postca
1175 469 1340 514 tacuerit,

278 517 340 553 sed
361 528 425 565 per
448 520 655 566 adiunctum
682 523 788 560 aliam
815 525 1026 573 significavit
1048 527 1193 574 dicens,
1215 529 1262 564 Et
1281 538 1342 578 ego

277 579 418 616 mundo.
437 580 562 628 Magna
576 589 679 620 certe
696 584 922 634 philosophia
941 593 1006 632 est,
1026 595 1152 635 putare
1167 589 1339 626 mundum

275 649 355 676 esse
373 647 567 688 mortuum,
589 644 653 680 sed
674 645 778 692 longe
798 647 926 694 major,
944 658 1030 696 erga
1049 649 1219 686 mundum
1238 651 1340 698 quasi

273 708 454 738 mortuum
475 704 641 742 allectum
661 716 756 743 esse.
775 708 879 752 Quod
897 708 1018 756 itaque
1031 710 1166 748 Paulus
1179 711 1341 749 declara-

273 763 323 799 vit
342 763 546 810 huiusmodi
563 773 642 804 est:
658 767 744 806 dicit
761 770 857 806 enim
877 780 947 807 non
963 779 1004 808 se
1023 777 1160 809 tantum
1178 773 1303 810 abesse
1317 783 1338 810 a

273 826 510 870 praiscmibus
524 853 536 872 ,
553 834 725 874 quinm-um
748 829 908 868 viventes
923 841 943 867 a
960 833 1124 876 mortuis,
1135 833 1208 871 'scd
1227 841 1338 881 quan-

273 893 348 922 tum
375 887 506 924 mortui
525 898 546 924 a
565 889 732 926 mortuis.
753 889 818 936 Qui
841 893 936 928 enim
954 893 1040 929 vivit
1052 921 1062 937 ,
1081 894 1221 932 etiamsi
1239 907 1338 933 mor-

271 953 370 985 tuum
387 957 458 984 non
471 951 717 996 concupiscat,
733 957 770 987 at
786 953 857 988 alio
873 953 982 990 modo
999 955 1123 1000 sentit,-
1141 955 1218 994 ‘sive
1229 957 1338 995 mire-

271 1013 330 1044 tur
345 1011 512 1054 prostrati
531 1010 850 1057 pulchritudinem,
865 1013 942 1052 sive
960 1015 1076 1062 ipsum
1090 1018 1280 1056 miseretur
1294 1029 1336 1057 ac

270 1068 434 1116 deploret
454 1082 463 1107 :
483 1074 645 1110 mortuus
660 1079 780 1111 autem
796 1085 882 1124 erga
906 1083 1086 1114 mortuum
1107 1089 1151 1116 ne
1171 1081 1231 1116 tali
1251 1081 1333 1127 qui-

269 1129 352 1166 dem
367 1130 496 1168 aﬂectu
510 1139 578 1169 est.
590 1133 666 1170 Hoc
679 1135 788 1182 igitur
799 1135 984 1175 declarare
996 1147 1079 1176 cum
1095 1140 1214 1185 vellet,
1231 1148 1332 1188 post-

269 1200 375 1236 quam
394 1190 546 1238 dixerat,
566 1193 654 1230 Mihi
671 1196 817 1233 ntundus
833 1199 1017 1244 enormem
1036 1205 1104 1245 est,
1120 1201 1270 1248 addidit,
1288 1203 1334 1240 Et

269 1261 329 1298 ego
340 1253 479 1290 mundo.
493 1253 600 1292 Vides
614 1265 720 1303 quam
731 1257 836 1305 longe
849 1259 975 1298 aberat
985 1260 1030 1298 ab
1041 1262 1142 1308 orbe,
1155 1265 1335 1310 quomodo

272 1313 308 1349 in
329 1321 422 1351 terra
437 1315 606 1362 gradiens
619 1318 664 1354 ad
683 1319 798 1366 ipsum
815 1322 1030 1360 transilierat
1043 1323 1120 1360 caeli
1138 1325 1307 1362 verticem
1317 1327 1334 1362 ?

317 1377 424 1414 Pauli
443 1389 524 1426 erga
541 1379 716 1417 Christum
733 1393 832 1419 arnor
851 1385 953 1421 oculos
971 1396 1086 1424 omnes
1108 1389 1332 1426 transcendit.

266 1440 382 1477 -—-Nc
411 1441 498 1478 mihi
529 1452 794 1483 cmmemores
823 1447 1001 1484 montium
1030 1450 1231 1495 cacumina,
1261 1461 1332 1488 non

265 1503 390 1548 saltus,
421 1514 492 1541 non
517 1505 644 1550 valles,
674 1517 745 1543 non
770 1509 1001 1546 solitudinem
1031 1509 1184 1555 inviam;
1212 1519 1333 1559 neque

265 1565 361 1601 enim
383 1565 460 1602 haec
488 1567 564 1602 sola
583 1569 672 1604 satis
693 1575 777 1605 sunt
801 1570 845 1606 ad
863 1571 994 1608 animae
1020 1573 1212 1609 tumultum
1231 1575 1331 1610 aufe-

271 1626 434 1672 rendum,
457 1628 519 1666 sed
545 1629 602 1665 illa
624 1639 716 1676 opus
736 1637 791 1668 est
813 1631 970 1677 ﬂamma,
991 1643 1097 1681 quam
1115 1635 1278 1672 Christus
1296 1637 1330 1674 in

268 1688 369 1725 Pauli
389 1690 506 1726 anima
522 1691 699 1736 incendit;
724 1692 850 1731 beatus
869 1701 988 1732 autem
1009 1695 1068 1733 ille
1087 1706 1152 1743 per
1165 1697 1332 1744 spiritna.

265 1748 334 1786 lem
359 1750 449 1787 hanc
467 1752 719 1799 cogitationem
739 1753 851 1801 ipsam
865 1755 966 1800 fovit,
979 1762 1015 1794 et
1025 1757 1069 1794 ad
1092 1763 1225 1794 tantam
1242 1759 1328 1796 sob-

263 1809 450 1848 limitate'm
481 1813 632 1857 extulit,
671 1820 710 1851 ut
737 1825 818 1852 cum
850 1825 870 1852 a
902 1821 998 1854 terra
1033 1817 1254 1865 incepisset,
1284 1819 1328 1856 ad

264 1871 380 1918 ipsum
395 1873 522 1910 caelum
542 1875 742 1922 pertigerit,
763 1877 834 1913 imo
861 1883 898 1915 et
923 1879 966 1914 ad
984 1880 1112 1916 caelum
1140 1881 1204 1918 illo
1222 1891 1329 1928 stipe.

261 1935 349 1979 rius,
369 1941 406 1972 et
425 1936 468 1972 ad
491 1937 586 1973 aliud
609 1937 737 1974 iterum
759 1950 768 1974 :
788 1939 864 1986 ipse
882 1951 1037 1988 namque
1057 1952 1170 1990 usque
1188 1943 1233 1980 ad
1254 1949 1326 1980 ter-

261 1997 346 2034 tium
371 1999 498 2035 cadum
527 2007 650 2048 raptus
675 2007 730 2038 est
755 2013 763 2037 :
786 2011 888 2038 amor
916 2009 1037 2040 autem
1065 2004 1145 2052 ejus
1175 2011 1211 2042 et
1241 2015 1327 2053 erga

259 2059 438 2096 Christum
467 2061 612 2098 dilectio
632 2073 702 2099 non
732 2069 806 2100 tres
826 2063 962 2108 solum,
985 2064 1047 2101 sed
1068 2071 1194 2102 omnes
1215 2067 1326 2104 etiam

257 2122 366 2158 cados
383 2123 616 2160 transcendit.
631 2123 718 2160 Nam
733 2133 886 2172 corpore
905 2125 1049 2172 quidem
1065 2127 1216 2173 pusillus
1231 2135 1324 2174 erat,

257 2184 418 2230 nihilque
436 2186 592 2232 amplius
617 2195 724 2233 quam
751 2191 818 2223 nes
836 2189 870 2223 in
896 2188 965 2224 hac
989 2198 1030 2224 re
1047 2188 1172 2225 habuit
1191 2201 1200 2224 :
1223 2190 1328 2237 spiri-

257 2245 344 2282 tuali
373 2251 492 2283 autem
526 2245 656 2284 allecti:
691 2256 820 2285 omnes
853 2249 913 2296 qui
950 2249 986 2285 in
1015 2255 1110 2286 terra
1139 2256 1327 2288 versantur

257 2306 423 2344 homines
444 2307 551 2356 longe
571 2309 763 2346 intervallo
783 2311 976 2356 superavit.
1000 2311 1122 2359 Neque
1141 2313 1275 2350 errabit
1295 2315 1325 2350 si

256 2368 337 2416 quis
367 2374 531 2406 sanctum
553 2369 651 2408 illum
671 2371 768 2408 circa
795 2382 870 2410 rem
889 2372 983 2410 hanc
1002 2374 1157 2421 imagine
1172 2375 1234 2411 tali
1262 2385 1326 2412 cx-

257 2431 390 2477 primat
417 2443 427 2468 :
448 2433 756 2480 quemadmodum
788 2434 818 2470 si
851 2433 994 2471 flamma
1019 2436 1188 2482 quasdam
1214 2442 1326 2474 totam

259 2498 362 2529 terra;
374 2493 598 2541 superﬁcietn
617 2504 811 2542 occupans,
827 2501 862 2532 et
881 2496 916 2532 in
931 2497 1041 2533 altum
1059 2497 1152 2534 elata
1168 2497 1326 2545 undique

261 2553 439 2591 carlestem
459 2555 620 2602 apsidet'n
647 2562 852 2604 praetereat,
885 2563 922 2594 et
951 2567 1072 2594 aerem
1098 2568 1207 2606 supra
1226 2559 1325 2596 illam

263 2616 418 2662 positum
437 2618 650 2664 pervadens,
671 2619 748 2657 sive
767 2626 832 2657 aer
849 2619 910 2656 ille
926 2620 993 2665 sit,
1015 2621 1092 2658 sive
1110 2621 1208 2658 aliud
1221 2621 1326 2668 quid-

260 2676 361 2721 libet,
399 2679 648 2716 intermedium
675 2681 826 2718 duorum
853 2683 1022 2720 crcior-nm
1051 2683 1135 2730 igne
1163 2683 1322 2730 repleat;

259 2749 375 2786 neque
393 2739 450 2778 hic
462 2751 607 2778 cursum
620 2743 736 2786 sistat,
753 2744 815 2780 sed
831 2744 874 2780 ad
892 2745 1036 2782 tertium
1052 2745 1161 2782 etiam
1175 2751 1324 2794 repente

259 2806 466 2845 translucet,
489 2803 679 2850 omniaque
699 2813 808 2840 unum
829 2815 954 2853 rogum
979 2807 1125 2853 efﬁciat,
1147 2813 1254 2844 tanta;
1272 2807 1324 2845 la-

257 2861 420 2898 titudinis
439 2868 606 2910 quantam
623 2863 735 2902 habet
753 2866 918 2904 universa
939 2873 1048 2912 terra,
1067 2875 1177 2906 tanta:
1198 2869 1323 2906 altitu-

256 2923 365 2969 dinis,
386 2932 558 2972 quantum
577 2927 682 2974 spatii
699 2937 719 2964 a
739 2928 844 2965 tertio
863 2929 952 2966 caelo
970 2930 1017 2967 ad
1035 2941 1102 2968 nos
1114 2941 1232 2978 usque
1251 2937 1322 2968 est.

256 2985 306 3024 Ne
322 2988 374 3024 sic
389 2988 534 3036 quidem
554 2996 642 3038 puto
658 2991 716 3028 vel
737 2997 879 3038 partem
905 2993 1162 3040 aliquantulam
1187 2995 1322 3032 amoris

255 3048 332 3095 ejus
359 3061 416 3088 me
442 3053 678 3099 expressisse.
698 3053 800 3098 Quod
819 3061 937 3092 autem
965 3055 1044 3093 haec
1071 3066 1142 3094 non
1161 3057 1234 3093 sint
1255 3067 1324 3104 per

257 3105 474 3158 hyperbolen
495 3115 604 3161 dicta,
626 3116 750 3153 videre
777 3119 908 3164 poterit
927 3120 1089 3167 quisquis
1113 3130 1154 3158 ea
1177 3121 1318 3168 legerit,

257 3182 335 3219 qna-
363 3175 407 3212 ad
445 3177 665 3216 Demetrium
699 3179 824 3217 eadem
859 3181 904 3218 de
935 3193 974 3220 re
1005 3184 1230 3231 scripsimus.
1262 3185 1322 3224 Sic

257 3241 398 3281 oportet
413 3235 592 3276 Christum
611 3250 747 3285 amare,
769 3243 821 3280 sic
839 3253 860 3280 a
879 3245 985 3282 relms
1003 3247 1240 3292 pricsentibu's
1257 3247 1321 3285 ab-

257 3297 398 3333 sistere.
421 3298 522 3337 Tales
538 3308 640 3339 erant
659 3309 864 3342 sanctorum
884 3307 1142 3354 prophetarum
1159 3309 1294 3346 anima:
1307 3337 1318 3354 ,

257 3359 410 3406 ideoque
422 3361 510 3399 alios
522 3371 736 3412 acceperunt
750 3367 888 3404 oculos.
905 3368 1000 3407 Sane
1013 3370 1107 3418 quod
1123 3372 1172 3408 illi
1191 3382 1210 3408 a
1225 3380 1320 3419 prae-

255 3420 418 3457 sentibus
442 3431 484 3458 se
505 3433 746 3474 segregarem,
775 3427 810 3464 id
837 3429 978 3466 illorum
1007 3432 1202 3480 diligentia:
1228 3445 1320 3482 opus

255 3489 331 3519 erat
351 3495 360 3519 :
379 3483 474 3530 quod
491 3495 578 3522 vero
597 3494 718 3533 postea
734 3489 795 3526 alii
823 3490 890 3526 sibi
911 3493 1137 3538 aperi-rentur
1162 3494 1206 3532 ad
1225 3495 1322 3532 futu-

254 3555 376 3583 rorum
407 3549 742 3594 contemplationem
767 3553 880 3598 oculi,
905 3554 994 3590 illud
1019 3555 1162 3593 demum
1185 3557 1318 3596 divina:

255 3607 379 3654 gmtiae
395 3613 487 3644 erat.
507 3608 603 3646 Talis
629 3617 706 3648 erat
724 3613 889 3658 Elisams,
909 3615 969 3664 qui
987 3622 1176 3664 postquam
1196 3619 1317 3656 omnia

253 3671 441 3708 smcnlaria
463 3670 642 3718 despexit,
662 3675 764 3722 regni
788 3677 942 3714 cmlcstis
962 3686 1086 3717 amore
1102 3687 1226 3728 captus
1245 3688 1314 3728 est,

257 3732 519 3781 prmsentiaque
537 3733 657 3771 omnia
683 3737 832 3783 respuit,
853 3749 1004 3786 regnum
1023 3751 1164 3790 nempe,
1188 3750 1315 3792 poten-

253 3799 353 3839 tiam,
379 3795 530 3842 gloriam
561 3803 598 3834 et
625 3798 799 3836 honorem
829 3800 873 3838 ab
899 3803 1066 3841 omnibus
1090 3805 1312 3853 exhibitura;

252 3855 340 3894 vidit
361 3867 402 3894 ea
421 3866 498 3907 qua:
519 3859 636 3898 nullus
653 3871 823 3909 {linquant
849 3863 1009 3913 viderat,
1038 3873 1196 3906 montem
1216 3877 1312 3908 Inte-

877 203 936 240 [δε
961 195 1328 256 ceuruucrtoue,
1355 210 1417 248 Al)
1441 207 1748 252 srmecmun.
1775 211 1860 252 LIB.
1887 213 1932 252 n.

2411 219 2478 256 IN

1416 294 1536 331 grum,
1557 296 1728 333 equorum
1749 289 1952 336 i'gneornm,
1973 296 2141 328 curruum
2157 319 2168 336 ,
2190 293 2410 340 militumque
2427 295 2477 332 εἰη

1414 345 1550 382 milium
1567 349 1725 385 exercitu
1743 356 1922 396 opertum.
1938 351 2026 388 Nam
2042 353 2102 399 qui
2119 355 2310 399 praesentia
2323 352 2476 392 admira-

1413 412 1494 452 tur,
1532 407 1733 446 l‘uturoru'm
1769 413 2073 458 contemplatione
2114 424 2309 461 numquam
2350 415 2477 462 dignus

1414 467 1631 506 habebitur:
1653 471 1713 518 qui
1734 479 1852 509 autem
1875 474 1931 510 illa
1953 475 2120 522 decpic‘it,
2141 482 2178 513 et
2197 477 2308 514 nihilo
2325 479 2476 516 meliora

1412 535 1514 575 putat
1539 530 1664 567 umbra
1694 538 1730 568 et
1756 535 1914 579 somnio,
1938 535 2010 572 cito
2037 546 2164 584 magna
2195 538 2254 574 illa
2281 539 2476 585 spiritualia

1411 598 1663 638 consequetur.
1679 594 1974 643 Quandoquidem
1992 604 2028 634 et
2045 607 2110 635 nos
2127 599 2269 637 divitias
2287 601 2372 638 viris
2389 605 2475 640 eon-

1409 658 1578 698 gruentes
1591 653 1671 690 ﬁliis
1681 657 1814 694 nostris
1833 657 2056 703 exhibemus,
2073 669 2154 696 cum
2169 661 2248 698 iHos
2268 662 2365 699 viros
2378 673 2474 708 esse,

1409 717 1446 749 et
1463 714 1613 759 puerilia
1632 716 1752 752 omnia
1773 717 1958 763 despicere
1977 719 2140 756 ridemus
2159 732 2170 758 :
2189 721 2358 768 quamdiu
2379 725 2474 760 enim

1410 773 1469 810 illa
1498 775 1688 820 mirantur,
1719 777 1774 814 his
1802 778 1882 814 illos
1907 779 2071 826 indignos
2095 781 2326 819 arbitramur.
2346 785 2474 821 Anima

1409 834 1539 881 quippe
1559 845 1638 882 quae
1659 847 1766 883 parva
1782 843 1818 874 et
1837 839 2024 876 saecularia
2041 840 2227 888 despicere
2244 852 2315 879 nou
2334 843 2470 888 didicit,

1407 895 1565 933 caelestia
1594 897 1718 934 mirari
1751 909 1822 935 non
1855 901 2006 947 poterit;
2041 903 2191 949 parique
2217 903 2324 940 modo
2353 905 2383 940 si
2413 905 2472 940 illa

1405 958 1571 1004 miretur,
1591 965 1662 996 non
1679 961 1808 1007 poterit
1827 961 1904 998 haec
1924 973 1994 998 non
2015 963 2180 1001 irridere.
2201 963 2277 1002 lloc
2295 971 2332 1002 et
2349 966 2472 1003 beatus

1406 1019 1538 1057 Paulus
1565 1021 1708 1059 diccbat
1740 1035 1749 1060 :
1774 1033 1990 1071 quamquam
2019 1026 2115 1062 enim
2146 1026 2280 1064 dictum
2311 1027 2398 1064 illud
2426 1029 2473 1066 de

1407 1080 1635 1128 dogmatibus
1665 1083 1840 1128 prolatum
1862 1091 1932 1129 est,
1958 1092 2160 1132 opportune
2185 1095 2304 1125 tamen
2329 1089 2374 1126 de
2392 1099 2472 1126 nte-

1406 1141 1506 1178 ribus
1523 1148 1559 1178 et
1573 1142 1619 1178 de
1631 1143 1740 1180 donis
1752 1144 1894 1181 dicatur
1913 1157 1924 1181 :
1940 1146 2107 1184 Animalia
2127 1147 2226 1184 homo
2242 1158 2311 1186 non
2331 1151 2473 1197 percipit

1405 1214 1446 1240 ea
1459 1213 1534 1248 qua
1551 1211 1628 1240 sunt
1643 1203 1793 1252 Spiritus
1808 1205 1874 1242 Dei
1889 1207 1938 1254 (l.
1959 1207 2039 1244 Cor.
2060 1208 2097 1244 2.
2117 1209 2193 1256 14).

1453 1265 1488 1302 5.
1509 1264 1624 1302 David
1652 1266 1824 1304 Christum
1852 1270 2008 1306 ardenter
2035 1271 2183 1307 amabat.
2202 1293 2250 1298 —
2271 1273 2318 1310 Ut
2345 1274 2467 1321 itaque

1404 1325 1581 1372 dicebam,
1611 1327 1890 1366 sollicitudinem
1918 1332 2168 1378 requiramus,
2201 1343 2274 1370 non
2307 1333 2467 1370 locorum

1404 1395 1557 1433 tantum,
1578 1389 1642 1426 sed
1669 1391 1775 1428 ctiam
1795 1393 1969 1439 propositi
1991 1405 2000 1428 :
2022 1399 2129 1440 atque
2147 1400 2231 1432 ante
2249 1396 2368 1432 omnia
2389 1397 2470 1433 ani-

1403 1457 1499 1486 mam
1517 1449 1690 1488 ducamus
1707 1451 1743 1488 in
1763 1452 1880 1500 ipsam
1901 1461 1972 1490 non
1991 1453 2187 1492 habitatum
2210 1461 2358 1494 terram.
2379 1459 2468 1495 Cum

1402 1510 1464 1546 tali
1475 1519 1635 1558 namque
1653 1513 1763 1549 animi
1783 1513 1913 1551 aliectu
1931 1515 2057 1552 beatus
2075 1517 2200 1562 David,
2220 1519 2346 1556 urbem
2369 1519 2468 1556 inco-

1403 1569 1481 1606 lens
1496 1575 1534 1607 et
1549 1581 1699 1618 regnum
1719 1573 1972 1612 administrans
1989 1576 2212 1624 inﬁnitisque
2228 1579 2469 1618 circumdatus

1402 1632 1512 1678 curis,
1529 1633 1713 1671 ardentius
1722 1645 1832 1682 quam
1848 1635 1886 1680 ii,
1906 1637 1965 1684 qui
1983 1639 2212 1676 solitudinem
2231 1648 2466 1688 occuparunt,

1402 1695 1516 1730 amori
1537 1694 1670 1731 Christi
1696 1696 1916 1734 adhaerebat.
1947 1698 2143 1748 Lacrymas
2163 1703 2259 1739 enim
2279 1703 2358 1740 illas
2371 1731 2382 1748 ,
2401 1713 2467 1752 ge-

1401 1753 1534 1798 mitus,
1575 1761 1609 1792 et
1644 1755 1750 1793 ﬂetus
1785 1758 1844 1796 die
1877 1765 2054 1808 nocteque
2088 1761 2235 1809 effusos,
2267 1765 2329 1802 vix
2355 1771 2466 1804 unum

1399 1815 1536 1852 duosve
1553 1826 1693 1862 eorum,
1713 1818 1777 1865 qui
1797 1829 1892 1856 nunc
1908 1821 2070 1859 cruciﬁxi
2089 1830 2195 1870 sunt,
2216 1824 2390 1864 exhibere
2409 1827 2466 1864 vi-

1399 1876 1560 1921 deamus,
1575 1879 1611 1915 ‘si
1635 1885 1759 1918 tamen
1780 1882 1956 1929 quispiam
1985 1887 2196 1932 reperiatur.
2217 1887 2342 1936 Neque
2369 1891 2464 1928 ollim

1399 1939 1506 1977 ﬂetus
1523 1947 1660 1978 tantum
1680 1944 1936 1984 considerandi
1953 1953 2050 1991 sunt,
2073 1949 2136 1986 sed
2157 1951 2236 1998 quis
2255 1952 2337 1990 illos
2356 1953 2465 1992 emit-

1398 2006 1490 2039 teret
1505 2001 1697 2050 diligenter
1722 2007 1997 2054 perspiciamus.
2019 2008 2096 2047 Non
2119 2011 2212 2050 idem
2235 2019 2290 2050 est
2310 2015 2344 2051 in
2366 2021 2464 2056 tanta

1397 2061 1570 2110 dignitate
1585 2065 1756 2112 positum,
1773 2068 1818 2105 ab
1832 2069 2001 2106 omnibus
2020 2071 2146 2110 honori
2167 2073 2340 2122 habitum,
2359 2080 2464 2125 (prem

1397 2135 1505 2162 nemo
1533 2127 1720 2174 increpare
1749 2136 1883 2176 posset,
1917 2131 2113 2178 humiliari,
2147 2137 2330 2174 incurvari
2356 2148 2467 2186 seque

1397 2187 1514 2235 ipsum
1534 2199 1732 2236 macerare,
1752 2198 1860 2240 cuiue
1883 2193 1955 2231 hoc
1979 2195 2100 2241 ipsum
2125 2196 2248 2236 facere
2275 2199 2388 2243 illum,
2405 2200 2465 2238 cui

1395 2250 1485 2287 nihil
1512 2251 1640 2289 horum
1669 2261 1862 2300 competat.
1890 2255 2076 2304 Siquidem
2106 2259 2220 2298 multa
2247 2271 2312 2298 re!
2342 2261 2464 2305 habet,

1396 2323 1476 2360 qua:
1497 2313 1614 2359 ipsum
1638 2315 1683 2352 ad
1713 2326 1793 2354 sese
1817 2317 2070 2358 cﬂ‘undendmn
2099 2322 2292 2368 adducant,
2311 2335 2464 2372 quicque

1396 2372 1596 2419 impediant
1614 2377 1806 2421 quominus
1834 2379 1992 2416 animam
2016 2381 2162 2428 colligat
2180 2393 2296 2419 suam.
2320 2385 2466 2422 Diurnis

1397 2444 1553 2481 namque
1570 2435 1710 2472 deliciis
1730 2442 1767 2473 et
1783 2439 1960 2476 conviviis
1975 2440 2204 2488 dissolvitur,
2219 2453 2262 2480 ac
2280 2446 2400 2482 mollis
2412 2447 2464 2482 ef-

1397 2493 1530 2538 ﬁcitur,
1553 2495 1698 2533 inﬂatur
1716 2499 1875 2544 potentia
1892 2509 1961 2536 sua
1983 2507 2021 2538 et
2039 2502 2074 2538 in
2093 2501 2337 2551 arrogantiam
2355 2503 2463 2544 εκεῖ-ι

1397 2559 1484 2592 tur:
1507 2555 1746 2604 illmnglerite
1765 2568 1868 2596 amor
1885 2562 1971 2605 urit,
2001 2572 2070 2600 nec
2103 2565 2222 2601 minus
2252 2575 2460 2614 corporum,

1396 2617 1555 2664 potentia
1585 2620 1742 2666 genitus,
1761 2626 1798 2658 et
1815 2622 1971 2660 nutritus
1995 2623 2148 2662 deliciis.
2171 2625 2226 2662 Ad
2248 2627 2325 2664 haac
2355 2635 2460 2666 cura—

1395 2689 1474 2716 rum
1495 2680 1657 2718 turbines
1683 2682 1800 2728 ipsum
1821 2683 1978 2732 undique
2003 2685 2214 2725 invadentes
2237 2698 2310 2724 non
2329 2690 2462 2736 minus,

1395 2751 1502 2790 quam
1532 2743 1584 2780 illi
1612 2743 1674 2780 alii
1701 2743 1866 2789 allectus,
1897 2747 2009 2794 ipsius
2034 2747 2194 2786 animum
2224 2752 2461 2798 perturbant:

1393 2814 1507 2850 quare
1523 2815 1570 2842 ne
1587 2805 1778 2844 minimum
1795 2807 1940 2853 quidem
1957 2812 2188 2858 compunctie
2207 2813 2342 2850 aditum
2360 2815 2462 2852 inve-

1394 2866 1474 2904 nire
1489 2867 1624 2914 poterit
1643 2873 1694 2905 tot
1712 2869 1972 2909 munitionibus
1993 2871 2137 2919 repulsa
2154 2884 2163 2909 :
2185 2883 2283 2921 δἐι-θ
2308 2885 2463 2924 namque

1393 2929 1449 2966 vel
1477 2929 1514 2966 in
1539 2929 1658 2966 anima
1683 2929 1740 2968 his
1762 2931 1928 2969 obicibus
1958 2933 2069 2970 libera
2095 2934 2168 2972 hoc
2191 2935 2324 2972 bonum
2354 2938 2462 2974 inseri

1393 2998 1527 3040 potest.
1561 2993 1726 3030 Privatus
1757 2999 1879 3032 autem
1907 2993 2017 3032 homo
2048 2996 2254 3042 huiusmodi
2284 2999 2462 3035 tumultus

1393 3063 1524 3101 expers
1550 3055 1698 3092 omnino
1731 3061 1800 3100 est,
1836 3056 1906 3093 nisi
1940 3056 1987 3093 sit
2019 3057 2212 3094 admodum
2245 3067 2459 3105 pervorsus;

1392 3117 1627 3166 quamobrem
1645 3127 1727 3154 cum
1743 3117 1875 3155 minori
1895 3117 2106 3156 difﬁcultate
2122 3121 2256 3167 poterit
2273 3121 2364 3158 hanc
2384 3132 2460 3158 rem

1393 3181 1511 3226 adire,
1535 3190 1644 3228 quam
1666 3181 1696 3218 is
1717 3181 1778 3228 qui
1799 3181 1834 3218 in
1865 3183 2038 3229 potentia,
2058 3183 2212 3230 imperio
2227 3189 2262 3221 et
2281 3184 2380 3221 cultu
2398 3183 2461 3221 tali

1391 3242 1504 3292 degit.
1525 3243 1578 3280 Ac
1595 3243 1898 3290 quemadmodum
1917 3243 2080 3289 dil‘ﬁcile,
2100 3245 2174 3282 imo
2187 3245 2310 3292 potius
2327 3245 2460 3293 impos-

1391 3307 1497 3344 sibile
1516 3312 1570 3344 est
1590 3306 1710 3354 ignem
1720 3315 1808 3343 eum
1827 3316 1917 3354 aqua
1943 3307 2110 3351 miscere,
2133 3307 2180 3344 ita
2201 3317 2273 3344 non
2293 3314 2380 3355 puto
2399 3307 2461 3345 de-

1391 3369 1492 3407 licias
1504 3374 1546 3406 et
1563 3369 1878 3416 compundlonem
1897 3369 2004 3406 simul
2020 3379 2103 3406 ease
2121 3377 2230 3417 posse
2250 3382 2258 3407 :
2279 3377 2362 3406 nam
2382 3370 2460 3406 haec

1393 3431 1572 3470 contraria
1601 3437 1699 3476 sunt,
1726 3437 1764 3468 et
1796 3422 1904 3468 umnn
1933 3432 1980 3469 ab
2011 3432 2124 3472 altero
2154 3432 2365 3470 demitur.
2395 3431 2458 3467 Illa

1391 3495 1488 3532 enim
1516 3501 1634 3531 mater
1665 3499 1722 3530 est
1748 3493 1986 3542 lacrymarum
2023 3501 2060 3531 et
2090 3493 2353 3541 temperantiae,
2381 3491 2459 3528 haec

1389 3558 1484 3594 risus
1503 3563 1538 3594 et
1563 3557 1740 3594 insanin:
1764 3557 1821 3594 illa
1837 3557 1953 3595 levem
1973 3557 2094 3594 etalis
2112 3557 2322 3593 instructam
2345 3552 2460 3589 eﬂicit

1388 3621 1561 3665 aninmn,
1579 3620 1637 3657 hic
1653 3630 1741 3658 vero
1764 3620 1916 3669 plumbo
1932 3620 2136 3666 gratiorem
2150 3616 2388 3653 munitum“.
2410 3615 2458 3651 At

1389 3682 1548 3720 nondum
1567 3681 1602 3718 id
1618 3681 1716 3730 quod
1729 3682 1851 3729 majus
1865 3687 1926 3718 est
1944 3681 2030 3724 dini,
2049 3677 2221 3715 'Davidem
2235 3675 2376 3713 scilicet
2391 3675 2455 3712 illo

1389 3744 1717 3792 temporevixisse.
1737 3754 1810 3792 quo
1828 3752 1903 3780 non.
1917 3746 2014 3778 tanta
2032 3738 2281 3796 postulabatur
2297 3737 2380 3774 vita:
2394 3736 2454 3773 di-

1388 3807 1558 3856 ligentia;
1579 3817 1646 3845 nos
1669 3812 1788 3843 autem
1809 3813 1905 3841 nunc
1932 3803 1966 3840 in
1984 3807 2169 3839 certamen
2183 3797 2455 3843 descendisms,

1389 3881 1472 3910 cum
1498 3881 1570 3909 non
1602 3871 1672 3908 alia
1700 3867 1809 3906 modo
1827 3865 1970 3909 delicta,
1999 3862 2063 3900 sed
2093 3863 2169 3910 ipse
2197 3861 2292 3900 risus
2316 3862 2456 3908 tuang
