2734 4342
289 222 357 260 415

289 296 470 335 obnoxius
503 296 558 328 est
586 286 723 336 ρωιιὶε,
753 282 818 320 sed
846 281 966 318 luctus
989 282 1026 314 et
1048 272 1196 312 afllictio
1226 270 1362 317 ubique

289 331 468 396 laudatur.
497 331 666 389 Attamen
699 346 828 383 beatus
858 342 920 378 ille
950 340 1006 376 his
1039 335 1208 374 omnibus
1239 331 1363 370 fractis

289 416 466 457 obicibus,
487 412 539 448 sic
557 409 654 446 illam
674 405 816 443 fortiter
835 401 1006 449 suscepit,
1026 397 1130 447 quasi
1149 405 1242 433 unus
1262 399 1364 431 esset

289 490 334 516 ex
350 473 601 515 multitudine,
625 479 668 506 ac
687 477 732 504 ne
761 476 824 514 per
843 463 1024 502 somnium
1046 459 1191 508 quidem
1213 465 1365 504 regnum

291 539 470 586 regiamve
509 530 815 580 magniﬁcentiam
851 527 1002 564 vidisset
1037 535 1047 561 :
1081 527 1294 567 tantamque
1328 517 1365 554 in

291 579 469 650 purpura,
490 597 525 633 in
546 579 750 632 diademate
769 597 806 628 et
831 590 866 626 in
886 587 986 635 regio
1002 584 1094 622 solio
1110 579 1366 630 eompunctio-

293 643 374 698 ncm
396 658 580 702 exhibuit,
601 660 772 704 quantam
792 653 822 688 is
841 651 903 698 qui
922 649 958 686 in
976 655 1097 691 sacco,
1119 644 1156 681 in
1175 643 1312 687 cinere,
1333 645 1371 678 et

293 724 328 760 in
350 719 546 759 solitudine
573 703 689 756 sedet.
718 713 879 752 Atenim
894 711 954 757 iis,
975 706 1108 755 quibus
1135 705 1206 742 hoc
1234 703 1369 740 bonum

294 795 381 824 vere
409 781 676 831 supervenerit,
699 782 838 815 tantum
869 773 982 811 robur
1007 769 1174 813 exhibet,
1195 771 1370 814 quantum

294 848 387 896 ignis
418 847 455 884 in
484 844 614 891 spinis.
653 841 729 878 lloc
757 836 924 886 quamvis
955 832 1141 870 hominem
1173 826 1372 867 innumeris

295 893 530 958 pra-fucatum
559 904 664 942 malis
685 901 855 950 reperiat,
873 897 1039 946 quamvis
1059 893 1186 932 multis
1205 895 1372 940 peceato-

299 956 379 1011 rum
420 969 588 1008 funiculis
624 965 885 1006 constrictum,
923 958 1090 1008 quamvis
1121 956 1374 994 vehementem

297 1033 458 1072 offendat
476 1028 854 1078 concupiscentiarum
873 1023 1070 1067 ﬂammam,
1089 1019 1254 1068 quamvis
1280 1015 1375 1054 mul-

300 1106 375 1135 tum
391 1097 684 1134 circumstantem
699 1089 926 1129 saecularium
941 1095 1062 1124 rerum
1079 1082 1285 1124 tumultum,
1301 1079 1378 1116 haec

300 1159 422 1196 omnia
441 1156 560 1194 subito
580 1165 647 1192 ceu
665 1151 822 1201 quodam
846 1148 990 1196 ﬂagello
1008 1145 1170 1194 depellit,
1198 1149 1235 1180 et
1251 1139 1378 1190 procul

301 1221 412 1268 abigit
431 1220 477 1256 ab
495 1218 630 1254 anima.
649 1216 703 1253 Ac
722 1210 1026 1262 quemadmodum
1041 1214 1167 1245 contra
1186 1206 1260 1242 vim
1281 1202 1378 1240 venti

302 1282 527 1320 vehementis
547 1287 742 1326 numquam
759 1275 876 1313 tenuis
893 1273 1010 1320 pulvis
1025 1269 1180 1314 steterit,
1199 1269 1248 1304 ita
1263 1274 1380 1313 neque

303 1342 679 1391 concupiscentiarum
695 1335 889 1377 multitudo
905 1331 1195 1380 eompunctionis
1211 1329 1381 1375 ingruen-

304 1413 378 1444 tem
396 1389 466 1442 vim
485 1403 665 1442 sustinere
685 1399 832 1448 poterit,
852 1397 917 1436 sed
935 1397 995 1434 illa
1015 1393 1228 1438 destruitur,
1249 1389 1382 1438 pulve-

305 1479 418 1516 reque
443 1477 487 1503 ac
515 1465 616 1502 fumo
643 1462 751 1500 citius
780 1461 990 1508 dissipatur.
1013 1457 1103 1494 Nam
1131 1455 1162 1492 si
1189 1463 1383 1502 corporum

307 1541 410 1568 amor
441 1529 599 1566 animam
630 1527 679 1563 ita
709 1525 888 1572 captivam
918 1521 1045 1563 efficit,
1075 1526 1116 1557 ut
1141 1518 1188 1556 ab
1216 1517 1386 1554 onmibus

307 1593 405 1629 illam
427 1589 596 1634 abducat,
609 1588 742 1635 unique
761 1585 886 1622 amica:
901 1581 1082 1632 tyrannidi
1100 1578 1284 1627 subjiciat,
1299 1575 1386 1626 quid

309 1663 382 1690 n0n
403 1651 539 1690 efﬁciat
554 1659 657 1687 amor
679 1647 828 1692 Christi,
849 1652 1040 1692 metusque
1056 1653 1103 1680 ne
1123 1642 1185 1680 ille
1201 1639 1348 1679 secedat
1365 1648 1386 1676 a

310 1713 444 1750 nobis?
461 1711 566 1758 Quod
583 1717 780 1756 utrumque
805 1709 852 1745 ita
877 1705 1066 1754 prophetae
1087 1705 1249 1741 animum
1271 1703 1388 1749 agita-

311 1775 386 1818 bat,
417 1779 456 1810 ut
481 1771 676 1822 aliquando
701 1770 840 1806 diceret
861 1781 870 1803 :
893 1765 1192 1812 Quemadmodum
1217 1763 1390 1800 desiderat

313 1847 430 1874 cervus
447 1834 493 1872 ad
518 1835 628 1882 [antes
646 1841 832 1880 aquarum,
849 1831 897 1865 ita
916 1827 1090 1864 desiderat
1109 1826 1228 1862 anima
1253 1835 1328 1861 mea
1344 1825 1390 1860 ad

315 1908 360 1946 lc,
392 1899 484 1937 Deus
502 1897 618 1946 (Psal.
635 1897 696 1934 «11.
727 1895 790 1944 1);
820 1903 864 1930 ac
891 1901 1032 1936 rursus,
1053 1890 1180 1927 Anima
1203 1899 1279 1926 mea
1302 1888 1390 1924 sicut

316 1970 406 2000 terra
423 1961 495 1998 sine
521 1970 610 2008 aqua
629 1959 713 2002 tibi;
733 1962 784 2002 et,
815 1955 969 1992 Adhwsit
995 1953 1111 1989 anima
1129 1962 1205 1988 mea
1231 1957 1305 1999 post
1334 1956 1391 1993 te;

315 2023 510 2073 aliquando
526 2029 662 2066 autem,
683 2021 844 2065 Domine,
862 2029 904 2055 ne
925 2019 960 2054 in
975 2020 1093 2066 furore
1109 2022 1168 2052 tuo
1183 2025 1309 2064 arguas
1324 2024 1390 2057 me,

318 2098 424 2134 neque
451 2087 487 2123 in
507 2086 559 2122 ira
585 2091 646 2122 tua
669 2083 836 2130 corripias
855 2091 908 2118 me
928 2079 1043 2128 (Psal.
1067 2077 1150 2116 M2.
1169 2076 1206 2114 ϐ.
1227 2083 1258 2114 et
1274 2075 1334 2114 69..
1353 2075 1390 2113 9.

321 2157 351 2187 ct
365 2150 402 2188 ϋ.
421 2149 476 2197 2).

369 2225 406 2260 4.
434 2223 620 2270 Inscriptio
638 2222 774 2270 psalmi,
795 2221 865 2258 Pro
884 2227 1024 2264 octava,
1046 2218 1128 2267 quid
1143 2217 1327 2265 signiﬁcat.
1347 2235 1396 2243 —

322 2285 496 2323 Necmihi
517 2284 694 2332 quispiam
715 2283 938 2330 dicatipsum
953 2310 963 2326 ,
981 2288 1019 2319 ut
1037 2287 1225 2330 peceatum
1254 2279 1396 2326 lugeret

320 2357 424 2384 suum
439 2375 448 2392 ,
465 2346 560 2383 hunc
576 2345 766 2393 scripsisse
779 2345 970 2392 psalmum:
984 2355 1100 2392 neque
1113 2343 1209 2380 enim
1227 2342 1314 2379 illud
1333 2351 1396 2378 ve-

322 2419 401 2445 rum
412 2414 480 2451 est,
504 2417 620 2454 neque
631 2407 666 2443 id
686 2407 860 2454 suspicari
881 2405 1160 2453 permittuntea,
1182 2413 1263 2451 qua:
1281 2404 1318 2440 in
1337 2403 1394 2440 iu-

321 2469 516 2518 scriptione
529 2474 722 2516 ponuntur.
734 2468 808 2504 Nisi
827 2467 923 2504 enim
935 2473 1057 2515 posset
1076 2473 1328 2513 argumentum
1341 2465 1396 2502 in-

321 2533 496 2580 scriptum
507 2531 662 2574 ostendi,
679 2530 775 2567 hunc
785 2530 962 2577 psalmum
975 2529 1102 2566 liceret
1119 2529 1169 2566 illi
1188 2528 1242 2565 rei
1257 2528 1395 2565 adscri-

323 2593 408 2632 bere
424 2605 437 2630 ι
449 2593 506 2631 sin
521 2603 606 2630 vero
626 2593 658 2630 is
669 2592 731 2640 qui
750 2601 815 2638 pro
834 2596 984 2639 peccato
1001 2589 1120 2628 dictus
1138 2597 1208 2635 est,
1229 2590 1398 2627 munibus

323 2663 378 2694 est
396 2655 620 2698 manifestus,
635 2654 692 2692 hic
705 2660 824 2691 autem
838 2653 946 2691 aliam
964 2651 1075 2689 habet
1086 2651 1302 2700 hypothesin
1315 2664 1324 2688 :
1336 2663 1396 2697 ne,

323 2727 458 2765 quaso,
470 2727 517 2754 ne
529 2717 649 2754 divina
659 2714 938 2760 contendamus,
949 2723 1042 2752 neve
1049 2713 1275 2762 dogmatibus
1283 2724 1302 2750 a
1316 2713 1399 2761 Spi~

323 2779 390 2816 ritu
403 2779 552 2827 prolatis
561 2777 886 2816 accommodatiora
897 2786 980 2814 esse
989 2781 1112 2812 nostra
1123 2775 1310 2813 ratiocinia
1320 2785 1400 2822 pro-

325 2843 542 2879 nuntiemus.
559 2842 731 2886 Quantam
749 2839 858 2888 igitur
874 2845 931 2876 est
947 2838 1160 2887 inscriptio?
1175 2837 1249 2875 Pro
1279 2844 1399 2875 octava

324 2904 438 2948 (Psat.
455 2905 491 2943 6.
505 2904 556 2954 1).
568 2905 740 2950 Quasnam
752 2915 840 2941 vero
853 2909 909 2940 est
919 2909 1061 2946 octava,
1073 2901 1142 2938 nisi
1155 2901 1234 2939 dies
1249 2902 1307 2939 illa
1327 2901 1400 2939 Do-

325 2967 412 3004 mini
422 2978 550 3016 magna
561 2973 597 3004 et
617 2967 825 3014 conspicua,
846 2971 887 3002 ut
903 2965 1067 3002 clibanus
1077 2965 1222 3007 ardens,
1234 2975 1315 3012 qua:
1335 2975 1398 3002 su-

323 3038 455 3076 pernas
467 3029 624 3066 Virtutes
641 3035 795 3066 tremere
809 3028 892 3066 facit
905 3026 1086 3076 (Virtutes,
1097 3026 1225 3074 inquit,
1237 3025 1400 3063 δαείω-αυτ

325 3093 545 3128 ntovcbuntur
577 3091 720 3142 [Matt/2.
744 3092 806 3128 24-.
837 3089 902 3140 29]
914 3090 942 3139 ),
977 3101 1059 3138 qua:
1095 3091 1215 3138 ignem
1251 3089 1399 3128 exhibet

326 3154 411 3200 Regi
437 3160 521 3191 tunc
542 3155 591 3192 illi
605 3155 912 3202 prmeurrentem?
930 3152 1100 3190 Octavam
1120 3159 1240 3190 autem
1258 3152 1400 3188 vocavit

327 3215 444 3260 illam,
464 3221 578 3252 status
597 3216 830 3253 mutationem
860 3215 1070 3259 declarans,
1094 3224 1234 3252 necnon
1266 3213 1400 3250 futura:

327 3277 408 3312 vilze
426 3278 707 3314 renovationem.
724 3278 888 3314 Praesens
905 3288 1061 3324 namque
1081 3277 1152 3313 vita
1185 3275 1273 3312 nihil
1301 3274 1398 3312 aliud

329 3345 385 3376 est
398 3366 408 3383 ,
429 3349 534 3384 quam
566 3339 764 3376 hebdomas
793 3349 862 3376 una
875 3367 886 3384 ,
905 3350 986 3388 qua:
1006 3339 1078 3376 vita
1098 3338 1224 3386 incipit
1243 3347 1262 3374 a
1284 3337 1399 3384 prima

327 3399 409 3445 die,
428 3399 558 3436 desinit
589 3400 626 3436 in
657 3402 872 3448 septimam:
893 3412 937 3440 ac
963 3411 1106 3439 rursum
1139 3399 1267 3438 iisdem
1285 3401 1398 3436 inter-

327 3462 430 3500 vallis
464 3463 655 3509 circumit,
675 3471 712 3501 et
727 3464 774 3502 ad
791 3465 887 3502 idem
919 3465 1134 3512 principium
1161 3462 1340 3507 recurrit,
1361 3467 1399 3498 et

326 3525 360 3562 in
394 3525 502 3563 linem
529 3526 729 3565 descendit.
745 3529 866 3572 Quare
883 3534 1047 3565 octavam
1061 3527 1160 3564 diem
1175 3535 1282 3564 nemo
1299 3525 1400 3562 dixe-

325 3591 372 3627 rit
389 3601 471 3629 esse
489 3591 724 3638 Dominieam,
743 3592 808 3630 sed
840 3593 1007 3640 primam.
1029 3591 1152 3638 Neque
1177 3589 1276 3628 enim
1309 3587 1398 3625 heb-

328 3651 493 3690 domadis
520 3653 676 3691 circulus
698 3655 734 3692 in
763 3661 930 3691 octavum
957 3663 1148 3690 numerum
1176 3650 1397 3688 extenditur.

326 3711 420 3750 Cum
437 3721 557 3752 autem
577 3716 654 3754 haec
672 3717 794 3754 omnia
813 3713 1035 3753 cessaverint
1059 3721 1096 3751 et
1114 3714 1288 3752 dissoluta
1317 3711 1398 3750 lue.

329 3776 415 3821 ΓῘΜ,
447 3785 533 3816 tunc
559 3779 732 3827 ogdoadis
767 3788 896 3817 cursus
926 3779 962 3814 in
991 3777 1150 3815 medium
1183 3776 1397 3813 adducitur:

331 3847 446 3884 neque
470 3841 566 3878 enim
602 3853 746 3880 rursum
791 3841 838 3878 ad
873 3840 1088 3889 principium
1127 3839 1306 3884 recurrit,
1335 3837 1402 3875 sed

331 3900 565 3944 sequentibus
581 3903 781 3942 intervallis
795 3903 922 3942 haeret.
941 3901 1120 3951 Propheta
1135 3900 1242 3950 igitur
1250 3900 1400 3940 vicum-

785 206 824 244 S.
851 200 1042 242 JOANNIS
1069 188 1389 236 CIIRYSOSTOMI
1414 187 1630 226 ARCHIEP.
1656 182 2018 224 CONSTANTINOP.
2397 183 2454 222 διε

1436 265 1640 315 punctionis
1658 264 1866 311 inscriptam
1883 272 2024 310 semper
2049 260 2168 308 judicii
2197 263 2384 299 memoriam
2401 264 2456 301 ha-

1437 329 1514 366 buit
1527 356 1538 371 .
1555 327 1724 374 diemque
1741 327 1842 366 illam,
1857 326 1892 361 in
1911 330 2010 361 tanto
2029 323 2124 360 cultu
2141 351 2152 369 ,
2171 323 2204 360 in
2223 325 2322 360 tantis
2344 325 2457 363 divitiis

1436 389 1580 426 assidue
1597 389 1720 426 animo
1738 387 1928 432 versabat,
1947 395 2052 434 quam
2071 394 2134 422 nos
2165 385 2217 422 vel
2251 385 2283 422 in
2315 387 2462 424 aerumnis

1437 451 1624 489 constituti
1652 451 1712 488 vix
1733 450 1770 486 in
1801 448 2012 486 memoriam
2041 457 2242 485 revocamus
2265 459 2273 484 :
2292 458 2332 485 ac
2352 449 2464 495 judicia

1437 513 1517 561 ejus
1543 513 1750 560 frequenter
1783 510 1971 548 revolvens
2001 509 2094 546 hunc
2129 509 2266 556 scripsit
2293 509 2471 556 psalmum;

1439 575 1577 624 Ecquid
1593 573 1708 613 dicit?
1728 573 1894 616 Domine,
1913 583 1954 608 ne
1978 571 2014 608 in
2043 571 2157 618 furore
2183 577 2236 607 tuo
2263 582 2377 618 arguas
2402 583 2465 616 nte,

1440 649 1548 688 neque
1579 638 1615 674 in
1652 637 1706 674 ira
1740 642 1800 672 tua
1831 634 1998 683 corripias
2033 645 2108 679 me,
2145 632 2292 671 furorem
2325 640 2358 671 et
2389 635 2466 672 iram

1441 699 1626 747 appellans
1640 696 1806 746 supplicii
1827 695 2110 734 vehementiam:
2127 703 2268 733 noverat
2291 697 2378 733 enim
2405 708 2463 734 nu-

1443 773 1526 800 men
1546 771 1696 808 prorsus
1709 770 1792 799 esse
1807 759 1956 797 affectus
1971 769 2126 807 expers;
2146 770 2348 808 quamquam
2370 766 2470 798 tamen

1445 825 1512 863 sibi
1529 823 1698 863 conscius
1718 829 1796 860 erat
1810 849 1822 868 ,
1839 831 1911 860 non
1931 830 2073 870 pinnam
2089 827 2125 858 et
2141 820 2339 870 supplicium
2368 821 2473 860 deberi

1444 887 1538 932 sibi,
1560 887 1626 925 sed
1645 885 1877 927 honoremet
1905 894 2073 922 coronas.
2087 883 2262 932 Siquidem
2291 885 2392 929 ﬁdes,
2421 896 2473 932 per

1445 961 1554 1000 quam
1576 951 1860 998 alienigenarum
1875 949 2002 986 turrim
2028 947 2221 991 destruxit,
2239 953 2274 985 et
2299 948 2473 984 universam

1446 1015 1654 1053 Judacorum
1671 1019 1816 1062 gentem
1837 1023 1880 1050 ex
1895 1012 1982 1060 ipsis
1998 1012 2109 1058 portis
2122 1011 2243 1049 mortis
2266 1011 2404 1058 eripuit,
2420 1009 2474 1048 be-

1448 1079 1616 1117 neﬁcium
1636 1077 1782 1116 inimico
1802 1086 1869 1114 suo
1887 1075 2013 1118 semel.
2034 1074 2090 1112 bis
2101 1081 2137 1112 et
2154 1073 2280 1122 pluries
2289 1074 2474 1120 praestitum,

1448 1151 1492 1178 ac
1505 1151 1580 1188 prae
1598 1139 1767 1177 omnibus
1778 1139 1898 1176 divina
1917 1137 1963 1175 de
1979 1138 2058 1185 ipso
2081 1136 2212 1184 prolata
2240 1135 2419 1179 sententia,
2435 1141 2477 1171 to-

1451 1208 1524 1239 tam
1543 1202 1610 1239 viri
1626 1202 1795 1239 virtutem
1816 1201 1905 1238 satis
1929 1199 2154 1244 declarabat,
2173 1197 2340 1245 etiamque
2363 1197 2476 1244 magis,

1451 1275 1558 1314 quam
1577 1265 1653 1313 ipsa
1674 1263 1847 1312 przeclare
1861 1268 1976 1311 gesta.
1991 1261 2106 1310 Opera
2125 1260 2251 1309 quippe
2283 1259 2480 1308 quantumvis

1453 1338 1582 1376 magna
1603 1333 1641 1365 et
1655 1325 1865 1365 admiranda
1885 1325 1920 1362 in
1937 1325 2020 1362 mali
2039 1325 2270 1372 suspicionem
2287 1322 2396 1359 vorari
2413 1331 2478 1368 pos‘

1453 1396 1560 1436 sunt,
1575 1389 1644 1428 etsi
1663 1395 1701 1426 ut
1717 1389 1913 1437 plurimum
1927 1387 2024 1426 omni
2052 1385 2248 1434 suspicione
2261 1384 2363 1422 libera
2381 1387 2482 1420 essent

1452 1452 1542 1500 justi
1557 1451 1653 1489 illius
1671 1461 1808 1499 opera:
1829 1461 1911 1488 eum
1940 1455 2060 1488 autem
2077 1449 2170 1486 Deus
2196 1447 2270 1495 ipse
2301 1446 2391 1483 testis
2417 1451 2482 1488 est,

1456 1522 1544 1554 tunc
1572 1515 1693 1553 nullus
1725 1521 1782 1553 est
1799 1513 1996 1563 suspicioni
2023 1513 2120 1550 locus
2141 1511 2232 1548 :nisi
2257 1509 2345 1547 enim
2363 1517 2484 1546 accura-

1462 1581 1646 1620 tissimam
1671 1578 1822 1618 virtutis
1847 1578 2102 1629 probationem
2151 1571 2378 1614 exhibuisset,
2397 1579 2485 1606 num-

1457 1651 1566 1688 quam
1600 1646 1698 1678 esset
1726 1639 1872 1676 casleste
1898 1637 2114 1686 prmconium
2151 1639 2389 1681 consequutus.
2409 1630 2484 1677 Quid

1459 1703 1568 1751 igitur
1584 1703 1630 1740 de
1659 1702 1721 1740 illo
1744 1701 1834 1740 dicit
1850 1699 2104 1738 Deusl’hweni
2131 1696 2238 1734 David
2266 1692 2484 1741 ﬁliumJessa,

1459 1767 1572 1804 virum
1600 1765 1788 1803 secmidum
1805 1775 1865 1802 cor
1893 1775 2004 1800 meum
2017 1762 2065 1813 (1.
2080 1761 2165 1810 Reg.
2182 1759 2238 1798 15.
2259 1757 2327 1806 id).
2349 1758 2487 1793 Attamen

1460 1835 1544 1876 post
1562 1829 1634 1866 tale
1648 1827 1821 1876 judicium
1835 1855 1846 1872 ,
1865 1832 1946 1876 post
1975 1831 2070 1862 tanta
2092 1822 2257 1872 praeclare
2274 1826 2384 1868 gesta,
2403 1817 2486 1854 dam-

1461 1896 1628 1928 natorum
1647 1898 1685 1928 et
1703 1891 1838 1928 nullam
1866 1899 1950 1938 erga
1981 1889 2092 1926 Deum
2123 1884 2281 1924 ﬁduciam
2312 1879 2487 1918 habentium

1461 1953 1574 1991 verba
1592 1951 1766 2000 protulit,
1783 1958 1823 1989 ut
1841 1951 2084 2000 evangelicum
2108 1947 2192 1985 illud
2223 1945 2392 1994 impleret:
2421 1941 2488 1978 Cum

1463 2016 1578 2053 omnia
1599 2015 1766 2062 feceritis,
1795 2015 1923 2060 dicite,
1945 2012 2044 2051 Serui
2061 2011 2194 2048 inutiles
2217 2018 2325 2046 sumus
2343 2002 2487 2055 (Lucii.

1464 2078 1541 2128 10).
1572 2078 1667 2125 Quid
1694 2077 1850 2126 amplius
1883 2076 1974 2114 dixit
2006 2074 2213 2123 publicanus
2237 2069 2294 2107 ille
2325 2063 2490 2128 innumeris

1464 2127 1570 2179 malis
1604 2147 1772 2186 onustus,
1806 2141 1867 2188 qui
1886 2149 1932 2176 ne
1959 2138 1994 2174 in
2025 2136 2150 2174 caelum
2179 2131 2314 2181 quidem
2341 2127 2491 2174 respicere

1465 2204 1644 2249 audebat,
1681 2213 1801 2251 neque
1833 2202 1977 2250 longum
2009 2205 2130 2236 texere
2157 2201 2368 2234 sermonem,
2399 2195 2493 2251 neque

1465 2277 1578 2315 prope
1595 2246 1819 2306 Pharismum
1841 2246 1961 2301 stare?
1979 2261 2042 2299 ille
2055 2258 2226 2308 siquidem
2239 2246 2493 2315 exprobrabat-ei

1466 2332 1616 2369 dicens:
1635 2329 1719 2366 Non
1733 2339 1807 2366 sum
1827 2328 1914 2365 sicut
1932 2325 2044 2363 calari
2071 2323 2242 2360 hominum
2257 2347 2268 2363 ,
2292 2321 2437 2362 raptam.
2452 2311 2494 2344 in~

1461 2393 1570 2441 justi,
1587 2391 1736 2428 adulleri
1751 2419 1760 2433 ,
1783 2397 1842 2426 aut
1867 2389 1953 2426 sicut
1972 2388 2027 2424 hic
2043 2385 2239 2434 publicanus
2257 2379 2350 2426 (Luc.
2366 2371 2494 2440 18.“):

1467 2456 1526 2492 hic
1543 2464 1630 2493 vero
1649 2463 1692 2490 ac
1709 2453 1739 2490 si
1760 2452 1848 2490 nihil
1875 2451 2004 2489 durum
2023 2449 2202 2489 audisset,
2217 2443 2341 2481 dictum
2359 2434 2495 2481 excepit.

1467 2528 1511 2554 ac
1531 2527 1602 2554 non
1625 2516 1733 2554 modo
1760 2515 1968 2562 indignatus
1991 2521 2062 2549 non
2093 2515 2170 2552 est,
2199 2505 2260 2544 sed
2290 2503 2386 2541 etiam
2415 2497 2496 2562 illum

1467 2580 1536 2618 sibi
1553 2579 1855 2618 contumeliosum
1876 2583 1912 2614 et
1925 2580 2152 2621 arrogantem
2167 2599 2178 2617 ,
2195 2573 2290 2606 tanto
2313 2561 2418 2602 aii‘ecit
2444 2557 2497 2593 ho-

1469 2652 1581 2686 nore,
1601 2647 1643 2678 ut
1669 2651 1714 2676 ne
1737 2645 1833 2676 terra
1865 2637 2030 2686 quidem,
2062 2644 2168 2683 quam
2198 2631 2256 2668 ille
2287 2624 2496 2665 calcabat,se

1469 2704 1616 2752 dignum
1639 2702 1886 2739 existimaret:
1903 2709 1946 2737 ac
1966 2698 2115 2736 verbum
2137 2693 2274 2743 quidem
2292 2687 2412 2726 nullum
2431 2689 2497 2730 pro-

1470 2749 1657 2811 luiit,ttisi
1672 2770 1711 2802 ut
1724 2763 1962 2802 confiteretur
1980 2765 2126 2809 peccata
2155 2766 2215 2794 sna
2231 2765 2243 2800 ;
2261 2756 2375 2800 Ροοιυδ
2398 2749 2498 2811 “iam

1469 2829 1680 2877 frequenter
1718 2826 1947 2875 percutiens.
1981 2807 2038 2862 sic
2070 2821 2214 2870 rogabat
2245 2815 2307 2854 sibi
2335 2807 2498 2860 ντοιιίιίυιιδ

1469 2875 1549 2930 esse
1565 2892 1692 2930 Deum.
1709 2889 1780 2928 Sed
1799 2889 1894 2938 quod
1913 2889 1990 2925 luce
2009 2890 2153 2934 ageret,
2172 2879 2258 2919 nihil
2277 2875 2497 2938 miruin:_nam

1468 2959 1700 3002 peccatorum
1714 2931 1906 2988 multitudo
1925 2931 2052 2991 illum,
2077 2945 2184 2984 vellet
2195 2939 2322 2982 nollet,
2341 2931 2497 2999 humin-

1469 2991 1612 3063 spicere
1629 3014 1780 3062 cogebat
1795 3025 1804 3050 :
1818 3011 1913 3060 quod
1924 3017 2046 3048 autem
2058 3009 2174 3056 justus
2187 3010 2222 3042 et
2237 3000 2400 3063 nullorum
2415 2991 2498 3063 simio=

1470 3079 1558 3116 lium
1587 3077 1657 3116 sibi
1673 3075 1861 3118 conscius,
1881 3084 1962 3112 eum
1993 3071 2118 3110 eadem
2144 3076 2211 3115 qua
2242 3061 2429 3111 publicanus
2453 3058 2498 3118 sui

1469 3139 1735 3187 improbatione
1764 3135 1934 3181 accedat,
1963 3133 2049 3172 illud
2075 3139 2160 3169 sane
2194 3114 2499 3187 mirabile-est...ﬂ

1470 3182 1580 3242 animi
1598 3214 1684 3240 vere
1701 3201 1848 3238 centriti
1865 3200 2022 3247 signum.
2050 3195 2106 3234 Ab
2125 3192 2186 3231 illo
2219 3188 2332 3247 enim,
2349 3182 2497 3247 Ρηξξξίίίξίλ

1471 3235 1654 3304 ξὲἓῖἶηέιῖἐ
1665 3235 1880 3314 ’ρὶὶὲἇεᾉὲῖ
1894 3235 2021 3312 (Ibid.
2033 3256 2107 3308 ιδ).
2123 3256 2158 3292 in
2176 3263 2244 3300 αυο
2270 3245 2379 3314 “me.”
2399 3235 2494 3314 ΡΨὛῘῚ

1471 3329 1631 3371 Domine,
1649 3329 1740 3366 nein
1751 3332 1868 3373 [ιιι-ονε
1893 3330 1951 3360 tuo
1969 3332 2094 3370 arguas
2122 3328 2193 3362 me,
2223 3321 2324 3359 ﬁequ
2339 3309 2369 3344 in
2395 3307 2500 3373 {rima

1471 3358 2077 3438 aggeratae;iis:1:...
2098 3358 2211 3429 politis
2228 3358 2406 3438 ιιοέ,ίιυ³¹¹¹
2424 3358 2500 3438 ,Ἢ

1471 3423 1580 3500 longiC
1806 3423 1897 3487 Nam
1913 3423 2122 3496 publicanus
2133 3451 2177 3478 ne
2191 3438 2235 3476 ad
2381 3423 2500 3500 illiilli“

1471 3514 1651 3561 respicere
1666 3511 1846 3556 audebat;
1862 3511 1982 3559 justus
2003 3514 2124 3544 autem
2145 3502 2258 3548 majus
2277 3485 2501 3561 quidlliﬂ":lf_‘;

1471 3541 1846 3561 .ν.ιγ.νν.ν......,,,,...,
1884 3541 1982 3548 π---
2004 3541 2122 3544 __,,,,,
2201 3541 2212 3548 _
2288 3541 2295 3544 _

1471 3575 1606 3613 ciebat.
1629 3575 1693 3612 Ille
1706 3541 1878 3618 dicebat,J
1888 3570 2066 3619 Propitius
2081 3573 2150 3604 esto
2166 3561 2268 3604 mihi;
2287 3557 2340 3594 hic
2362 3561 2407 3619 ne
2429 3541 2500 3619 illiti

1471 3639 1616 3686 quidem
1651 3639 1776 3676 dicere
1809 3605 2138 3677 audeba'tirﬂNcque
2165 3625 2257 3664 enim
2287 3605 2501 3686 dicebjlyl‘.

1474 3673 1614 3686 τμη-..-
1655 3673 1742 3676 ﬂ--.
1759 3673 1772 3676 -
2081 3673 2090 3677 -

1471 3712 1596 3750 arguas
1627 3711 1680 3736 me
1694 3700 1722 3746 ί,
1743 3698 1824 3744 sed,
1850 3696 1907 3734 Ne
1924 3697 1960 3732 in
1991 3697 2106 3742 furore
2125 3697 2205 3731 tuo;
2223 3689 2354 3729 neque.
2370 3673 2427 3750 IV"

1471 3732 1595 3750 ’“’,“’“⁷
1628 3732 1678 3736 ""
1711 3732 1722 3746 1
1743 3732 1824 3744 —'—'
1850 3732 1877 3734 —'
1890 3732 1900 3734 ν
1991 3732 1998 3742 l

1471 3762 1579 3812 ripias
1598 3773 1664 3806 me,
1681 3761 1746 3800 sed
1759 3789 1770 3806 ,
1793 3759 1849 3798 Ne
1867 3757 1968 3795 inira
1987 3763 2070 3792 tua:
2085 3762 2154 3788 non
2174 3753 2293 3795 pinnas
2323 3747 2387 3776 non

1476 3793 1662 3873 piistulans
1675 3851 1686 3866 ,
1705 3793 1771 3861 sed
1802 3831 1876 3860 non
1897 3826 1969 3858 tam
1984 3815 2231 3854 vehementes:
2250 3806 2292 3842 ita
2313 3805 2350 3837 ut
2368 3793 2503 3838 undique

1517 3903 1528 3925 ¹
1549 3901 1600 3938 Sic
1619 3902 1710 3938 Colb.
1727 3897 1868 3938 etsavil.
1888 3903 1922 3934 In
1936 3893 2044 3932 Morel.
2059 3890 2206 3935 quaedam
2218 3882 2358 3918 deﬂam-

2185 3956 2202 3983 /
