2734 4342
203 200 270 243 H7
797 208 856 246 DE
875 208 1246 258 COMPUNCTIONE,
1274 215 1335 250 AD
1360 215 1667 260 S'I'ELECHIUM.
1696 223 1782 262 LIB.
1811 227 1854 264 11.

199 280 309 318 animi
326 279 406 328 ejus
421 278 600 318 lmmilitas
619 289 809 330 appareat,
830 290 868 322 et
887 285 982 333 quod
997 296 1037 324 se
1057 278 1156 324 tanto
1173 298 1259 335 sup-

201 344 306 390 plicia
341 343 490 392 dignum
525 352 689 392 putaret,
711 351 748 384 et
763 347 859 394 quod
881 359 952 385 non
973 349 1125 386 auderet
1159 356 1270 388 totam

198 405 340 442 veniam
361 417 381 442 a
399 407 470 443 Deo
485 408 688 454 postulare;
711 408 816 456 idque
836 421 924 448 snnc
938 421 1063 449 eorum
1081 414 1212 459 estqui
1230 423 1271 450 se

199 466 393 504 admodum
404 468 626 506 damnandos
637 476 802 514 censent,
816 478 852 508 et
865 483 1072 519 persuasum
1085 473 1216 511 habent
1231 485 1271 512 se

196 529 354 566 omnium
391 529 577 568 hominum
613 532 852 579 nequissimos
889 544 984 572 esse.
1015 535 1118 580 Quod
1148 543 1268 574 autem

197 589 310 636 majus
321 595 388 634 est,
402 590 470 627 hoc
483 591 598 634 ipsum
614 603 686 630 non
702 594 948 632 vehementius
961 596 1145 642 pttniri,ex
1160 597 1270 634 mise-

195 649 346 687 ricordia
357 657 394 688 et
407 651 596 690 clementia
609 653 686 696 Dei,
700 659 824 700 utpote
839 654 1018 701 infirmus,
1035 655 1104 694 sibi
1119 657 1268 696 concedi

193 711 362 758 rogabat:
385 711 548 750 Miserere
568 714 649 758 mei,
671 714 810 762 inquit,
827 716 990 762 quoniam
1005 717 1165 764 inﬁrmus
1188 731 1265 756 sum

193 771 307 817 (Psal.
323 771 361 810 6.
372 773 424 820 ὅ).
437 773 528 820 Quid
547 775 699 824 bociqui
716 777 776 814 tali
790 779 996 816 testimonio
1011 779 1178 828 dignatus
1196 787 1267 827 est,

191 839 226 870 et
233 833 364 880 jtidicia
378 835 441 873 Dei
457 847 528 874 non
545 837 679 876 oblitus
695 839 879 890 erat(nam
894 841 958 887 ait,
973 841 1114 880 Iudicia
1125 850 1184 880 tua
1197 855 1266 883 non

190 906 266 932 sum
295 897 420 934 oblitus
439 897 557 947 [PsaL
580 900 664 938 118.
688 899 781 950 50]),
803 903 863 950 qui
884 903 962 950 ipso
999 903 1076 941 sole
1105 905 1266 952 splendi-

190 957 272 994 dius
289 959 384 996 lucet
397 988 405 1004 ,
422 959 480 998 hic
496 961 578 998 talia
599 961 734 1010 profert
751 963 883 1001 verba?
901 964 1033 1002 Etiam.
1063 967 1138 1004 Iloc
1169 969 1265 1006 enim

191 1020 354 1058 mirabile
371 1027 450 1066 est,
479 1023 575 1070 quod
603 1029 675 1061 tam
708 1035 836 1073 magna
863 1033 1052 1074 operatus,
1075 1027 1164 1066 nihil
1185 1041 1265 1066 um-

189 1091 297 1128 quam
317 1084 434 1130 magni
447 1083 493 1121 de
509 1094 550 1122 se
568 1085 622 1123 vel
638 1085 771 1124 dixerit
783 1087 839 1124 vel
859 1089 1034 1133 senserit,
1054 1090 1117 1128 sed
1130 1101 1170 1128 se
1187 1101 1265 1128 om-

189 1145 289 1181 nium
306 1145 542 1184 novissimum
561 1154 770 1196 reputaret,
791 1155 828 1188 et
840 1161 886 1188 ex
905 1151 982 1189 sola
998 1152 1060 1189 Dei
1073 1153 1264 1191 clementia

188 1207 342 1244 salutem
363 1209 536 1257 consequi
553 1216 722 1258 rogaret,
741 1221 784 1249 ac
803 1213 835 1250 si
856 1212 1016 1251 diceret:
1037 1215 1171 1262 Dignus
1187 1216 1266 1264 qui-

192 1267 274 1304 detn
290 1279 369 1306 sum
381 1270 557 1317 supplicio
572 1271 828 1320 indeprecabili
839 1281 894 1320 ,et
907 1275 1168 1314 immortalibus
1185 1289 1264 1325 βω-

187 1332 262 1376 nis;
281 1339 318 1368 at
335 1333 429 1380 quod
444 1333 480 1370 id
497 1344 568 1372 non
587 1335 744 1384 amplius
762 1337 858 1376 ferre
875 1340 1033 1386 possim,
1056 1351 1144 1390 rogo
1161 1343 1264 1380 solu-

189 1394 320 1431 tionem
332 1405 352 1431 a
366 1397 604 1442 praesentibus
616 1399 720 1438 malis
735 1412 743 1436 :
757 1403 1060 1449 quemadmodum
1079 1406 1200 1444 famuli
1213 1408 1263 1445 tui

185 1455 244 1500 qui
261 1455 448 1494 innumera
464 1459 603 1496 scelera
621 1467 894 1508 perpetrarunt,
918 1475 1114 1513 numquam
1134 1467 1258 1506 dicere

186 1523 338 1561 possunt
353 1527 393 1554 se
411 1529 482 1555 non
498 1529 698 1568 peccasse;
715 1524 799 1570 quia
817 1531 938 1562 autem
957 1525 1180 1574 ﬂagellorum
1200 1529 1265 1566 do-

192 1577 249 1614 lor
267 1579 502 1619 intolerabilis
527 1589 602 1628 est,
625 1591 752 1632 rogant
780 1585 924 1624 demum
952 1589 1106 1637 mitigari
1128 1591 1262 1638 plagas.

188 1639 266 1687 Ego
291 1647 410 1679 autem
441 1650 528 1690 puto
564 1644 664 1682 illutn
692 1647 800 1685 aliam
835 1659 978 1698 quoque
1017 1650 1262 1691 infirmitatem

185 1701 428 1742 subindicare.
450 1704 564 1752 Quam
590 1717 678 1745 vero
695 1707 822 1746 illam?
853 1721 932 1748 eam
967 1723 1048 1758 qua:
1073 1713 1119 1750 ab
1151 1715 1261 1752 animi

185 1773 342 1801 mter-ore
355 1771 391 1802 ct
408 1776 427 1802 a
445 1768 636 1814 gemitibus
649 1771 879 1817 procedebat.
897 1772 997 1811 Solet
1011 1775 1108 1812 enim
1125 1775 1262 1814 doloris

182 1834 368 1871 excessus,
383 1837 466 1865 cum
481 1829 674 1868 violentior
686 1831 810 1877 instat,
831 1839 942 1872 totam
954 1835 1083 1874 anima:
1094 1838 1165 1874 vim
1177 1849 1260 1876 cor-

183 1888 326 1927 rodere.
343 1889 452 1938 quue
467 1897 552 1939 puto
579 1899 744 1933 sanctum
765 1896 880 1933 virum
900 1907 982 1936 esse
1005 1909 1150 1945 passum
1163 1901 1258 1949 quod

181 1960 261 1988 sese
275 1951 466 1991 admodum
481 1954 682 2002 damnaret,
695 1965 732 1995 et
745 1958 841 2006 quod
855 1971 1050 2008 numquam
1064 1973 1150 2010 spes
1165 1964 1256 2002 bona

181 2021 408 2062 suppeteret,
434 2017 498 2056 sed
515 2018 667 2058 adversa
683 2031 828 2069 semper
843 2025 1082 2070 exspectatio.
1107 2025 1152 2062 Et
1188 2026 1259 2065 hoc

181 2087 224 2113 es
241 2079 471 2126 sequentibus
488 2081 606 2128 palam
621 2082 706 2120 facit
727 2095 736 2120 :
753 2095 835 2122 nam
846 2085 1009 2124 Miserere
1021 2088 1100 2133 mei,
1119 2089 1256 2136 adjicit,

181 2139 338 2185 quoniam
367 2141 526 2189 inﬁrmus
548 2155 623 2181 sum
639 2156 653 2182 :
680 2157 766 2182 sana
795 2159 871 2192 me,
905 2147 1065 2196 Domine,
1095 2152 1258 2198 quoniam

183 2202 384 2239 conturbata
405 2211 485 2241 sunt
505 2217 584 2243 ossa
616 2219 714 2253 mea,
735 2215 766 2245 et
793 2210 909 2246 anima
942 2222 1018 2248 mea
1044 2212 1176 2250 turbata
1208 2221 1258 2250 est

181 2263 280 2300 ualde
294 2275 308 2302 :
326 2275 407 2302 cum
429 2267 528 2314 prius
544 2267 715 2314 dixisset,
733 2269 896 2316 Domine,
917 2283 959 2310 ne
977 2275 1015 2310 in
1045 2275 1164 2323 furore
1200 2281 1258 2312 tuo

181 2335 306 2372 arguas
319 2338 373 2362 me
391 2326 506 2376 (Psal.
525 2329 562 2366 6.
585 2330 636 2377 5).
656 2329 759 2376 Quod
773 2331 804 2368 si
825 2332 886 2370 ille
911 2333 973 2381 qui
998 2336 1256 2374 conscientiam

182 2385 228 2421 ita
245 2396 370 2433 puram
385 2388 564 2437 habebat,
586 2398 689 2440 rogat
707 2403 754 2431 ne
773 2404 922 2442 operum
941 2406 1093 2435 examen
1108 2407 1256 2436 accura-

183 2451 257 2484 tum
275 2449 337 2486 iiut
358 2463 368 2488 :
392 2452 476 2498 quid
509 2463 576 2491 nos
610 2453 784 2494 faciemus
812 2457 874 2504 qui
900 2463 954 2495 tot
972 2459 1076 2496 malis
1108 2460 1257 2498 involuti

183 2519 327 2554 sumus,
347 2519 380 2549 et
397 2519 533 2551 tantum
553 2515 599 2552 ab
617 2515 698 2564 ejus
725 2517 855 2555 fiducia
891 2519 998 2567 longe
1027 2531 1178 2566 sumus,
1211 2533 1255 2560 ae

187 2582 254 2608 nec
293 2575 656 2626 quantulamcumque
681 2579 761 2625 ejus
779 2580 1019 2620 confessionis
1037 2589 1174 2630 partem
1193 2595 1256 2622 ex-

186 2633 393 2671 hibuimus?
408 2636 526 2682 Quare
539 2639 646 2686 igitur
664 2640 791 2680 beatus
811 2643 871 2680 ille
903 2643 958 2681 sic
985 2645 1254 2684 conﬁtebatur?

185 2693 364 2732 Didicerat
383 2697 520 2734 scilicet
535 2700 713 2737 neminem
728 2701 917 2748 justiticari
937 2715 1064 2744 coram
1099 2707 1174 2746 Deo
1187 2733 1198 2753 ,
1216 2715 1254 2746 et

181 2755 312 2802 justum
329 2757 384 2794 vix
395 2759 544 2797 salutem
559 2763 989 2810 eonsequi.Quamobrem
1004 2780 1098 2807 nunc
1109 2771 1252 2818 quidem

183 2819 433 2866 rogatdieens,
458 2821 539 2858 Non
556 2823 660 2862 intres
686 2825 722 2862 in
740 2826 910 2874 judicium
941 2841 1018 2867 cuna
1039 2843 1135 2870 servo
1163 2835 1251 2870 tuo'

183 2880 296 2926 (Paul.
319 2883 400 2920 “2.
417 2883 474 2929 2);
491 2896 587 2922 nunc
601 2897 701 2933 vero,
721 2887 883 2926 Miserere
895 2893 972 2937 mei,
994 2893 1154 2940 Domine,
1167 2908 1253 2944 quo-

181 2943 273 2978 niam
293 2944 451 2991 inﬁrmus
462 2958 550 2984 sum.

229 3005 266 3042 5.
287 3005 360 3044 Hoc
380 3009 475 3044 enim
497 3020 560 3056 par
579 3017 637 3048 est
655 3011 786 3060 ubique
803 3015 1049 3060 considerare.
1069 3021 1252 3067 quomodo

184 3075 356 3114 nusquam
385 3072 556 3118 praeclara
589 3082 691 3121 gesta
720 3085 785 3112 sua
813 3087 1005 3126 memoret,
1035 3081 1098 3118 sed
1131 3083 1167 3119 in
1189 3084 1251 3121 Dei

185 3128 472 3170 misericordiam
505 3135 658 3172 salutem
689 3147 791 3174 suam
821 3141 1002 3188 conjiciat.
1034 3143 1124 3181 Illud
1153 3147 1249 3183 enim

185 3191 328 3228 contriti
347 3199 402 3230 est
436 3196 570 3240 animi,
590 3197 677 3235 illud
711 3198 886 3238 humiliati
917 3205 1083 3250 spiritus,
1106 3207 1193 3244 illud
1214 3208 1250 3245 in

183 3263 290 3289 causa
324 3261 400 3291 erat
415 3258 509 3304 quod
540 3271 668 3308 magna
689 3269 856 3308 operatus
889 3265 969 3312 plus
989 3278 1095 3314 quam
1124 3281 1250 3316 pecca-

179 3320 280 3351 tores
297 3315 438 3354 timeret
465 3328 505 3355 ae
527 3325 714 3360 tremeret.
735 3322 836 3369 Quod
855 3331 974 3364 autem
1005 3315 1178 3368 tremeret
1206 3343 1249 3370 ac

182 3381 359 3413 metueret
379 3378 460 3414 audi
479 3380 594 3426 ipsum
615 3383 795 3422 dicentem
818 3399 826 3422 :
857 3387 898 3424 Si
914 3388 1108 3434 iniquitates
1136 3393 1251 3429 obser-

181 3438 324 3480 vaveris,
333 3437 482 3475 Domine
487 3441 661 3489 ,‘Domine,
671 3447 747 3492 quis
759 3448 937 3485 sustinebit
951 3449 1068 3498 (Psal.
1087 3453 1169 3491 129.
1183 3456 1249 3502 5)?

181 3500 338 3538 Noverat
355 3502 467 3547 enim,
487 3508 524 3540 et
541 3505 637 3544 clare
657 3517 817 3554 noverat,
838 3521 905 3548 nos
919 3521 1002 3550 esse
1029 3513 1106 3552 Deo
1126 3517 1248 3555 multis

179 3561 311 3599 debitis
324 3563 502 3601 obnoxios
515 3592 526 3608 ,
547 3571 584 3602 et
604 3567 749 3606 minima
765 3578 910 3617 peccata
933 3583 1098 3620 magnam
1117 3579 1246 3616 mereri

181 3633 338 3669 pinnam.
360 3625 517 3662 Noverat
548 3625 607 3664 diu
626 3635 710 3666 ante
739 3631 926 3678 praescius,
949 3643 1038 3680 quas
1068 3635 1166 3684 leges
1183 3649 1248 3686 po-

178 3683 310 3723 siturus
326 3692 424 3724 esset
439 3686 607 3725 Christus
625 3697 822 3729 venturus:
853 3704 925 3731 non
952 3683 1245 3746 crediumrmodo,

177 3747 238 3782 sed
259 3748 368 3786 etiam
385 3749 700 3796 contumeliarum,
712 3755 972 3802 conviciorum,
991 3760 1167 3797 malarum
1186 3773 1247 3800 eo-

177 3809 410 3855 gitationum,
430 3811 538 3857 risus,
571 3813 677 3850 otiosi
708 3818 908 3862 sermonis,
927 3821 1158 3860 scurrilitatis
1171 3853 1182 3870 ,
1201 3836 1244 3864 ac

217 3871 227 3927 ς
252 3871 300 3927 sic
322 3872 552 3927 ιξοςεςὶεςρψῖε
569 3883 717 3927 apprime
729 3877 850 3927 sciebat
876 3881 962 3927 quod
970 3882 1080 3924 justus
1107 3883 1174 3927 ipse
1190 3885 1246 3922 vix

177 3911 342 3946 sati-uter}
359 3911 553 3956 quapropter
570 3911 706 3957 dicebat,
724 3911 874 3953 Miserere
885 3911 1079 3958 iiia'.’""“
1107 3911 1171 3927 Vm
1191 3911 1238 3952 mf

406 3976 589 4020 PATBOL.
623 3978 700 4021 Gn.
733 3980 902 4025 XLVII.

2298 235 2300 237 ’
2346 235 2415 274 418

1345 293 1524 332 minorum
1555 297 1662 336 etiam
1698 311 1816 340 rerum
1851 315 1996 352 gravem
2025 307 2102 347 fore
2131 311 2302 352 ultionem
2336 324 2415 352 rre-

1342 352 1464 391 dehat.
1483 356 1710 408 Quapropter
1729 363 1884 411 Paulus,
1905 369 1973 406 etsi
1993 371 2124 409 nullius
2143 373 2211 410 sibi
2229 377 2414 421 conscius,

1341 413 1486 453 diccbat
1501 446 1510 461 ,
1533 417 1635 458 Nihil
1654 423 1738 460 mihi
1756 429 1911 465 conscius
1935 442 2011 468 sum
2025 460 2034 474 ,
2056 434 2117 470 sed
2133 447 2200 472 non
2219 437 2254 474 in
2272 439 2336 474 hoc
2353 438 2416 483 ju-

1341 477 1506 524 stiﬁcatus
1519 492 1595 519 sum
1611 483 1661 533 (1.
1683 485 1763 524 Cur.
1775 489 1812 526 4.
1825 490 1880 537 4).
1898 491 1970 530 Cur
1989 499 2134 534 autem?
2147 499 2252 546 Quia,
2271 477 2412 540 etiamsi

1341 539 1428 577 nihil
1448 543 1530 580 mali
1549 543 1716 594 fecisset,
1741 561 1858 599 neque
1877 555 1974 592 enim
2004 557 2152 607 fecerat,
2173 563 2317 601 modum
2349 565 2412 602 ho-

1340 603 1440 640 noris
1478 604 1554 642 Deo
1587 608 1765 649 referendi
1814 613 2020 662 implevisse
2053 631 2093 658 se
2142 633 2213 660 non
2249 627 2410 672 putabat.

1339 663 1492 704 Etiamsi
1511 669 1609 706 enim
1635 675 1838 713 sexcenties
1859 674 2236 725 moriamur,'etinmsi
2267 697 2410 726 onmem

1339 727 1574 779 exbibeamus
1594 732 1763 773 virtutem
1777 763 1788 781 ,
1808 738 1897 776 nihil
1926 741 2073 789 dignum
2091 745 2276 784 reddimus
2294 749 2410 787 ltono~

1339 785 1454 834 ribus,
1471 792 1602 838 quibus
1619 805 1639 832 a
1658 796 1732 835 Deo
1745 799 1866 838 affecti
1882 812 2020 840 sumus.

1386 851 1452 890 Dei
1477 857 1690 902 providentia
1705 873 1784 910 erga
1807 864 1989 904 nationem.
2006 886 2055 896 —-
2069 869 2158 908 Vide
2187 873 2284 910 enim
2317 886 2408 923 quo-

1337 914 1460 962 modo,
1481 927 1563 955 eum
1585 921 1684 958 nullo
1701 933 1744 960 ex
1764 927 1898 964 nostris
1911 937 2049 977 egeret,
2071 932 2134 969 sed
2154 933 2221 970 sibi
2240 935 2318 983 ipse
2335 938 2410 974 suf~

1338 977 1476 1024 ticeret,
1501 992 1573 1018 non
1602 985 1808 1024 existentes
1831 999 1897 1028 nos
1926 992 2082 1030 existere
2115 993 2221 1040 fecit,
2252 998 2408 1036 animam

1337 1037 1525 1086 inspiravit
1542 1045 1685 1090 qualem
1706 1049 1796 1086 nulli
1815 1061 1859 1087 ex
1881 1054 2034 1091 terrenis
2051 1055 2280 1103 animalibus,
2303 1070 2408 1107 para~

1336 1099 1454 1140 disum
1473 1104 1661 1152 plantavit,
1681 1111 1810 1148 caelum
1837 1115 2008 1161 extendit,
2032 1124 2163 1156 terram
2194 1099 2406 1169 substravit,

1338 1161 1527 1203 luminaria
1547 1170 1714 1207 accendit
1741 1172 1944 1220 Splendida,
1965 1182 2098 1215 terram
2128 1182 2279 1228 stagnis,
2297 1184 2407 1221 ftmti-

1337 1225 1418 1267 bus,
1450 1226 1672 1275 ﬂuminibus,
1703 1232 1854 1272 tioribus
1881 1244 1918 1274 et
1949 1239 2080 1285 plantis
2105 1225 2258 1289 orna—vit,
2270 1225 2407 1285 caelum

1337 1288 1435 1324 vario
1461 1296 1641 1329 astrorum
1679 1294 1791 1333 choro
1810 1297 2000 1347 distinxit,
2022 1309 2165 1341 noctem
2197 1317 2268 1344 non
2289 1309 2409 1348 minus

1335 1359 1442 1396 quam
1461 1351 1558 1389 diem
1591 1354 1715 1392 utilem
1749 1357 1833 1395 fecit
1863 1367 2010 1408 propter
2026 1364 2186 1411 quietem
2217 1374 2255 1405 et
2272 1369 2368 1407 vires
2387 1383 2406 1407 a

1334 1419 1463 1449 somno
1483 1422 1680 1461 reparatas.
1701 1418 1788 1456 Nam
1808 1431 1958 1460 somnus
1977 1435 2047 1462 non
2070 1427 2189 1465 minus
2205 1439 2311 1478 quam
2333 1432 2403 1469 cibi

1334 1482 1486 1520 corpora
1506 1485 1628 1514 nostra
1645 1479 1721 1525 alit,
1739 1483 1845 1520 utvel
1866 1483 1949 1521 inde
1969 1486 2084 1533 palam
2103 1496 2172 1534 est,
2189 1491 2284 1538 quod
2304 1491 2409 1529 famis

1335 1537 1479 1583 quidem
1516 1541 1760 1590 multassa‘pe
1779 1543 1858 1582 dies
1876 1546 2021 1585 tolerari
2055 1537 2242 1590 videamus
2272 1555 2408 1602 ab5quc

1334 1606 1462 1636 somno
1477 1607 1596 1637 autem
1622 1603 1680 1640 vix
1708 1615 1854 1650 paucas.
1877 1607 1940 1646 Ille
1960 1616 2015 1647 est
2028 1611 2089 1658 qui
2107 1612 2176 1651 diei
2195 1614 2376 1654 flammant
2394 1645 2405 1662 ,

1334 1660 1410 1698 sive
1429 1671 1472 1698 ex
1509 1664 1611 1700 radio
1640 1667 1764 1713 solari,
1785 1671 1862 1708 sive
1879 1680 1926 1708 ex
1946 1672 2085 1711 diurnis
2111 1675 2295 1714 laboribus
2321 1689 2405 1726 pro-

1334 1724 1467 1766 veniat.
1485 1725 1675 1775 refrigerat
1691 1738 1728 1766 et
1746 1731 1934 1779 dissolvit,
1953 1735 2078 1784 sicque
2097 1749 2162 1775 nos
2182 1748 2328 1788 vegetos
2349 1753 2407 1781 re-

1332 1785 1450 1822 stituit
1469 1795 1505 1824 et
1521 1789 1698 1828 adt-undis
1725 1793 1854 1831 iterum
1884 1796 2068 1836 laboribus
2088 1809 2194 1846 pares
2213 1785 2403 1852 :vbyberna

1331 1859 1418 1888 vero
1437 1856 1650 1900 tempestate
1667 1866 1736 1894 nos
1753 1857 1916 1906 longiore
1929 1871 2037 1898 cursu
2053 1863 2133 1910 plus
2150 1865 2254 1903 nobis
2267 1869 2408 1906 confert

1331 1911 1467 1958 requiei
1487 1919 1523 1950 et
1541 1914 1676 1962 solatii,
1709 1917 1794 1956 dum
1817 1929 1883 1957 nos
1913 1921 1981 1958 sub
1999 1927 2094 1961 tecto
2117 1935 2266 1964 manere
2293 1930 2403 1976 cogit.

1329 1971 1506 2012 Tenebra:
1523 1983 1642 2014 autem
1671 1989 1740 2016 non
1761 1980 1892 2018 frustra
1911 1994 1978 2022 nec
1993 1991 2130 2024 temere
2149 1987 2234 2026 huic
2253 1994 2404 2038 tempori

1329 2033 1510 2082 deputata:
1524 2045 1609 2076 sunt
1624 2040 1701 2084 ,sed
1717 2051 1782 2089 pro
1798 2044 1925 2090 majori
1941 2046 2076 2094 quiete.
2093 2033 2403 2094 Quemadmodum

1329 2097 1427 2134 cutim
1447 2105 1580 2137 matres
1597 2103 1709 2148 prolis
1727 2113 1890 2144 amantes
1904 2136 1915 2153 ,
1940 2117 2022 2146 eum
2047 2112 2233 2159 vagientes
2250 2114 2406 2152 infantes

1329 2158 1374 2194 ad
1401 2160 1559 2206 quietem
1593 2172 1802 2212 provocant,
1827 2169 1923 2206 ulnis
1954 2158 2178 2220 complexos,
2211 2176 2404 2224 tunicaque

1329 2220 1454 2258 oculos
1490 2232 1616 2261 eorum
1647 2228 1854 2274 operientcs
1891 2230 2054 2271 dormire
2089 2234 2259 2272 faciunt:
2297 2239 2350 2275 sic
2366 2246 2403 2276 et

1332 2282 1427 2320 Deus
1452 2291 1634 2334 tamquam
1661 2291 1824 2329 velamen
1845 2294 2026 2341 quoddam
2059 2297 2227 2336 tenebras
2261 2311 2326 2347 per
2344 2311 2404 2338 or-

1330 2343 1412 2382 bem
1431 2349 1656 2394 expandeus,
1676 2351 1842 2390 homines
1857 2365 1878 2391 a
1897 2355 2083 2395 laboribus
2099 2343 2286 2406 quiescere
2303 2361 2401 2400 facit.

1329 2407 1404 2444 Nisi
1423 2409 1520 2446 enim
1542 2411 1590 2448 ita
1608 2418 1728 2458 esset,
1751 2415 1872 2452 nimiis
1891 2418 2044 2464 negotiis
2072 2420 2130 2456 vel
2161 2423 2320 2467 pecunia:
2340 2434 2402 2461 eo-

1328 2469 1455 2517 gendaa
1470 2471 1668 2518 cupiditate
1688 2485 1814 2514 omnes
1831 2477 2118 2518 distraltcremur
2134 2492 2261 2520 :‘nunc
2279 2491 2400 2522 autem

1328 2543 1396 2570 nos
1427 2534 1486 2571 vel
1507 2535 1639 2574 invitos
1663 2538 1852 2577 remittere
1880 2541 2032 2579 sudores
2061 2542 2170 2588 facit;
2193 2554 2260 2582 nec
2289 2547 2400 2584 modo

1327 2597 1564 2643 corporibus,
1584 2599 1649 2636 sed
1669 2599 1778 2638 etiam
1795 2603 1942 2648 animis,
1960 2614 2032 2642 non
2061 2605 2180 2644 minus
2193 2616 2302 2656 quam
2320 2619 2402 2647 cor-

1326 2659 1493 2707 poribus,
1527 2662 1687 2710 quietem
1720 2664 1779 2702 hic
1809 2675 1933 2704 rerum
1967 2667 2058 2705 ordo
2091 2675 2276 2716 procurat.
2307 2671 2400 2717 Quid

1327 2723 1423 2760 enim
1438 2723 1582 2762 dicatur
1591 2724 1637 2762 de
1653 2727 1826 2774 temporis
1841 2728 1948 2776 hujus
1959 2730 2080 2777 quiete
2090 2738 2126 2768 et
2141 2733 2401 2780 tranquillitate

1327 2792 1364 2823 et
1393 2789 1576 2834 quomodo
1596 2790 1718 2826 Omnia
1747 2791 1892 2828 silentio
1925 2792 2030 2840 plena
2048 2799 2086 2831 et
2114 2795 2268 2832 tumultu
2290 2807 2400 2834 vacua

1326 2849 1412 2894 sint,
1432 2850 1641 2899 nulliusque
1658 2863 1728 2890 vox
1746 2854 1914 2892 audiatur
1928 2856 2026 2894 velut
2045 2856 2082 2894 in
2102 2857 2175 2903 die,
2196 2858 2255 2896 ubi
2274 2859 2333 2896 alii
2355 2859 2401 2897 de

1326 2919 1829 2963 paupertateconqueruntur,
1848 2917 1908 2955 alii
1926 2918 2097 2957 damnum
2118 2919 2186 2958 sibi
2211 2922 2398 2970 importari

1325 2975 1496 3021 clamant,
1517 2977 1578 3014 alii
1601 2978 1748 3016 morbos
1765 2981 1966 3029 mutilaque
1983 2992 2135 3030 corpora
2155 2983 2293 3032 lugent,
2315 2995 2400 3032 pars

1326 3037 1610 3086 prOpinquorum
1631 3047 1807 3087 mortem,
1830 3052 1914 3090 pars
1941 3042 2118 3091 iacturam
2147 3046 2396 3093 pecuniarum,

1323 3099 1385 3136 alii
1401 3100 1578 3138 humanas
1592 3101 1681 3140 alias
1697 3113 1890 3148 aerumnas,
1910 3113 1990 3153 quae
2007 3116 2093 3144 sane
2110 3105 2275 3154 plurima:
2292 3116 2397 3146 sunt:

1323 3173 1370 3199 ex
1384 3163 1514 3210 quibus
1532 3165 1700 3202 omnibus
1713 3166 1821 3203 veluti
1837 3168 2004 3214 procellis
2015 3169 2187 3216 eripiens,
2204 3169 2400 3208 lmmanum

1323 3233 1434 3270 genus
1451 3224 1496 3261 ad
1513 3233 1656 3271 portum
1675 3237 1778 3264 suum
1793 3239 1862 3266 nox
1883 3230 2024 3277 recipit.
2043 3230 2126 3268 Haec
2143 3233 2247 3270 nobis
2260 3243 2278 3270 a
2295 3241 2402 3272 nocte

1323 3285 1416 3322 bona
1452 3287 1709 3333 conferuntur,
1743 3301 1762 3328 a
1797 3291 1858 3328 die
1894 3299 2016 3330 autem
2051 3293 2134 3339 illa,
2155 3306 2236 3342 qua:
2265 3297 2402 3334 scimus

1323 3348 1496 3386 universi.
1517 3350 1610 3396 Quid
1629 3363 1715 3389 vero
1733 3353 1876 3390 dicatur
1901 3354 1948 3392 de
1965 3358 2175 3394 commercii
2199 3357 2401 3396 facultate?

1321 3410 1464 3448 Etenim
1485 3423 1530 3448 ne
1546 3413 1713 3450 itinerum
1735 3415 1923 3463 longitudo
1941 3426 2009 3454 nos
2029 3429 2048 3454 a
2070 3426 2195 3456 mutuo
2211 3421 2400 3456 consortio

1320 3479 1516 3518 averteret,
1537 3475 1740 3514 breviorem
1755 3479 1860 3516 nobis
1875 3480 1970 3516 viam
1991 3491 2091 3519 mare
2109 3481 2246 3520 scilicet
2267 3484 2398 3528 unique

1320 3545 1386 3584 per
1405 3536 1530 3574 orbem
1545 3538 1639 3576 Deus
1651 3538 1806 3586 diiiudlt,
1825 3547 1864 3578 ut
1881 3542 1916 3580 in
1932 3543 2020 3580 orbe
2035 3551 2110 3580 toto
2123 3543 2222 3590 quasi
2241 3543 2276 3579 in
2287 3543 2396 3578 domo

1319 3609 1390 3636 una
1421 3599 1648 3646 habitantes,
1679 3601 1732 3640 sic
1760 3601 1971 3651 frequenter
1999 3605 2178 3651 possimus
2213 3603 2274 3638 alii
2305 3603 2393 3640 alio!

1319 3662 1434 3706 adire,
1459 3670 1500 3700 ut
1517 3673 1582 3700 sua
1602 3665 1736 3714 quique
1754 3668 1944 3705 conunoda
1973 3663 2148 3714 proximis
2167 3666 2242 3703 suis
2263 3665 2393 3714 singuli

1319 3724 1518 3770 tradentes,
1533 3726 1650 3764 aliena
1681 3735 1808 3765 mutuo
1837 3728 2026 3774 recipiant,
2047 3732 2084 3762 et
2113 3736 2260 3772 parvam
2289 3732 2394 3763 terra:

1319 3787 1521 3834 portionem
1543 3797 1780 3838 occupantes,
1801 3789 1971 3826 omnibus
1989 3788 2121 3834 ubique
2141 3788 2270 3835 positis
2290 3789 2393 3826 bonis

1317 3851 1420 3898 quasi
1449 3851 1586 3890 domini
1625 3854 1811 3901 potiantur
1840 3864 1851 3889 :
1887 3852 2191 3898 quemadmodum
2226 3853 2262 3890 in
2299 3853 2390 3890 lauta

1318 3924 1442 3952 mensa
1461 3915 1608 3962 singulis
1629 3917 1802 3960 convivis,
1819 3925 1899 3964 qum
1916 3921 1998 3951 ante
2019 3925 2058 3951 se
2081 3915 2192 3960 posita
2213 3922 2293 3952 sunt
2315 3916 2390 3952 aliis

2111 3985 2163 4026 2's
