  <div class='ocr_page' id='page_1' title='image "/cluster/home/n/w/nwhite01/storage/ocr_20150623/47/hvd.32044073501884/381.png"; bbox 0 0 2734 4342; ppageno 0'>
   <div class='ocr_carea' id='block_1_1' title="bbox 349 217 2544 297">
    <p class='ocr_par' dir='ltr' id='par_1_1' title="bbox 349 217 2544 297">
     <span class='ocr_line' id='line_1_1' title="bbox 349 217 2544 297; baseline -0.017 -2"><span class='ocrx_word' id='word_1_1' title='bbox 349 256 418 297; x_wconf 75' lang='lat' dir='ltr'><strong>M9</strong></span> <span class='ocrx_word' id='word_1_2' title='bbox 454 255 494 293; x_wconf 90' lang='lat' dir='ltr'><strong>S.</strong></span> <span class='ocrx_word' id='word_1_3' title='bbox 523 254 650 292; x_wconf 80' lang='lat' dir='ltr'><strong>JOAN.</strong></span> <span class='ocrx_word' id='word_1_4' title='bbox 675 245 942 289; x_wconf 75' lang='lat' dir='ltr'><strong>CIIRYSOST.</strong></span> <span class='ocrx_word' id='word_1_5' title='bbox 970 237 1094 278; x_wconf 76' lang='lat' dir='ltr'><strong>ARCII</strong></span> <span class='ocrx_word' id='word_1_6' title='bbox 1116 237 1187 275; x_wconf 78' lang='lat' dir='ltr'><strong>El‘.</strong></span> <span class='ocrx_word' id='word_1_7' title='bbox 1210 229 1584 274; x_wconf 75' lang='lat' dir='ltr'><strong>CONSTANTINOP.</strong></span> <span class='ocrx_word' id='word_1_8' title='bbox 1607 228 1666 266; x_wconf 81' lang='lat' dir='ltr'><strong>DE</strong></span> <span class='ocrx_word' id='word_1_9' title='bbox 1681 221 1946 264; x_wconf 78' lang='lat' dir='ltr'><strong>COMI‘UNCT.</strong></span> <span class='ocrx_word' id='word_1_10' title='bbox 1976 217 2034 258; x_wconf 73' lang='grc' dir='ltr'><strong>Μ)</strong></span> <span class='ocrx_word' id='word_1_11' title='bbox 2058 217 2269 258; x_wconf 83' lang='lat' dir='ltr'><strong>STELECH.</strong></span> <span class='ocrx_word' id='word_1_12' title='bbox 2287 219 2362 258; x_wconf 82' lang='lat' dir='ltr'><strong>LIB.</strong></span> <span class='ocrx_word' id='word_1_13' title='bbox 2386 220 2509 259; x_wconf 69' lang='grc' dir='ltr'><strong>11..Ηο</strong></span> <span class='ocrx_word' id='word_1_14' title='bbox 2541 241 2544 245; x_wconf 76' lang='grc' dir='ltr'><em>ι</em></span> 
     </span>
    </p>
   </div>
   <div class='ocr_carea' id='block_1_2' title="bbox 355 317 1426 388">
    <p class='ocr_par' dir='ltr' id='par_1_2' title="bbox 355 317 1426 388">
     <span class='ocr_line' id='line_1_2' title="bbox 355 317 1426 388; baseline -0.027 -8"><span class='ocrx_word' id='word_1_15' title='bbox 355 344 460 388; x_wconf 79' lang='lat' dir='ltr'><strong>longe</strong></span> <span class='ocrx_word' id='word_1_16' title='bbox 477 335 626 376; x_wconf 98' lang='lat' dir='ltr'><strong>remotis</strong></span> <span class='ocrx_word' id='word_1_17' title='bbox 640 333 742 376; x_wconf 91' lang='lat' dir='ltr'><strong>dare,</strong></span> <span class='ocrx_word' id='word_1_18' title='bbox 762 336 798 367; x_wconf 92' lang='lat' dir='ltr'><strong>et</strong></span> <span class='ocrx_word' id='word_1_19' title='bbox 817 328 867 365; x_wconf 86' lang='lat' dir='ltr'><strong>ab</strong></span> <span class='ocrx_word' id='word_1_20' title='bbox 883 326 970 370; x_wconf 83' lang='lat' dir='ltr'><strong>illis,</strong></span> <span class='ocrx_word' id='word_1_21' title='bbox 991 333 1073 372; x_wconf 67' lang='lat' dir='ltr'><strong>qua:</strong></span> <span class='ocrx_word' id='word_1_22' title='bbox 1090 331 1202 370; x_wconf 90' lang='lat' dir='ltr'><strong>pettcs</strong></span> <span class='ocrx_word' id='word_1_23' title='bbox 1220 329 1260 356; x_wconf 85' lang='lat' dir='ltr'><strong>se</strong></span> <span class='ocrx_word' id='word_1_24' title='bbox 1277 317 1426 357; x_wconf 82' lang='lat' dir='ltr'><strong>habent,</strong></span> 
     </span>
    </p>
   </div>
   <div class='ocr_carea' id='block_1_3' title="bbox 355 376 1432 440">
    <p class='ocr_par' dir='ltr' id='par_1_3' title="bbox 355 376 1432 440">
     <span class='ocr_line' id='line_1_3' title="bbox 355 376 1432 440; baseline -0.025 0"><span class='ocrx_word' id='word_1_25' title='bbox 355 376 504 440; x_wconf 57' lang='lat' dir='ltr'><strong>extzttsa</strong></span> <span class='ocrx_word' id='word_1_26' title='bbox 520 398 636 434; x_wconf 88' lang='lat' dir='ltr'><strong>solum</strong></span> <span class='ocrx_word' id='word_1_27' title='bbox 657 402 765 430; x_wconf 87' lang='lat' dir='ltr'><strong>manu</strong></span> <span class='ocrx_word' id='word_1_28' title='bbox 784 390 951 436; x_wconf 88' lang='lat' dir='ltr'><strong>accipere</strong></span> <span class='ocrx_word' id='word_1_29' title='bbox 966 387 1064 422; x_wconf 89' lang='lat' dir='ltr'><strong>licet.</strong></span> <span class='ocrx_word' id='word_1_30' title='bbox 1088 381 1193 429; x_wconf 83' lang='lat' dir='ltr'><strong>Quod</strong></span> <span class='ocrx_word' id='word_1_31' title='bbox 1211 381 1240 418; x_wconf 71' lang='lat' dir='ltr'><strong>si</strong></span> <span class='ocrx_word' id='word_1_32' title='bbox 1261 378 1342 428; x_wconf 86' lang='lat' dir='ltr'><strong>quis</strong></span> <span class='ocrx_word' id='word_1_33' title='bbox 1361 376 1432 414; x_wconf 83' lang='lat' dir='ltr'><strong>alia</strong></span> 
     </span>
    </p>
   </div>
   <div class='ocr_carea' id='block_1_4' title="bbox 356 441 1435 505">
    <p class='ocr_par' dir='ltr' id='par_1_4' title="bbox 356 441 1435 505">
     <span class='ocr_line' id='line_1_4' title="bbox 356 441 1435 505; baseline -0.024 -5"><span class='ocrx_word' id='word_1_34' title='bbox 356 470 524 500; x_wconf 87' lang='lat' dir='ltr'><strong>sermone</strong></span> <span class='ocrx_word' id='word_1_35' title='bbox 539 455 708 505; x_wconf 88' lang='lat' dir='ltr'><strong>persequi</strong></span> <span class='ocrx_word' id='word_1_36' title='bbox 725 451 931 494; x_wconf 88' lang='lat' dir='ltr'><strong>tentaverit,</strong></span> <span class='ocrx_word' id='word_1_37' title='bbox 953 449 990 484; x_wconf 89' lang='lat' dir='ltr'><strong>in</strong></span> <span class='ocrx_word' id='word_1_38' title='bbox 1000 444 1261 494; x_wconf 85' lang='lat' dir='ltr'><strong>longitudinem</strong></span> <span class='ocrx_word' id='word_1_39' title='bbox 1281 441 1435 478; x_wconf 84' lang='lat' dir='ltr'><strong>immen-</strong></span> 
     </span>
    </p>
   </div>
   <div class='ocr_carea' id='block_1_5' title="bbox 355 505 1435 560">
    <p class='ocr_par' dir='ltr' id='par_1_5' title="bbox 355 505 1435 560">
     <span class='ocr_line' id='line_1_5' title="bbox 355 505 1435 560; baseline -0.021 0"><span class='ocrx_word' id='word_1_40' title='bbox 355 534 432 560; x_wconf 87' lang='lat' dir='ltr'><strong>sattt</strong></span> <span class='ocrx_word' id='word_1_41' title='bbox 465 519 612 560; x_wconf 87' lang='lat' dir='ltr'><strong>incidet,</strong></span> <span class='ocrx_word' id='word_1_42' title='bbox 638 526 705 553; x_wconf 91' lang='lat' dir='ltr'><strong>nec</strong></span> <span class='ocrx_word' id='word_1_43' title='bbox 723 514 780 552; x_wconf 84' lang='lat' dir='ltr'><strong>vel</strong></span> <span class='ocrx_word' id='word_1_44' title='bbox 813 513 980 560; x_wconf 75' lang='lat' dir='ltr'><strong>exiguam</strong></span> <span class='ocrx_word' id='word_1_45' title='bbox 1009 514 1148 556; x_wconf 86' lang='lat' dir='ltr'><strong>partem</strong></span> <span class='ocrx_word' id='word_1_46' title='bbox 1169 505 1346 551; x_wconf 83' lang='lat' dir='ltr'><strong>attingere</strong></span> <span class='ocrx_word' id='word_1_47' title='bbox 1372 509 1435 548; x_wconf 83' lang='lat' dir='ltr'><strong>po-</strong></span> 
     </span>
    </p>
   </div>
   <div class='ocr_carea' id='block_1_6' title="bbox 357 561 1437 629">
    <p class='ocr_par' dir='ltr' id='par_1_6' title="bbox 357 561 1437 629">
     <span class='ocr_line' id='line_1_6' title="bbox 357 561 1437 629; baseline -0.02 -7"><span class='ocrx_word' id='word_1_48' title='bbox 357 585 442 622; x_wconf 88' lang='lat' dir='ltr'><strong>terit</strong></span> <span class='ocrx_word' id='word_1_49' title='bbox 459 595 468 621; x_wconf 89' lang='lat'>:</span> <span class='ocrx_word' id='word_1_50' title='bbox 487 579 670 629; x_wconf 86' lang='lat' dir='ltr'><strong>quomodo</strong></span> <span class='ocrx_word' id='word_1_51' title='bbox 697 577 794 616; x_wconf 89' lang='lat' dir='ltr'><strong>cnitn</strong></span> <span class='ocrx_word' id='word_1_52' title='bbox 810 603 819 620; x_wconf 88' lang='lat'><strong>,</strong></span> <span class='ocrx_word' id='word_1_53' title='bbox 841 575 951 612; x_wconf 89' lang='lat' dir='ltr'><strong>homo</strong></span> <span class='ocrx_word' id='word_1_54' title='bbox 969 581 1052 610; x_wconf 89' lang='lat' dir='ltr'><strong>cum</strong></span> <span class='ocrx_word' id='word_1_55' title='bbox 1086 571 1156 615; x_wconf 85' lang='lat' dir='ltr'><strong>sit,</strong></span> <span class='ocrx_word' id='word_1_56' title='bbox 1177 563 1353 606; x_wconf 83' lang='lat' dir='ltr'><strong>infinitam</strong></span> <span class='ocrx_word' id='word_1_57' title='bbox 1373 561 1437 601; x_wconf 93' lang='lat' dir='ltr'><strong>Dei</strong></span> 
     </span>
    </p>
   </div>
   <div class='ocr_carea' id='block_1_7' title="bbox 358 626 1440 692">
    <p class='ocr_par' dir='ltr' id='par_1_7' title="bbox 358 626 1440 692">
     <span class='ocr_line' id='line_1_7' title="bbox 358 626 1440 692; baseline -0.02 -9"><span class='ocrx_word' id='word_1_58' title='bbox 358 626 572 692; x_wconf 76' lang='lat' dir='ltr'><strong>sapientiam</strong></span> <span class='ocrx_word' id='word_1_59' title='bbox 591 641 711 679; x_wconf 80' lang='lat' dir='ltr'><strong>metiri</strong></span> <span class='ocrx_word' id='word_1_60' title='bbox 738 634 994 686; x_wconf 75' lang='lat' dir='ltr'><strong>aggrediatur?</strong></span> <span class='ocrx_word' id='word_1_61' title='bbox 1010 633 1134 680; x_wconf 86' lang='lat' dir='ltr'><strong>Cogita</strong></span> <span class='ocrx_word' id='word_1_62' title='bbox 1163 629 1307 667; x_wconf 90' lang='lat' dir='ltr'><strong>interim</strong></span> <span class='ocrx_word' id='word_1_63' title='bbox 1338 626 1440 674; x_wconf 85' lang='lat' dir='ltr'><strong>plan-</strong></span> 
     </span>
    </p>
   </div>
   <div class='ocr_carea' id='block_1_8' title="bbox 361 693 1438 745">
    <p class='ocr_par' dir='ltr' id='par_1_8' title="bbox 361 693 1438 745">
     <span class='ocr_line' id='line_1_8' title="bbox 361 693 1438 745; baseline -0.019 0"><span class='ocrx_word' id='word_1_64' title='bbox 361 715 479 745; x_wconf 91' lang='lat' dir='ltr'><strong>tarum</strong></span> <span class='ocrx_word' id='word_1_65' title='bbox 514 705 752 745; x_wconf 79' lang='lat' dir='ltr'><strong>varietatem,</strong></span> <span class='ocrx_word' id='word_1_66' title='bbox 785 699 1070 739; x_wconf 88' lang='lat' dir='ltr'><strong>fructiferarum,</strong></span> <span class='ocrx_word' id='word_1_67' title='bbox 1108 693 1438 731; x_wconf 88' lang='lat' dir='ltr'><strong>infructuosarum,</strong></span> 
     </span>
    </p>
   </div>
   <div class='ocr_carea' id='block_1_9' title="bbox 361 753 1442 816">
    <p class='ocr_par' dir='ltr' id='par_1_9' title="bbox 361 753 1442 816">
     <span class='ocr_line' id='line_1_9' title="bbox 361 753 1442 816; baseline -0.019 -9"><span class='ocrx_word' id='word_1_68' title='bbox 361 779 487 808; x_wconf 88' lang='lat' dir='ltr'><strong>carum</strong></span> <span class='ocrx_word' id='word_1_69' title='bbox 505 779 587 816; x_wconf 76' lang='lat' dir='ltr'><strong>qua:</strong></span> <span class='ocrx_word' id='word_1_70' title='bbox 609 767 643 803; x_wconf 93' lang='lat' dir='ltr'><strong>in</strong></span> <span class='ocrx_word' id='word_1_71' title='bbox 665 764 846 808; x_wconf 85' lang='lat' dir='ltr'><strong>desertis,</strong></span> <span class='ocrx_word' id='word_1_72' title='bbox 867 771 947 809; x_wconf 72' lang='lat' dir='ltr'><strong>qua:</strong></span> <span class='ocrx_word' id='word_1_73' title='bbox 968 760 1004 797; x_wconf 93' lang='lat' dir='ltr'><strong>in</strong></span> <span class='ocrx_word' id='word_1_74' title='bbox 1021 758 1119 806; x_wconf 82' lang='lat' dir='ltr'><strong>agris</strong></span> <span class='ocrx_word' id='word_1_75' title='bbox 1138 756 1258 800; x_wconf 82' lang='lat' dir='ltr'><strong>cultis,</strong></span> <span class='ocrx_word' id='word_1_76' title='bbox 1284 753 1320 790; x_wconf 93' lang='lat' dir='ltr'><strong>in</strong></span> <span class='ocrx_word' id='word_1_77' title='bbox 1337 757 1442 790; x_wconf 51' lang='lat' dir='ltr'><strong>monv</strong></span> 
     </span>
    </p>
   </div>
   <div class='ocr_carea' id='block_1_10' title="bbox 369 813 1444 876">
    <p class='ocr_par' dir='ltr' id='par_1_10' title="bbox 369 813 1444 876">
     <span class='ocr_line' id='line_1_10' title="bbox 369 813 1444 876; baseline -0.018 -8"><span class='ocrx_word' id='word_1_78' title='bbox 369 833 479 875; x_wconf 86' lang='lat' dir='ltr'><strong>tibus,</strong></span> <span class='ocrx_word' id='word_1_79' title='bbox 503 831 538 867; x_wconf 93' lang='lat' dir='ltr'><strong>in</strong></span> <span class='ocrx_word' id='word_1_80' title='bbox 553 828 702 876; x_wconf 83' lang='lat' dir='ltr'><strong>planitie</strong></span> <span class='ocrx_word' id='word_1_81' title='bbox 723 839 732 863; x_wconf 94' lang='lat'>:</span> <span class='ocrx_word' id='word_1_82' title='bbox 755 824 945 862; x_wconf 84' lang='lat' dir='ltr'><strong>considera</strong></span> <span class='ocrx_word' id='word_1_83' title='bbox 966 821 1214 858; x_wconf 82' lang='lat' dir='ltr'><strong>diversitatem</strong></span> <span class='ocrx_word' id='word_1_84' title='bbox 1239 817 1276 854; x_wconf 90' lang='lat' dir='ltr'><strong>in</strong></span> <span class='ocrx_word' id='word_1_85' title='bbox 1294 813 1444 852; x_wconf 89' lang='lat' dir='ltr'><strong>semini-</strong></span> 
     </span>
    </p>
   </div>
   <div class='ocr_carea' id='block_1_11' title="bbox 365 876 1446 938">
    <p class='ocr_par' dir='ltr' id='par_1_11' title="bbox 365 876 1446 938">
     <span class='ocr_line' id='line_1_11' title="bbox 365 876 1446 938; baseline -0.018 -8"><span class='ocrx_word' id='word_1_86' title='bbox 365 895 450 938; x_wconf 80' lang='lat' dir='ltr'><strong>ltns,</strong></span> <span class='ocrx_word' id='word_1_87' title='bbox 473 893 507 929; x_wconf 91' lang='lat' dir='ltr'><strong>itt</strong></span> <span class='ocrx_word' id='word_1_88' title='bbox 529 891 700 933; x_wconf 69' lang='lat' dir='ltr'><strong>oleribus,</strong></span> <span class='ocrx_word' id='word_1_89' title='bbox 723 889 759 925; x_wconf 91' lang='lat' dir='ltr'><strong>in</strong></span> <span class='ocrx_word' id='word_1_90' title='bbox 778 887 928 923; x_wconf 84' lang='lat' dir='ltr'><strong>floribus</strong></span> <span class='ocrx_word' id='word_1_91' title='bbox 942 913 953 929; x_wconf 90' lang='lat'><strong>,</strong></span> <span class='ocrx_word' id='word_1_92' title='bbox 969 885 1005 920; x_wconf 91' lang='lat' dir='ltr'><strong>itt</strong></span> <span class='ocrx_word' id='word_1_93' title='bbox 1029 881 1246 919; x_wconf 81' lang='lat' dir='ltr'><strong>animalibus</strong></span> <span class='ocrx_word' id='word_1_94' title='bbox 1264 876 1446 916; x_wconf 85' lang='lat' dir='ltr'><strong>terrestri-</strong></span> 
     </span>
    </p>
   </div>
   <div class='ocr_carea' id='block_1_12' title="bbox 368 940 1441 1002">
    <p class='ocr_par' dir='ltr' id='par_1_12' title="bbox 368 940 1441 1002">
     <span class='ocr_line' id='line_1_12' title="bbox 368 940 1441 1002; baseline -0.018 -8"><span class='ocrx_word' id='word_1_95' title='bbox 368 959 434 994; x_wconf 87' lang='lat' dir='ltr'><strong>bus</strong></span> <span class='ocrx_word' id='word_1_96' title='bbox 447 985 458 1002; x_wconf 88' lang='lat'><strong>,</strong></span> <span class='ocrx_word' id='word_1_97' title='bbox 479 956 513 992; x_wconf 90' lang='lat' dir='ltr'><strong>in</strong></span> <span class='ocrx_word' id='word_1_98' title='bbox 530 953 722 1001; x_wconf 86' lang='lat' dir='ltr'><strong>antphihiis</strong></span> <span class='ocrx_word' id='word_1_99' title='bbox 739 979 750 994; x_wconf 89' lang='lat'><strong>,</strong></span> <span class='ocrx_word' id='word_1_100' title='bbox 773 952 808 987; x_wconf 90' lang='lat' dir='ltr'><strong>in</strong></span> <span class='ocrx_word' id='word_1_101' title='bbox 828 949 1039 987; x_wconf 88' lang='lat' dir='ltr'><strong>natatilibus</strong></span> <span class='ocrx_word' id='word_1_102' title='bbox 1059 958 1068 982; x_wconf 87' lang='lat'><strong><em>:</em></strong></span> <span class='ocrx_word' id='word_1_103' title='bbox 1085 943 1269 993; x_wconf 85' lang='lat' dir='ltr'><strong>perpende</strong></span> <span class='ocrx_word' id='word_1_104' title='bbox 1287 940 1441 978; x_wconf 70' lang='lat' dir='ltr'><strong>visibilis</strong></span> 
     </span>
    </p>
   </div>
   <div class='ocr_carea' id='block_1_13' title="bbox 369 1003 1448 1065">
    <p class='ocr_par' dir='ltr' id='par_1_13' title="bbox 369 1003 1448 1065">
     <span class='ocr_line' id='line_1_13' title="bbox 369 1003 1448 1065; baseline -0.016 -9"><span class='ocrx_word' id='word_1_105' title='bbox 369 1020 492 1056; x_wconf 86' lang='lat' dir='ltr'><strong>omnia</strong></span> <span class='ocrx_word' id='word_1_106' title='bbox 512 1024 659 1065; x_wconf 78' lang='lat' dir='ltr'><strong>propter</strong></span> <span class='ocrx_word' id='word_1_107' title='bbox 688 1026 755 1052; x_wconf 88' lang='lat' dir='ltr'><strong>nos</strong></span> <span class='ocrx_word' id='word_1_108' title='bbox 775 1013 868 1050; x_wconf 86' lang='lat' dir='ltr'><strong>facta</strong></span> <span class='ocrx_word' id='word_1_109' title='bbox 883 1038 893 1058; x_wconf 90' lang='lat'><strong>,</strong></span> <span class='ocrx_word' id='word_1_110' title='bbox 911 1012 1054 1054; x_wconf 67' lang='lat' dir='ltr'><strong>caalntn,</strong></span> <span class='ocrx_word' id='word_1_111' title='bbox 1077 1015 1236 1051; x_wconf 88' lang='lat' dir='ltr'><strong>terram,</strong></span> <span class='ocrx_word' id='word_1_112' title='bbox 1263 1012 1377 1056; x_wconf 87' lang='lat' dir='ltr'><strong>mare,</strong></span> <span class='ocrx_word' id='word_1_113' title='bbox 1411 1003 1448 1040; x_wconf 83' lang='lat' dir='ltr'><strong>et</strong></span> 
     </span>
    </p>
   </div>
   <div class='ocr_carea' id='block_1_14' title="bbox 372 1066 1449 1128">
    <p class='ocr_par' dir='ltr' id='par_1_14' title="bbox 372 1066 1449 1128">
     <span class='ocr_line' id='line_1_14' title="bbox 372 1066 1449 1128; baseline -0.016 -10"><span class='ocrx_word' id='word_1_114' title='bbox 372 1083 494 1120; x_wconf 84' lang='lat' dir='ltr'><strong>omnia</strong></span> <span class='ocrx_word' id='word_1_115' title='bbox 515 1091 596 1128; x_wconf 75' lang='lat' dir='ltr'><strong>qum</strong></span> <span class='ocrx_word' id='word_1_116' title='bbox 628 1080 664 1116; x_wconf 91' lang='lat' dir='ltr'><strong>in</strong></span> <span class='ocrx_word' id='word_1_117' title='bbox 681 1079 734 1116; x_wconf 89' lang='lat' dir='ltr'><strong>eis</strong></span> <span class='ocrx_word' id='word_1_118' title='bbox 752 1084 848 1115; x_wconf 89' lang='lat' dir='ltr'><strong>sunt.</strong></span> <span class='ocrx_word' id='word_1_119' title='bbox 867 1072 1178 1122; x_wconf 82' lang='lat' dir='ltr'><strong>Quemadmodum</strong></span> <span class='ocrx_word' id='word_1_120' title='bbox 1197 1069 1294 1107; x_wconf 87' lang='lat' dir='ltr'><strong>enim</strong></span> <span class='ocrx_word' id='word_1_121' title='bbox 1315 1067 1344 1104; x_wconf 89' lang='lat' dir='ltr'><strong>si</strong></span> <span class='ocrx_word' id='word_1_122' title='bbox 1368 1066 1449 1114; x_wconf 86' lang='lat' dir='ltr'><strong>quis</strong></span> 
     </span>
    </p>
   </div>
   <div class='ocr_carea' id='block_1_15' title="bbox 373 1130 1450 1192">
    <p class='ocr_par' dir='ltr' id='par_1_15' title="bbox 373 1130 1450 1192">
     <span class='ocr_line' id='line_1_15' title="bbox 373 1130 1450 1192; baseline -0.017 -10"><span class='ocrx_word' id='word_1_123' title='bbox 373 1145 508 1192; x_wconf 81' lang='lat' dir='ltr'><strong>regiam</strong></span> <span class='ocrx_word' id='word_1_124' title='bbox 540 1141 766 1190; x_wconf 79' lang='lat' dir='ltr'><strong>splendidam</strong></span> <span class='ocrx_word' id='word_1_125' title='bbox 803 1136 1071 1178; x_wconf 79' lang='lat' dir='ltr'><strong>construxerit,</strong></span> <span class='ocrx_word' id='word_1_126' title='bbox 1103 1133 1218 1170; x_wconf 86' lang='lat' dir='ltr'><strong>multo</strong></span> <span class='ocrx_word' id='word_1_127' title='bbox 1254 1130 1450 1178; x_wconf 81' lang='lat' dir='ltr'><strong>fulgentem</strong></span> 
     </span>
    </p>
   </div>
   <div class='ocr_carea' id='block_1_16' title="bbox 373 1191 1451 1252">
    <p class='ocr_par' dir='ltr' id='par_1_16' title="bbox 373 1191 1451 1252">
     <span class='ocr_line' id='line_1_16' title="bbox 373 1191 1451 1252; baseline -0.017 -7"><span class='ocrx_word' id='word_1_128' title='bbox 373 1217 463 1245; x_wconf 88' lang='lat' dir='ltr'><strong>auro</strong></span> <span class='ocrx_word' id='word_1_129' title='bbox 477 1235 486 1251; x_wconf 95' lang='lat'><strong>,</strong></span> <span class='ocrx_word' id='word_1_130' title='bbox 507 1207 621 1242; x_wconf 91' lang='lat' dir='ltr'><strong>multo</strong></span> <span class='ocrx_word' id='word_1_131' title='bbox 637 1213 862 1252; x_wconf 85' lang='lat' dir='ltr'><strong>gemmarum</strong></span> <span class='ocrx_word' id='word_1_132' title='bbox 891 1201 1010 1238; x_wconf 87' lang='lat' dir='ltr'><strong>nitore</strong></span> <span class='ocrx_word' id='word_1_133' title='bbox 1031 1211 1040 1235; x_wconf 93' lang='lat'>:</span> <span class='ocrx_word' id='word_1_134' title='bbox 1063 1199 1111 1234; x_wconf 80' lang='lat' dir='ltr'><strong>ita</strong></span> <span class='ocrx_word' id='word_1_135' title='bbox 1138 1194 1312 1234; x_wconf 90' lang='lat' dir='ltr'><strong>mundum</strong></span> <span class='ocrx_word' id='word_1_136' title='bbox 1340 1191 1451 1228; x_wconf 88' lang='lat' dir='ltr'><strong>fabri-</strong></span> 
     </span>
    </p>
   </div>
   <div class='ocr_carea' id='block_1_17' title="bbox 374 1253 1452 1310">
    <p class='ocr_par' dir='ltr' id='par_1_17' title="bbox 374 1253 1452 1310">
     <span class='ocr_line' id='line_1_17' title="bbox 374 1253 1452 1310; baseline -0.018 -3"><span class='ocrx_word' id='word_1_137' title='bbox 374 1275 476 1308; x_wconf 84' lang='lat' dir='ltr'><strong>catus</strong></span> <span class='ocrx_word' id='word_1_138' title='bbox 497 1269 608 1310; x_wconf 86' lang='lat' dir='ltr'><strong>Deus,</strong></span> <span class='ocrx_word' id='word_1_139' title='bbox 638 1266 820 1304; x_wconf 89' lang='lat' dir='ltr'><strong>hominem</strong></span> <span class='ocrx_word' id='word_1_140' title='bbox 852 1261 1063 1305; x_wconf 77' lang='lat' dir='ltr'><strong>introduxit,</strong></span> <span class='ocrx_word' id='word_1_141' title='bbox 1081 1264 1122 1296; x_wconf 91' lang='lat' dir='ltr'><strong>ut</strong></span> <span class='ocrx_word' id='word_1_142' title='bbox 1152 1259 1188 1295; x_wconf 89' lang='lat' dir='ltr'><strong>in</strong></span> <span class='ocrx_word' id='word_1_143' title='bbox 1221 1256 1300 1293; x_wconf 66' lang='lat' dir='ltr'><strong>tunc</strong></span> <span class='ocrx_word' id='word_1_144' title='bbox 1329 1253 1452 1290; x_wconf 81' lang='lat' dir='ltr'><strong>omnia</strong></span> 
     </span>
    </p>
   </div>
   <div class='ocr_carea' id='block_1_18' title="bbox 376 1317 1453 1380">
    <p class='ocr_par' dir='ltr' id='par_1_18' title="bbox 376 1317 1453 1380">
     <span class='ocr_line' id='line_1_18' title="bbox 376 1317 1453 1380; baseline -0.015 -10"><span class='ocrx_word' id='word_1_145' title='bbox 376 1343 526 1380; x_wconf 81' lang='lat' dir='ltr'><strong>regnum</strong></span> <span class='ocrx_word' id='word_1_146' title='bbox 543 1331 738 1368; x_wconf 81' lang='lat' dir='ltr'><strong>obtineret.</strong></span> <span class='ocrx_word' id='word_1_147' title='bbox 760 1327 935 1374; x_wconf 85' lang='lat' dir='ltr'><strong>Quodque</strong></span> <span class='ocrx_word' id='word_1_148' title='bbox 964 1325 1070 1371; x_wconf 83' lang='lat' dir='ltr'><strong>longe</strong></span> <span class='ocrx_word' id='word_1_149' title='bbox 1094 1321 1294 1360; x_wconf 86' lang='lat' dir='ltr'><strong>mirabilius</strong></span> <span class='ocrx_word' id='word_1_150' title='bbox 1319 1321 1354 1356; x_wconf 94' lang='lat' dir='ltr'><strong>in</strong></span> <span class='ocrx_word' id='word_1_151' title='bbox 1385 1317 1453 1354; x_wconf 86' lang='lat' dir='ltr'><strong>hae</strong></span> 
     </span>
    </p>
   </div>
   <div class='ocr_carea' id='block_1_19' title="bbox 376 1379 1455 1438">
    <p class='ocr_par' dir='ltr' id='par_1_19' title="bbox 376 1379 1455 1438">
     <span class='ocr_line' id='line_1_19' title="bbox 376 1379 1455 1438; baseline -0.016 -6"><span class='ocrx_word' id='word_1_152' title='bbox 376 1395 488 1432; x_wconf 87' lang='lat' dir='ltr'><strong>domo</strong></span> <span class='ocrx_word' id='word_1_153' title='bbox 505 1401 574 1438; x_wconf 82' lang='lat' dir='ltr'><strong>est,</strong></span> <span class='ocrx_word' id='word_1_154' title='bbox 591 1402 662 1429; x_wconf 92' lang='lat' dir='ltr'><strong>non</strong></span> <span class='ocrx_word' id='word_1_155' title='bbox 681 1403 726 1428; x_wconf 81' lang='lat' dir='ltr'><strong>ex</strong></span> <span class='ocrx_word' id='word_1_156' title='bbox 755 1389 936 1438; x_wconf 85' lang='lat' dir='ltr'><strong>lapidibus</strong></span> <span class='ocrx_word' id='word_1_157' title='bbox 963 1393 1096 1424; x_wconf 87' lang='lat' dir='ltr'><strong>tectum</strong></span> <span class='ocrx_word' id='word_1_158' title='bbox 1117 1381 1366 1424; x_wconf 82' lang='lat' dir='ltr'><strong>concinnavit,</strong></span> <span class='ocrx_word' id='word_1_159' title='bbox 1389 1379 1455 1416; x_wconf 90' lang='lat' dir='ltr'><strong>sed</strong></span> 
     </span>
    </p>
   </div>
   <div class='ocr_carea' id='block_1_20' title="bbox 381 1441 1456 1502">
    <p class='ocr_par' dir='ltr' id='par_1_20' title="bbox 381 1441 1456 1502">
     <span class='ocr_line' id='line_1_20' title="bbox 381 1441 1456 1502; baseline -0.014 -9"><span class='ocrx_word' id='word_1_160' title='bbox 381 1467 426 1493; x_wconf 85' lang='lat' dir='ltr'><strong>ex</strong></span> <span class='ocrx_word' id='word_1_161' title='bbox 449 1455 519 1492; x_wconf 89' lang='lat' dir='ltr'><strong>alia</strong></span> <span class='ocrx_word' id='word_1_162' title='bbox 542 1454 757 1502; x_wconf 84' lang='lat' dir='ltr'><strong>pretiosiore</strong></span> <span class='ocrx_word' id='word_1_163' title='bbox 777 1451 927 1488; x_wconf 81' lang='lat' dir='ltr'><strong>materia</strong></span> <span class='ocrx_word' id='word_1_164' title='bbox 952 1447 1128 1492; x_wconf 86' lang='lat' dir='ltr'><strong>coudidit,</strong></span> <span class='ocrx_word' id='word_1_165' title='bbox 1147 1456 1265 1493; x_wconf 87' lang='lat' dir='ltr'><strong>neque</strong></span> <span class='ocrx_word' id='word_1_166' title='bbox 1281 1441 1456 1480; x_wconf 83' lang='lat' dir='ltr'><strong>candela-</strong></span> 
     </span>
    </p>
   </div>
   <div class='ocr_carea' id='block_1_21' title="bbox 381 1505 1458 1557">
    <p class='ocr_par' dir='ltr' id='par_1_21' title="bbox 381 1505 1458 1557">
     <span class='ocr_line' id='line_1_21' title="bbox 381 1505 1458 1557; baseline -0.012 -3"><span class='ocrx_word' id='word_1_167' title='bbox 381 1516 438 1554; x_wconf 82' lang='lat' dir='ltr'><strong>bri</strong></span> <span class='ocrx_word' id='word_1_168' title='bbox 464 1515 564 1553; x_wconf 87' lang='lat' dir='ltr'><strong>aurei</strong></span> <span class='ocrx_word' id='word_1_169' title='bbox 581 1515 765 1552; x_wconf 78' lang='lat' dir='ltr'><strong>flammam</strong></span> <span class='ocrx_word' id='word_1_170' title='bbox 789 1512 982 1557; x_wconf 83' lang='lat' dir='ltr'><strong>accendit,</strong></span> <span class='ocrx_word' id='word_1_171' title='bbox 1001 1510 1064 1548; x_wconf 92' lang='lat' dir='ltr'><strong>sed</strong></span> <span class='ocrx_word' id='word_1_172' title='bbox 1095 1519 1251 1557; x_wconf 80' lang='lat' dir='ltr'><strong>superne</strong></span> <span class='ocrx_word' id='word_1_173' title='bbox 1271 1505 1458 1554; x_wconf 82' lang='lat' dir='ltr'><strong>lampadas</strong></span> 
     </span>
    </p>
   </div>
   <div class='ocr_carea' id='block_1_22' title="bbox 381 1566 1458 1625">
    <p class='ocr_par' dir='ltr' id='par_1_22' title="bbox 381 1566 1458 1625">
     <span class='ocr_line' id='line_1_22' title="bbox 381 1566 1458 1625; baseline -0.011 -10"><span class='ocrx_word' id='word_1_174' title='bbox 381 1587 536 1625; x_wconf 81' lang='lat' dir='ltr'><strong>ponens,</strong></span> <span class='ocrx_word' id='word_1_175' title='bbox 556 1586 619 1614; x_wconf 87' lang='lat' dir='ltr'><strong>eas</strong></span> <span class='ocrx_word' id='word_1_176' title='bbox 637 1587 701 1624; x_wconf 88' lang='lat' dir='ltr'><strong>per</strong></span> <span class='ocrx_word' id='word_1_177' title='bbox 731 1575 860 1612; x_wconf 88' lang='lat' dir='ltr'><strong>domus</strong></span> <span class='ocrx_word' id='word_1_178' title='bbox 878 1579 1011 1611; x_wconf 85' lang='lat' dir='ltr'><strong>tectum</strong></span> <span class='ocrx_word' id='word_1_179' title='bbox 1031 1572 1237 1609; x_wconf 85' lang='lat' dir='ltr'><strong>discurrere</strong></span> <span class='ocrx_word' id='word_1_180' title='bbox 1253 1568 1375 1618; x_wconf 81' lang='lat' dir='ltr'><strong>jussit,</strong></span> <span class='ocrx_word' id='word_1_181' title='bbox 1409 1566 1458 1604; x_wconf 88' lang='lat' dir='ltr'><strong>ita</strong></span> 
     </span>
    </p>
   </div>
   <div class='ocr_carea' id='block_1_23' title="bbox 384 1629 1461 1681">
    <p class='ocr_par' dir='ltr' id='par_1_23' title="bbox 384 1629 1461 1681">
     <span class='ocr_line' id='line_1_23' title="bbox 384 1629 1461 1681; baseline -0.012 -3"><span class='ocrx_word' id='word_1_182' title='bbox 384 1647 422 1678; x_wconf 83' lang='grc' dir='ltr'>ιιι</span> <span class='ocrx_word' id='word_1_183' title='bbox 439 1640 473 1678; x_wconf 89' lang='lat' dir='ltr'><strong>id</strong></span> <span class='ocrx_word' id='word_1_184' title='bbox 495 1650 566 1677; x_wconf 91' lang='lat' dir='ltr'><strong>non</strong></span> <span class='ocrx_word' id='word_1_185' title='bbox 587 1640 675 1676; x_wconf 88' lang='lat' dir='ltr'><strong>utile</strong></span> <span class='ocrx_word' id='word_1_186' title='bbox 693 1637 802 1676; x_wconf 82' lang='lat' dir='ltr'><strong>modo</strong></span> <span class='ocrx_word' id='word_1_187' title='bbox 821 1643 934 1681; x_wconf 87' lang='lat' dir='ltr'><strong>esset,</strong></span> <span class='ocrx_word' id='word_1_188' title='bbox 953 1635 1017 1672; x_wconf 84' lang='lat' dir='ltr'><strong>sed</strong></span> <span class='ocrx_word' id='word_1_189' title='bbox 1039 1643 1204 1681; x_wconf 83' lang='lat' dir='ltr'><strong>magnam</strong></span> <span class='ocrx_word' id='word_1_190' title='bbox 1225 1632 1334 1669; x_wconf 80' lang='lat' dir='ltr'><strong>etiam</strong></span> <span class='ocrx_word' id='word_1_191' title='bbox 1356 1629 1461 1666; x_wconf 87' lang='lat' dir='ltr'><strong>nobis</strong></span> 
     </span>
    </p>
   </div>
   <div class='ocr_carea' id='block_1_24' title="bbox 386 1691 1461 1748">
    <p class='ocr_par' dir='ltr' id='par_1_24' title="bbox 386 1691 1461 1748">
     <span class='ocr_line' id='line_1_24' title="bbox 386 1691 1461 1748; baseline -0.008 -12"><span class='ocrx_word' id='word_1_192' title='bbox 386 1708 531 1748; x_wconf 89' lang='lat' dir='ltr'><strong>pareret</strong></span> <span class='ocrx_word' id='word_1_193' title='bbox 550 1701 790 1748; x_wconf 85' lang='lat' dir='ltr'><strong>voluptatem,</strong></span> <span class='ocrx_word' id='word_1_194' title='bbox 821 1699 1067 1746; x_wconf 86' lang='lat' dir='ltr'><strong>pavimentum</strong></span> <span class='ocrx_word' id='word_1_195' title='bbox 1095 1700 1216 1732; x_wconf 86' lang='lat' dir='ltr'><strong>autem</strong></span> <span class='ocrx_word' id='word_1_196' title='bbox 1248 1694 1362 1730; x_wconf 82' lang='lat' dir='ltr'><strong>instar</strong></span> <span class='ocrx_word' id='word_1_197' title='bbox 1381 1691 1461 1738; x_wconf 81' lang='lat' dir='ltr'><strong>opi-</strong></span> 
     </span>
    </p>
   </div>
   <div class='ocr_carea' id='block_1_25' title="bbox 385 1751 1462 1808">
    <p class='ocr_par' dir='ltr' id='par_1_25' title="bbox 385 1751 1462 1808">
     <span class='ocr_line' id='line_1_25' title="bbox 385 1751 1462 1808; baseline -0.007 -12"><span class='ocrx_word' id='word_1_198' title='bbox 385 1771 486 1808; x_wconf 70' lang='lat' dir='ltr'><strong>parte</strong></span> <span class='ocrx_word' id='word_1_199' title='bbox 506 1771 642 1798; x_wconf 66' lang='lat' dir='ltr'><strong>mensae</strong></span> <span class='ocrx_word' id='word_1_200' title='bbox 660 1760 854 1796; x_wconf 80' lang='lat' dir='ltr'><strong>adornavit</strong></span> <span class='ocrx_word' id='word_1_201' title='bbox 871 1771 880 1795; x_wconf 87' lang='lat'><strong>:</strong></span> <span class='ocrx_word' id='word_1_202' title='bbox 901 1764 937 1796; x_wconf 90' lang='lat' dir='ltr'><strong>et</strong></span> <span class='ocrx_word' id='word_1_203' title='bbox 954 1759 1033 1794; x_wconf 79' lang='lat' dir='ltr'><strong>haec</strong></span> <span class='ocrx_word' id='word_1_204' title='bbox 1049 1756 1204 1803; x_wconf 84' lang='lat' dir='ltr'><strong>praebuit</strong></span> <span class='ocrx_word' id='word_1_205' title='bbox 1223 1755 1272 1800; x_wconf 90' lang='lat' dir='ltr'><strong>ei,</strong></span> <span class='ocrx_word' id='word_1_206' title='bbox 1290 1754 1352 1801; x_wconf 87' lang='lat' dir='ltr'><strong>qui</strong></span> <span class='ocrx_word' id='word_1_207' title='bbox 1372 1751 1462 1789; x_wconf 86' lang='lat' dir='ltr'><strong>nihil</strong></span> 
     </span>
    </p>
   </div>
   <div class='ocr_carea' id='block_1_26' title="bbox 387 1814 1461 1863">
    <p class='ocr_par' dir='ltr' id='par_1_26' title="bbox 387 1814 1461 1863">
     <span class='ocr_line' id='line_1_26' title="bbox 387 1814 1461 1863; baseline -0.007 -5"><span class='ocrx_word' id='word_1_208' title='bbox 387 1821 506 1858; x_wconf 87' lang='lat' dir='ltr'><strong>adhuc</strong></span> <span class='ocrx_word' id='word_1_209' title='bbox 519 1821 604 1858; x_wconf 85' lang='lat' dir='ltr'><strong>boni</strong></span> <span class='ocrx_word' id='word_1_210' title='bbox 623 1819 850 1856; x_wconf 80' lang='lat' dir='ltr'><strong>exhibuerat.</strong></span> <span class='ocrx_word' id='word_1_211' title='bbox 863 1818 1121 1854; x_wconf 75' lang='lat' dir='ltr'><strong>Verumtamen</strong></span> <span class='ocrx_word' id='word_1_212' title='bbox 1140 1821 1222 1863; x_wconf 84' lang='lat' dir='ltr'><strong>post</strong></span> <span class='ocrx_word' id='word_1_213' title='bbox 1239 1821 1338 1852; x_wconf 88' lang='lat' dir='ltr'><strong>tanta</strong></span> <span class='ocrx_word' id='word_1_214' title='bbox 1353 1814 1461 1859; x_wconf 79' lang='lat' dir='ltr'><strong>dona,</strong></span> 
     </span>
    </p>
   </div>
   <div class='ocr_carea' id='block_1_27' title="bbox 389 1877 1462 1930">
    <p class='ocr_par' dir='ltr' id='par_1_27' title="bbox 389 1877 1462 1930">
     <span class='ocr_line' id='line_1_27' title="bbox 389 1877 1462 1930; baseline -0.007 -10"><span class='ocrx_word' id='word_1_215' title='bbox 389 1892 470 1920; x_wconf 88' lang='lat' dir='ltr'><strong>cum</strong></span> <span class='ocrx_word' id='word_1_216' title='bbox 490 1892 574 1930; x_wconf 84' lang='lat' dir='ltr'><strong>erga</strong></span> <span class='ocrx_word' id='word_1_217' title='bbox 603 1881 803 1918; x_wconf 85' lang='lat' dir='ltr'><strong>beneficum</strong></span> <span class='ocrx_word' id='word_1_218' title='bbox 820 1879 930 1917; x_wconf 90' lang='lat' dir='ltr'><strong>homo</strong></span> <span class='ocrx_word' id='word_1_219' title='bbox 957 1889 998 1916; x_wconf 89' lang='lat' dir='ltr'><strong>se</strong></span> <span class='ocrx_word' id='word_1_220' title='bbox 1017 1879 1198 1926; x_wconf 84' lang='lat' dir='ltr'><strong>ingratum</strong></span> <span class='ocrx_word' id='word_1_221' title='bbox 1229 1877 1462 1924; x_wconf 69' lang='lat' dir='ltr'><strong>pratbnisset,</strong></span> 
     </span>
    </p>
   </div>
   <div class='ocr_carea' id='block_1_28' title="bbox 392 1939 1464 1988">
    <p class='ocr_par' dir='ltr' id='par_1_28' title="bbox 392 1939 1464 1988">
     <span class='ocr_line' id='line_1_28' title="bbox 392 1939 1464 1988; baseline -0.005 -7"><span class='ocrx_word' id='word_1_222' title='bbox 392 1955 464 1981; x_wconf 84' lang='lat' dir='ltr'><strong>ttutt</strong></span> <span class='ocrx_word' id='word_1_223' title='bbox 483 1944 564 1982; x_wconf 89' lang='lat' dir='ltr'><strong>ideo</strong></span> <span class='ocrx_word' id='word_1_224' title='bbox 591 1943 692 1980; x_wconf 90' lang='lat' dir='ltr'><strong>illum</strong></span> <span class='ocrx_word' id='word_1_225' title='bbox 720 1939 860 1980; x_wconf 87' lang='lat' dir='ltr'><strong>honore</strong></span> <span class='ocrx_word' id='word_1_226' title='bbox 889 1941 1064 1988; x_wconf 76' lang='lat' dir='ltr'><strong>privavit,</strong></span> <span class='ocrx_word' id='word_1_227' title='bbox 1085 1939 1149 1978; x_wconf 89' lang='lat' dir='ltr'><strong>sed</strong></span> <span class='ocrx_word' id='word_1_228' title='bbox 1169 1939 1306 1987; x_wconf 79' lang='lat' dir='ltr'><strong>expulit</strong></span> <span class='ocrx_word' id='word_1_229' title='bbox 1323 1945 1464 1976; x_wconf 88' lang='lat' dir='ltr'><strong>tantunt</strong></span> 
     </span>
    </p>
   </div>
   <div class='ocr_carea' id='block_1_29' title="bbox 390 2002 1466 2055">
    <p class='ocr_par' dir='ltr' id='par_1_29' title="bbox 390 2002 1466 2055">
     <span class='ocr_line' id='line_1_29' title="bbox 390 2002 1466 2055; baseline -0.006 -11"><span class='ocrx_word' id='word_1_230' title='bbox 390 2018 435 2044; x_wconf 82' lang='lat' dir='ltr'><strong>ex</strong></span> <span class='ocrx_word' id='word_1_231' title='bbox 454 2007 634 2055; x_wconf 78' lang='lat' dir='ltr'><strong>paradiso,</strong></span> <span class='ocrx_word' id='word_1_232' title='bbox 652 2013 762 2054; x_wconf 89' lang='lat' dir='ltr'><strong>atque</strong></span> <span class='ocrx_word' id='word_1_233' title='bbox 775 2005 828 2042; x_wconf 89' lang='lat' dir='ltr'><strong>sic</strong></span> <span class='ocrx_word' id='word_1_234' title='bbox 845 2004 1045 2052; x_wconf 82' lang='lat' dir='ltr'><strong>castigavit,</strong></span> <span class='ocrx_word' id='word_1_235' title='bbox 1059 2010 1099 2041; x_wconf 90' lang='lat' dir='ltr'><strong>ut</strong></span> <span class='ocrx_word' id='word_1_236' title='bbox 1113 2003 1292 2051; x_wconf 82' lang='lat' dir='ltr'><strong>ingratum</strong></span> <span class='ocrx_word' id='word_1_237' title='bbox 1305 2002 1466 2038; x_wconf 88' lang='lat' dir='ltr'><strong>:tnimum</strong></span> 
     </span>
    </p>
   </div>
   <div class='ocr_carea' id='block_1_30' title="bbox 394 2066 1467 2120">
    <p class='ocr_par' dir='ltr' id='par_1_30' title="bbox 394 2066 1467 2120">
     <span class='ocr_line' id='line_1_30' title="bbox 394 2066 1467 2120; baseline -0.006 -12"><span class='ocrx_word' id='word_1_238' title='bbox 394 2073 488 2108; x_wconf 86' lang='lat' dir='ltr'><strong>ultra</strong></span> <span class='ocrx_word' id='word_1_239' title='bbox 503 2070 700 2120; x_wconf 85' lang='lat' dir='ltr'><strong>procedere</strong></span> <span class='ocrx_word' id='word_1_240' title='bbox 718 2069 919 2111; x_wconf 86' lang='lat' dir='ltr'><strong>cohiberet,</strong></span> <span class='ocrx_word' id='word_1_241' title='bbox 938 2074 975 2106; x_wconf 89' lang='lat' dir='ltr'><strong>et</strong></span> <span class='ocrx_word' id='word_1_242' title='bbox 992 2067 1038 2105; x_wconf 89' lang='lat' dir='ltr'><strong>ad</strong></span> <span class='ocrx_word' id='word_1_243' title='bbox 1055 2067 1180 2115; x_wconf 88' lang='lat' dir='ltr'><strong>pejora</strong></span> <span class='ocrx_word' id='word_1_244' title='bbox 1197 2066 1382 2104; x_wconf 85' lang='lat' dir='ltr'><strong>declinare</strong></span> <span class='ocrx_word' id='word_1_245' title='bbox 1397 2066 1467 2102; x_wconf 85' lang='lat' dir='ltr'><strong>im-</strong></span> 
     </span>
    </p>
   </div>
   <div class='ocr_carea' id='block_1_31' title="bbox 394 2128 1468 2180">
    <p class='ocr_par' dir='ltr' id='par_1_31' title="bbox 394 2128 1468 2180">
     <span class='ocr_line' id='line_1_31' title="bbox 394 2128 1468 2180; baseline -0.007 -10"><span class='ocrx_word' id='word_1_246' title='bbox 394 2133 548 2180; x_wconf 72' lang='lat' dir='ltr'><strong>pedit-ct.</strong></span> <span class='ocrx_word' id='word_1_247' title='bbox 570 2132 656 2168; x_wconf 70' lang='lat' dir='ltr'><strong>limc</strong></span> <span class='ocrx_word' id='word_1_248' title='bbox 683 2141 790 2180; x_wconf 89' lang='lat' dir='ltr'><strong>porro</strong></span> <span class='ocrx_word' id='word_1_249' title='bbox 808 2130 930 2168; x_wconf 89' lang='lat' dir='ltr'><strong>omnia</strong></span> <span class='ocrx_word' id='word_1_250' title='bbox 944 2157 954 2176; x_wconf 92' lang='lat'><strong>,</strong></span> <span class='ocrx_word' id='word_1_251' title='bbox 976 2129 1104 2176; x_wconf 90' lang='lat' dir='ltr'><strong>hisque</strong></span> <span class='ocrx_word' id='word_1_252' title='bbox 1123 2128 1225 2176; x_wconf 89' lang='lat' dir='ltr'><strong>plura</strong></span> <span class='ocrx_word' id='word_1_253' title='bbox 1237 2156 1247 2173; x_wconf 92' lang='lat'><strong>,</strong></span> <span class='ocrx_word' id='word_1_254' title='bbox 1267 2137 1391 2164; x_wconf 86' lang='lat' dir='ltr'><strong>secum</strong></span> <span class='ocrx_word' id='word_1_255' title='bbox 1409 2137 1468 2164; x_wconf 87' lang='lat' dir='ltr'><strong>rc-</strong></span> 
     </span>
    </p>
   </div>
   <div class='ocr_carea' id='block_1_32' title="bbox 396 2189 1470 2242">
    <p class='ocr_par' dir='ltr' id='par_1_32' title="bbox 396 2189 1470 2242">
     <span class='ocr_line' id='line_1_32' title="bbox 396 2189 1470 2242; baseline -0.003 -13"><span class='ocrx_word' id='word_1_256' title='bbox 396 2200 527 2240; x_wconf 84' lang='lat' dir='ltr'><strong>putans</strong></span> <span class='ocrx_word' id='word_1_257' title='bbox 551 2193 750 2242; x_wconf 88' lang='lat' dir='ltr'><strong>apostolus,</strong></span> <span class='ocrx_word' id='word_1_258' title='bbox 769 2197 895 2240; x_wconf 86' lang='lat' dir='ltr'><strong>utpote</strong></span> <span class='ocrx_word' id='word_1_259' title='bbox 915 2192 1040 2229; x_wconf 87' lang='lat' dir='ltr'><strong>divino</strong></span> <span class='ocrx_word' id='word_1_260' title='bbox 1069 2198 1189 2228; x_wconf 89' lang='lat' dir='ltr'><strong>m0tus</strong></span> <span class='ocrx_word' id='word_1_261' title='bbox 1209 2189 1367 2238; x_wconf 79' lang='lat' dir='ltr'><strong>Spiritu,</strong></span> <span class='ocrx_word' id='word_1_262' title='bbox 1387 2199 1470 2237; x_wconf 62' lang='lat' dir='ltr'><strong>quae</strong></span> 
     </span>
    </p>
   </div>
   <div class='ocr_carea' id='block_1_33' title="bbox 395 2251 1470 2302">
    <p class='ocr_par' dir='ltr' id='par_1_33' title="bbox 395 2251 1470 2302">
     <span class='ocr_line' id='line_1_33' title="bbox 395 2251 1470 2302; baseline -0.005 -10"><span class='ocrx_word' id='word_1_263' title='bbox 395 2255 441 2292; x_wconf 87' lang='lat' dir='ltr'><strong>ab</strong></span> <span class='ocrx_word' id='word_1_264' title='bbox 475 2255 592 2299; x_wconf 79' lang='lat' dir='ltr'><strong>initio,</strong></span> <span class='ocrx_word' id='word_1_265' title='bbox 628 2265 710 2302; x_wconf 75' lang='lat' dir='ltr'><strong>qua:</strong></span> <span class='ocrx_word' id='word_1_266' title='bbox 738 2254 916 2302; x_wconf 88' lang='lat' dir='ltr'><strong>quotidie,</strong></span> <span class='ocrx_word' id='word_1_267' title='bbox 937 2263 1020 2302; x_wconf 64' lang='lat' dir='ltr'><strong>quae</strong></span> <span class='ocrx_word' id='word_1_268' title='bbox 1048 2253 1084 2290; x_wconf 88' lang='lat' dir='ltr'><strong>itt</strong></span> <span class='ocrx_word' id='word_1_269' title='bbox 1113 2252 1290 2300; x_wconf 87' lang='lat' dir='ltr'><strong>singulos,</strong></span> <span class='ocrx_word' id='word_1_270' title='bbox 1321 2261 1403 2299; x_wconf 71' lang='lat' dir='ltr'><strong>qum</strong></span> <span class='ocrx_word' id='word_1_271' title='bbox 1433 2251 1470 2288; x_wconf 84' lang='lat' dir='ltr'><strong>in</strong></span> 
     </span>
    </p>
   </div>
   <div class='ocr_carea' id='block_1_34' title="bbox 396 2313 1472 2364">
    <p class='ocr_par' dir='ltr' id='par_1_34' title="bbox 396 2313 1472 2364">
     <span class='ocr_line' id='line_1_34' title="bbox 396 2313 1472 2364; baseline -0.001 -13"><span class='ocrx_word' id='word_1_272' title='bbox 396 2327 525 2354; x_wconf 82' lang='lat' dir='ltr'><strong>omnes</strong></span> <span class='ocrx_word' id='word_1_273' title='bbox 551 2316 672 2360; x_wconf 80' lang='lat' dir='ltr'><strong>simul,</strong></span> <span class='ocrx_word' id='word_1_274' title='bbox 703 2326 784 2364; x_wconf 72' lang='lat' dir='ltr'><strong>qua:</strong></span> <span class='ocrx_word' id='word_1_275' title='bbox 815 2315 950 2364; x_wconf 85' lang='lat' dir='ltr'><strong>palam,</strong></span> <span class='ocrx_word' id='word_1_276' title='bbox 983 2326 1063 2364; x_wconf 72' lang='lat' dir='ltr'><strong>qum</strong></span> <span class='ocrx_word' id='word_1_277' title='bbox 1095 2314 1323 2358; x_wconf 87' lang='lat' dir='ltr'><strong>clanculum,</strong></span> <span class='ocrx_word' id='word_1_278' title='bbox 1357 2313 1472 2350; x_wconf 80' lang='lat' dir='ltr'><strong>multo</strong></span> 
     </span>
    </p>
   </div>
   <div class='ocr_carea' id='block_1_35' title="bbox 399 2375 1471 2426">
    <p class='ocr_par' dir='ltr' id='par_1_35' title="bbox 399 2375 1471 2426">
     <span class='ocr_line' id='line_1_35' title="bbox 399 2375 1471 2426; baseline -0.003 -10"><span class='ocrx_word' id='word_1_279' title='bbox 399 2379 500 2426; x_wconf 86' lang='lat' dir='ltr'><strong>plura</strong></span> <span class='ocrx_word' id='word_1_280' title='bbox 522 2379 577 2420; x_wconf 82' lang='lat' dir='ltr'><strong>iis,</strong></span> <span class='ocrx_word' id='word_1_281' title='bbox 599 2389 679 2426; x_wconf 78' lang='lat' dir='ltr'><strong>qua:</strong></span> <span class='ocrx_word' id='word_1_282' title='bbox 707 2379 896 2416; x_wconf 85' lang='lat' dir='ltr'><strong>manifesta</strong></span> <span class='ocrx_word' id='word_1_283' title='bbox 917 2385 1024 2424; x_wconf 87' lang='lat' dir='ltr'><strong>sunt;</strong></span> <span class='ocrx_word' id='word_1_284' title='bbox 1044 2379 1130 2416; x_wconf 84' lang='lat' dir='ltr'><strong>item</strong></span> <span class='ocrx_word' id='word_1_285' title='bbox 1162 2388 1244 2426; x_wconf 82' lang='lat' dir='ltr'><strong>quae</strong></span> <span class='ocrx_word' id='word_1_286' title='bbox 1269 2375 1471 2414; x_wconf 89' lang='lat' dir='ltr'><strong>secundum</strong></span> 
     </span>
    </p>
   </div>
   <div class='ocr_carea' id='block_1_36' title="bbox 401 2441 1470 2490">
    <p class='ocr_par' dir='ltr' id='par_1_36' title="bbox 401 2441 1470 2490">
     <span class='ocr_line' id='line_1_36' title="bbox 401 2441 1470 2490; baseline -0.002 -11"><span class='ocrx_word' id='word_1_287' title='bbox 401 2442 641 2479; x_wconf 79' lang='lat' dir='ltr'><strong>meonomiam</strong></span> <span class='ocrx_word' id='word_1_288' title='bbox 663 2441 836 2490; x_wconf 84' lang='lat' dir='ltr'><strong>unigeniti</strong></span> <span class='ocrx_word' id='word_1_289' title='bbox 854 2443 934 2480; x_wconf 85' lang='lat' dir='ltr'><strong>Filii</strong></span> <span class='ocrx_word' id='word_1_290' title='bbox 956 2443 1034 2488; x_wconf 89' lang='lat' dir='ltr'><strong>Dei,</strong></span> <span class='ocrx_word' id='word_1_291' title='bbox 1056 2442 1175 2479; x_wconf 89' lang='lat' dir='ltr'><strong>futura</strong></span> <span class='ocrx_word' id='word_1_292' title='bbox 1196 2451 1340 2490; x_wconf 83' lang='lat' dir='ltr'><strong>quoque</strong></span> <span class='ocrx_word' id='word_1_293' title='bbox 1361 2441 1470 2486; x_wconf 84' lang='lat' dir='ltr'><strong>bona,</strong></span> 
     </span>
    </p>
   </div>
   <div class='ocr_carea' id='block_1_37' title="bbox 397 2503 1474 2552">
    <p class='ocr_par' dir='ltr' id='par_1_37' title="bbox 397 2503 1474 2552">
     <span class='ocr_line' id='line_1_37' title="bbox 397 2503 1474 2552; baseline 0 -12"><span class='ocrx_word' id='word_1_294' title='bbox 397 2511 434 2541; x_wconf 91' lang='lat' dir='ltr'><strong>et</strong></span> <span class='ocrx_word' id='word_1_295' title='bbox 450 2504 570 2541; x_wconf 88' lang='lat' dir='ltr'><strong>omnia</strong></span> <span class='ocrx_word' id='word_1_296' title='bbox 588 2504 732 2541; x_wconf 88' lang='lat' dir='ltr'><strong>detnum</strong></span> <span class='ocrx_word' id='word_1_297' title='bbox 748 2505 1061 2552; x_wconf 88' lang='lat' dir='ltr'><strong>circumspiciens,</strong></span> <span class='ocrx_word' id='word_1_298' title='bbox 1075 2511 1184 2552; x_wconf 90' lang='lat' dir='ltr'><strong>atque</strong></span> <span class='ocrx_word' id='word_1_299' title='bbox 1197 2503 1474 2542; x_wconf 84' lang='lat' dir='ltr'><strong>inenarrabilem</strong></span> 
     </span>
    </p>
   </div>
   <div class='ocr_carea' id='block_1_38' title="bbox 401 2566 1473 2616">
    <p class='ocr_par' dir='ltr' id='par_1_38' title="bbox 401 2566 1473 2616">
     <span class='ocr_line' id='line_1_38' title="bbox 401 2566 1473 2616; baseline -0.003 -11"><span class='ocrx_word' id='word_1_300' title='bbox 401 2567 463 2605; x_wconf 83' lang='lat' dir='ltr'><strong>Dei</strong></span> <span class='ocrx_word' id='word_1_301' title='bbox 482 2577 644 2604; x_wconf 88' lang='lat' dir='ltr'><strong>antorem</strong></span> <span class='ocrx_word' id='word_1_302' title='bbox 677 2567 835 2615; x_wconf 87' lang='lat' dir='ltr'><strong>undique</strong></span> <span class='ocrx_word' id='word_1_303' title='bbox 853 2568 1028 2616; x_wconf 80' lang='lat' dir='ltr'><strong>colligens</strong></span> <span class='ocrx_word' id='word_1_304' title='bbox 1049 2575 1086 2604; x_wconf 91' lang='lat' dir='ltr'><strong>et</strong></span> <span class='ocrx_word' id='word_1_305' title='bbox 1113 2567 1297 2615; x_wconf 78' lang='lat' dir='ltr'><strong>cogitans,</strong></span> <span class='ocrx_word' id='word_1_306' title='bbox 1315 2566 1418 2614; x_wconf 88' lang='lat' dir='ltr'><strong>quasi</strong></span> <span class='ocrx_word' id='word_1_307' title='bbox 1438 2566 1473 2602; x_wconf 92' lang='lat' dir='ltr'><strong>in</strong></span> 
     </span>
    </p>
   </div>
   <div class='ocr_carea' id='block_1_39' title="bbox 401 2630 1478 2679">
    <p class='ocr_par' dir='ltr' id='par_1_39' title="bbox 401 2630 1478 2679">
     <span class='ocr_line' id='line_1_39' title="bbox 401 2630 1478 2679; baseline -0.001 -12"><span class='ocrx_word' id='word_1_308' title='bbox 401 2631 618 2668; x_wconf 88' lang='lat' dir='ltr'><strong>itnmensmn</strong></span> <span class='ocrx_word' id='word_1_309' title='bbox 648 2631 797 2679; x_wconf 78' lang='lat' dir='ltr'><strong>pelagus</strong></span> <span class='ocrx_word' id='word_1_310' title='bbox 830 2631 1024 2679; x_wconf 85' lang='lat' dir='ltr'><strong>delapsus,</strong></span> <span class='ocrx_word' id='word_1_311' title='bbox 1060 2631 1114 2667; x_wconf 90' lang='lat' dir='ltr'><strong>sic</strong></span> <span class='ocrx_word' id='word_1_312' title='bbox 1143 2630 1292 2668; x_wconf 87' lang='lat' dir='ltr'><strong>edidicit</strong></span> <span class='ocrx_word' id='word_1_313' title='bbox 1325 2634 1414 2676; x_wconf 82' lang='lat' dir='ltr'><strong>quot</strong></span> <span class='ocrx_word' id='word_1_314' title='bbox 1440 2633 1478 2666; x_wconf 84' lang='lat' dir='ltr'><strong>et</strong></span> 
     </span>
    </p>
   </div>
   <div class='ocr_carea' id='block_1_40' title="bbox 403 2693 1476 2740">
    <p class='ocr_par' dir='ltr' id='par_1_40' title="bbox 403 2693 1476 2740">
     <span class='ocr_line' id='line_1_40' title="bbox 403 2693 1476 2740; baseline -0.003 -10"><span class='ocrx_word' id='word_1_315' title='bbox 403 2694 546 2740; x_wconf 84' lang='lat' dir='ltr'><strong>quantis</strong></span> <span class='ocrx_word' id='word_1_316' title='bbox 565 2701 662 2732; x_wconf 86' lang='lat' dir='ltr'><strong>esset</strong></span> <span class='ocrx_word' id='word_1_317' title='bbox 682 2693 882 2731; x_wconf 83' lang='lat' dir='ltr'><strong>rationibus</strong></span> <span class='ocrx_word' id='word_1_318' title='bbox 899 2693 1094 2730; x_wconf 79' lang='lat' dir='ltr'><strong>reddendis</strong></span> <span class='ocrx_word' id='word_1_319' title='bbox 1111 2693 1302 2736; x_wconf 81' lang='lat' dir='ltr'><strong>obnoxius,</strong></span> <span class='ocrx_word' id='word_1_320' title='bbox 1323 2702 1476 2739; x_wconf 89' lang='lat' dir='ltr'><strong>quarum</strong></span> 
     </span>
    </p>
   </div>
   <div class='ocr_carea' id='block_1_41' title="bbox 403 2755 1479 2803">
    <p class='ocr_par' dir='ltr' id='par_1_41' title="bbox 403 2755 1479 2803">
     <span class='ocr_line' id='line_1_41' title="bbox 403 2755 1479 2803; baseline -0.002 -11"><span class='ocrx_word' id='word_1_321' title='bbox 403 2767 449 2792; x_wconf 88' lang='lat' dir='ltr'><strong>ne</strong></span> <span class='ocrx_word' id='word_1_322' title='bbox 479 2756 664 2792; x_wconf 87' lang='lat' dir='ltr'><strong>minimam</strong></span> <span class='ocrx_word' id='word_1_323' title='bbox 699 2762 838 2803; x_wconf 92' lang='lat' dir='ltr'><strong>partem</strong></span> <span class='ocrx_word' id='word_1_324' title='bbox 872 2756 1046 2793; x_wconf 79' lang='lat' dir='ltr'><strong>exhibere</strong></span> <span class='ocrx_word' id='word_1_325' title='bbox 1065 2761 1220 2802; x_wconf 88' lang='lat' dir='ltr'><strong>poterat.</strong></span> <span class='ocrx_word' id='word_1_326' title='bbox 1249 2755 1479 2801; x_wconf 76' lang='lat' dir='ltr'><strong>Quapropter</strong></span> 
     </span>
    </p>
   </div>
   <div class='ocr_carea' id='block_1_42' title="bbox 406 2819 1479 2867">
    <p class='ocr_par' dir='ltr' id='par_1_42' title="bbox 406 2819 1479 2867">
     <span class='ocr_line' id='line_1_42' title="bbox 406 2819 1479 2867; baseline -0.001 -12"><span class='ocrx_word' id='word_1_327' title='bbox 406 2820 489 2855; x_wconf 85' lang='lat' dir='ltr'><strong>talia</strong></span> <span class='ocrx_word' id='word_1_328' title='bbox 505 2819 732 2867; x_wconf 89' lang='lat' dir='ltr'><strong>loquebatur,</strong></span> <span class='ocrx_word' id='word_1_329' title='bbox 757 2826 792 2856; x_wconf 92' lang='lat' dir='ltr'><strong>ct</strong></span> <span class='ocrx_word' id='word_1_330' title='bbox 810 2819 960 2856; x_wconf 85' lang='lat' dir='ltr'><strong>minima</strong></span> <span class='ocrx_word' id='word_1_331' title='bbox 991 2819 1136 2866; x_wconf 87' lang='lat' dir='ltr'><strong>quidem</strong></span> <span class='ocrx_word' id='word_1_332' title='bbox 1168 2825 1316 2866; x_wconf 85' lang='lat' dir='ltr'><strong>peccata</strong></span> <span class='ocrx_word' id='word_1_333' title='bbox 1349 2827 1479 2864; x_wconf 84' lang='lat' dir='ltr'><strong>magna</strong></span> 
     </span>
    </p>
   </div>
   <div class='ocr_carea' id='block_1_43' title="bbox 404 2881 1481 2930">
    <p class='ocr_par' dir='ltr' id='par_1_43' title="bbox 404 2881 1481 2930">
     <span class='ocr_line' id='line_1_43' title="bbox 404 2881 1481 2930; baseline 0 -12"><span class='ocrx_word' id='word_1_334' title='bbox 404 2892 486 2919; x_wconf 91' lang='lat' dir='ltr'><strong>cum</strong></span> <span class='ocrx_word' id='word_1_335' title='bbox 515 2883 703 2930; x_wconf 82' lang='lat' dir='ltr'><strong>diligentia</strong></span> <span class='ocrx_word' id='word_1_336' title='bbox 721 2883 965 2928; x_wconf 80' lang='lat' dir='ltr'><strong>scrutabatur,</strong></span> <span class='ocrx_word' id='word_1_337' title='bbox 987 2891 1088 2920; x_wconf 86' lang='lat' dir='ltr'><strong>recte</strong></span> <span class='ocrx_word' id='word_1_338' title='bbox 1116 2883 1209 2920; x_wconf 88' lang='lat' dir='ltr'><strong>facta</strong></span> <span class='ocrx_word' id='word_1_339' title='bbox 1238 2888 1358 2920; x_wconf 87' lang='lat' dir='ltr'><strong>autem</strong></span> <span class='ocrx_word' id='word_1_340' title='bbox 1389 2881 1481 2919; x_wconf 88' lang='lat' dir='ltr'><strong>obli-</strong></span> 
     </span>
    </p>
   </div>
   <div class='ocr_carea' id='block_1_44' title="bbox 405 2944 1482 2992">
    <p class='ocr_par' dir='ltr' id='par_1_44' title="bbox 405 2944 1482 2992">
     <span class='ocr_line' id='line_1_44' title="bbox 405 2944 1482 2992; baseline 0.001 -13"><span class='ocrx_word' id='word_1_341' title='bbox 405 2944 500 2981; x_wconf 63' lang='lat' dir='ltr'><strong>vioni</strong></span> <span class='ocrx_word' id='word_1_342' title='bbox 522 2944 727 2981; x_wconf 81' lang='lat' dir='ltr'><strong>mandabat.</strong></span> <span class='ocrx_word' id='word_1_343' title='bbox 751 2945 821 2983; x_wconf 90' lang='lat' dir='ltr'><strong>Sed</strong></span> <span class='ocrx_word' id='word_1_344' title='bbox 841 2955 914 2982; x_wconf 93' lang='lat' dir='ltr'><strong>non</strong></span> <span class='ocrx_word' id='word_1_345' title='bbox 931 2945 1080 2992; x_wconf 86' lang='lat' dir='ltr'><strong>perinde</strong></span> <span class='ocrx_word' id='word_1_346' title='bbox 1092 2955 1172 2988; x_wconf 87' lang='lat' dir='ltr'><strong>nos,</strong></span> <span class='ocrx_word' id='word_1_347' title='bbox 1187 2945 1248 2992; x_wconf 90' lang='lat' dir='ltr'><strong>qtti</strong></span> <span class='ocrx_word' id='word_1_348' title='bbox 1266 2945 1482 2982; x_wconf 89' lang='lat' dir='ltr'><strong>delictorum</strong></span> 
     </span>
    </p>
   </div>
   <div class='ocr_carea' id='block_1_45' title="bbox 407 3005 1480 3055">
    <p class='ocr_par' dir='ltr' id='par_1_45' title="bbox 407 3005 1480 3055">
     <span class='ocr_line' id='line_1_45' title="bbox 407 3005 1480 3055; baseline 0.002 -13"><span class='ocrx_word' id='word_1_349' title='bbox 407 3005 567 3053; x_wconf 83' lang='lat' dir='ltr'><strong>quidem,</strong></span> <span class='ocrx_word' id='word_1_350' title='bbox 600 3006 684 3044; x_wconf 86' lang='lat' dir='ltr'><strong>licet</strong></span> <span class='ocrx_word' id='word_1_351' title='bbox 715 3008 826 3044; x_wconf 89' lang='lat' dir='ltr'><strong>multa</strong></span> <span class='ocrx_word' id='word_1_352' title='bbox 860 3018 1062 3055; x_wconf 84' lang='lat' dir='ltr'><strong>magnaque</strong></span> <span class='ocrx_word' id='word_1_353' title='bbox 1089 3009 1173 3052; x_wconf 87' lang='lat' dir='ltr'><strong>sint,</strong></span> <span class='ocrx_word' id='word_1_354' title='bbox 1205 3018 1272 3044; x_wconf 85' lang='lat' dir='ltr'><strong>nec</strong></span> <span class='ocrx_word' id='word_1_355' title='bbox 1301 3007 1480 3046; x_wconf 82' lang='lat' dir='ltr'><strong>rationem</strong></span> 
     </span>
    </p>
   </div>
   <div class='ocr_carea' id='block_1_46' title="bbox 411 3065 1481 3117">
    <p class='ocr_par' dir='ltr' id='par_1_46' title="bbox 411 3065 1481 3117">
     <span class='ocr_line' id='line_1_46' title="bbox 411 3065 1481 3117; baseline 0.001 -14"><span class='ocrx_word' id='word_1_356' title='bbox 411 3065 600 3114; x_wconf 83' lang='lat' dir='ltr'><strong>habemus,</strong></span> <span class='ocrx_word' id='word_1_357' title='bbox 623 3079 690 3106; x_wconf 88' lang='lat' dir='ltr'><strong>nec</strong></span> <span class='ocrx_word' id='word_1_358' title='bbox 701 3070 923 3107; x_wconf 90' lang='lat' dir='ltr'><strong>mentionem</strong></span> <span class='ocrx_word' id='word_1_359' title='bbox 943 3069 1094 3106; x_wconf 81' lang='lat' dir='ltr'><strong>facimus</strong></span> <span class='ocrx_word' id='word_1_360' title='bbox 1111 3081 1120 3106; x_wconf 91' lang='lat'><strong>:</strong></span> <span class='ocrx_word' id='word_1_361' title='bbox 1139 3069 1168 3106; x_wconf 89' lang='lat' dir='ltr'><strong>si</strong></span> <span class='ocrx_word' id='word_1_362' title='bbox 1185 3069 1271 3117; x_wconf 87' lang='lat' dir='ltr'><strong>qttid</strong></span> <span class='ocrx_word' id='word_1_363' title='bbox 1289 3075 1409 3106; x_wconf 80' lang='lat' dir='ltr'><strong>autem</strong></span> <span class='ocrx_word' id='word_1_364' title='bbox 1425 3069 1481 3106; x_wconf 85' lang='lat' dir='ltr'><strong>vel</strong></span> 
     </span>
    </p>
   </div>
   <div class='ocr_carea' id='block_1_47' title="bbox 410 3131 1480 3180">
    <p class='ocr_par' dir='ltr' id='par_1_47' title="bbox 410 3131 1480 3180">
     <span class='ocr_line' id='line_1_47' title="bbox 410 3131 1480 3180; baseline 0.003 -15"><span class='ocrx_word' id='word_1_365' title='bbox 410 3131 598 3168; x_wconf 86' lang='lat' dir='ltr'><strong>minimum</strong></span> <span class='ocrx_word' id='word_1_366' title='bbox 617 3132 702 3169; x_wconf 89' lang='lat' dir='ltr'><strong>boni</strong></span> <span class='ocrx_word' id='word_1_367' title='bbox 718 3131 924 3178; x_wconf 81' lang='lat' dir='ltr'><strong>fecerimus,</strong></span> <span class='ocrx_word' id='word_1_368' title='bbox 941 3131 976 3170; x_wconf 89' lang='lat' dir='ltr'><strong>id</strong></span> <span class='ocrx_word' id='word_1_369' title='bbox 995 3132 1090 3170; x_wconf 88' lang='lat' dir='ltr'><strong>ultro</strong></span> <span class='ocrx_word' id='word_1_370' title='bbox 1110 3133 1273 3180; x_wconf 87' lang='lat' dir='ltr'><strong>citroque</strong></span> <span class='ocrx_word' id='word_1_371' title='bbox 1287 3133 1480 3180; x_wconf 83' lang='lat' dir='ltr'><strong>jactamus,</strong></span> 
     </span>
    </p>
   </div>
   <div class='ocr_carea' id='block_1_48' title="bbox 410 3194 1486 3244">
    <p class='ocr_par' dir='ltr' id='par_1_48' title="bbox 410 3194 1486 3244">
     <span class='ocr_line' id='line_1_48' title="bbox 410 3194 1486 3244; baseline 0 -14"><span class='ocrx_word' id='word_1_372' title='bbox 410 3204 476 3231; x_wconf 88' lang='lat' dir='ltr'><strong>nec</strong></span> <span class='ocrx_word' id='word_1_373' title='bbox 501 3195 600 3242; x_wconf 89' lang='lat' dir='ltr'><strong>prius</strong></span> <span class='ocrx_word' id='word_1_374' title='bbox 617 3195 776 3244; x_wconf 85' lang='lat' dir='ltr'><strong>jactandi</strong></span> <span class='ocrx_word' id='word_1_375' title='bbox 797 3202 834 3234; x_wconf 88' lang='lat' dir='ltr'><strong>et</strong></span> <span class='ocrx_word' id='word_1_376' title='bbox 852 3196 1033 3244; x_wconf 80' lang='lat' dir='ltr'><strong>gloriandi</strong></span> <span class='ocrx_word' id='word_1_377' title='bbox 1061 3195 1168 3232; x_wconf 83' lang='lat' dir='ltr'><strong>finem</strong></span> <span class='ocrx_word' id='word_1_378' title='bbox 1189 3194 1354 3240; x_wconf 88' lang='lat' dir='ltr'><strong>facimus,</strong></span> <span class='ocrx_word' id='word_1_379' title='bbox 1377 3203 1486 3242; x_wconf 84' lang='lat' dir='ltr'><strong>quam</strong></span> 
     </span>
    </p>
   </div>
   <div class='ocr_carea' id='block_1_49' title="bbox 412 3259 1486 3308">
    <p class='ocr_par' dir='ltr' id='par_1_49' title="bbox 412 3259 1486 3308">
     <span class='ocr_line' id='line_1_49' title="bbox 412 3259 1486 3308; baseline 0.002 -16"><span class='ocrx_word' id='word_1_380' title='bbox 412 3267 562 3302; x_wconf 81' lang='lat' dir='ltr'><strong>parvum</strong></span> <span class='ocrx_word' id='word_1_381' title='bbox 594 3259 678 3296; x_wconf 88' lang='lat' dir='ltr'><strong>illttd</strong></span> <span class='ocrx_word' id='word_1_382' title='bbox 701 3270 764 3307; x_wconf 91' lang='lat' dir='ltr'><strong>per</strong></span> <span class='ocrx_word' id='word_1_383' title='bbox 795 3261 1039 3308; x_wconf 84' lang='lat' dir='ltr'><strong>arrogantiam</strong></span> <span class='ocrx_word' id='word_1_384' title='bbox 1066 3259 1266 3298; x_wconf 89' lang='lat' dir='ltr'><strong>deleamus.</strong></span> <span class='ocrx_word' id='word_1_385' title='bbox 1289 3259 1374 3296; x_wconf 70' lang='lat' dir='ltr'><strong>llaec</strong></span> <span class='ocrx_word' id='word_1_386' title='bbox 1399 3259 1486 3296; x_wconf 90' lang='lat' dir='ltr'><strong>item</strong></span> 
     </span>
    </p>
   </div>
   <div class='ocr_carea' id='block_1_50' title="bbox 419 3319 1486 3368">
    <p class='ocr_par' dir='ltr' id='par_1_50' title="bbox 419 3319 1486 3368">
     <span class='ocr_line' id='line_1_50' title="bbox 419 3319 1486 3368; baseline 0.002 -15"><span class='ocrx_word' id='word_1_387' title='bbox 419 3319 644 3366; x_wconf 84' lang='lat' dir='ltr'><strong>perpendens</strong></span> <span class='ocrx_word' id='word_1_388' title='bbox 671 3320 782 3357; x_wconf 82' lang='lat' dir='ltr'><strong>David</strong></span> <span class='ocrx_word' id='word_1_389' title='bbox 803 3322 814 3342; x_wconf 88' lang='grc'>¹</span> <span class='ocrx_word' id='word_1_390' title='bbox 845 3321 1014 3359; x_wconf 87' lang='lat' dir='ltr'><strong>diccbat:</strong></span> <span class='ocrx_word' id='word_1_391' title='bbox 1047 3322 1140 3368; x_wconf 81' lang='lat' dir='ltr'><strong>Quid</strong></span> <span class='ocrx_word' id='word_1_392' title='bbox 1168 3328 1217 3358; x_wconf 76' lang='lat' dir='ltr'><strong>est</strong></span> <span class='ocrx_word' id='word_1_393' title='bbox 1249 3322 1366 3365; x_wconf 79' lang='lat' dir='ltr'><strong>homo,</strong></span> <span class='ocrx_word' id='word_1_394' title='bbox 1396 3319 1486 3367; x_wconf 81' lang='lat' dir='ltr'><strong>quod</strong></span> 
     </span>
    </p>
   </div>
   <div class='ocr_carea' id='block_1_51' title="bbox 417 3380 1486 3432">
    <p class='ocr_par' dir='ltr' id='par_1_51' title="bbox 417 3380 1486 3432">
     <span class='ocr_line' id='line_1_51' title="bbox 417 3380 1486 3432; baseline 0.005 -19"><span class='ocrx_word' id='word_1_395' title='bbox 417 3389 544 3415; x_wconf 85' lang='lat' dir='ltr'><strong>memor</strong></span> <span class='ocrx_word' id='word_1_396' title='bbox 562 3391 596 3416; x_wconf 87' lang='lat' dir='ltr'><strong>es</strong></span> <span class='ocrx_word' id='word_1_397' title='bbox 612 3382 686 3428; x_wconf 81' lang='lat' dir='ltr'><strong>ejus</strong></span> <span class='ocrx_word' id='word_1_398' title='bbox 709 3380 822 3430; x_wconf 72' lang='lat' dir='ltr'><strong>(Ptol.</strong></span> <span class='ocrx_word' id='word_1_399' title='bbox 839 3383 876 3420; x_wconf 91' lang='lat'><strong>8.</strong></span> <span class='ocrx_word' id='word_1_400' title='bbox 889 3384 942 3430; x_wconf 83' lang='lat'><strong>5).</strong></span> <span class='ocrx_word' id='word_1_401' title='bbox 960 3383 1086 3432; x_wconf 88' lang='lat' dir='ltr'><strong>Neque</strong></span> <span class='ocrx_word' id='word_1_402' title='bbox 1104 3384 1138 3421; x_wconf 92' lang='lat' dir='ltr'><strong>id</strong></span> <span class='ocrx_word' id='word_1_403' title='bbox 1159 3385 1294 3428; x_wconf 89' lang='lat' dir='ltr'><strong>solum,</strong></span> <span class='ocrx_word' id='word_1_404' title='bbox 1314 3383 1378 3420; x_wconf 88' lang='lat' dir='ltr'><strong>sed</strong></span> <span class='ocrx_word' id='word_1_405' title='bbox 1397 3384 1414 3404; x_wconf 81' lang='lat'>&quot;</span> <span class='ocrx_word' id='word_1_406' title='bbox 1430 3383 1486 3418; x_wconf 91' lang='lat' dir='ltr'><strong>in-</strong></span> 
     </span>
    </p>
   </div>
   <div class='ocr_carea' id='block_1_52' title="bbox 415 3442 1490 3492">
    <p class='ocr_par' dir='ltr' id='par_1_52' title="bbox 415 3442 1490 3492">
     <span class='ocr_line' id='line_1_52' title="bbox 415 3442 1490 3492; baseline 0.001 -14"><span class='ocrx_word' id='word_1_407' title='bbox 415 3447 556 3488; x_wconf 82' lang='lat' dir='ltr'><strong>gratum</strong></span> <span class='ocrx_word' id='word_1_408' title='bbox 591 3442 750 3480; x_wconf 89' lang='lat' dir='ltr'><strong>animum</strong></span> <span class='ocrx_word' id='word_1_409' title='bbox 779 3445 859 3492; x_wconf 84' lang='lat' dir='ltr'><strong>ejus</strong></span> <span class='ocrx_word' id='word_1_410' title='bbox 885 3445 1055 3484; x_wconf 87' lang='lat' dir='ltr'><strong>incusans</strong></span> <span class='ocrx_word' id='word_1_411' title='bbox 1085 3447 1260 3484; x_wconf 85' lang='lat' dir='ltr'><strong>dicebat:</strong></span> <span class='ocrx_word' id='word_1_412' title='bbox 1285 3445 1398 3482; x_wconf 82' lang='lat' dir='ltr'><strong>Homo</strong></span> <span class='ocrx_word' id='word_1_413' title='bbox 1413 3456 1490 3480; x_wconf 84' lang='lat' dir='ltr'><strong>cum</strong></span> 
     </span>
    </p>
   </div>
   <div class='ocr_carea' id='block_1_53' title="bbox 416 3503 1490 3557">
    <p class='ocr_par' dir='ltr' id='par_1_53' title="bbox 416 3503 1490 3557">
     <span class='ocr_line' id='line_1_53' title="bbox 416 3503 1490 3557; baseline 0.004 -19"><span class='ocrx_word' id='word_1_414' title='bbox 416 3504 451 3538; x_wconf 83' lang='lat' dir='ltr'><strong>in</strong></span> <span class='ocrx_word' id='word_1_415' title='bbox 467 3503 598 3540; x_wconf 80' lang='lat' dir='ltr'><strong>honore</strong></span> <span class='ocrx_word' id='word_1_416' title='bbox 615 3510 714 3550; x_wconf 82' lang='lat' dir='ltr'><strong>esset,</strong></span> <span class='ocrx_word' id='word_1_417' title='bbox 733 3516 802 3542; x_wconf 85' lang='lat' dir='ltr'><strong>non</strong></span> <span class='ocrx_word' id='word_1_418' title='bbox 815 3508 980 3545; x_wconf 72' lang='lat' dir='ltr'><strong>intellexit</strong></span> <span class='ocrx_word' id='word_1_419' title='bbox 998 3519 1010 3545; x_wconf 89' lang='lat'><em>:</em></span> <span class='ocrx_word' id='word_1_420' title='bbox 1029 3516 1246 3557; x_wconf 85' lang='lat' dir='ltr'><strong>comparatus</strong></span> <span class='ocrx_word' id='word_1_421' title='bbox 1261 3515 1311 3544; x_wconf 86' lang='lat' dir='ltr'><strong>est</strong></span> <span class='ocrx_word' id='word_1_422' title='bbox 1323 3507 1490 3555; x_wconf 83' lang='lat' dir='ltr'><strong>jumentis</strong></span> 
     </span>
    </p>
   </div>
   <div class='ocr_carea' id='block_1_54' title="bbox 415 3565 1442 3619">
    <p class='ocr_par' dir='ltr' id='par_1_54' title="bbox 415 3565 1442 3619">
     <span class='ocr_line' id='line_1_54' title="bbox 415 3565 1442 3619; baseline 0.007 -19"><span class='ocrx_word' id='word_1_423' title='bbox 415 3565 654 3613; x_wconf 74' lang='lat' dir='ltr'><strong>insipientibus</strong></span> <span class='ocrx_word' id='word_1_424' title='bbox 667 3595 676 3612; x_wconf 90' lang='lat'><strong>,</strong></span> <span class='ocrx_word' id='word_1_425' title='bbox 697 3574 728 3604; x_wconf 89' lang='lat' dir='ltr'><strong>et</strong></span> <span class='ocrx_word' id='word_1_426' title='bbox 746 3568 867 3606; x_wconf 84' lang='lat' dir='ltr'><strong>similis</strong></span> <span class='ocrx_word' id='word_1_427' title='bbox 885 3572 996 3619; x_wconf 74' lang='lat' dir='ltr'><strong>factus</strong></span> <span class='ocrx_word' id='word_1_428' title='bbox 1016 3578 1064 3608; x_wconf 86' lang='lat' dir='ltr'><strong>est</strong></span> <span class='ocrx_word' id='word_1_429' title='bbox 1080 3573 1128 3608; x_wconf 84' lang='lat' dir='ltr'><strong>eis</strong></span> <span class='ocrx_word' id='word_1_430' title='bbox 1145 3571 1262 3619; x_wconf 87' lang='lat' dir='ltr'><strong>(Psal.</strong></span> <span class='ocrx_word' id='word_1_431' title='bbox 1281 3571 1342 3608; x_wconf 70' lang='grc'><strong>48.</strong></span> <span class='ocrx_word' id='word_1_432' title='bbox 1367 3569 1442 3618; x_wconf 77' lang='grc'>15).</span> 
     </span>
    </p>
   </div>
   <div class='ocr_carea' id='block_1_55' title="bbox 465 3627 1494 3677">
    <p class='ocr_par' dir='ltr' id='par_1_55' title="bbox 465 3627 1494 3677">
     <span class='ocr_line' id='line_1_55' title="bbox 465 3627 1494 3677; baseline 0.003 -14"><span class='ocrx_word' id='word_1_433' title='bbox 465 3627 501 3664; x_wconf 86' lang='lat'><strong>6.</strong></span> <span class='ocrx_word' id='word_1_434' title='bbox 524 3627 611 3664; x_wconf 89' lang='lat' dir='ltr'><strong>Illud</strong></span> <span class='ocrx_word' id='word_1_435' title='bbox 630 3628 720 3676; x_wconf 81' lang='lat' dir='ltr'><strong>grati</strong></span> <span class='ocrx_word' id='word_1_436' title='bbox 749 3629 872 3668; x_wconf 90' lang='lat' dir='ltr'><strong>famuli</strong></span> <span class='ocrx_word' id='word_1_437' title='bbox 892 3638 948 3668; x_wconf 90' lang='lat' dir='ltr'><strong>est</strong></span> <span class='ocrx_word' id='word_1_438' title='bbox 963 3661 972 3677; x_wconf 93' lang='lat'><strong>,</strong></span> <span class='ocrx_word' id='word_1_439' title='bbox 988 3632 1160 3670; x_wconf 86' lang='lat' dir='ltr'><strong>benelicia</strong></span> <span class='ocrx_word' id='word_1_440' title='bbox 1193 3632 1361 3669; x_wconf 85' lang='lat' dir='ltr'><strong>omnibus</strong></span> <span class='ocrx_word' id='word_1_441' title='bbox 1387 3629 1494 3666; x_wconf 87' lang='lat' dir='ltr'><strong>simul</strong></span> 
     </span>
    </p>
   </div>
   <div class='ocr_carea' id='block_1_56' title="bbox 418 3688 1493 3741">
    <p class='ocr_par' dir='ltr' id='par_1_56' title="bbox 418 3688 1493 3741">
     <span class='ocr_line' id='line_1_56' title="bbox 418 3688 1493 3741; baseline 0.001 -17"><span class='ocrx_word' id='word_1_442' title='bbox 418 3688 548 3724; x_wconf 73' lang='lat' dir='ltr'><strong>collata</strong></span> <span class='ocrx_word' id='word_1_443' title='bbox 563 3718 573 3735; x_wconf 95' lang='lat'><strong>,</strong></span> <span class='ocrx_word' id='word_1_444' title='bbox 595 3691 668 3727; x_wconf 82' lang='lat' dir='ltr'><strong>sibi</strong></span> <span class='ocrx_word' id='word_1_445' title='bbox 685 3692 826 3739; x_wconf 88' lang='lat' dir='ltr'><strong>propria</strong></span> <span class='ocrx_word' id='word_1_446' title='bbox 846 3693 1054 3731; x_wconf 79' lang='lat' dir='ltr'><strong>existimare</strong></span> <span class='ocrx_word' id='word_1_447' title='bbox 1071 3700 1208 3741; x_wconf 88' lang='lat' dir='ltr'><strong>,_atque</strong></span> <span class='ocrx_word' id='word_1_448' title='bbox 1227 3694 1273 3729; x_wconf 90' lang='lat' dir='ltr'><strong>ita</strong></span> <span class='ocrx_word' id='word_1_449' title='bbox 1303 3691 1493 3729; x_wconf 80' lang='lat' dir='ltr'><strong>sollicitum</strong></span> 
     </span>
    </p>
   </div>
   <div class='ocr_carea' id='block_1_57' title="bbox 419 3750 1496 3800">
    <p class='ocr_par' dir='ltr' id='par_1_57' title="bbox 419 3750 1496 3800">
     <span class='ocr_line' id='line_1_57' title="bbox 419 3750 1496 3800; baseline 0.003 -15"><span class='ocrx_word' id='word_1_450' title='bbox 419 3759 499 3787; x_wconf 75' lang='lat' dir='ltr'><strong>esse</strong></span> <span class='ocrx_word' id='word_1_451' title='bbox 516 3761 558 3788; x_wconf 90' lang='lat' dir='ltr'><strong>ac</strong></span> <span class='ocrx_word' id='word_1_452' title='bbox 578 3751 608 3788; x_wconf 91' lang='lat' dir='ltr'><strong>si</strong></span> <span class='ocrx_word' id='word_1_453' title='bbox 631 3754 792 3791; x_wconf 89' lang='lat' dir='ltr'><strong>omnium</strong></span> <span class='ocrx_word' id='word_1_454' title='bbox 812 3754 954 3794; x_wconf 87' lang='lat' dir='ltr'><strong>debitor</strong></span> <span class='ocrx_word' id='word_1_455' title='bbox 969 3761 1078 3794; x_wconf 85' lang='lat' dir='ltr'><strong>esset.</strong></span> <span class='ocrx_word' id='word_1_456' title='bbox 1106 3755 1209 3800; x_wconf 85' lang='lat' dir='ltr'><strong>Quod</strong></span> <span class='ocrx_word' id='word_1_457' title='bbox 1228 3755 1336 3792; x_wconf 86' lang='lat' dir='ltr'><strong>etiam</strong></span> <span class='ocrx_word' id='word_1_458' title='bbox 1365 3750 1496 3790; x_wconf 85' lang='lat' dir='ltr'><strong>Paulus</strong></span> 
     </span>
    </p>
   </div>
   <div class='ocr_carea' id='block_1_58' title="bbox 466 3899 1482 3955">
    <p class='ocr_par' dir='ltr' id='par_1_58' title="bbox 466 3899 1482 3955">
     <span class='ocr_line' id='line_1_58' title="bbox 466 3899 1482 3955; baseline 0.001 -21"><span class='ocrx_word' id='word_1_459' title='bbox 466 3899 481 3955; x_wconf 61' lang='grc' dir='ltr'><strong>ξ</strong></span> <span class='ocrx_word' id='word_1_460' title='bbox 501 3903 846 3955; x_wconf 41' lang='grc' dir='ltr'><strong>ξίειιΜοῩςξτ-ειξανὶι.,</strong></span> <span class='ocrx_word' id='word_1_461' title='bbox 864 3906 923 3939; x_wconf 84' lang='lat' dir='ltr'><strong>sed</strong></span> <span class='ocrx_word' id='word_1_462' title='bbox 945 3903 1048 3946; x_wconf 86' lang='lat' dir='ltr'><strong>Colb.,</strong></span> <span class='ocrx_word' id='word_1_463' title='bbox 1066 3902 1136 3938; x_wconf 68' lang='lat' dir='ltr'><strong>hac</strong></span> <span class='ocrx_word' id='word_1_464' title='bbox 1149 3901 1352 3944; x_wconf 78' lang='lat' dir='ltr'><strong>perpendens</strong></span> <span class='ocrx_word' id='word_1_465' title='bbox 1361 3901 1482 3944; x_wconf 79' lang='lat' dir='ltr'><strong>justus.</strong></span> 
     </span>
    </p>
   </div>
   <div class='ocr_carea' id='block_1_59' title="bbox 469 3945 851 3985">
    <p class='ocr_par' dir='ltr' id='par_1_59' title="bbox 469 3945 851 3985">
     <span class='ocr_line' id='line_1_59' title="bbox 469 3945 851 3985; baseline 0.005 -7"><span class='ocrx_word' id='word_1_466' title='bbox 469 3945 483 3965; x_wconf 69' lang='grc'><strong>⁵</strong></span> <span class='ocrx_word' id='word_1_467' title='bbox 506 3945 589 3979; x_wconf 75' lang='lat' dir='ltr'><strong>Colb.</strong></span> <span class='ocrx_word' id='word_1_468' title='bbox 607 3946 704 3985; x_wconf 84' lang='lat' dir='ltr'><strong>addit,</strong></span> <span class='ocrx_word' id='word_1_469' title='bbox 720 3945 851 3980; x_wconf 76' lang='lat' dir='ltr'><strong>ﬂerunt.</strong></span> 
     </span>
    </p>
   </div>
   <div class='ocr_carea' id='block_1_60' title="bbox 1503 303 2508 358">
    <p class='ocr_par' dir='ltr' id='par_1_60' title="bbox 1503 303 2508 358">
     <span class='ocr_line' id='line_1_60' title="bbox 1503 303 2508 358; baseline -0.008 -10"><span class='ocrx_word' id='word_1_470' title='bbox 1503 311 1656 348; x_wconf 86' lang='lat' dir='ltr'><strong>faciebat</strong></span> <span class='ocrx_word' id='word_1_471' title='bbox 1675 310 1688 358; x_wconf 88' lang='lat'><strong>(</strong></span> <span class='ocrx_word' id='word_1_472' title='bbox 1705 321 1726 348; x_wconf 91' lang='lat' dir='ltr'><strong>e</strong></span> <span class='ocrx_word' id='word_1_473' title='bbox 1745 319 1784 346; x_wconf 91' lang='lat' dir='ltr'><strong>re</strong></span> <span class='ocrx_word' id='word_1_474' title='bbox 1802 315 1956 354; x_wconf 78' lang='lat' dir='ltr'><strong>namque</strong></span> <span class='ocrx_word' id='word_1_475' title='bbox 1969 304 2073 342; x_wconf 86' lang='lat' dir='ltr'><strong>fuerit</strong></span> <span class='ocrx_word' id='word_1_476' title='bbox 2091 303 2185 341; x_wconf 90' lang='lat' dir='ltr'><strong>illum</strong></span> <span class='ocrx_word' id='word_1_477' title='bbox 2202 303 2310 341; x_wconf 89' lang='lat' dir='ltr'><strong>denuo</strong></span> <span class='ocrx_word' id='word_1_478' title='bbox 2325 310 2508 341; x_wconf 61' lang='lat' dir='ltr'><strong>commento.</strong></span> 
     </span>
    </p>
   </div>
   <div class='ocr_carea' id='block_1_61' title="bbox 1501 367 2510 421">
    <p class='ocr_par' dir='ltr' id='par_1_61' title="bbox 1501 367 2510 421">
     <span class='ocr_line' id='line_1_61' title="bbox 1501 367 2510 421; baseline -0.009 -10"><span class='ocrx_word' id='word_1_479' title='bbox 1501 373 1612 421; x_wconf 88' lang='lat' dir='ltr'><strong>rare),</strong></span> <span class='ocrx_word' id='word_1_480' title='bbox 1629 381 1710 410; x_wconf 86' lang='lat' dir='ltr'><strong>cum</strong></span> <span class='ocrx_word' id='word_1_481' title='bbox 1723 369 2007 408; x_wconf 73' lang='lat' dir='ltr'><strong>dicitliominnm</strong></span> <span class='ocrx_word' id='word_1_482' title='bbox 2021 377 2084 414; x_wconf 90' lang='lat' dir='ltr'><strong>pro</strong></span> <span class='ocrx_word' id='word_1_483' title='bbox 2097 375 2135 403; x_wconf 89' lang='lat' dir='ltr'><strong>se</strong></span> <span class='ocrx_word' id='word_1_484' title='bbox 2148 371 2312 402; x_wconf 88' lang='lat' dir='ltr'><strong>mortuum</strong></span> <span class='ocrx_word' id='word_1_485' title='bbox 2326 375 2396 402; x_wconf 81' lang='lat' dir='ltr'><strong>esse</strong></span> <span class='ocrx_word' id='word_1_486' title='bbox 2410 374 2417 401; x_wconf 68' lang='grc' dir='ltr'><strong>ξ</strong></span> <span class='ocrx_word' id='word_1_487' title='bbox 2433 367 2510 410; x_wconf 75' lang='lat' dir='ltr'><strong>Quod</strong></span> 
     </span>
    </p>
   </div>
   <div class='ocr_carea' id='block_1_62' title="bbox 1503 425 2512 481">
    <p class='ocr_par' dir='ltr' id='par_1_62' title="bbox 1503 425 2512 481">
     <span class='ocr_line' id='line_1_62' title="bbox 1503 425 2512 481; baseline -0.011 -9"><span class='ocrx_word' id='word_1_488' title='bbox 1503 442 1630 477; x_wconf 84' lang='lat' dir='ltr'><strong>autem,</strong></span> <span class='ocrx_word' id='word_1_489' title='bbox 1648 433 1777 481; x_wconf 85' lang='lat' dir='ltr'><strong>inquit,</strong></span> <span class='ocrx_word' id='word_1_490' title='bbox 1791 441 1881 468; x_wconf 81' lang='lat' dir='ltr'><strong>nunc</strong></span> <span class='ocrx_word' id='word_1_491' title='bbox 1895 430 1968 466; x_wconf 74' lang='lat' dir='ltr'><strong>vivo</strong></span> <span class='ocrx_word' id='word_1_492' title='bbox 1981 428 2016 464; x_wconf 86' lang='lat' dir='ltr'><strong>in</strong></span> <span class='ocrx_word' id='word_1_493' title='bbox 2033 437 2142 472; x_wconf 86' lang='lat' dir='ltr'><strong>carne,</strong></span> <span class='ocrx_word' id='word_1_494' title='bbox 2161 426 2196 463; x_wconf 82' lang='lat' dir='ltr'><strong>in</strong></span> <span class='ocrx_word' id='word_1_495' title='bbox 2212 426 2276 473; x_wconf 77' lang='lat' dir='ltr'><strong>ﬁde</strong></span> <span class='ocrx_word' id='word_1_496' title='bbox 2290 427 2354 462; x_wconf 78' lang='lat' dir='ltr'><strong>vitta</strong></span> <span class='ocrx_word' id='word_1_497' title='bbox 2370 425 2439 462; x_wconf 83' lang='lat' dir='ltr'><strong>Filii</strong></span> <span class='ocrx_word' id='word_1_498' title='bbox 2452 426 2512 469; x_wconf 71' lang='lat' dir='ltr'><strong>Dei,</strong></span> 
     </span>
    </p>
   </div>
   <div class='ocr_carea' id='block_1_63' title="bbox 1505 482 2511 546">
    <p class='ocr_par' dir='ltr' id='par_1_63' title="bbox 1505 482 2511 546">
     <span class='ocr_line' id='line_1_63' title="bbox 1505 482 2511 546; baseline -0.009 -13"><span class='ocrx_word' id='word_1_499' title='bbox 1505 500 1563 546; x_wconf 79' lang='lat' dir='ltr'><strong>qui</strong></span> <span class='ocrx_word' id='word_1_500' title='bbox 1575 499 1692 535; x_wconf 65' lang='lat' dir='ltr'><strong>dilexit</strong></span> <span class='ocrx_word' id='word_1_501' title='bbox 1705 506 1769 538; x_wconf 88' lang='lat' dir='ltr'><strong>me,</strong></span> <span class='ocrx_word' id='word_1_502' title='bbox 1785 499 1816 531; x_wconf 82' lang='lat' dir='ltr'><strong>et</strong></span> <span class='ocrx_word' id='word_1_503' title='bbox 1825 491 1964 530; x_wconf 79' lang='lat' dir='ltr'><strong>tradidit</strong></span> <span class='ocrx_word' id='word_1_504' title='bbox 1973 491 2178 537; x_wconf 80' lang='lat' dir='ltr'><strong>semetipsum</strong></span> <span class='ocrx_word' id='word_1_505' title='bbox 2190 496 2246 537; x_wconf 83' lang='lat' dir='ltr'><strong>pro</strong></span> <span class='ocrx_word' id='word_1_506' title='bbox 2257 499 2304 524; x_wconf 79' lang='lat' dir='ltr'><strong>me</strong></span> <span class='ocrx_word' id='word_1_507' title='bbox 2313 482 2398 536; x_wconf 82' lang='lat' dir='ltr'><strong>(Gul.</strong></span> <span class='ocrx_word' id='word_1_508' title='bbox 2413 489 2444 524; x_wconf 70' lang='lat'><strong>2.</strong></span> <span class='ocrx_word' id='word_1_509' title='bbox 2452 488 2511 535; x_wconf 78' lang='lat'><strong>20).</strong></span> 
     </span>
    </p>
   </div>
   <div class='ocr_carea' id='block_1_64' title="bbox 1507 549 2513 607">
    <p class='ocr_par' dir='ltr' id='par_1_64' title="bbox 1507 549 2513 607">
     <span class='ocr_line' id='line_1_64' title="bbox 1507 549 2513 607; baseline -0.012 -9"><span class='ocrx_word' id='word_1_510' title='bbox 1507 561 1594 598; x_wconf 64' lang='lat' dir='ltr'><strong>Ha&#39;c</strong></span> <span class='ocrx_word' id='word_1_511' title='bbox 1619 567 1727 607; x_wconf 82' lang='lat' dir='ltr'><strong>porro</strong></span> <span class='ocrx_word' id='word_1_512' title='bbox 1747 555 1890 594; x_wconf 85' lang='lat' dir='ltr'><strong>diccbat</strong></span> <span class='ocrx_word' id='word_1_513' title='bbox 1909 563 1979 590; x_wconf 91' lang='lat' dir='ltr'><strong>non</strong></span> <span class='ocrx_word' id='word_1_514' title='bbox 1999 559 2037 589; x_wconf 89' lang='lat' dir='ltr'><strong>ut</strong></span> <span class='ocrx_word' id='word_1_515' title='bbox 2055 549 2184 588; x_wconf 85' lang='lat' dir='ltr'><strong>Christi</strong></span> <span class='ocrx_word' id='word_1_516' title='bbox 2207 549 2330 587; x_wconf 86' lang='lat' dir='ltr'><strong>donum</strong></span> <span class='ocrx_word' id='word_1_517' title='bbox 2354 549 2513 586; x_wconf 82' lang='lat' dir='ltr'><strong>contrahe-</strong></span> 
     </span>
    </p>
   </div>
   <div class='ocr_carea' id='block_1_65' title="bbox 1509 611 2516 668">
    <p class='ocr_par' dir='ltr' id='par_1_65' title="bbox 1509 611 2516 668">
     <span class='ocr_line' id='line_1_65' title="bbox 1509 611 2516 668; baseline -0.014 -7"><span class='ocrx_word' id='word_1_518' title='bbox 1509 629 1579 668; x_wconf 88' lang='lat' dir='ltr'><strong>ret,</strong></span> <span class='ocrx_word' id='word_1_519' title='bbox 1597 621 1659 659; x_wconf 83' lang='lat' dir='ltr'><strong>sed</strong></span> <span class='ocrx_word' id='word_1_520' title='bbox 1679 627 1718 657; x_wconf 87' lang='lat' dir='ltr'><strong>ut</strong></span> <span class='ocrx_word' id='word_1_521' title='bbox 1733 617 1852 667; x_wconf 83' lang='lat' dir='ltr'><strong>quoad</strong></span> <span class='ocrx_word' id='word_1_522' title='bbox 1867 622 1994 660; x_wconf 85' lang='lat' dir='ltr'><strong>totum,</strong></span> <span class='ocrx_word' id='word_1_523' title='bbox 2013 624 2052 652; x_wconf 85' lang='lat' dir='ltr'><strong>se</strong></span> <span class='ocrx_word' id='word_1_524' title='bbox 2066 613 2249 650; x_wconf 71' lang='lat' dir='ltr'><strong>obnoxium</strong></span> <span class='ocrx_word' id='word_1_525' title='bbox 2263 611 2478 654; x_wconf 85' lang='lat' dir='ltr'><strong>constitueret,</strong></span> <span class='ocrx_word' id='word_1_526' title='bbox 2489 617 2516 648; x_wconf 88' lang='lat' dir='ltr'><strong>et</strong></span> 
     </span>
    </p>
   </div>
   <div class='ocr_carea' id='block_1_66' title="bbox 1510 672 2517 732">
    <p class='ocr_par' dir='ltr' id='par_1_66' title="bbox 1510 672 2517 732">
     <span class='ocr_line' id='line_1_66' title="bbox 1510 672 2517 732; baseline -0.016 -8"><span class='ocrx_word' id='word_1_527' title='bbox 1510 684 1662 732; x_wconf 78' lang='lat' dir='ltr'><strong>singulis</strong></span> <span class='ocrx_word' id='word_1_528' title='bbox 1684 689 1721 720; x_wconf 87' lang='lat' dir='ltr'><strong>ut</strong></span> <span class='ocrx_word' id='word_1_529' title='bbox 1737 681 1789 718; x_wconf 88' lang='lat' dir='ltr'><strong>sic</strong></span> <span class='ocrx_word' id='word_1_530' title='bbox 1808 679 1926 718; x_wconf 75' lang='lat' dir='ltr'><strong>affecti</strong></span> <span class='ocrx_word' id='word_1_531' title='bbox 1953 681 2073 714; x_wconf 77' lang='lat' dir='ltr'><strong>essent</strong></span> <span class='ocrx_word' id='word_1_532' title='bbox 2091 672 2320 722; x_wconf 83' lang='lat' dir='ltr'><strong>persuaderet.</strong></span> <span class='ocrx_word' id='word_1_533' title='bbox 2337 672 2414 709; x_wconf 76' lang='lat' dir='ltr'><strong>Nam</strong></span> <span class='ocrx_word' id='word_1_534' title='bbox 2428 673 2453 709; x_wconf 87' lang='lat' dir='ltr'><strong>si</strong></span> <span class='ocrx_word' id='word_1_535' title='bbox 2469 679 2517 719; x_wconf 82' lang='lat' dir='ltr'><strong>pro</strong></span> 
     </span>
    </p>
   </div>
   <div class='ocr_carea' id='block_1_67' title="bbox 1512 733 2518 786">
    <p class='ocr_par' dir='ltr' id='par_1_67' title="bbox 1512 733 2518 786">
     <span class='ocr_line' id='line_1_67' title="bbox 1512 733 2518 786; baseline -0.018 0"><span class='ocrx_word' id='word_1_536' title='bbox 1512 755 1585 786; x_wconf 89' lang='lat' dir='ltr'><strong>uno</strong></span> <span class='ocrx_word' id='word_1_537' title='bbox 1605 752 1742 784; x_wconf 87' lang='lat' dir='ltr'><strong>tantum</strong></span> <span class='ocrx_word' id='word_1_538' title='bbox 1761 743 1907 780; x_wconf 89' lang='lat' dir='ltr'><strong>homine</strong></span> <span class='ocrx_word' id='word_1_539' title='bbox 1927 739 2080 776; x_wconf 82' lang='lat' dir='ltr'><strong>venisset</strong></span> <span class='ocrx_word' id='word_1_540' title='bbox 2105 735 2258 774; x_wconf 80' lang='lat' dir='ltr'><strong>Christus</strong></span> <span class='ocrx_word' id='word_1_541' title='bbox 2273 761 2282 779; x_wconf 93' lang='lat'><strong>,</strong></span> <span class='ocrx_word' id='word_1_542' title='bbox 2301 739 2365 770; x_wconf 87' lang='lat' dir='ltr'><strong>non</strong></span> <span class='ocrx_word' id='word_1_543' title='bbox 2389 733 2456 770; x_wconf 84' lang='lat' dir='ltr'><strong>ideo</strong></span> <span class='ocrx_word' id='word_1_544' title='bbox 2469 733 2518 769; x_wconf 64' lang='grc' dir='ltr'><strong>πῆς</strong></span> 
     </span>
    </p>
   </div>
   <div class='ocr_carea' id='block_1_68' title="bbox 1513 795 2519 848">
    <p class='ocr_par' dir='ltr' id='par_1_68' title="bbox 1513 795 2519 848">
     <span class='ocr_line' id='line_1_68' title="bbox 1513 795 2519 848; baseline -0.019 0"><span class='ocrx_word' id='word_1_545' title='bbox 1513 813 1684 848; x_wconf 82' lang='lat' dir='ltr'><strong>nueretttr</strong></span> <span class='ocrx_word' id='word_1_546' title='bbox 1700 807 1849 848; x_wconf 86' lang='lat' dir='ltr'><strong>donum,</strong></span> <span class='ocrx_word' id='word_1_547' title='bbox 1865 803 1929 841; x_wconf 92' lang='lat' dir='ltr'><strong>sed</strong></span> <span class='ocrx_word' id='word_1_548' title='bbox 1946 801 2060 848; x_wconf 84' lang='lat' dir='ltr'><strong>majus</strong></span> <span class='ocrx_word' id='word_1_549' title='bbox 2072 804 2148 836; x_wconf 83' lang='lat' dir='ltr'><strong>esse</strong></span> <span class='ocrx_word' id='word_1_550' title='bbox 2160 795 2436 845; x_wconf 80' lang='lat' dir='ltr'><strong>comprobaretur.</strong></span> <span class='ocrx_word' id='word_1_551' title='bbox 2448 795 2519 839; x_wconf 82' lang='lat' dir='ltr'><strong>Quo-</strong></span> 
     </span>
    </p>
   </div>
   <div class='ocr_carea' id='block_1_69' title="bbox 1515 856 2520 916">
    <p class='ocr_par' dir='ltr' id='par_1_69' title="bbox 1515 856 2520 916">
     <span class='ocr_line' id='line_1_69' title="bbox 1515 856 2520 916; baseline -0.018 -6"><span class='ocrx_word' id='word_1_552' title='bbox 1515 871 1646 910; x_wconf 85' lang='lat' dir='ltr'><strong>modo?</strong></span> <span class='ocrx_word' id='word_1_553' title='bbox 1659 869 1749 916; x_wconf 87' lang='lat' dir='ltr'><strong>Quia</strong></span> <span class='ocrx_word' id='word_1_554' title='bbox 1774 871 1840 914; x_wconf 81' lang='lat' dir='ltr'><strong>pro</strong></span> <span class='ocrx_word' id='word_1_555' title='bbox 1862 871 1934 902; x_wconf 87' lang='lat' dir='ltr'><strong>uno</strong></span> <span class='ocrx_word' id='word_1_556' title='bbox 1952 869 2086 900; x_wconf 86' lang='lat' dir='ltr'><strong>tantam</strong></span> <span class='ocrx_word' id='word_1_557' title='bbox 2104 857 2363 897; x_wconf 85' lang='lat' dir='ltr'><strong>sollicitudinem</strong></span> <span class='ocrx_word' id='word_1_558' title='bbox 2389 856 2520 892; x_wconf 78' lang='lat' dir='ltr'><strong>habuisse</strong></span> 
     </span>
    </p>
   </div>
   <div class='ocr_carea' id='block_1_70' title="bbox 1515 915 2522 978">
    <p class='ocr_par' dir='ltr' id='par_1_70' title="bbox 1515 915 2522 978">
     <span class='ocr_line' id='line_1_70' title="bbox 1515 915 2522 978; baseline -0.021 -6"><span class='ocrx_word' id='word_1_559' title='bbox 1515 915 1710 976; x_wconf 72' lang='lat' dir='ltr'><strong>videretur,</strong></span> <span class='ocrx_word' id='word_1_560' title='bbox 1725 934 1893 978; x_wconf 87' lang='lat' dir='ltr'><strong>quantam</strong></span> <span class='ocrx_word' id='word_1_561' title='bbox 1912 925 1987 971; x_wconf 88' lang='lat' dir='ltr'><strong>ille,</strong></span> <span class='ocrx_word' id='word_1_562' title='bbox 2000 923 2060 971; x_wconf 87' lang='lat' dir='ltr'><strong>qui</strong></span> <span class='ocrx_word' id='word_1_563' title='bbox 2074 928 2176 959; x_wconf 75' lang='lat' dir='ltr'><strong>unum</strong></span> <span class='ocrx_word' id='word_1_564' title='bbox 2190 923 2286 956; x_wconf 79' lang='lat' dir='ltr'><strong>ovem</strong></span> <span class='ocrx_word' id='word_1_565' title='bbox 2298 923 2450 965; x_wconf 76' lang='lat' dir='ltr'><strong>qua-rens,</strong></span> <span class='ocrx_word' id='word_1_566' title='bbox 2462 915 2522 953; x_wconf 60' lang='lat' dir='ltr'><strong>idt-o</strong></span> 
     </span>
    </p>
   </div>
   <div class='ocr_carea' id='block_1_71' title="bbox 1518 979 2523 1034">
    <p class='ocr_par' dir='ltr' id='par_1_71' title="bbox 1518 979 2523 1034">
     <span class='ocr_line' id='line_1_71' title="bbox 1518 979 2523 1034; baseline -0.022 0"><span class='ocrx_word' id='word_1_567' title='bbox 1518 995 1729 1034; x_wconf 88' lang='lat' dir='ltr'><strong>turbabalnr</strong></span> <span class='ocrx_word' id='word_1_568' title='bbox 1752 996 1789 1029; x_wconf 90' lang='lat' dir='ltr'><strong>et</strong></span> <span class='ocrx_word' id='word_1_569' title='bbox 1815 988 1938 1026; x_wconf 80' lang='lat' dir='ltr'><strong>ﬂebat.</strong></span> <span class='ocrx_word' id='word_1_570' title='bbox 1959 987 1996 1024; x_wconf 87' lang='lat' dir='ltr'><strong>Si</strong></span> <span class='ocrx_word' id='word_1_571' title='bbox 2015 985 2108 1022; x_wconf 87' lang='lat' dir='ltr'><strong>enim</strong></span> <span class='ocrx_word' id='word_1_572' title='bbox 2126 983 2167 1028; x_wconf 88' lang='lat' dir='ltr'><strong>ii,</strong></span> <span class='ocrx_word' id='word_1_573' title='bbox 2185 981 2242 1029; x_wconf 87' lang='lat' dir='ltr'><strong>qtti</strong></span> <span class='ocrx_word' id='word_1_574' title='bbox 2263 979 2412 1028; x_wconf 80' lang='lat' dir='ltr'><strong>pecunias</strong></span> <span class='ocrx_word' id='word_1_575' title='bbox 2428 985 2523 1014; x_wconf 83' lang='lat' dir='ltr'><strong>mutuo</strong></span> 
     </span>
    </p>
   </div>
   <div class='ocr_carea' id='block_1_72' title="bbox 1517 1041 2524 1106">
    <p class='ocr_par' dir='ltr' id='par_1_72' title="bbox 1517 1041 2524 1106">
     <span class='ocr_line' id='line_1_72' title="bbox 1517 1041 2524 1106; baseline -0.023 -9"><span class='ocrx_word' id='word_1_576' title='bbox 1517 1061 1735 1106; x_wconf 87' lang='lat' dir='ltr'><strong>acceperunt</strong></span> <span class='ocrx_word' id='word_1_577' title='bbox 1750 1082 1761 1099; x_wconf 94' lang='lat'><strong>,</strong></span> <span class='ocrx_word' id='word_1_578' title='bbox 1782 1061 1850 1090; x_wconf 88' lang='lat' dir='ltr'><strong>nec</strong></span> <span class='ocrx_word' id='word_1_579' title='bbox 1867 1047 2039 1088; x_wconf 74' lang='lat' dir='ltr'><strong>solvendo</strong></span> <span class='ocrx_word' id='word_1_580' title='bbox 2052 1054 2154 1095; x_wconf 82' lang='lat' dir='ltr'><strong>pares</strong></span> <span class='ocrx_word' id='word_1_581' title='bbox 2180 1049 2260 1081; x_wconf 75' lang='lat' dir='ltr'><strong>sunt</strong></span> <span class='ocrx_word' id='word_1_582' title='bbox 2276 1071 2286 1088; x_wconf 89' lang='lat'><strong>,</strong></span> <span class='ocrx_word' id='word_1_583' title='bbox 2303 1041 2358 1080; x_wconf 83' lang='lat' dir='ltr'><strong>sed</strong></span> <span class='ocrx_word' id='word_1_584' title='bbox 2379 1041 2408 1077; x_wconf 91' lang='lat' dir='ltr'><strong>in</strong></span> <span class='ocrx_word' id='word_1_585' title='bbox 2425 1049 2524 1086; x_wconf 75' lang='lat' dir='ltr'><strong>magno</strong></span> 
     </span>
    </p>
   </div>
   <div class='ocr_carea' id='block_1_73' title="bbox 1519 1105 2525 1165">
    <p class='ocr_par' dir='ltr' id='par_1_73' title="bbox 1519 1105 2525 1165">
     <span class='ocr_line' id='line_1_73' title="bbox 1519 1105 2525 1165; baseline -0.022 -5"><span class='ocrx_word' id='word_1_586' title='bbox 1519 1105 1613 1160; x_wconf 72' lang='lat' dir='ltr'><strong>teris</strong></span> <span class='ocrx_word' id='word_1_587' title='bbox 1633 1119 1745 1158; x_wconf 85' lang='lat' dir='ltr'><strong>alieni</strong></span> <span class='ocrx_word' id='word_1_588' title='bbox 1776 1113 1954 1165; x_wconf 74' lang='lat' dir='ltr'><strong>profundo</strong></span> <span class='ocrx_word' id='word_1_589' title='bbox 1982 1108 2157 1152; x_wconf 82' lang='lat' dir='ltr'><strong>demersi,</strong></span> <span class='ocrx_word' id='word_1_590' title='bbox 2185 1116 2250 1144; x_wconf 81' lang='lat' dir='ltr'><strong>nec</strong></span> <span class='ocrx_word' id='word_1_591' title='bbox 2270 1105 2459 1147; x_wconf 84' lang='lat' dir='ltr'><strong>comedunt,</strong></span> <span class='ocrx_word' id='word_1_592' title='bbox 2476 1113 2525 1140; x_wconf 84' lang='lat' dir='ltr'><strong>nec</strong></span> 
     </span>
    </p>
   </div>
   <div class='ocr_carea' id='block_1_74' title="bbox 1519 1165 2528 1228">
    <p class='ocr_par' dir='ltr' id='par_1_74' title="bbox 1519 1165 2528 1228">
     <span class='ocr_line' id='line_1_74' title="bbox 1519 1165 2528 1228; baseline -0.022 -5"><span class='ocrx_word' id='word_1_593' title='bbox 1519 1184 1719 1228; x_wconf 85' lang='lat' dir='ltr'><strong>dormiunt,</strong></span> <span class='ocrx_word' id='word_1_594' title='bbox 1738 1177 1979 1218; x_wconf 85' lang='lat' dir='ltr'><strong>sollicitudine</strong></span> <span class='ocrx_word' id='word_1_595' title='bbox 1995 1171 2184 1213; x_wconf 78' lang='lat' dir='ltr'><strong>excruciati</strong></span> <span class='ocrx_word' id='word_1_596' title='bbox 2202 1183 2210 1208; x_wconf 86' lang='lat'><strong>:</strong></span> <span class='ocrx_word' id='word_1_597' title='bbox 2223 1170 2332 1218; x_wconf 79' lang='lat' dir='ltr'><strong>justus</strong></span> <span class='ocrx_word' id='word_1_598' title='bbox 2344 1167 2396 1216; x_wconf 87' lang='lat' dir='ltr'><strong>qui</strong></span> <span class='ocrx_word' id='word_1_599' title='bbox 2411 1165 2528 1203; x_wconf 76' lang='lat' dir='ltr'><strong>videtse</strong></span> 
     </span>
    </p>
   </div>
   <div class='ocr_carea' id='block_1_75' title="bbox 1521 1229 2525 1296">
    <p class='ocr_par' dir='ltr' id='par_1_75' title="bbox 1521 1229 2525 1296">
     <span class='ocr_line' id='line_1_75' title="bbox 1521 1229 2525 1296; baseline -0.024 -9"><span class='ocrx_word' id='word_1_600' title='bbox 1521 1257 1594 1286; x_wconf 84' lang='lat' dir='ltr'><strong>non</strong></span> <span class='ocrx_word' id='word_1_601' title='bbox 1613 1256 1680 1296; x_wconf 86' lang='lat' dir='ltr'><strong>pro</strong></span> <span class='ocrx_word' id='word_1_602' title='bbox 1694 1242 1869 1293; x_wconf 83' lang='lat' dir='ltr'><strong>pecuniis,</strong></span> <span class='ocrx_word' id='word_1_603' title='bbox 1885 1239 1948 1277; x_wconf 81' lang='lat' dir='ltr'><strong>sed</strong></span> <span class='ocrx_word' id='word_1_604' title='bbox 1967 1247 2033 1286; x_wconf 88' lang='lat' dir='ltr'><strong>pro</strong></span> <span class='ocrx_word' id='word_1_605' title='bbox 2048 1233 2259 1273; x_wconf 82' lang='lat' dir='ltr'><strong>facinoribus</strong></span> <span class='ocrx_word' id='word_1_606' title='bbox 2269 1241 2343 1269; x_wconf 84' lang='lat' dir='ltr'><strong>esse</strong></span> <span class='ocrx_word' id='word_1_607' title='bbox 2354 1229 2525 1271; x_wconf 81' lang='lat' dir='ltr'><strong>debitorcIIt,</strong></span> 
     </span>
    </p>
   </div>
   <div class='ocr_carea' id='block_1_76' title="bbox 1523 1291 2526 1360">
    <p class='ocr_par' dir='ltr' id='par_1_76' title="bbox 1523 1291 2526 1360">
     <span class='ocr_line' id='line_1_76' title="bbox 1523 1291 2526 1360; baseline -0.024 -11"><span class='ocrx_word' id='word_1_608' title='bbox 1523 1291 1892 1360; x_wconf 22' lang='lat' dir='ltr'><strong>quid-nonipatiatur?</strong></span> <span class='ocrx_word' id='word_1_609' title='bbox 1909 1299 1980 1340; x_wconf 83' lang='lat' dir='ltr'><strong>Sed</strong></span> <span class='ocrx_word' id='word_1_610' title='bbox 1994 1309 2064 1337; x_wconf 88' lang='lat' dir='ltr'><strong>nos</strong></span> <span class='ocrx_word' id='word_1_611' title='bbox 2073 1308 2142 1336; x_wconf 81' lang='lat' dir='ltr'><strong>non</strong></span> <span class='ocrx_word' id='word_1_612' title='bbox 2153 1297 2214 1342; x_wconf 82' lang='lat' dir='ltr'><strong>ita;</strong></span> <span class='ocrx_word' id='word_1_613' title='bbox 2227 1303 2304 1332; x_wconf 87' lang='lat' dir='ltr'><strong>nam</strong></span> <span class='ocrx_word' id='word_1_614' title='bbox 2319 1293 2346 1330; x_wconf 80' lang='lat' dir='ltr'><strong>si</strong></span> <span class='ocrx_word' id='word_1_615' title='bbox 2359 1299 2462 1340; x_wconf 83' lang='lat' dir='ltr'><strong>parum</strong></span> <span class='ocrx_word' id='word_1_616' title='bbox 2475 1291 2526 1327; x_wconf 86' lang='lat' dir='ltr'><strong>sol-</strong></span> 
     </span>
    </p>
   </div>
   <div class='ocr_carea' id='block_1_77' title="bbox 1523 1355 2526 1416">
    <p class='ocr_par' dir='ltr' id='par_1_77' title="bbox 1523 1355 2526 1416">
     <span class='ocr_line' id='line_1_77' title="bbox 1523 1355 2526 1416; baseline -0.025 -4"><span class='ocrx_word' id='word_1_617' title='bbox 1523 1355 1652 1412; x_wconf 50' lang='lat' dir='ltr'><strong>ramus</strong></span> <span class='ocrx_word' id='word_1_618' title='bbox 1671 1399 1680 1416; x_wconf 90' lang='lat'><strong>,</strong></span> <span class='ocrx_word' id='word_1_619' title='bbox 1702 1371 1750 1407; x_wconf 91' lang='lat' dir='ltr'><strong>ita</strong></span> <span class='ocrx_word' id='word_1_620' title='bbox 1769 1366 1890 1406; x_wconf 75' lang='lat' dir='ltr'><strong>affecti</strong></span> <span class='ocrx_word' id='word_1_621' title='bbox 1917 1373 2042 1402; x_wconf 83' lang='lat' dir='ltr'><strong>sumus</strong></span> <span class='ocrx_word' id='word_1_622' title='bbox 2057 1388 2070 1408; x_wconf 93' lang='lat'><strong>,</strong></span> <span class='ocrx_word' id='word_1_623' title='bbox 2088 1365 2130 1398; x_wconf 83' lang='lat' dir='ltr'><strong>ac</strong></span> <span class='ocrx_word' id='word_1_624' title='bbox 2145 1359 2174 1398; x_wconf 85' lang='lat' dir='ltr'><strong>si</strong></span> <span class='ocrx_word' id='word_1_625' title='bbox 2195 1364 2300 1396; x_wconf 90' lang='lat' dir='ltr'><strong>totum</strong></span> <span class='ocrx_word' id='word_1_626' title='bbox 2317 1355 2526 1395; x_wconf 81' lang='lat' dir='ltr'><strong>solvissetnus;</strong></span> 
     </span>
    </p>
   </div>
   <div class='ocr_carea' id='block_1_78' title="bbox 1525 1416 2528 1484">
    <p class='ocr_par' dir='ltr' id='par_1_78' title="bbox 1525 1416 2528 1484">
     <span class='ocr_line' id='line_1_78' title="bbox 1525 1416 2528 1484; baseline -0.025 -8"><span class='ocrx_word' id='word_1_627' title='bbox 1525 1438 1599 1476; x_wconf 89' lang='lat' dir='ltr'><strong>imo</strong></span> <span class='ocrx_word' id='word_1_628' title='bbox 1612 1465 1622 1483; x_wconf 94' lang='lat'><strong>,</strong></span> <span class='ocrx_word' id='word_1_629' title='bbox 1642 1433 1738 1484; x_wconf 91' lang='lat' dir='ltr'><strong>quod</strong></span> <span class='ocrx_word' id='word_1_630' title='bbox 1756 1433 1864 1480; x_wconf 82' lang='lat' dir='ltr'><strong>longe</strong></span> <span class='ocrx_word' id='word_1_631' title='bbox 1879 1427 2038 1468; x_wconf 87' lang='lat' dir='ltr'><strong>deterius</strong></span> <span class='ocrx_word' id='word_1_632' title='bbox 2053 1431 2126 1468; x_wconf 84' lang='lat' dir='ltr'><strong>est,</strong></span> <span class='ocrx_word' id='word_1_633' title='bbox 2145 1433 2190 1461; x_wconf 89' lang='lat' dir='ltr'><strong>ne</strong></span> <span class='ocrx_word' id='word_1_634' title='bbox 2212 1430 2350 1470; x_wconf 72' lang='lat' dir='ltr'><strong>parvum</strong></span> <span class='ocrx_word' id='word_1_635' title='bbox 2367 1417 2484 1466; x_wconf 86' lang='lat' dir='ltr'><strong>quidem</strong></span> <span class='ocrx_word' id='word_1_636' title='bbox 2497 1416 2528 1451; x_wconf 82' lang='lat' dir='ltr'><strong>il-</strong></span> 
     </span>
    </p>
   </div>
   <div class='ocr_carea' id='block_1_79' title="bbox 1525 1477 2528 1540">
    <p class='ocr_par' dir='ltr' id='par_1_79' title="bbox 1525 1477 2528 1540">
     <span class='ocr_line' id='line_1_79' title="bbox 1525 1477 2528 1540; baseline -0.025 -1"><span class='ocrx_word' id='word_1_637' title='bbox 1525 1500 1587 1538; x_wconf 80' lang='lat' dir='ltr'><strong>lud</strong></span> <span class='ocrx_word' id='word_1_638' title='bbox 1607 1477 1688 1538; x_wconf 75' lang='lat' dir='ltr'><strong>cuin</strong></span> <span class='ocrx_word' id='word_1_639' title='bbox 1705 1507 1747 1534; x_wconf 86' lang='lat' dir='ltr'><strong>ea</strong></span> <span class='ocrx_word' id='word_1_640' title='bbox 1767 1477 1968 1538; x_wconf 69' lang='lat' dir='ltr'><strong>alacritate,</strong></span> <span class='ocrx_word' id='word_1_641' title='bbox 1981 1500 2059 1540; x_wconf 65' lang='lat' dir='ltr'><strong>qua:</strong></span> <span class='ocrx_word' id='word_1_642' title='bbox 2078 1489 2205 1526; x_wconf 87' lang='lat' dir='ltr'><strong>liberos</strong></span> <span class='ocrx_word' id='word_1_643' title='bbox 2217 1485 2324 1527; x_wconf 87' lang='lat' dir='ltr'><strong>decet,</strong></span> <span class='ocrx_word' id='word_1_644' title='bbox 2339 1481 2472 1520; x_wconf 79' lang='lat' dir='ltr'><strong>facimus.</strong></span> <span class='ocrx_word' id='word_1_645' title='bbox 2484 1477 2528 1515; x_wconf 81' lang='lat' dir='ltr'><strong>sed</strong></span> 
     </span>
    </p>
   </div>
   <div class='ocr_carea' id='block_1_80' title="bbox 1527 1543 2532 1614">
    <p class='ocr_par' dir='ltr' id='par_1_80' title="bbox 1527 1543 2532 1614">
     <span class='ocr_line' id='line_1_80' title="bbox 1527 1543 2532 1614; baseline -0.026 -12"><span class='ocrx_word' id='word_1_646' title='bbox 1527 1563 1628 1614; x_wconf 84' lang='lat' dir='ltr'><strong>prius</strong></span> <span class='ocrx_word' id='word_1_647' title='bbox 1659 1560 1896 1609; x_wconf 85' lang='lat' dir='ltr'><strong>inquirimus,</strong></span> <span class='ocrx_word' id='word_1_648' title='bbox 1914 1556 1945 1594; x_wconf 87' lang='lat' dir='ltr'><strong>si</strong></span> <span class='ocrx_word' id='word_1_649' title='bbox 1979 1551 2178 1597; x_wconf 85' lang='lat' dir='ltr'><strong>mercedem</strong></span> <span class='ocrx_word' id='word_1_650' title='bbox 2206 1547 2344 1589; x_wconf 86' lang='lat' dir='ltr'><strong>habeat,</strong></span> <span class='ocrx_word' id='word_1_651' title='bbox 2370 1544 2397 1581; x_wconf 86' lang='lat' dir='ltr'><strong>si</strong></span> <span class='ocrx_word' id='word_1_652' title='bbox 2419 1543 2532 1579; x_wconf 82' lang='lat' dir='ltr'><strong>multant</strong></span> 
     </span>
    </p>
   </div>
   <div class='ocr_carea' id='block_1_81' title="bbox 1529 1611 2530 1674">
    <p class='ocr_par' dir='ltr' id='par_1_81' title="bbox 1529 1611 2530 1674">
     <span class='ocr_line' id='line_1_81' title="bbox 1529 1611 2530 1674; baseline -0.027 -6"><span class='ocrx_word' id='word_1_653' title='bbox 1529 1611 1683 1674; x_wconf 83' lang='lat' dir='ltr'><strong>habeat,</strong></span> <span class='ocrx_word' id='word_1_654' title='bbox 1697 1627 1728 1664; x_wconf 88' lang='lat' dir='ltr'><strong>si</strong></span> <span class='ocrx_word' id='word_1_655' title='bbox 1744 1625 1779 1663; x_wconf 88' lang='lat' dir='ltr'><strong>id</strong></span> <span class='ocrx_word' id='word_1_656' title='bbox 1798 1623 1903 1661; x_wconf 90' lang='lat' dir='ltr'><strong>nobis</strong></span> <span class='ocrx_word' id='word_1_657' title='bbox 1920 1623 2104 1668; x_wconf 84' lang='lat' dir='ltr'><strong>reputelur</strong></span> <span class='ocrx_word' id='word_1_658' title='bbox 2115 1641 2126 1661; x_wconf 88' lang='lat'><strong>,</strong></span> <span class='ocrx_word' id='word_1_659' title='bbox 2147 1625 2187 1652; x_wconf 88' lang='lat' dir='ltr'><strong>ac</strong></span> <span class='ocrx_word' id='word_1_660' title='bbox 2205 1611 2413 1651; x_wconf 83' lang='lat' dir='ltr'><strong>illiberalium</strong></span> <span class='ocrx_word' id='word_1_661' title='bbox 2428 1614 2530 1644; x_wconf 78' lang='lat' dir='ltr'><strong>merce-</strong></span> 
     </span>
    </p>
   </div>
   <div class='ocr_carea' id='block_1_82' title="bbox 1530 1670 2532 1736">
    <p class='ocr_par' dir='ltr' id='par_1_82' title="bbox 1530 1670 2532 1736">
     <span class='ocr_line' id='line_1_82' title="bbox 1530 1670 2532 1736; baseline -0.028 -7"><span class='ocrx_word' id='word_1_662' title='bbox 1530 1670 1787 1736; x_wconf 77' lang='lat' dir='ltr'><strong>nariorutnque</strong></span> <span class='ocrx_word' id='word_1_663' title='bbox 1804 1685 1912 1722; x_wconf 88' lang='lat' dir='ltr'><strong>verba</strong></span> <span class='ocrx_word' id='word_1_664' title='bbox 1933 1679 2158 1730; x_wconf 74' lang='lat' dir='ltr'><strong>proferimus.</strong></span> <span class='ocrx_word' id='word_1_665' title='bbox 2175 1674 2263 1722; x_wconf 87' lang='lat' dir='ltr'><strong>Quid</strong></span> <span class='ocrx_word' id='word_1_666' title='bbox 2279 1673 2341 1716; x_wconf 82' lang='lat' dir='ltr'><strong>ais,</strong></span> <span class='ocrx_word' id='word_1_667' title='bbox 2354 1681 2374 1707; x_wconf 82' lang='grc' dir='ltr'>ο</span> <span class='ocrx_word' id='word_1_668' title='bbox 2386 1670 2474 1736; x_wconf 77' lang='lat' dir='ltr'><strong>homo</strong></span> 
     </span>
    </p>
   </div>
   <div class='ocr_carea' id='block_1_83' title="bbox 1532 1725 2534 1792">
    <p class='ocr_par' dir='ltr' id='par_1_83' title="bbox 1532 1725 2534 1792">
     <span class='ocr_line' id='line_1_83' title="bbox 1532 1725 2534 1792; baseline -0.03 0"><span class='ocrx_word' id='word_1_669' title='bbox 1532 1725 1740 1792; x_wconf 51' lang='lat' dir='ltr'><strong>etiam;</strong></span> <span class='ocrx_word' id='word_1_670' title='bbox 1755 1755 1794 1788; x_wconf 91' lang='lat' dir='ltr'><strong>et</strong></span> <span class='ocrx_word' id='word_1_671' title='bbox 1825 1725 1972 1785; x_wconf 67' lang='lat' dir='ltr'><strong>infeliti?</strong></span> <span class='ocrx_word' id='word_1_672' title='bbox 2000 1752 2060 1782; x_wconf 78' lang='lat' dir='ltr'><strong>res</strong></span> <span class='ocrx_word' id='word_1_673' title='bbox 2097 1738 2168 1778; x_wconf 88' lang='lat' dir='ltr'><strong>Deo</strong></span> <span class='ocrx_word' id='word_1_674' title='bbox 2198 1737 2318 1786; x_wconf 84' lang='lat' dir='ltr'><strong>placita</strong></span> <span class='ocrx_word' id='word_1_675' title='bbox 2351 1729 2464 1781; x_wconf 83' lang='lat' dir='ltr'><strong>agenda</strong></span> <span class='ocrx_word' id='word_1_676' title='bbox 2489 1725 2534 1763; x_wconf 73' lang='lat' dir='ltr'><strong>un</strong></span> 
     </span>
    </p>
   </div>
   <div class='ocr_carea' id='block_1_84' title="bbox 1533 1793 2536 1865">
    <p class='ocr_par' dir='ltr' id='par_1_84' title="bbox 1533 1793 2536 1865">
     <span class='ocr_line' id='line_1_84' title="bbox 1533 1793 2536 1865; baseline -0.028 -11"><span class='ocrx_word' id='word_1_677' title='bbox 1533 1815 1769 1865; x_wconf 86' lang='lat' dir='ltr'><strong>proponitur,</strong></span> <span class='ocrx_word' id='word_1_678' title='bbox 1789 1817 1826 1849; x_wconf 91' lang='lat' dir='ltr'><strong>et</strong></span> <span class='ocrx_word' id='word_1_679' title='bbox 1857 1817 1893 1847; x_wconf 92' lang='lat' dir='ltr'><strong>tu</strong></span> <span class='ocrx_word' id='word_1_680' title='bbox 1921 1809 1966 1846; x_wconf 85' lang='lat' dir='ltr'><strong>de</strong></span> <span class='ocrx_word' id='word_1_681' title='bbox 1993 1803 2158 1844; x_wconf 84' lang='lat' dir='ltr'><strong>mercede</strong></span> <span class='ocrx_word' id='word_1_682' title='bbox 2176 1799 2337 1865; x_wconf 75' lang='lat' dir='ltr'><strong>sollicitus</strong></span> <span class='ocrx_word' id='word_1_683' title='bbox 2353 1794 2454 1833; x_wconf 83' lang='lat' dir='ltr'><strong>es?Si</strong></span> <span class='ocrx_word' id='word_1_684' title='bbox 2478 1793 2536 1837; x_wconf 79' lang='lat' dir='ltr'><strong>post</strong></span> 
     </span>
    </p>
   </div>
   <div class='ocr_carea' id='block_1_85' title="bbox 1533 1859 2537 1927">
    <p class='ocr_par' dir='ltr' id='par_1_85' title="bbox 1533 1859 2537 1927">
     <span class='ocr_line' id='line_1_85' title="bbox 1533 1859 2537 1927; baseline -0.031 -10"><span class='ocrx_word' id='word_1_685' title='bbox 1533 1859 1717 1927; x_wconf 73' lang='lat' dir='ltr'><strong>peractam</strong></span> <span class='ocrx_word' id='word_1_686' title='bbox 1750 1884 1826 1912; x_wconf 90' lang='lat' dir='ltr'><strong>rem</strong></span> <span class='ocrx_word' id='word_1_687' title='bbox 1845 1873 1882 1910; x_wconf 90' lang='lat' dir='ltr'><strong>in</strong></span> <span class='ocrx_word' id='word_1_688' title='bbox 1909 1870 2109 1920; x_wconf 77' lang='lat' dir='ltr'><strong>gehennam</strong></span> <span class='ocrx_word' id='word_1_689' title='bbox 2140 1859 2370 1912; x_wconf 78' lang='lat' dir='ltr'><strong>eottjicieudtts</strong></span> <span class='ocrx_word' id='word_1_690' title='bbox 2384 1864 2486 1898; x_wconf 79' lang='lat' dir='ltr'><strong>esses,</strong></span> <span class='ocrx_word' id='word_1_691' title='bbox 2503 1860 2537 1886; x_wconf 79' lang='lat' dir='ltr'><strong>att</strong></span> 
     </span>
    </p>
   </div>
   <div class='ocr_carea' id='block_1_86' title="bbox 1535 1921 2538 1980">
    <p class='ocr_par' dir='ltr' id='par_1_86' title="bbox 1535 1921 2538 1980">
     <span class='ocr_line' id='line_1_86' title="bbox 1535 1921 2538 1980; baseline -0.032 0"><span class='ocrx_word' id='word_1_692' title='bbox 1535 1921 1810 1980; x_wconf 68' lang='lat' dir='ltr'><strong>detrectandum</strong></span> <span class='ocrx_word' id='word_1_693' title='bbox 1839 1933 1962 1974; x_wconf 81' lang='lat' dir='ltr'><strong>esset?</strong></span> <span class='ocrx_word' id='word_1_694' title='bbox 1981 1940 2100 1969; x_wconf 84' lang='lat' dir='ltr'><strong>nonne</strong></span> <span class='ocrx_word' id='word_1_695' title='bbox 2117 1933 2199 1966; x_wconf 86' lang='lat' dir='ltr'><strong>tunc</strong></span> <span class='ocrx_word' id='word_1_696' title='bbox 2215 1925 2316 1962; x_wconf 78' lang='lat' dir='ltr'><strong>etiam</strong></span> <span class='ocrx_word' id='word_1_697' title='bbox 2345 1923 2452 1966; x_wconf 74' lang='lat' dir='ltr'><strong>magna</strong></span> <span class='ocrx_word' id='word_1_698' title='bbox 2476 1921 2538 1980; x_wconf 58' lang='lat' dir='ltr'><strong>cunt</strong></span> 
     </span>
    </p>
   </div>
   <div class='ocr_carea' id='block_1_87' title="bbox 1535 1971 2540 2042">
    <p class='ocr_par' dir='ltr' id='par_1_87' title="bbox 1535 1971 2540 2042">
     <span class='ocr_line' id='line_1_87' title="bbox 1535 1971 2540 2042; baseline -0.033 0"><span class='ocrx_word' id='word_1_699' title='bbox 1535 2003 1722 2042; x_wconf 76' lang='lat' dir='ltr'><strong>alacritate</strong></span> <span class='ocrx_word' id='word_1_700' title='bbox 1737 2009 1882 2037; x_wconf 87' lang='lat' dir='ltr'><strong>manum</strong></span> <span class='ocrx_word' id='word_1_701' title='bbox 1900 1995 2005 2034; x_wconf 82' lang='lat' dir='ltr'><strong>bonis</strong></span> <span class='ocrx_word' id='word_1_702' title='bbox 2019 1990 2186 2041; x_wconf 85' lang='lat' dir='ltr'><strong>operibus</strong></span> <span class='ocrx_word' id='word_1_703' title='bbox 2198 1986 2376 2024; x_wconf 81' lang='lat' dir='ltr'><strong>admovere</strong></span> <span class='ocrx_word' id='word_1_704' title='bbox 2389 1989 2442 2027; x_wconf 75' lang='lat' dir='ltr'><strong>par</strong></span> <span class='ocrx_word' id='word_1_705' title='bbox 2452 1971 2540 2042; x_wconf 71' lang='lat' dir='ltr'><strong>esset?</strong></span> 
     </span>
    </p>
   </div>
   <div class='ocr_carea' id='block_1_88' title="bbox 1538 2034 2540 2110">
    <p class='ocr_par' dir='ltr' id='par_1_88' title="bbox 1538 2034 2540 2110">
     <span class='ocr_line' id='line_1_88' title="bbox 1538 2034 2540 2110; baseline -0.03 -5"><span class='ocrx_word' id='word_1_706' title='bbox 1538 2066 1630 2104; x_wconf 75' lang='lat' dir='ltr'><strong>Rem</strong></span> <span class='ocrx_word' id='word_1_707' title='bbox 1651 2065 1726 2102; x_wconf 90' lang='lat' dir='ltr'><strong>Deo</strong></span> <span class='ocrx_word' id='word_1_708' title='bbox 1744 2067 1928 2110; x_wconf 88' lang='lat' dir='ltr'><strong>acceptam</strong></span> <span class='ocrx_word' id='word_1_709' title='bbox 1946 2034 2058 2102; x_wconf 59' lang='lat' dir='ltr'><strong>facis,</strong></span> <span class='ocrx_word' id='word_1_710' title='bbox 2077 2059 2114 2092; x_wconf 90' lang='lat' dir='ltr'><strong>et</strong></span> <span class='ocrx_word' id='word_1_711' title='bbox 2131 2052 2233 2090; x_wconf 81' lang='lat' dir='ltr'><strong>aliam</strong></span> <span class='ocrx_word' id='word_1_712' title='bbox 2256 2043 2434 2085; x_wconf 83' lang='lat' dir='ltr'><strong>mercedem</strong></span> <span class='ocrx_word' id='word_1_713' title='bbox 2451 2034 2540 2110; x_wconf 56' lang='lat' dir='ltr'><strong>mihi:</strong></span> 
     </span>
    </p>
   </div>
   <div class='ocr_carea' id='block_1_89' title="bbox 1537 2096 2542 2174">
    <p class='ocr_par' dir='ltr' id='par_1_89' title="bbox 1537 2096 2542 2174">
     <span class='ocr_line' id='line_1_89' title="bbox 1537 2096 2542 2174; baseline -0.035 -5"><span class='ocrx_word' id='word_1_714' title='bbox 1537 2096 1728 2168; x_wconf 48' lang='lat' dir='ltr'><strong>igitr—ei»;</strong></span> <span class='ocrx_word' id='word_1_715' title='bbox 1745 2096 1890 2174; x_wconf 58' lang='lat' dir='ltr'><strong>ignoras</strong></span> <span class='ocrx_word' id='word_1_716' title='bbox 1905 2096 2075 2170; x_wconf 80' lang='lat' dir='ltr'><strong>quantum</strong></span> <span class='ocrx_word' id='word_1_717' title='bbox 2095 2115 2176 2154; x_wconf 86' lang='lat' dir='ltr'><strong>boni</strong></span> <span class='ocrx_word' id='word_1_718' title='bbox 2186 2111 2368 2163; x_wconf 72' lang='lat' dir='ltr'><strong>sitplaeere</strong></span> <span class='ocrx_word' id='word_1_719' title='bbox 2383 2105 2444 2174; x_wconf 74' lang='lat' dir='ltr'><strong>Deo</strong></span> <span class='ocrx_word' id='word_1_720' title='bbox 2459 2096 2542 2174; x_wconf 80' lang='lat' dir='ltr'><strong>tsi</strong></span> 
     </span>
    </p>
   </div>
   <div class='ocr_carea' id='block_1_90' title="bbox 1538 2167 2544 2242">
    <p class='ocr_par' dir='ltr' id='par_1_90' title="bbox 1538 2167 2544 2242">
     <span class='ocr_line' id='line_1_90' title="bbox 1538 2167 2544 2242; baseline -0.032 -10"><span class='ocrx_word' id='word_1_721' title='bbox 1538 2202 1695 2242; x_wconf 90' lang='lat' dir='ltr'><strong>namque</strong></span> <span class='ocrx_word' id='word_1_722' title='bbox 1715 2191 1841 2234; x_wconf 86' lang='lat' dir='ltr'><strong>scires,</strong></span> <span class='ocrx_word' id='word_1_723' title='bbox 1863 2186 2002 2224; x_wconf 92' lang='lat' dir='ltr'><strong>nullum</strong></span> <span class='ocrx_word' id='word_1_724' title='bbox 2023 2180 2116 2220; x_wconf 89' lang='lat' dir='ltr'><strong>aliud</strong></span> <span class='ocrx_word' id='word_1_725' title='bbox 2135 2178 2216 2216; x_wconf 87' lang='lat' dir='ltr'><strong>huic</strong></span> <span class='ocrx_word' id='word_1_726' title='bbox 2231 2184 2292 2224; x_wconf 88' lang='lat' dir='ltr'><strong>par</strong></span> <span class='ocrx_word' id='word_1_727' title='bbox 2309 2167 2466 2242; x_wconf 53' lang='lat' dir='ltr'><strong>premintth</strong></span> <span class='ocrx_word' id='word_1_728' title='bbox 2483 2168 2544 2242; x_wconf 57' lang='lat' dir='ltr'><strong>es:</strong></span> 
     </span>
    </p>
   </div>
   <div class='ocr_carea' id='block_1_91' title="bbox 1539 2226 2540 2306">
    <p class='ocr_par' dir='ltr' id='par_1_91' title="bbox 1539 2226 2540 2306">
     <span class='ocr_line' id='line_1_91' title="bbox 1539 2226 2540 2306; baseline -0.02 -11"><span class='ocrx_word' id='word_1_729' title='bbox 1539 2226 1702 2306; x_wconf 54' lang='lat' dir='ltr'><strong>putares.</strong></span> <span class='ocrx_word' id='word_1_730' title='bbox 1726 2253 1850 2292; x_wconf 80' lang='lat' dir='ltr'><strong>Nescis</strong></span> <span class='ocrx_word' id='word_1_731' title='bbox 1868 2251 1930 2288; x_wconf 88' lang='lat' dir='ltr'><strong>tibi</strong></span> <span class='ocrx_word' id='word_1_732' title='bbox 1957 2244 2157 2285; x_wconf 86' lang='lat' dir='ltr'><strong>mercedem</strong></span> <span class='ocrx_word' id='word_1_733' title='bbox 2175 2267 2184 2285; x_wconf 79' lang='grc'>,</span> <span class='ocrx_word' id='word_1_734' title='bbox 2203 2236 2315 2306; x_wconf 46' lang='grc' dir='ltr'><strong>ηυδε.ιῆ</strong></span> <span class='ocrx_word' id='word_1_735' title='bbox 2329 2261 2338 2279; x_wconf 76' lang='grc' dir='ltr'><strong>ι</strong></span> <span class='ocrx_word' id='word_1_736' title='bbox 2355 2226 2475 2279; x_wconf 61' lang='grc' dir='ltr'><strong>(ἰαθηδο</strong></span> 
     </span>
    </p>
   </div>
   <div class='ocr_carea' id='block_1_92' title="bbox 1541 2282 2545 2368">
    <p class='ocr_par' dir='ltr' id='par_1_92' title="bbox 1541 2282 2545 2368">
     <span class='ocr_line' id='line_1_92' title="bbox 1541 2282 2545 2368; baseline -0.031 -10"><span class='ocrx_word' id='word_1_737' title='bbox 1541 2282 1608 2368; x_wconf 66' lang='lat' dir='ltr'><strong>:pe</strong></span> <span class='ocrx_word' id='word_1_738' title='bbox 1639 2315 1820 2356; x_wconf 87' lang='lat' dir='ltr'><strong>mercedis</strong></span> <span class='ocrx_word' id='word_1_739' title='bbox 1839 2323 1920 2362; x_wconf 64' lang='lat' dir='ltr'><strong>quae</strong></span> <span class='ocrx_word' id='word_1_740' title='bbox 1937 2311 2067 2348; x_wconf 85' lang='lat' dir='ltr'><strong>decent</strong></span> <span class='ocrx_word' id='word_1_741' title='bbox 2092 2300 2269 2353; x_wconf 84' lang='lat' dir='ltr'><strong>operaris?</strong></span> <span class='ocrx_word' id='word_1_742' title='bbox 2284 2297 2451 2368; x_wconf 50' lang='lat' dir='ltr'><strong>ignorante</strong></span> <span class='ocrx_word' id='word_1_743' title='bbox 2466 2282 2545 2368; x_wconf 44' lang='grc' dir='ltr'>’θριξά</span> 
     </span>
    </p>
   </div>
   <div class='ocr_carea' id='block_1_93' title="bbox 1543 2348 2545 2421">
    <p class='ocr_par' dir='ltr' id='par_1_93' title="bbox 1543 2348 2545 2421">
     <span class='ocr_line' id='line_1_93' title="bbox 1543 2348 2545 2421; baseline -0.039 0"><span class='ocrx_word' id='word_1_744' title='bbox 1543 2348 1711 2421; x_wconf 53' lang='lat' dir='ltr'><strong>homines</strong></span> <span class='ocrx_word' id='word_1_745' title='bbox 1729 2388 1794 2416; x_wconf 90' lang='lat' dir='ltr'><strong>eos</strong></span> <span class='ocrx_word' id='word_1_746' title='bbox 1820 2348 1976 2414; x_wconf 54' lang='lat' dir='ltr'><strong>niaxitne</strong></span> <span class='ocrx_word' id='word_1_747' title='bbox 1994 2373 2028 2408; x_wconf 91' lang='lat' dir='ltr'><strong>in</strong></span> <span class='ocrx_word' id='word_1_748' title='bbox 2047 2370 2182 2406; x_wconf 84' lang='lat' dir='ltr'><strong>honere</strong></span> <span class='ocrx_word' id='word_1_749' title='bbox 2199 2364 2242 2400; x_wconf 87' lang='lat' dir='ltr'><strong>ab</strong></span> <span class='ocrx_word' id='word_1_750' title='bbox 2259 2357 2408 2397; x_wconf 87' lang='lat' dir='ltr'><strong>omnibus</strong></span> <span class='ocrx_word' id='word_1_751' title='bbox 2429 2348 2545 2421; x_wconf 58' lang='lat' dir='ltr'><strong>ltaltetil.</strong></span> 
     </span>
    </p>
   </div>
   <div class='ocr_carea' id='block_1_94' title="bbox 1542 2405 2547 2493">
    <p class='ocr_par' dir='ltr' id='par_1_94' title="bbox 1542 2405 2547 2493">
     <span class='ocr_line' id='line_1_94' title="bbox 1543 2405 2088 2421; baseline -0.028 0"><span class='ocrx_word' id='word_1_752' title='bbox 1543 2405 1711 2421; x_wconf 60' lang='grc' dir='ltr'><strong>..υΙΙΙΙΙΙυῦ</strong></span> <span class='ocrx_word' id='word_1_753' title='bbox 1729 2405 1794 2416; x_wconf 60' lang='lat' dir='ltr'><strong>Uva</strong></span> <span class='ocrx_word' id='word_1_754' title='bbox 1821 2405 1976 2414; x_wconf 63' lang='grc' dir='ltr'><strong>’,συ-..ι---σ</strong></span> <span class='ocrx_word' id='word_1_755' title='bbox 1995 2405 2028 2408; x_wconf 79' lang='lat'><strong>.._</strong></span> <span class='ocrx_word' id='word_1_756' title='bbox 2051 2405 2068 2406; x_wconf 40' lang='grc' dir='ltr'><strong>κν</strong></span> <span class='ocrx_word' id='word_1_757' title='bbox 2081 2405 2088 2406; x_wconf 36' lang='grc' dir='ltr'><em>κ</em></span> 
     </span>
     <span class='ocr_line' id='line_1_95' title="bbox 1542 2405 2547 2493; baseline -0.033 -9"><span class='ocrx_word' id='word_1_758' title='bbox 1542 2445 1604 2493; x_wconf 70' lang='lat' dir='ltr'><strong>qui</strong></span> <span class='ocrx_word' id='word_1_759' title='bbox 1622 2450 1706 2481; x_wconf 85' lang='lat' dir='ltr'><strong>ante</strong></span> <span class='ocrx_word' id='word_1_760' title='bbox 1724 2437 1929 2478; x_wconf 87' lang='lat' dir='ltr'><strong>mercedem</strong></span> <span class='ocrx_word' id='word_1_761' title='bbox 1947 2435 1990 2472; x_wconf 87' lang='lat' dir='ltr'><strong>ad</strong></span> <span class='ocrx_word' id='word_1_762' title='bbox 2011 2432 2066 2470; x_wconf 87' lang='lat' dir='ltr'><strong>sui</strong></span> <span class='ocrx_word' id='word_1_763' title='bbox 2087 2428 2248 2478; x_wconf 81' lang='lat' dir='ltr'><strong>placitum</strong></span> <span class='ocrx_word' id='word_1_764' title='bbox 2269 2417 2460 2466; x_wconf 70' lang='lat' dir='ltr'><strong>respiciunt.</strong></span> <span class='ocrx_word' id='word_1_765' title='bbox 2475 2405 2547 2493; x_wconf 50' lang='lat' dir='ltr'><strong>ei“:</strong></span> 
     </span>
     <span class='ocr_line' id='line_1_96' title="bbox 2313 2479 2526 2493; baseline -0.019 4"><span class='ocrx_word' id='word_1_766' title='bbox 2313 2489 2317 2493; x_wconf 88' lang='lat'><strong><em>-</em></strong></span> <span class='ocrx_word' id='word_1_767' title='bbox 2361 2480 2392 2493; x_wconf 57' lang='grc' dir='ltr'><strong>ΑΙ-</strong></span> <span class='ocrx_word' id='word_1_768' title='bbox 2409 2479 2526 2493; x_wconf 54' lang='grc' dir='ltr'><strong>ιλιι-111111.</strong></span> 
     </span>
    </p>
   </div>
   <div class='ocr_carea' id='block_1_95' title="bbox 1543 2466 2546 2553">
    <p class='ocr_par' dir='ltr' id='par_1_95' title="bbox 1543 2466 2546 2553">
     <span class='ocr_line' id='line_1_97' title="bbox 1569 2466 2507 2482; baseline -0.031 1"><span class='ocrx_word' id='word_1_769' title='bbox 1569 2466 1604 2482; x_wconf 60' lang='lat' dir='ltr'><strong>ut</strong></span> <span class='ocrx_word' id='word_1_770' title='bbox 1622 2466 1706 2481; x_wconf 63' lang='lat' dir='ltr'><strong>at...</strong></span> <span class='ocrx_word' id='word_1_771' title='bbox 1724 2466 1929 2478; x_wconf 71' lang='lat'><strong>.......,.....,...</strong></span> <span class='ocrx_word' id='word_1_772' title='bbox 1947 2466 1990 2472; x_wconf 56' lang='grc' dir='ltr'>η</span> <span class='ocrx_word' id='word_1_773' title='bbox 2011 2466 2066 2470; x_wconf 80' lang='lat'><strong>-__</strong></span> <span class='ocrx_word' id='word_1_774' title='bbox 2088 2466 2100 2478; x_wconf 77' lang='grc'>,</span> <span class='ocrx_word' id='word_1_775' title='bbox 2501 2469 2507 2476; x_wconf 73' lang='lat'><strong>_</strong></span> 
     </span>
     <span class='ocr_line' id='line_1_98' title="bbox 1543 2466 2546 2553; baseline -0.036 -6"><span class='ocrx_word' id='word_1_776' title='bbox 1543 2466 1673 2546; x_wconf 27' lang='lat' dir='ltr'><strong>l{eodem</strong></span> <span class='ocrx_word' id='word_1_777' title='bbox 1694 2505 1826 2553; x_wconf 88' lang='lat' dir='ltr'><strong>placito</strong></span> <span class='ocrx_word' id='word_1_778' title='bbox 1846 2499 1960 2548; x_wconf 80' lang='lat' dir='ltr'><strong>magis</strong></span> <span class='ocrx_word' id='word_1_779' title='bbox 1977 2493 2117 2535; x_wconf 82' lang='lat' dir='ltr'><strong>solliciti</strong></span> <span class='ocrx_word' id='word_1_780' title='bbox 2135 2495 2230 2546; x_wconf 70' lang='lat' dir='ltr'><strong>sunt,</strong></span> <span class='ocrx_word' id='word_1_781' title='bbox 2243 2489 2342 2534; x_wconf 79' lang='lat' dir='ltr'><strong>quam</strong></span> <span class='ocrx_word' id='word_1_782' title='bbox 2356 2480 2395 2516; x_wconf 84' lang='lat' dir='ltr'><strong>de</strong></span> <span class='ocrx_word' id='word_1_783' title='bbox 2409 2466 2546 2553; x_wconf 48' lang='lat' dir='ltr'><strong>preti-Ilii:</strong></span> 
     </span>
    </p>
   </div>
   <div class='ocr_carea' id='block_1_96' title="bbox 1545 2527 2548 2610">
    <p class='ocr_par' dir='ltr' id='par_1_96' title="bbox 1545 2527 2548 2610">
     <span class='ocr_line' id='line_1_99' title="bbox 1545 2527 2264 2553; baseline -0.031 -6"><span class='ocrx_word' id='word_1_784' title='bbox 1545 2527 1673 2546; x_wconf 65' lang='lat' dir='ltr'><strong>coactu</strong></span> <span class='ocrx_word' id='word_1_785' title='bbox 1697 2527 1826 2553; x_wconf 64' lang='grc' dir='ltr'><strong>μιιιιιιυ</strong></span> <span class='ocrx_word' id='word_1_786' title='bbox 1846 2527 1960 2548; x_wconf 56' lang='grc' dir='ltr'><strong>...σει-ι</strong></span> <span class='ocrx_word' id='word_1_787' title='bbox 1977 2527 2117 2535; x_wconf 68' lang='grc' dir='ltr'><strong>υνυη.-.</strong></span> <span class='ocrx_word' id='word_1_788' title='bbox 2137 2527 2148 2528; x_wconf 37' lang='grc' dir='ltr'><em>γ</em></span> <span class='ocrx_word' id='word_1_789' title='bbox 2174 2537 2184 2546; x_wconf 33' lang='grc'><strong><em>⁵</em></strong></span> <span class='ocrx_word' id='word_1_790' title='bbox 2223 2527 2228 2530; x_wconf 93' lang='lat'>_</span> <span class='ocrx_word' id='word_1_791' title='bbox 2257 2527 2264 2534; x_wconf 82' lang='lat'><em>_</em></span> 
     </span>
     <span class='ocr_line' id='line_1_100' title="bbox 1545 2527 2548 2610; baseline -0.04 -2"><span class='ocrx_word' id='word_1_792' title='bbox 1545 2571 1645 2608; x_wconf 84' lang='lat' dir='ltr'><strong>Itane</strong></span> <span class='ocrx_word' id='word_1_793' title='bbox 1662 2567 1828 2605; x_wconf 88' lang='lat' dir='ltr'><strong>homines</strong></span> <span class='ocrx_word' id='word_1_794' title='bbox 1849 2573 1934 2610; x_wconf 80' lang='lat' dir='ltr'><strong>ergo</strong></span> <span class='ocrx_word' id='word_1_795' title='bbox 1953 2563 2149 2598; x_wconf 78' lang='lat' dir='ltr'><strong>conservos</strong></span> <span class='ocrx_word' id='word_1_796' title='bbox 2167 2559 2249 2589; x_wconf 90' lang='lat' dir='ltr'><strong>suos</strong></span> <span class='ocrx_word' id='word_1_797' title='bbox 2269 2553 2335 2584; x_wconf 82' lang='lat' dir='ltr'><strong>tam</strong></span> <span class='ocrx_word' id='word_1_798' title='bbox 2353 2543 2497 2610; x_wconf 59' lang='lat' dir='ltr'><strong>generose</strong></span> <span class='ocrx_word' id='word_1_799' title='bbox 2510 2527 2548 2610; x_wconf 49' lang='lat' dir='ltr'><strong>tl-</strong></span> 
     </span>
    </p>
   </div>
   <div class='ocr_carea' id='block_1_97' title="bbox 1545 2602 2546 2674">
    <p class='ocr_par' dir='ltr' id='par_1_97' title="bbox 1545 2602 2546 2674">
     <span class='ocr_line' id='line_1_101' title="bbox 1545 2602 2546 2674; baseline -0.017 -3"><span class='ocrx_word' id='word_1_800' title='bbox 1545 2633 1630 2671; x_wconf 85' lang='lat' dir='ltr'><strong>fecti</strong></span> <span class='ocrx_word' id='word_1_801' title='bbox 1651 2637 1756 2674; x_wconf 83' lang='lat' dir='ltr'><strong>sunt;</strong></span> <span class='ocrx_word' id='word_1_802' title='bbox 1773 2636 1810 2665; x_wconf 88' lang='lat' dir='ltr'><strong>ttt</strong></span> <span class='ocrx_word' id='word_1_803' title='bbox 1831 2635 1918 2664; x_wconf 81' lang='lat' dir='ltr'><strong>vero</strong></span> <span class='ocrx_word' id='word_1_804' title='bbox 1939 2628 1992 2661; x_wconf 90' lang='lat' dir='ltr'><strong>tot</strong></span> <span class='ocrx_word' id='word_1_805' title='bbox 2009 2617 2191 2660; x_wconf 80' lang='lat' dir='ltr'><strong>beneficiis</strong></span> <span class='ocrx_word' id='word_1_806' title='bbox 2213 2624 2232 2650; x_wconf 85' lang='lat' dir='ltr'><strong>a</strong></span> <span class='ocrx_word' id='word_1_807' title='bbox 2261 2602 2546 2674; x_wconf 49' lang='grc' dir='ltr'><strong>Βφξιίηξζοτξξθξὲἷς</strong></span> 
     </span>
    </p>
   </div>
   <div class='ocr_carea' id='block_1_98' title="bbox 1547 2654 2549 2742">
    <p class='ocr_par' dir='ltr' id='par_1_98' title="bbox 1547 2654 2549 2742">
     <span class='ocr_line' id='line_1_102' title="bbox 1547 2654 2112 2674; baseline -0.028 -3"><span class='ocrx_word' id='word_1_808' title='bbox 1547 2654 1630 2671; x_wconf 70' lang='lat' dir='ltr'><strong>lucu</strong></span> <span class='ocrx_word' id='word_1_809' title='bbox 1651 2654 1756 2674; x_wconf 68' lang='lat' dir='ltr'><strong>auus,</strong></span> <span class='ocrx_word' id='word_1_810' title='bbox 1774 2654 1810 2665; x_wconf 74' lang='grc' dir='ltr'><strong>ιι.</strong></span> <span class='ocrx_word' id='word_1_811' title='bbox 1837 2654 1916 2664; x_wconf 60' lang='lat' dir='ltr'><strong>vv...</strong></span> <span class='ocrx_word' id='word_1_812' title='bbox 1940 2654 1991 2661; x_wconf 71' lang='grc' dir='ltr'><strong>..η</strong></span> <span class='ocrx_word' id='word_1_813' title='bbox 2009 2654 2112 2660; x_wconf 48' lang='grc' dir='ltr'><strong>..-ην</strong></span> 
     </span>
     <span class='ocr_line' id='line_1_103' title="bbox 1547 2654 2549 2742; baseline -0.035 -9"><span class='ocrx_word' id='word_1_814' title='bbox 1547 2701 1672 2742; x_wconf 89' lang='lat' dir='ltr'><strong>totque</strong></span> <span class='ocrx_word' id='word_1_815' title='bbox 1687 2695 1902 2738; x_wconf 76' lang='lat' dir='ltr'><strong>exspectans</strong></span> <span class='ocrx_word' id='word_1_816' title='bbox 1921 2685 1966 2722; x_wconf 85' lang='lat' dir='ltr'><strong>ab</strong></span> <span class='ocrx_word' id='word_1_817' title='bbox 1987 2684 2047 2720; x_wconf 89' lang='lat' dir='ltr'><strong>illo</strong></span> <span class='ocrx_word' id='word_1_818' title='bbox 2066 2681 2157 2718; x_wconf 86' lang='lat' dir='ltr'><strong>bona</strong></span> <span class='ocrx_word' id='word_1_819' title='bbox 2169 2704 2180 2722; x_wconf 89' lang='lat'><strong>,</strong></span> <span class='ocrx_word' id='word_1_820' title='bbox 2194 2683 2271 2713; x_wconf 91' lang='lat' dir='ltr'><strong>cum</strong></span> <span class='ocrx_word' id='word_1_821' title='bbox 2287 2663 2406 2715; x_wconf 84' lang='lat' dir='ltr'><strong>aliquid</strong></span> <span class='ocrx_word' id='word_1_822' title='bbox 2429 2659 2465 2696; x_wconf 79' lang='lat' dir='ltr'><strong>ad</strong></span> 
     </span>
    </p>
   </div>
   <div class='ocr_carea' id='block_1_99' title="bbox 1548 2719 2549 2802">
    <p class='ocr_par' dir='ltr' id='par_1_99' title="bbox 1548 2719 2549 2802">
     <span class='ocr_line' id='line_1_104' title="bbox 1548 2719 2549 2802; baseline -0.021 -8"><span class='ocrx_word' id='word_1_823' title='bbox 1548 2719 1623 2794; x_wconf 60' lang='lat' dir='ltr'><strong>leti:</strong></span> <span class='ocrx_word' id='word_1_824' title='bbox 1642 2719 1830 2802; x_wconf 50' lang='lat' dir='ltr'><strong>pertinlens</strong></span> <span class='ocrx_word' id='word_1_825' title='bbox 1848 2756 1946 2786; x_wconf 88' lang='lat' dir='ltr'><strong>tuam</strong></span> <span class='ocrx_word' id='word_1_826' title='bbox 1966 2743 2142 2794; x_wconf 77' lang='lat' dir='ltr'><strong>agendum</strong></span> <span class='ocrx_word' id='word_1_827' title='bbox 2159 2743 2226 2779; x_wconf 88' lang='lat' dir='ltr'><strong>est,</strong></span> <span class='ocrx_word' id='word_1_828' title='bbox 2247 2735 2420 2776; x_wconf 62' lang='grc' dir='ltr'><strong>δηιεαυπιιι</strong></span> 
     </span>
    </p>
   </div>
   <div class='ocr_carea' id='block_1_100' title="bbox 1549 2787 2550 2866">
    <p class='ocr_par' dir='ltr' id='par_1_100' title="bbox 1549 2787 2550 2866">
     <span class='ocr_line' id='line_1_105' title="bbox 1549 2787 2007 2802; baseline -0.024 -8"><span class='ocrx_word' id='word_1_829' title='bbox 1549 2787 1620 2794; x_wconf 60' lang='grc' dir='ltr'><strong>η...</strong></span> <span class='ocrx_word' id='word_1_830' title='bbox 1643 2787 1700 2802; x_wconf 65' lang='grc' dir='ltr'><strong>ι.-.</strong></span> <span class='ocrx_word' id='word_1_831' title='bbox 1769 2787 1795 2789; x_wconf 63' lang='lat'><strong>-,</strong></span> <span class='ocrx_word' id='word_1_832' title='bbox 1989 2787 2007 2794; x_wconf 49' lang='grc' dir='ltr'>ν</span> 
     </span>
     <span class='ocr_line' id='line_1_106' title="bbox 1549 2787 2550 2866; baseline -0.039 -9"><span class='ocrx_word' id='word_1_833' title='bbox 1549 2820 1678 2866; x_wconf 82' lang='lat' dir='ltr'><strong>tingas,</strong></span> <span class='ocrx_word' id='word_1_834' title='bbox 1695 2817 1740 2854; x_wconf 92' lang='lat' dir='ltr'><strong>de</strong></span> <span class='ocrx_word' id='word_1_835' title='bbox 1758 2812 1926 2852; x_wconf 86' lang='lat' dir='ltr'><strong>mercede</strong></span> <span class='ocrx_word' id='word_1_836' title='bbox 1941 2810 2082 2848; x_wconf 88' lang='lat' dir='ltr'><strong>curiose</strong></span> <span class='ocrx_word' id='word_1_837' title='bbox 2097 2797 2265 2852; x_wconf 86' lang='lat' dir='ltr'><strong>inquiris?</strong></span> <span class='ocrx_word' id='word_1_838' title='bbox 2278 2795 2354 2862; x_wconf 79' lang='lat' dir='ltr'><strong>ideo</strong></span> <span class='ocrx_word' id='word_1_839' title='bbox 2367 2793 2472 2826; x_wconf 77' lang='lat' dir='ltr'><strong>smnus</strong></span> 
     </span>
    </p>
   </div>
   <div class='ocr_carea' id='block_1_101' title="bbox 1549 2847 2552 2932">
    <p class='ocr_par' dir='ltr' id='par_1_101' title="bbox 1549 2847 2552 2932">
     <span class='ocr_line' id='line_1_107' title="bbox 1549 2847 2552 2932; baseline -0.005 -14"><span class='ocrx_word' id='word_1_840' title='bbox 1645 2847 1763 2928; x_wconf 49' lang='lat' dir='ltr'><strong>ftiigidi</strong></span> <span class='ocrx_word' id='word_1_841' title='bbox 1781 2905 1790 2922; x_wconf 95' lang='lat'><strong>,</strong></span> <span class='ocrx_word' id='word_1_842' title='bbox 1810 2847 2036 2914; x_wconf 78' lang='lat' dir='ltr'><strong>miserabiles</strong></span> <span class='ocrx_word' id='word_1_843' title='bbox 2051 2898 2061 2916; x_wconf 95' lang='lat'><strong>,</strong></span> <span class='ocrx_word' id='word_1_844' title='bbox 2082 2847 2208 2906; x_wconf 44' lang='lat' dir='ltr'><strong>nec-ad</strong></span> 
     </span>
    </p>
   </div>
   <div class='ocr_carea' id='block_1_102' title="bbox 1551 2906 2552 2992">
    <p class='ocr_par' dir='ltr' id='par_1_102' title="bbox 1551 2906 2552 2992">
     <span class='ocr_line' id='line_1_108' title="bbox 1566 2906 2255 2922; baseline -0.023 -3"><span class='ocrx_word' id='word_1_845' title='bbox 1566 2906 1608 2920; x_wconf 71' lang='grc' dir='ltr'><strong>μυ.</strong></span> <span class='ocrx_word' id='word_1_846' title='bbox 1717 2906 1763 2916; x_wconf 66' lang='grc' dir='ltr'><strong>..η</strong></span> <span class='ocrx_word' id='word_1_847' title='bbox 1781 2906 1790 2922; x_wconf 89' lang='grc'>,</span> <span class='ocrx_word' id='word_1_848' title='bbox 1810 2906 2033 2914; x_wconf 50' lang='grc' dir='ltr'><strong>...ην-η.---</strong></span> <span class='ocrx_word' id='word_1_849' title='bbox 2052 2906 2060 2916; x_wconf 84' lang='grc'>,</span> <span class='ocrx_word' id='word_1_850' title='bbox 2248 2906 2255 2908; x_wconf 95' lang='lat'>_</span> 
     </span>
     <span class='ocr_line' id='line_1_109' title="bbox 1551 2906 2552 2992; baseline -0.032 -11"><span class='ocrx_word' id='word_1_851' title='bbox 1551 2906 1729 2992; x_wconf 54' lang='lat' dir='ltr'><strong>agendo?“</strong></span> <span class='ocrx_word' id='word_1_852' title='bbox 1765 2938 1880 2986; x_wconf 88' lang='lat' dir='ltr'><strong>parati</strong></span> <span class='ocrx_word' id='word_1_853' title='bbox 1905 2950 1913 2973; x_wconf 87' lang='lat'><strong>:</strong></span> <span class='ocrx_word' id='word_1_854' title='bbox 1935 2935 2016 2972; x_wconf 84' lang='lat' dir='ltr'><strong>ideo</strong></span> <span class='ocrx_word' id='word_1_855' title='bbox 2047 2933 2082 2968; x_wconf 89' lang='lat' dir='ltr'><strong>itt</strong></span> <span class='ocrx_word' id='word_1_856' title='bbox 2117 2920 2377 2986; x_wconf 61' lang='lat' dir='ltr'><strong>computtctiottc</strong></span> 
     </span>
    </p>
   </div>
   <div class='ocr_carea' id='block_1_103' title="bbox 1556 3169 2558 3242">
    <p class='ocr_par' dir='ltr' id='par_1_103' title="bbox 1556 3169 2558 3242">
     <span class='ocr_line' id='line_1_110' title="bbox 1556 3169 2558 3242; baseline -0.051 0"><span class='ocrx_word' id='word_1_857' title='bbox 1556 3191 1728 3242; x_wconf 62' lang='lat' dir='ltr'><strong>Praedam</strong></span> <span class='ocrx_word' id='word_1_858' title='bbox 1761 3197 1870 3235; x_wconf 85' lang='lat' dir='ltr'><strong>opera</strong></span> <span class='ocrx_word' id='word_1_859' title='bbox 1891 3185 2040 3222; x_wconf 84' lang='lat' dir='ltr'><strong>edentes</strong></span> <span class='ocrx_word' id='word_1_860' title='bbox 2058 3189 2128 3217; x_wconf 90' lang='lat' dir='ltr'><strong>non</strong></span> <span class='ocrx_word' id='word_1_861' title='bbox 2159 3169 2368 3220; x_wconf 77' lang='lat' dir='ltr'><strong>respicimus.</strong></span> <span class='ocrx_word' id='word_1_862' title='bbox 2385 3169 2558 3242; x_wconf 46' lang='lat' dir='ltr'><strong>mox&quot;;</strong></span> 
     </span>
    </p>
   </div>
   <div class='ocr_carea' id='block_1_104' title="bbox 1557 3214 2546 3298">
    <p class='ocr_par' dir='ltr' id='par_1_104' title="bbox 1557 3214 2546 3298">
     <span class='ocr_line' id='line_1_111' title="bbox 1557 3214 2226 3242; baseline -0.054 -3"><span class='ocrx_word' id='word_1_863' title='bbox 1557 3214 1728 3242; x_wconf 73' lang='grc' dir='ltr'><strong>νισυιιιιιιι</strong></span> <span class='ocrx_word' id='word_1_864' title='bbox 1761 3214 1870 3235; x_wconf 77' lang='grc' dir='ltr'><strong>νγνι..</strong></span> <span class='ocrx_word' id='word_1_865' title='bbox 1892 3214 2040 3222; x_wconf 51' lang='grc' dir='ltr'><strong>νυωην,</strong></span> <span class='ocrx_word' id='word_1_866' title='bbox 2059 3214 2113 3217; x_wconf 32' lang='lat' dir='ltr'><strong>__n</strong></span> <span class='ocrx_word' id='word_1_867' title='bbox 2219 3214 2226 3220; x_wconf 51' lang='lat'><strong>&#39;</strong></span> 
     </span>
     <span class='ocr_line' id='line_1_112' title="bbox 1557 3214 2546 3298; baseline -0.041 -5"><span class='ocrx_word' id='word_1_868' title='bbox 1557 3265 1685 3293; x_wconf 87' lang='lat' dir='ltr'><strong>norum</strong></span> <span class='ocrx_word' id='word_1_869' title='bbox 1707 3259 1859 3298; x_wconf 85' lang='lat' dir='ltr'><strong>operum</strong></span> <span class='ocrx_word' id='word_1_870' title='bbox 1875 3245 2140 3286; x_wconf 81' lang='lat' dir='ltr'><strong>obliviseimur,</strong></span> <span class='ocrx_word' id='word_1_871' title='bbox 2155 3236 2235 3285; x_wconf 82' lang='lat' dir='ltr'><strong>quia</strong></span> <span class='ocrx_word' id='word_1_872' title='bbox 2253 3214 2546 3298; x_wconf 43' lang='lat' dir='ltr'><strong>prpspertiivglﬁ?</strong></span> 
     </span>
    </p>
   </div>
   <div class='ocr_carea' id='block_1_105' title="bbox 1557 3270 2558 3354">
    <p class='ocr_par' dir='ltr' id='par_1_105' title="bbox 1557 3270 2558 3354">
     <span class='ocr_line' id='line_1_113' title="bbox 1557 3270 2538 3298; baseline -0.024 -5"><span class='ocrx_word' id='word_1_873' title='bbox 1557 3270 1685 3293; x_wconf 77' lang='lat' dir='ltr'><strong>norunt</strong></span> <span class='ocrx_word' id='word_1_874' title='bbox 1707 3270 1790 3298; x_wconf 71' lang='lat' dir='ltr'><strong>opus</strong></span> <span class='ocrx_word' id='word_1_875' title='bbox 1801 3270 1859 3286; x_wconf 86' lang='lat' dir='ltr'><strong>uttt</strong></span> <span class='ocrx_word' id='word_1_876' title='bbox 1875 3270 2112 3285; x_wconf 68' lang='grc' dir='ltr'><strong>υυΙΙΙιΰυιιιιυιι</strong></span> <span class='ocrx_word' id='word_1_877' title='bbox 2129 3270 2140 3286; x_wconf 80' lang='grc'>,</span> <span class='ocrx_word' id='word_1_878' title='bbox 2157 3270 2212 3285; x_wconf 49' lang='grc' dir='ltr'><strong>-ινν</strong></span> <span class='ocrx_word' id='word_1_879' title='bbox 2254 3270 2264 3280; x_wconf 91' lang='grc'><em>,</em></span> <span class='ocrx_word' id='word_1_880' title='bbox 2334 3270 2341 3274; x_wconf 89' lang='grc'>.</span> <span class='ocrx_word' id='word_1_881' title='bbox 2505 3270 2510 3276; x_wconf 83' lang='grc'>,</span> <span class='ocrx_word' id='word_1_882' title='bbox 2533 3270 2538 3272; x_wconf 95' lang='lat'>_</span> 
     </span>
     <span class='ocr_line' id='line_1_114' title="bbox 1557 3270 2558 3354; baseline -0.027 0"><span class='ocrx_word' id='word_1_883' title='bbox 1557 3327 1629 3354; x_wconf 81' lang='lat' dir='ltr'><strong>non</strong></span> <span class='ocrx_word' id='word_1_884' title='bbox 1659 3312 1843 3351; x_wconf 77' lang='lat' dir='ltr'><strong>moderate</strong></span> <span class='ocrx_word' id='word_1_885' title='bbox 1869 3309 2018 3347; x_wconf 80' lang='lat' dir='ltr'><strong>ferimus</strong></span> <span class='ocrx_word' id='word_1_886' title='bbox 2033 3328 2047 3350; x_wconf 95' lang='lat'><strong>-,</strong></span> <span class='ocrx_word' id='word_1_887' title='bbox 2059 3310 2174 3349; x_wconf 85' lang='lat' dir='ltr'><strong>neque</strong></span> <span class='ocrx_word' id='word_1_888' title='bbox 2188 3319 2198 3343; x_wconf 67' lang='grc' dir='ltr'><strong>ο</strong></span> <span class='ocrx_word' id='word_1_889' title='bbox 2215 3300 2254 3332; x_wconf 77' lang='lat' dir='ltr'><strong>ult</strong></span> <span class='ocrx_word' id='word_1_890' title='bbox 2286 3270 2558 3354; x_wconf 54' lang='grc' dir='ltr'><strong>τνθιιιιεξξιιῗξ</strong></span> 
     </span>
    </p>
   </div>
   <div class='ocr_carea' id='block_1_106' title="bbox 1558 3335 2562 3425">
    <p class='ocr_par' dir='ltr' id='par_1_106' title="bbox 1558 3335 2562 3425">
     <span class='ocr_line' id='line_1_115' title="bbox 1558 3335 2198 3354; baseline -0.028 0"><span class='ocrx_word' id='word_1_891' title='bbox 1558 3335 1629 3354; x_wconf 83' lang='lat' dir='ltr'>IIUII</span> <span class='ocrx_word' id='word_1_892' title='bbox 1659 3335 1777 3351; x_wconf 75' lang='lat' dir='ltr'><strong>1&quot;ch-</strong></span> <span class='ocrx_word' id='word_1_893' title='bbox 1787 3335 1843 3347; x_wconf 76' lang='lat' dir='ltr'><strong>nu.</strong></span> <span class='ocrx_word' id='word_1_894' title='bbox 1869 3335 2018 3347; x_wconf 56' lang='lat' dir='ltr'><strong>&quot;an&quot;..-</strong></span> <span class='ocrx_word' id='word_1_895' title='bbox 2033 3335 2047 3350; x_wconf 64' lang='grc' dir='ltr'><strong>ν</strong></span> <span class='ocrx_word' id='word_1_896' title='bbox 2060 3335 2149 3349; x_wconf 47' lang='grc' dir='ltr'><strong>-.-Ἰη</strong></span> <span class='ocrx_word' id='word_1_897' title='bbox 2189 3335 2198 3343; x_wconf 88' lang='grc'>,</span> 
     </span>
     <span class='ocr_line' id='line_1_116' title="bbox 1558 3335 2562 3425; baseline -0.036 -10"><span class='ocrx_word' id='word_1_898' title='bbox 1558 3376 1704 3424; x_wconf 85' lang='lat' dir='ltr'><strong>quando</strong></span> <span class='ocrx_word' id='word_1_899' title='bbox 1718 3384 1784 3412; x_wconf 89' lang='lat' dir='ltr'><strong>nos</strong></span> <span class='ocrx_word' id='word_1_900' title='bbox 1806 3376 2017 3422; x_wconf 79' lang='lat' dir='ltr'><strong>peceatores</strong></span> <span class='ocrx_word' id='word_1_901' title='bbox 2036 3371 2222 3404; x_wconf 81' lang='lat' dir='ltr'><strong>vocamus,</strong></span> <span class='ocrx_word' id='word_1_902' title='bbox 2239 3363 2316 3394; x_wconf 87' lang='lat' dir='ltr'><strong>cum</strong></span> <span class='ocrx_word' id='word_1_903' title='bbox 2332 3335 2562 3425; x_wconf 45' lang='grc' dir='ltr'><strong>νθῖιῐὶιὲῗεᾜὶ</strong></span> 
     </span>
    </p>
   </div>
   <div class='ocr_carea' id='block_1_107' title="bbox 1560 3399 2562 3484">
    <p class='ocr_par' dir='ltr' id='par_1_107' title="bbox 1560 3399 2562 3484">
     <span class='ocr_line' id='line_1_117' title="bbox 1560 3399 2562 3424; baseline -0.026 -7"><span class='ocrx_word' id='word_1_904' title='bbox 1560 3399 1704 3424; x_wconf 73' lang='lat' dir='ltr'><strong>qua-Iuv</strong></span> <span class='ocrx_word' id='word_1_905' title='bbox 1719 3399 1784 3412; x_wconf 75' lang='lat' dir='ltr'><strong>tum</strong></span> <span class='ocrx_word' id='word_1_906' title='bbox 1853 3399 1968 3409; x_wconf 74' lang='grc' dir='ltr'><strong>νν--υ-</strong></span> <span class='ocrx_word' id='word_1_907' title='bbox 1977 3399 2017 3407; x_wconf 74' lang='grc' dir='ltr'><strong>ν-</strong></span> <span class='ocrx_word' id='word_1_908' title='bbox 2044 3399 2051 3404; x_wconf 80' lang='grc'><em>.</em></span> <span class='ocrx_word' id='word_1_909' title='bbox 2211 3399 2218 3404; x_wconf 88' lang='grc'>,</span> <span class='ocrx_word' id='word_1_910' title='bbox 2440 3400 2456 3408; x_wconf 47' lang='grc' dir='ltr'>μ</span> <span class='ocrx_word' id='word_1_911' title='bbox 2549 3403 2562 3412; x_wconf 43' lang='grc'><strong>1</strong></span> 
     </span>
     <span class='ocr_line' id='line_1_118' title="bbox 1560 3399 2562 3484; baseline -0.033 -7"><span class='ocrx_word' id='word_1_912' title='bbox 1560 3451 1652 3478; x_wconf 87' lang='lat' dir='ltr'><strong>mur.</strong></span> <span class='ocrx_word' id='word_1_913' title='bbox 1675 3438 1711 3475; x_wconf 93' lang='lat' dir='ltr'><strong>ld</strong></span> <span class='ocrx_word' id='word_1_914' title='bbox 1728 3399 1945 3482; x_wconf 58' lang='lat' dir='ltr'><strong>indcrliquet</strong></span> <span class='ocrx_word' id='word_1_915' title='bbox 1959 3460 1970 3477; x_wconf 93' lang='lat'><strong>,</strong></span> <span class='ocrx_word' id='word_1_916' title='bbox 1987 3428 2081 3478; x_wconf 85' lang='lat' dir='ltr'><strong>quod</strong></span> <span class='ocrx_word' id='word_1_917' title='bbox 2097 3429 2178 3464; x_wconf 85' lang='lat' dir='ltr'><strong>cum</strong></span> <span class='ocrx_word' id='word_1_918' title='bbox 2196 3420 2338 3466; x_wconf 80' lang='lat' dir='ltr'><strong>idipstt‘tn</strong></span> <span class='ocrx_word' id='word_1_919' title='bbox 2355 3399 2562 3484; x_wconf 48' lang='lat' dir='ltr'><strong>altﬁilsilﬂ;</strong></span> 
     </span>
    </p>
   </div>
   <div class='ocr_carea' id='block_1_108' title="bbox 1561 3456 2564 3546">
    <p class='ocr_par' dir='ltr' id='par_1_108' title="bbox 1561 3456 2564 3546">
     <span class='ocr_line' id='line_1_119' title="bbox 1561 3456 2562 3493; baseline -0.017 -15"><span class='ocrx_word' id='word_1_920' title='bbox 1561 3456 1652 3478; x_wconf 85' lang='lat' dir='ltr'><strong>mur.</strong></span> <span class='ocrx_word' id='word_1_921' title='bbox 1675 3456 1711 3475; x_wconf 82' lang='lat' dir='ltr'><strong>tu</strong></span> <span class='ocrx_word' id='word_1_922' title='bbox 1729 3456 1812 3474; x_wconf 75' lang='lat' dir='ltr'><strong>Illuu</strong></span> <span class='ocrx_word' id='word_1_923' title='bbox 1832 3456 1945 3482; x_wconf 63' lang='lat' dir='ltr'><strong>&quot;quae</strong></span> <span class='ocrx_word' id='word_1_924' title='bbox 1959 3460 1970 3477; x_wconf 63' lang='grc' dir='ltr'><strong>ν</strong></span> <span class='ocrx_word' id='word_1_925' title='bbox 1987 3456 2081 3478; x_wconf 57' lang='grc' dir='ltr'>ιςυννι</span> <span class='ocrx_word' id='word_1_926' title='bbox 2099 3456 2178 3464; x_wconf 77' lang='lat' dir='ltr'><strong>v---—</strong></span> <span class='ocrx_word' id='word_1_927' title='bbox 2196 3456 2203 3458; x_wconf 93' lang='lat'><em>-</em></span> <span class='ocrx_word' id='word_1_928' title='bbox 2244 3456 2254 3466; x_wconf 74' lang='grc' dir='ltr'><em>υ</em></span> <span class='ocrx_word' id='word_1_929' title='bbox 2391 3467 2398 3475; x_wconf 43' lang='grc' dir='ltr'>ι</span> <span class='ocrx_word' id='word_1_930' title='bbox 2504 3456 2562 3490; x_wconf 59' lang='lat' dir='ltr'><strong>esse</strong></span> 
     </span>
     <span class='ocr_line' id='line_1_120' title="bbox 1561 3469 2564 3546; baseline -0.019 -6"><span class='ocrx_word' id='word_1_931' title='bbox 1561 3513 1656 3544; x_wconf 85' lang='lat' dir='ltr'><strong>ntus,</strong></span> <span class='ocrx_word' id='word_1_932' title='bbox 1673 3497 1988 3539; x_wconf 72' lang='lat' dir='ltr'><strong>excandescimus,</strong></span> <span class='ocrx_word' id='word_1_933' title='bbox 2005 3491 2206 3529; x_wconf 67' lang='lat' dir='ltr'><strong>efferamur.</strong></span> <span class='ocrx_word' id='word_1_934' title='bbox 2221 3469 2496 3546; x_wconf 51' lang='grc' dir='ltr'><strong>θορξιιπξθῂῗῗῖιξη</strong></span> <span class='ocrx_word' id='word_1_935' title='bbox 2517 3517 2564 3546; x_wconf 54' lang='lat' dir='ltr'><strong>nec</strong></span> 
     </span>
    </p>
   </div>
   <div class='ocr_carea' id='block_1_109' title="bbox 1561 3524 2564 3609">
    <p class='ocr_par' dir='ltr' id='par_1_109' title="bbox 1561 3524 2564 3609">
     <span class='ocr_line' id='line_1_121' title="bbox 1561 3524 2204 3544; baseline -0.019 -5"><span class='ocrx_word' id='word_1_936' title='bbox 1561 3524 1656 3544; x_wconf 72' lang='lat' dir='ltr'><strong>&quot;tua,</strong></span> <span class='ocrx_word' id='word_1_937' title='bbox 1673 3524 1988 3539; x_wconf 44' lang='lat' dir='ltr'><strong>“manumanu”,</strong></span> <span class='ocrx_word' id='word_1_938' title='bbox 2007 3524 2085 3529; x_wconf 78' lang='lat'><strong>----_</strong></span> <span class='ocrx_word' id='word_1_939' title='bbox 2199 3524 2204 3527; x_wconf 88' lang='lat'><strong>.</strong></span> 
     </span>
     <span class='ocr_line' id='line_1_122' title="bbox 1561 3524 2564 3609; baseline -0.033 -7"><span class='ocrx_word' id='word_1_940' title='bbox 1561 3565 1730 3602; x_wconf 87' lang='lat' dir='ltr'><strong>dicimus.</strong></span> <span class='ocrx_word' id='word_1_941' title='bbox 1747 3562 1799 3599; x_wconf 89' lang='lat' dir='ltr'><strong>ita</strong></span> <span class='ocrx_word' id='word_1_942' title='bbox 1812 3559 1906 3608; x_wconf 85' lang='lat' dir='ltr'><strong>apud</strong></span> <span class='ocrx_word' id='word_1_943' title='bbox 1921 3567 1987 3596; x_wconf 84' lang='lat' dir='ltr'><strong>nos</strong></span> <span class='ocrx_word' id='word_1_944' title='bbox 2001 3552 2119 3592; x_wconf 87' lang='lat' dir='ltr'><strong>omnia</strong></span> <span class='ocrx_word' id='word_1_945' title='bbox 2134 3524 2564 3609; x_wconf 77' lang='lat' dir='ltr'><strong>hypocrisi</strong></span> 
     </span>
    </p>
   </div>
   <div class='ocr_carea' id='block_1_110' title="bbox 1564 3588 2568 3676">
    <p class='ocr_par' dir='ltr' id='par_1_110' title="bbox 1564 3588 2568 3676">
     <span class='ocr_line' id='line_1_123' title="bbox 1564 3588 2564 3618; baseline 0.005 -16"><span class='ocrx_word' id='word_1_946' title='bbox 1564 3588 1730 3602; x_wconf 72' lang='grc' dir='ltr'><strong>υιυιι-ι--σ-</strong></span> <span class='ocrx_word' id='word_1_947' title='bbox 1747 3588 1799 3599; x_wconf 71' lang='grc' dir='ltr'>ιιι-ι</span> <span class='ocrx_word' id='word_1_948' title='bbox 1812 3588 1906 3608; x_wconf 76' lang='grc' dir='ltr'><strong>-Ψ--ι</strong></span> <span class='ocrx_word' id='word_1_949' title='bbox 1921 3588 1986 3596; x_wconf 69' lang='grc' dir='ltr'><strong>ην-</strong></span> <span class='ocrx_word' id='word_1_950' title='bbox 2005 3588 2034 3592; x_wconf 85' lang='grc'><strong><em>--</em></strong></span> <span class='ocrx_word' id='word_1_951' title='bbox 2055 3588 2058 3589; x_wconf 52' lang='grc' dir='ltr'><em>ν</em></span> <span class='ocrx_word' id='word_1_952' title='bbox 2159 3588 2194 3596; x_wconf 86' lang='grc'><strong>·-</strong></span> <span class='ocrx_word' id='word_1_953' title='bbox 2316 3602 2322 3609; x_wconf 96' lang='grc'>.</span> <span class='ocrx_word' id='word_1_954' title='bbox 2349 3599 2356 3606; x_wconf 94' lang='grc'><em>.</em></span> <span class='ocrx_word' id='word_1_955' title='bbox 2478 3588 2564 3618; x_wconf 59' lang='lat' dir='ltr'><strong>lorum</strong></span> 
     </span>
     <span class='ocr_line' id='line_1_124' title="bbox 1564 3597 2568 3676; baseline 0.003 -8"><span class='ocrx_word' id='word_1_956' title='bbox 1564 3632 1748 3669; x_wconf 85' lang='lat' dir='ltr'><strong>imitamur</strong></span> <span class='ocrx_word' id='word_1_957' title='bbox 1774 3627 2002 3676; x_wconf 88' lang='lat' dir='ltr'><strong>publicanum</strong></span> <span class='ocrx_word' id='word_1_958' title='bbox 2019 3647 2030 3664; x_wconf 67' lang='grc' dir='ltr'><strong>ν</strong></span> <span class='ocrx_word' id='word_1_959' title='bbox 2049 3617 2108 3666; x_wconf 80' lang='grc' dir='ltr'><strong>(ιιιί</strong></span> <span class='ocrx_word' id='word_1_960' title='bbox 2128 3601 2360 3676; x_wconf 47' lang='lat' dir='ltr'><strong>al‘eriusfﬂf</strong></span> <span class='ocrx_word' id='word_1_961' title='bbox 2372 3597 2502 3676; x_wconf 41' lang='lat' dir='ltr'><strong>3m;</strong></span> <span class='ocrx_word' id='word_1_962' title='bbox 2515 3643 2568 3674; x_wconf 77' lang='lat' dir='ltr'><strong>sns-</strong></span> 
     </span>
    </p>
   </div>
   <div class='ocr_carea' id='block_1_111' title="bbox 1565 3653 2567 3734">
    <p class='ocr_par' dir='ltr' id='par_1_111' title="bbox 1565 3653 2567 3734">
     <span class='ocr_line' id='line_1_125' title="bbox 1565 3653 2527 3669; baseline -0.025 2"><span class='ocrx_word' id='word_1_963' title='bbox 1565 3653 1741 3669; x_wconf 79' lang='lat' dir='ltr'><strong>uIttl-u-tu-</strong></span> <span class='ocrx_word' id='word_1_964' title='bbox 1800 3653 2002 3664; x_wconf 60' lang='lat' dir='ltr'><strong>unm-Vw.-.&quot;</strong></span> <span class='ocrx_word' id='word_1_965' title='bbox 2019 3653 2030 3664; x_wconf 84' lang='lat'><strong>,</strong></span> <span class='ocrx_word' id='word_1_966' title='bbox 2053 3653 2072 3666; x_wconf 59' lang='grc' dir='ltr'><strong>τ</strong></span> <span class='ocrx_word' id='word_1_967' title='bbox 2385 3657 2392 3663; x_wconf 36' lang='grc' dir='ltr'>θ</span> <span class='ocrx_word' id='word_1_968' title='bbox 2522 3653 2527 3656; x_wconf 83' lang='lat'>_</span> 
     </span>
     <span class='ocr_line' id='line_1_126' title="bbox 1565 3653 2567 3734; baseline -0.036 -3"><span class='ocrx_word' id='word_1_969' title='bbox 1565 3653 1832 3731; x_wconf 56' lang='lat' dir='ltr'><strong>multitudingtn</strong></span> <span class='ocrx_word' id='word_1_970' title='bbox 1848 3680 2100 3734; x_wconf 81' lang='lat' dir='ltr'><strong>exprobrantis</strong></span> <span class='ocrx_word' id='word_1_971' title='bbox 2118 3653 2567 3734; x_wconf 40' lang='lat' dir='ltr'><strong>contumeliamltnbfrfrgz</strong></span> 
     </span>
    </p>
   </div>
   <div class='ocr_carea' id='block_1_112' title="bbox 1567 3741 2232 3802">
    <p class='ocr_par' dir='ltr' id='par_1_112' title="bbox 1567 3741 2232 3802">
     <span class='ocr_line' id='line_1_127' title="bbox 1567 3741 2232 3802; baseline -0.035 -8"><span class='ocrx_word' id='word_1_972' title='bbox 1567 3756 1706 3802; x_wconf 82' lang='lat' dir='ltr'><strong>cipiens</strong></span> <span class='ocrx_word' id='word_1_973' title='bbox 1723 3781 1734 3798; x_wconf 95' lang='lat'><strong>,</strong></span> <span class='ocrx_word' id='word_1_974' title='bbox 1758 3762 1820 3800; x_wconf 84' lang='lat' dir='ltr'><strong>per</strong></span> <span class='ocrx_word' id='word_1_975' title='bbox 1845 3757 1956 3797; x_wconf 72' lang='lat' dir='ltr'><strong>opera</strong></span> <span class='ocrx_word' id='word_1_976' title='bbox 1989 3745 2127 3782; x_wconf 86' lang='lat' dir='ltr'><strong>lucrum</strong></span> <span class='ocrx_word' id='word_1_977' title='bbox 2157 3741 2232 3774; x_wconf 87' lang='lat' dir='ltr'><strong>retu</strong></span> 
     </span>
    </p>
   </div>
   <div class='ocr_carea' id='block_1_113' title="bbox 1566 3797 2301 3867">
    <p class='ocr_par' dir='ltr' id='par_1_113' title="bbox 1566 3797 2301 3867">
     <span class='ocr_line' id='line_1_128' title="bbox 1566 3797 2301 3867; baseline -0.041 -10"><span class='ocrx_word' id='word_1_978' title='bbox 1566 3797 1784 3867; x_wconf 70' lang='lat' dir='ltr'><strong>justilicatus</strong></span> <span class='ocrx_word' id='word_1_979' title='bbox 1817 3811 1934 3860; x_wconf 81' lang='lat' dir='ltr'><strong>potius</strong></span> <span class='ocrx_word' id='word_1_980' title='bbox 1961 3815 2068 3855; x_wconf 73' lang='lat' dir='ltr'><strong>quam</strong></span> <span class='ocrx_word' id='word_1_981' title='bbox 2097 3797 2301 3867; x_wconf 57' lang='lat' dir='ltr'><strong>l’ltarismus.</strong></span> 
     </span>
    </p>
   </div>
   <div class='ocr_carea' id='block_1_114' title="bbox 1571 3845 2376 3926">
    <p class='ocr_par' dir='ltr' id='par_1_114' title="bbox 1571 3845 2376 3926">
     <span class='ocr_line' id='line_1_129' title="bbox 1571 3845 2376 3926; baseline -0.041 -7"><span class='ocrx_word' id='word_1_982' title='bbox 1971 3845 2017 3906; x_wconf 73' lang='lat' dir='ltr'><strong>sit</strong></span> <span class='ocrx_word' id='word_1_983' title='bbox 2029 3860 2202 3904; x_wconf 87' lang='lat' dir='ltr'><strong>confessio</strong></span> <span class='ocrx_word' id='word_1_984' title='bbox 2211 3854 2308 3904; x_wconf 84' lang='lat' dir='ltr'><strong>(Luc.</strong></span> 
     </span>
    </p>
   </div>
   <div class='ocr_carea' id='block_1_115' title="bbox 1574 3908 2424 3983">
    <p class='ocr_par' dir='ltr' id='par_1_115' title="bbox 1574 3908 2424 3983">
     <span class='ocr_line' id='line_1_130' title="bbox 1574 3908 2424 3983; baseline -0.024 -2"><span class='ocrx_word' id='word_1_985' title='bbox 1574 3908 1844 3980; x_wconf 37' lang='lat' dir='ltr'><strong>infinitis‘lmalis</strong></span> <span class='ocrx_word' id='word_1_986' title='bbox 1861 3908 1987 3983; x_wconf 50' lang='lat' dir='ltr'><strong>rdplcti</strong></span> <span class='ocrx_word' id='word_1_987' title='bbox 1997 3930 2108 3968; x_wconf 89' lang='lat' dir='ltr'><strong>simus</strong></span> <span class='ocrx_word' id='word_1_988' title='bbox 2121 3937 2129 3961; x_wconf 89' lang='lat'><strong>:</strong></span> <span class='ocrx_word' id='word_1_989' title='bbox 2141 3930 2220 3961; x_wconf 90' lang='lat' dir='ltr'><strong>cuto</strong></span> <span class='ocrx_word' id='word_1_990' title='bbox 2237 3908 2424 3963; x_wconf 58' lang='lat' dir='ltr'><strong>090mm“</strong></span> 
     </span>
    </p>
   </div>
  </div>
