2734 4342
147 231 214 271 ιε]

151 302 343 341 persuasos
360 302 442 330 esse
466 293 653 330 innumera
678 301 745 329 nos
767 291 861 328 mala
882 297 1129 339 perpetrasse,
1148 288 1212 327 sed

151 356 258 393 etiam
274 361 416 402 peccata
429 361 548 392 nostra
559 354 677 391 omnia
696 360 770 390 tum
784 363 906 400 parva,
923 359 996 389 tmn
1014 360 1153 398 magna,
1175 350 1211 386 in

153 417 260 454 corde
275 427 340 454 ceu
353 417 387 454 iu
399 416 491 453 libro
508 415 688 461 descripta
701 415 847 458 habere,
859 420 908 456 et.
921 424 963 450 ac
980 414 1009 450 si
1029 422 1142 460 nuper
1151 411 1216 448 ad-

154 477 261 514 missa
277 482 410 520 essent,
429 476 561 524 lugere.
574 475 623 512 Ita
638 476 733 513 enim
745 475 853 512 animi
866 473 1102 522 arrogantiam
1116 471 1216 509 cohi-

153 541 335 585 beremus,
347 540 376 576 si
389 539 592 587 frequenter
601 539 650 576 illi
663 538 804 586 propria
817 537 909 574 mala
917 543 1218 574 commemorare-

155 613 248 639 ntns.
267 601 417 639 Tantum
438 606 496 638 est
523 600 654 637 bonum
681 605 910 647 peccatorum
930 596 1132 635 recordatio
1146 622 1158 641 ,
1179 601 1218 632 ut

154 663 279 700 beatus
296 662 428 700 Paulus
442 662 516 709 jam
537 661 653 698 deleta
672 660 821 698 crimina
844 659 1050 705 frequenter
1076 657 1111 694 in
1139 666 1218 693 me-

155 725 253 761 dium
273 723 480 761 adduceret.
498 722 589 768 Quia
605 723 700 760 enim
726 722 844 769 priora
872 719 991 758 omnia
1010 729 1074 767 per
1101 718 1218 766 bapti-

156 796 273 822 smum
289 785 468 830 abluerat,
487 790 524 822 et
544 791 667 832 postea
690 793 778 831 pure
797 783 951 827 vixerat,
967 782 1014 818 ita
1033 787 1071 818 ut
1087 780 1220 817 nullius

156 847 225 884 sibi
251 847 416 884 conscius
431 851 548 890 esset,
567 855 635 882 nec
655 844 810 892 peccatis
826 849 924 881 esset
944 842 1137 880 obstrictus
1157 852 1222 888 pro

155 910 287 957 quibus
306 908 555 957 ingemisceret
569 936 580 954 ,
599 918 642 945 ea
659 917 738 955 quae
759 911 844 944 ante
860 905 1075 952 baptismum
1105 903 1222 940 admi-

158 977 278 1016 serat,
302 971 378 1018 jam
405 970 524 1008 deleta
552 968 861 1007 commemorabat
892 968 1019 1004 dicens
1040 978 1050 1003 :
1068 965 1223 1003 Christus

159 1034 260 1071 Iesus
276 1035 364 1070 venit
383 1034 419 1070 in
437 1033 600 1069 mundum
616 1038 807 1080 peccatores
824 1031 976 1074 salvare,
992 1039 1135 1075 quorum
1153 1028 1224 1076 pri—

160 1106 236 1131 mus
254 1105 314 1142 ego
333 1104 408 1130 sum
425 1094 478 1141 (l.
495 1093 586 1130 Tim.
605 1093 642 1130 1.
658 1090 733 1140 l5);
753 1101 796 1128 ac
814 1100 972 1135 rursum,
993 1089 1147 1125 Fidelem
1171 1099 1226 1124 me

160 1157 377 1199 existimauit,
397 1166 525 1204 ponens
542 1155 577 1190 in
596 1154 782 1190 ministerio
798 1152 878 1200 :qui
899 1152 993 1199 prius
1011 1150 1226 1197 blasphemus

163 1219 228 1266 fui,
248 1225 280 1255 et
299 1223 490 1265 persecutor
507 1216 767 1252 contumeliosus
787 1214 839 1264 (l.
860 1213 952 1250 Tim.
986 1214 1020 1250 l.
1053 1212 1114 1250 12.
1139 1211 1194 1258 l5)
1215 1222 1225 1246 :

161 1290 266 1326 supra
284 1279 422 1316 modum
439 1278 526 1314 enim
544 1276 766 1324 persequebar
783 1275 973 1312 Ecclesium
993 1273 1067 1317 Del,
1088 1279 1118 1309 et
1133 1273 1230 1308 deva-

161 1341 291 1377 stabam
310 1351 382 1376 eam
396 1339 408 1380 (
421 1338 498 1375 Gal.
521 1339 554 1376 l.
579 1336 644 1386 l3)
661 1348 671 1381 ;
690 1343 726 1375 et
744 1337 892 1381 iterum,
914 1334 994 1372 Non
1011 1345 1086 1371 sum
1106 1333 1230 1381 dignus

163 1401 275 1439 uocari
292 1399 467 1447 apostolus
483 1399 536 1447 (l.
555 1398 634 1435 Cor.
651 1399 710 1436 l5.
724 1397 776 1447 9).
794 1397 894 1435 Licet
908 1397 1004 1435 enim
1024 1406 1090 1433 nos
1107 1406 1126 1432 a
1147 1405 1231 1442 pec-

158 1463 252 1502 ulis
270 1462 340 1500 illis
357 1461 541 1500 absolutos
556 1459 738 1505 dimittat,
758 1464 909 1507 possunt
929 1464 1051 1495 tamen
1071 1457 1129 1494 illa
1149 1458 1230 1492 ani-

162 1535 262 1564 mam
288 1523 335 1561 ad
362 1518 613 1560 verecundiam
633 1530 830 1568 provocare
847 1526 884 1558 et
909 1519 955 1557 ad
974 1519 1036 1556 Dei
1067 1527 1229 1555 amorem

164 1585 397 1624 vehementer
415 1583 596 1622 inducere.
616 1579 758 1620 Etenim
788 1569 1040 1628 interrogatus
1054 1578 1180 1617 Simon
1211 1588 1232 1615 a

167 1648 343 1693 Domino,
369 1647 449 1695 quis
477 1656 522 1684 ex
552 1645 692 1683 duobus
726 1643 947 1683 debitoribus
979 1641 1232 1680 foneratorem

165 1709 246 1759 plus
264 1709 441 1758 diligeret,
459 1717 541 1745 cum
559 1705 817 1754 respondisset,
835 1704 1004 1742 Existimo
1032 1704 1044 1725 ¹
1064 1705 1145 1750 quia
1176 1703 1230 1747 is,

164 1771 221 1809 cui
249 1771 326 1819 plus
355 1769 494 1808 donarit
511 1796 522 1815 ,
541 1767 700 1824 audivit,
728 1766 830 1805 Recte
849 1765 1019 1814 judicasti
1057 1763 1160 1813 (Luc.
1193 1763 1232 1800 'l.

165 1834 213 1872 ss
229 1833 257 1881 ).

216 1895 257 1931 7.
271 1893 359 1932 Cum
379 1892 474 1930 enim
495 1890 773 1940 recogitabimus
791 1889 940 1938 pristina
960 1893 1104 1936 peccata
1116 1913 1130 1932 ,
1147 1892 1234 1924 tunc

165 1965 424 2004 cognoscemus
441 1954 570 1991 divinae
589 1953 712 2001 gratiae
732 1951 974 2000 prmstantiam
989 1977 1000 1996 ,
1021 1957 1106 1988 tunc
1132 1949 1232 1986 humi

166 2017 399 2065 respiciemus
414 2044 424 2062 ,
443 2022 528 2054 tunc
558 2026 624 2053 nos
648 2015 693 2052 ad
719 2014 904 2051 meliorem
929 2012 1066 2060 frugem
1084 2011 1236 2058 recipie-

169 2089 262 2117 mus.
278 2080 419 2124 Quanto
433 2078 528 2115 enim
546 2077 742 2124 majoribus
757 2075 902 2112 obnoxii
921 2075 1056 2112 erimus
1075 2074 1235 2111 crimini-

169 2141 234 2178 bus
249 2168 260 2186 ,
281 2146 379 2178 tanto
405 2139 530 2187 majori
563 2139 699 2186 pudore
729 2137 941 2175 amciemur.
957 2135 1089 2174 Paulus
1114 2136 1234 2184 itaque

167 2209 275 2242 etiam
294 2203 526 2251 pristinonnn
545 2202 687 2239 illorum
702 2199 981 2243 recordabatur;
1002 2208 1068 2235 nos
1089 2207 1135 2235 ne
1151 2197 1236 2234 illo-

169 2278 249 2306 rum
268 2267 410 2315 quidem
425 2294 435 2311 ,
453 2275 534 2313 qua;
562 2269 643 2312 post
675 2263 890 2311 baptismum
923 2261 1154 2305 admisimus,
1175 2269 1235 2296 re-

168 2329 308 2368 cordari
319 2328 496 2372 volumus,
511 2337 591 2374 quas
605 2325 708 2364 nobis
719 2323 913 2372 periculum
923 2328 1059 2366 creant,
1075 2331 1154 2369 quae
1170 2331 1236 2358 nos

169 2393 323 2432 examini
342 2391 517 2430 obnoxios
535 2389 757 2427 constituunt
771 2399 782 2432 ;
799 2386 864 2424 sed
881 2386 1022 2425 etiamsi
1038 2383 1237 2432 cujuspiam

172 2456 328 2504 ipsorunt
345 2441 512 2502 cogitatio
529 2450 632 2489 nobis
647 2449 822 2494 inciderit,
834 2447 1022 2486 confestim
1041 2445 1234 2490 resilimus,

173 2526 217 2554 ne
249 2515 346 2552 brevi
376 2513 519 2563 quidem
546 2519 707 2558 tempore
735 2510 891 2546 animam
921 2518 961 2546 ea
991 2506 1239 2546 recordatione

175 2587 331 2615 maerore
361 2578 504 2613 allicere
535 2575 714 2612 volentes.
742 2573 851 2620 Atqui
877 2572 1065 2608 innumera
1094 2581 1136 2608 ex
1173 2570 1240 2607 hac

175 2639 292 2678 inutili
311 2638 420 2686 gratia
441 2638 543 2676 nobis
561 2637 653 2675 mala
679 2636 876 2684 pariuntur.
897 2633 970 2672 Hac
987 2633 1083 2672 enim
1103 2631 1240 2669 doloris

175 2701 352 2738 vacuitate
380 2709 421 2736 ac
452 2698 600 2736 mollitie
627 2697 813 2741 instructi,
834 2697 983 2744 pristina
1015 2700 1160 2743 peccata
1194 2704 1240 2730 ne

174 2763 337 2800 confiteri
355 2761 498 2809 quidem
517 2769 706 2808 possumus
719 2771 728 2796 :
740 2759 918 2806 quomodo
938 2767 1138 2805 possemus,
1159 2766 1240 2793 cum

175 2834 222 2863 ne
253 2823 462 2862 memoriam
493 2821 638 2870 quidem
667 2830 793 2858 eorum
819 2819 1008 2857 admittere
1035 2817 1241 2856 soleamus?

176 2886 306 2933 Sicque
327 2890 448 2932 postea
467 2883 500 2919 in
519 2887 664 2930 peccata
682 2880 819 2918 facilius
832 2880 995 2917 labimur.
1013 2879 1100 2917 Nam
1119 2879 1149 2916 si
1165 2879 1242 2916 illo-

176 2957 255 2984 rum
276 2946 445 2984 memoria
461 2944 554 2992 apud
572 2953 638 2981 nos
657 2952 800 2989 semper
816 2942 944 2989 vigeat,
967 2947 1064 2979 metu
1083 2940 1242 2978 animam

179 3009 377 3056 exagitante
392 3035 403 3053 ,
423 3008 458 3045 in
490 3011 656 3054 promptu
675 3011 730 3042 est
763 3003 840 3051 ejus
858 3003 1042 3041 mollitiem
1076 3008 1112 3040 et
1140 3003 1242 3039 incu-

179 3070 268 3107 riam
285 3075 462 3107 excutere.
477 3067 578 3114 Quod
597 3067 626 3105 si
643 3066 712 3105 hoc
723 3065 869 3103 fraenunt
886 3064 1130 3112 auferas,quis
1145 3064 1243 3100 illam

182 3138 304 3179 postea
322 3131 624 3176 cobibebit,cum
653 3128 758 3176 pulso
783 3135 879 3165 metu
908 3138 947 3165 se
978 3127 1013 3164 in
1046 3126 1244 3174 prmcipitia

181 3193 360 3240 conjiciet.
379 3200 415 3230 et
431 3193 466 3230 in
487 3192 655 3240 perniciei
675 3189 843 3228 barathra
861 3190 1061 3228 delabetur.
1083 3189 1166 3227 Ideo
1182 3189 1242 3236 ju-

181 3260 260 3293 stus
286 3255 345 3291 ille
367 3255 519 3292 futurum
546 3255 615 3293 sibi
646 3252 860 3301 supplicium
889 3252 1104 3301 depingebat
1124 3279 1135 3296 ,
1162 3251 1244 3288 ideo

183 3317 293 3354 ﬂebat
311 3320 348 3352 et
366 3315 552 3362 gemebat:
570 3322 676 3363 atque
694 3315 747 3352 sic
759 3324 804 3352 ex
815 3314 1007 3352 abundanti
1024 3325 1064 3353 se
1082 3315 1240 3362 gerebat.

188 3376 297 3417 Vobis
327 3385 416 3413 sane
441 3377 576 3424 magnis
603 3378 690 3415 viris
707 3375 754 3414 ad
779 3377 1089 3424 compunctionem
1113 3376 1244 3415 suflicit

230 3466 242 3489 ι
265 3465 381 3506 verba,
398 3463 544 3500 existimo
558 3474 644 3509 quia,
659 3465 845 3510 aptsdmlb.
860 3464 992 3500 desunt.

380 221 639 263 ADMONITIO
663 221 709 260 1N
735 219 902 260 LIBROS
927 220 988 258 AD
1015 218 1277 258 S'l'AGlRIUM
1299 219 1448 258 ASCE’P
1459 219 1522 258 Ui
1541 220 1569 256 A
1599 219 1806 259 DEMONE
1829 218 2088 258 OBSESSUM.

2271 217 2343 257 42%

1282 291 1465 328 recordari
1492 291 1744 330 beneficiorum
1765 294 1840 340 Dei,
1856 302 1952 334 recte
1971 297 2140 334 factorum
2159 294 2315 332 oblivisci
2332 322 2342 338 ,

1285 358 1450 389 accurate
1469 355 1619 391 scrutari
1639 365 1684 392 ne
1703 356 1787 402 quid
1807 357 1862 393 vel
1881 358 2065 394 minimum
2083 356 2203 394 delicti
2229 356 2344 393 admi-

1285 414 1404 452 seritis
1420 442 1429 458 ,
1450 425 1598 463 magnos
1615 417 1713 454 viros
1730 418 1789 464 qui
1816 418 2007 456 admodum
2029 420 2103 457 Deo
2120 419 2283 467 placuere
2301 419 2348 456 ob

1285 475 1410 512 oculos
1429 476 1560 526 habere
1581 489 1589 513 :
1610 485 1689 525 post
1707 479 1787 517 hmc
1800 480 1919 516 omnia
1935 481 2162 518 considerare
2179 481 2352 519 incertam

1287 536 1396 574 futuri
1416 538 1660 577 conditionem
1675 567 1685 583 ,
1707 542 1865 578 animum
1882 541 1928 578 ad
1951 542 2088 589 lapsum
2106 549 2142 579 et
2159 543 2203 579 ad
2227 553 2352 590 pecca«

1287 604 1362 635 tum
1375 600 1588 646 proclivem:
1601 602 1696 650 quod
1707 609 1743 640 et
1753 603 1884 640 Paulus
1898 605 2092 648 metuebat,
2102 615 2182 641 cum
2195 605 2327 642 diceret
2341 617 2350 642 :

1289 659 1404 698 Timeo
1421 673 1462 698 ne
1478 663 1555 698 aliis
1570 664 1772 710 prwdicans,
1793 665 1866 710 ipse
1881 665 2042 713 reprobus
2061 666 2184 713 eﬂiciar
2201 665 2232 713 (l
2243 693 2252 701 .
2272 666 2352 701 Cor.
2398 657 2400 660 ’

1288 723 1325 761 9.
1345 723 1428 768 27);
1444 729 1502 768 et,
1523 724 1591 770 Qui
1615 725 1746 762 videtur
1771 732 1872 769 stare,
1887 727 1997 763 uideat
2016 737 2058 762 ne
2079 726 2179 762 cadat
2205 725 2256 775 (l.
2275 725 2354 762 Cor.

1290 784 1348 821 l0.
1367 783 1438 834 12).
1449 785 1508 822 Sic
1524 792 1560 824 et
1575 786 1684 823 David
1697 787 1775 825 bzec
1784 787 1903 824 omnia
1915 797 2035 825 secum
2050 787 2232 824 volvebat:
2246 787 2356 824 bene-

1291 847 1369 885 ficia
1389 847 1520 895 quippe
1534 848 1595 886 Dei
1605 848 1778 895 cogitans,
1793 849 1955 886 dicebat:
1971 848 2062 893 Quid
2077 855 2126 885 est
2139 848 2252 891 homo,
2269 848 2357 895 quod

1291 922 1420 947 premor
1432 922 1467 947 es
1478 913 1564 958 ejus,
1579 917 1638 947 aut
1657 911 1750 958 ﬁlius
1769 911 1929 957 hominis,
1948 911 2109 958 quoniam
2125 911 2240 946 visitas
2257 911 2360 946 eum?

1295 971 1450 1009 Minuiin
1467 983 1546 1008 eum
1566 972 1669 1020 paulo
1693 973 1804 1009 minus
1822 973 1864 1008 ab
1886 971 2017 1020 angelis
2033 983 2044 1008 :
2059 971 2169 1019 gloria
2186 977 2216 1006 et
2234 972 2362 1007 honore

1292 1035 1462 1071 coronasti
1496 1045 1574 1071 eum
1607 1033 1738 1082 (Psal.
1763 1034 1801 1072 8.
1833 1035 1868 1072 5.
1888 1034 1952 1083 6).
1975 1034 2024 1071 Ita
2061 1044 2146 1071 vero
2177 1040 2273 1070 recte
2305 1034 2358 1070 la-

1294 1106 1432 1137 etorum
1451 1099 1583 1135 oblitus
1601 1104 1698 1141 erat,
1717 1105 1758 1134 ut
1778 1104 1963 1145 postquam
1988 1098 2178 1134 innumera
2205 1095 2362 1143 pliiloso«

1295 1161 1391 1210 phiae
1405 1161 1567 1207 exempla
1585 1160 1747 1204 dederat,
1762 1159 1897 1196 diceret
1915 1169 1925 1194 :
1942 1158 2027 1203 Quis
2040 1170 2115 1196 sum
2126 1170 2201 1206 ego,
2219 1157 2364 1194 Domine

1297 1225 1358 1270 mi,
1376 1223 1534 1268 Domine,
1553 1230 1584 1260 et
1599 1233 1675 1270 quia
1692 1223 1812 1259 domus
1829 1221 1934 1269 patris
1951 1221 2029 1266 mei,
2047 1221 2126 1268 quia
2146 1219 2294 1256 dilexisti
2313 1230 2365 1255 me

1298 1300 1337 1326 eo
1355 1285 1487 1335 usque?
1506 1294 1537 1324 et
1555 1298 1659 1334 parva
1677 1287 1748 1322 visa
1761 1291 1840 1322 sunt
1858 1285 1929 1322 lum:
1948 1283 1983 1321 in
2000 1289 2180 1330 conspectu
2200 1288 2270 1325 tuo,
2291 1280 2364 1317 Do-

1298 1350 1388 1386 mine
1401 1350 1448 1385 mi
1459 1360 1472 1385 :
1485 1354 1514 1397 et
1528 1348 1660 1384 locutus
1673 1358 1707 1384 es
1721 1357 1782 1394 pro
1795 1346 1896 1382 domo
1912 1346 1997 1382 servi
2011 1345 2062 1381 tui
2077 1344 2112 1380 in
2129 1343 2364 1390 longinquum.

1299 1409 1386 1448 Haec
1405 1416 1453 1446 est
1471 1410 1561 1446 enim
1578 1409 1633 1445 lea:
1651 1409 1809 1452 hominis,
1829 1407 1974 1444 Domine
1987 1406 2048 1451 mi,
2063 1405 2209 1442 Domine
2225 1433 2235 1448 ,
2256 1403 2302 1440 ad
2320 1410 2364 1440 te.

1300 1471 1346 1508 Et
1358 1471 1441 1519 quid
1453 1471 1552 1507 addet
1566 1470 1678 1507 Dauid
1686 1470 1798 1506 adhuc
1809 1468 1900 1516 loqui
1918 1468 2006 1505 σεε-ιε
2014 1467 2066 1516 (2.
2076 1465 2163 1513 Reg.
2175 1467 2212 1502 7.
2225 1465 2366 1510 13-20)!

1301 1533 1348 1571 Et
1363 1543 1445 1572 cum
1461 1533 1636 1580 majorum
1647 1541 1794 1568 suorum
1809 1531 1976 1568 virtutem
1993 1528 2188 1573 recoleret,
2199 1537 2280 1565 sese
2297 1527 2369 1563 illis

1300 1606 1528 1644 comparans,
1539 1594 1628 1632 nihil
1646 1592 1832 1642 reputabat
1847 1602 1941 1630 esse.
1956 1591 2046 1630 Nam
2064 1597 2250 1640 postquam
2265 1590 2366 1626 diser

1301 1664 1384 1704 rat,
1404 1656 1450 1695 In
1467 1665 1499 1695 te
1516 1645 1739 1706 speraverant
1759 1661 1872 1703 patres
1897 1654 2005 1692 nostri
2023 1652 2140 1702 (Psal.
2161 1651 2222 1688 2|.
2241 1652 2303 1700 6),
2322 1650 2369 1688 de

1302 1722 1422 1770 seipso
1440 1720 1592 1768 loquens
1615 1719 1735 1756 intulit
1753 1730 1762 1754 :
1785 1717 1861 1766 Ego
1878 1723 1990 1753 autem
2007 1727 2082 1752 sum
2109 1715 2230 1751 uemtis
2249 1719 2279 1749 et
2299 1724 2368 1748 non

1302 1783 1416 1821 Itomo.
1436 1781 1612 1820 Incertam
1631 1790 1716 1818 vero
1735 1779 1844 1817 futuri
1863 1776 2105 1816 conditionem
2124 1776 2172 1813 ita
2189 1786 2264 1824 prie
2281 1785 2370 1812 ocu-

1301 1846 1346 1883 lis
1363 1845 1484 1883 habuit
1502 1872 1512 1888 ,
1533 1849 1575 1881 ut.
1598 1842 1733 1881 diceret
1755 1853 1764 1878 :
1785 1840 1951 1878 “lumina
1969 1839 2087 1877 oculos
2104 1849 2211 1882 meos,
2230 1847 2272 1888 ne
2297 1847 2355 1871 um

1302 1918 1404 1954 quam
1430 1905 1641 1942 obdormiam
1669 1904 1705 1940 in
1733 1909 1840 1940 morte
1859 1901 1974 1950 (Psal.
2008 1899 2066 1938 12.
2094 1899 2149 1947 4).
2169 1899 2286 1946 Seque
2321 1903 2371 1935 tot

1303 1975 1530 2018 peceatorutn
1558 1978 1660 2006 reum
1691 1965 1956 2010 arbitrabatur,
1986 1968 2026 2001 ut
2053 1963 2107 2000 sic
2131 1962 2338 2009 loqueretur
2360 1972 2368 1996 :

1302 2032 1478 2080 Propitius
1495 2037 1565 2068 esto
1586 2035 1722 2074 peccato
1743 2039 1830 2072 meo,
1847 2027 1992 2063 multum
2005 2031 2054 2063 est
2065 2025 2152 2062 enim
2169 2023 2285 2072 (Psal.
2309 2021 2371 2059 Ἡ.

1305 2095 1346 2132 ll
1364 2093 1392 2141 ).
1414 2092 1525 2132 Vobis
1551 2093 1670 2140 itaque
1697 2089 1836 2138 magnis
1856 2089 1934 2126 lucc
1950 2087 2038 2126 satis
2057 2094 2139 2124 sunt
2158 2098 2166 2122 :
2189 2085 2290 2122 nobis
2308 2095 2373 2119 au-

1304 2161 1376 2193 tem
1396 2165 1476 2192 cum
1498 2159 1551 2190 tot
1568 2151 1737 2190 remediis
1753 2151 1948 2188 necessitas
1967 2155 2132 2196 superest
2147 2145 2280 2190 valida,
2293 2155 2374 2192 quae

1305 2218 1419 2267 possit
1443 2216 1647 2264 superbiam
1675 2221 1712 2252 et
1740 2212 1980 2261 arrogantiam
2008 2220 2151 2249 omnem
2181 2207 2225 2245 de
2256 2206 2375 2244 medio

1308 2279 1446 2316 tollere.
1468 2279 1586 2325 Ecqua
1616 2277 1676 2314 illa
1703 2276 1783 2312 est?
1802 2275 2034 2312 Peccatorum
2053 2269 2244 2308 multitudo
2257 2297 2267 2314 ,
2287 2279 2375 2305 cou-

1307 2342 1455 2378 scientia
1488 2341 1580 2376 mala
1596 2366 1607 2383 ,
1623 2349 1702 2386 quze
1726 2343 1913 2384 postquam
1933 2345 1999 2371 nos
2025 2333 2212 2380 occupavit
2224 2360 2234 2374 ,
2252 2342 2297 2368 ne
2315 2342 2376 2367 vo-

1308 2405 1425 2442 lentes
1439 2402 1582 2450 quidem
1601 2400 1683 2437 sinit
1709 2397 1753 2435 ad
1770 2397 1936 2434 sublimia
1957 2395 2061 2441 erigi.
2082 2394 2201 2438 Quare
2225 2393 2376 2428 obsecro

1308 2471 1347 2503 et
1363 2475 1450 2513 rogo
1468 2473 1532 2511 per
1552 2461 1717 2498 ﬁduciam
1737 2459 1834 2496 illam
1851 2484 1862 2501 ,
1879 2466 1987 2504 quam
2007 2465 2052 2493 ex
2077 2454 2180 2502 bonis
2207 2452 2376 2500 operibus

1309 2527 1405 2576 apud
1424 2527 1535 2564 Deum
1555 2522 1788 2572 acquisivisti,
1805 2519 1909 2557 nobis
1927 2518 2132 2565 frequenter
2149 2514 2377 2563 precantibus

1310 2575 1455 2630 manum
1485 2587 1646 2637 porrigas
1663 2613 1674 2632 ,
1693 2595 1764 2632 quo
1789 2581 1971 2632 possimus
1990 2585 2169 2616 tantorum
2202 2575 2376 2612 malorum

1310 2636 1494 2691 sarcinam
1515 2659 1580 2698 pro
1600 2642 1728 2685 merito
1744 2645 1934 2693 deplorare
1949 2669 1959 2688 ,
1979 2646 2016 2679 et
2033 2644 2114 2688 post
2133 2639 2265 2675 luctum
2285 2636 2377 2672 viam

1311 2713 1504 2764 quamdam
1532 2711 1683 2747 amicam
1701 2715 1738 2746 et
1756 2706 1801 2744 ad
1819 2705 1946 2743 caelum
1973 2712 2039 2740 nos
2061 2701 2251 2738 ducentem
2281 2706 2379 2734 asse-

1311 2759 1370 2824 qui
1389 2804 1398 2821 ,
1415 2785 1460 2811 ne
1487 2774 1521 2809 in
1547 2773 1725 2808 infernum
1752 2767 1910 2811 deducti,
1929 2764 1989 2802 ubi
2007 2772 2114 2801 nemo
2131 2759 2294 2824 confiteri
2314 2767 2379 2806 po-

1313 2819 1396 2880 test,
1416 2845 1458 2872 ea
1477 2833 1668 2881 patiamur,
1685 2840 1764 2878 quae
1785 2829 1966 2876 patiuntur
1981 2823 2139 2872 reprobi,
2155 2819 2298 2858 nemine
2312 2828 2378 2856 nos

1312 2880 1485 2945 deinceps
1500 2895 1674 2942 eripiente
1690 2890 1806 2940 (l’sal.
1822 2887 1881 2925 l9.
1895 2885 1971 2933 22.)
1987 2883 2107 2921 Donec
2123 2883 2219 2945 enim
2235 2882 2296 2920 hic
2309 2880 2380 2918 eri-

1313 2971 1393 2998 mus
1408 2988 1418 3007 ,
1439 2965 1474 2997 et
1491 2969 1556 2995 nos
1577 2967 1598 2994 a
1617 2953 1718 2993 vobis
1747 2961 1913 2999 magnum
1939 2947 2124 2998 percipere
2142 2944 2294 2982 fructum
2314 2951 2380 2989 po-

1314 3003 1463 3061 terimus
1482 3049 1494 3066 ,
1513 3025 1550 3057 et
1583 3028 1649 3055 vos
1675 3015 1778 3052 nobis
1807 3011 1981 3050 beneficia
2018 3007 2186 3046 conferre
2223 3003 2379 3041 maxima

1313 3065 1493 3121 valebitis.
1528 3081 1617 3118 Cum
1652 3083 1773 3114 autem
1803 3074 1866 3112 illo
1898 3070 2180 3113 advenerimns,
2217 3065 2277 3102 ubi
2315 3073 2382 3101 nec

1312 3148 1466 3192 amicus,
1484 3155 1552 3182 nec
1569 3143 1692 3186 frater,
1710 3149 1776 3176 nec
1795 3143 1896 3185 pater
1907 3135 2036 3184 juvare
2053 3135 2244 3180 poterunt,
2265 3137 2382 3175 neque

1314 3211 1418 3250 nobis
1435 3190 1561 3258 pinnas
1591 3204 1757 3242 dantibus
1791 3199 1931 3242 adesse,
1963 3205 2112 3234 necesse
2145 3193 2289 3230 demum
2315 3190 2383 3258 erit

1315 3275 1350 3311 in
1380 3251 1560 3310 ana-ietate
1585 3273 1621 3305 et
1647 3265 1771 3303 densis
1785 3260 1968 3304 tenebris,
1985 3256 2104 3296 omnis
2130 3253 2290 3293 consulat
2305 3251 2385 3288 onis

1315 3340 1486 3382 expertes
1512 3327 1715 3368 immortale
1741 3323 1954 3372 supplicium
1985 3321 2085 3358 luere
2100 3343 2111 3363 ,
2133 3315 2250 3354 omnia
2271 3313 2384 3382 devo-

1315 3373 1428 3435 fill-llis
1447 3394 1599 3432 ﬂamma:
1623 3399 1741 3428 escam
1771 3394 1962 3435 numquam
1991 3379 2270 3419 consumendum
2298 3373 2384 3412 efl‘e-

1320 3467 1410 3498 ctus.
