2734 4342
417 265 488 303 ιεδ

909 247 949 288 S.
975 244 1169 286 JOANNIS
1195 240 1528 282 ClliiYSOSTOMl
1557 237 1774 278 ARCIHEP.
1803 234 2170 276 CONS’I‘ANTINOP.
2501 237 2558 287 ω

855 745 910 788 ΙΝ
935 741 1129 785 LIBROS
1152 741 1228 783 AD
1257 737 1560 783 STAGIRIUM
1582 739 1616 779 A
1646 733 1896 778 DJEMONE
1921 733 1934 766 Ἰ

1108 741 1129 783 5
1152 741 1228 783 AD
1257 737 1560 783 STAGIRIUM
1582 739 1616 779 A
1646 733 1896 778 DEMONE
1921 731 2187 775 VEXATUM

467 1000 590 1042 Hasce
603 997 718 1039 libros
739 993 1066 1044 Chrysostomum,
1086 998 1172 1028 cum
1193 986 1377 1026 diaconus
1390 990 1505 1027 esset,

419 1073 584 1114 edidisse
619 1071 794 1108 Socrates
823 1067 888 1108 ait.
913 1065 978 1102 lib.
1001 1075 1053 1108 vi,
1080 1075 1114 1102 c.
1133 1062 1182 1108 '5,
1204 1059 1376 1097 videlicet
1406 1062 1508 1104 post-

421 1157 534 1196 quam
550 1145 706 1183 adversa
727 1139 940 1179 valetudine
955 1138 1146 1180 laborans,
1167 1147 1212 1174 ex
1236 1143 1385 1172 secessu
1402 1140 1510 1167 mon-

423 1222 518 1259 tium
558 1219 595 1256 in
634 1217 765 1255 urbem
798 1214 919 1252 redire
949 1218 1102 1250 coactus
1127 1215 1198 1254 est,
1236 1206 1334 1256 quod
1376 1202 1512 1241 accidit

425 1305 526 1334 anno
545 1291 631 1336 580,
659 1296 699 1328 ut
721 1288 894 1340 pluribus
918 1287 954 1322 in
983 1284 1066 1322 Vita
1086 1283 1204 1320 sancti
1235 1279 1400 1318 doctoris
1421 1287 1510 1313 nar-

423 1375 544 1410 ratur.
569 1363 637 1402 Hic
673 1367 796 1404 autem
827 1359 947 1399 obiter
981 1365 1194 1409 monemus,
1225 1353 1390 1394 titulum,
1413 1349 1512 1398 Πρὸς

423 1433 656 1483 Σταγείρων,
679 1439 872 1478 perperam
903 1426 995 1466 verti
1014 1426 1060 1463 ab
1089 1408 1132 1463 ll.
1157 1423 1318 1466 Valesio,
1345 1421 1512 1458 Socratis

426 1509 641 1554 interprete,
663 1503 844 1543 Aduersus
876 1499 1093 1547 Stagirium.
1119 1495 1196 1534 Etsi
1224 1505 1312 1535 \‘L’I‘O
1340 1493 1513 1532 Socrates

426 1579 465 1616 in
502 1579 548 1616 iis
581 1576 746 1614 maxime
779 1583 864 1621 qua:
894 1572 940 1608 ad
973 1569 1282 1618 Chrysostomum
1310 1565 1512 1614 pertinent,

427 1652 646 1698 frequenter
675 1647 860 1685 calculum
900 1645 996 1681 male
1035 1648 1164 1691 ponat,
1208 1641 1268 1678 hic
1294 1645 1435 1682 tamen,
1474 1637 1513 1674 in

426 1725 511 1771 ipso
536 1723 620 1759 libri
647 1721 789 1764 limine,
824 1717 972 1755 videtur
1001 1716 1053 1753 illi
1083 1715 1378 1763 Chrysoslomus
1421 1709 1511 1748 asti-

429 1796 550 1844 pulari
569 1807 578 1832 :
603 1793 838 1840 Oportuerat,
859 1789 994 1836 inquit,
1015 1799 1078 1824 nos
1097 1787 1160 1823 tibi
1185 1797 1279 1822 nunc
1305 1785 1442 1827 adesse,
1463 1788 1517 1819 at-

426 1877 496 1917 que
515 1867 552 1902 in
580 1872 826 1902 wruinuarum
853 1867 1000 1901 tuarum
1030 1857 1251 1897 consortium
1278 1855 1446 1899 transire,
1471 1864 1514 1891 ac

427 1927 542 1978 νετιῖἱε
564 1935 805 1978 exhortando,
832 1943 936 1980 opere
952 1929 1128 1978 juvando,
1153 1935 1354 1978 cunctaque
1374 1926 1515 1975 reliqua

427 2023 494 2060 pro
521 2010 620 2048 virili
653 2014 778 2045 nostra
809 2012 912 2054 parte
936 2003 1122 2051 inferendo
1155 2001 1340 2048 obsequia,
1373 2005 1512 2047 partem

430 2084 594 2132 aliquam
627 2081 739 2118 lenire
766 2077 928 2115 rumoris
946 2087 958 2113 :
975 2075 1145 2124 quoniam
1180 2084 1260 2110 vero
1287 2078 1322 2110 et
1347 2072 1514 2120 corporis

430 2157 526 2193 mala
547 2153 726 2195 ualetudo,
757 2157 791 2188 et
822 2151 980 2186 invectus
1010 2149 1050 2184 in
1082 2155 1188 2194 caput
1216 2153 1380 2182 nostrum
1395 2144 1513 2190 dolor,

429 2226 528 2264 domi
556 2236 619 2265 nos
635 2234 778 2259 manere
799 2221 1168 2269 compulerunt,oix0t
1187 2219 1311 2267 μένειν
1329 2217 1516 2266 κατηνάγ-

431 2307 567 2341 amona,
589 2294 762 2342 nobisque
780 2292 872 2334 tanti
889 2291 984 2332 lucri
1003 2290 1243 2330 ministerium
1264 2287 1516 2332 abstulerunt;

427 2371 508 2418 jam
534 2368 628 2418 quod
652 2367 827 2416 reliquum
849 2371 902 2404 est
930 2375 995 2412 pro
1013 2362 1261 2400 consolatione
1289 2368 1367 2402 tua.
1391 2367 1427 2400 et
1449 2370 1516 2408 pro

431 2441 591 2478 utilitate
612 2447 752 2482 nostra,
775 2438 855 2482 hoc,
884 2443 923 2476 ut
945 2435 1102 2484 facultas
1127 2441 1252 2472 nostra
1283 2433 1386 2481 feret,
1403 2433 1513 2472 indu-

431 2524 510 2550 cere
530 2523 600 2551 non
617 2511 851 2560 negligemus.
884 2507 950 2550 His
981 2507 1186 2555 alloquitur
1215 2505 1418 2553 Stagirium
1437 2505 1514 2543 An-

433 2584 582 2621 tiochizr
605 2589 695 2620 tunc
725 2581 918 2630 degentem
940 2579 1134 2626 :dumquo
1163 2578 1216 2615 ait
1246 2587 1286 2614 se
1313 2575 1414 2613 domi
1435 2585 1515 2612 ma-

431 2666 521 2692 nere
553 2660 722 2692 coactum
755 2653 802 2690 ab
832 2651 1049 2688 inﬁrmitate
1088 2649 1268 2696 corporis,
1309 2657 1378 2685 nec
1405 2656 1516 2695 posse

435 2726 639 2773 Stagirium
663 2725 780 2770 adire,
799 2723 1010 2762 subindicat
1039 2733 1079 2760 se
1099 2722 1227 2760 eadem
1247 2721 1283 2757 in
1300 2719 1393 2756 urbe
1406 2729 1510 2756 com-

433 2799 598 2844 morari;
623 2808 708 2840 nam
730 2797 761 2836 si
787 2804 875 2838 tunc
894 2797 930 2836 in
961 2797 1108 2833 deserto
1137 2801 1174 2832 ct
1198 2795 1232 2831 in
1251 2792 1432 2830 montium
1455 2803 1514 2830 re-

434 2872 608 2912 cessibus
623 2871 802 2920 desisset,
831 2871 900 2913 hoc
925 2871 1062 2918 ipsum,
1097 2875 1136 2906 ut
1163 2867 1324 2912 videtur,
1343 2865 1512 2906 dicturus

1579 994 1653 1022 non
1669 987 1763 1020 erat.
1783 981 1820 1020 Si
1839 982 1934 1019 hanc
1953 981 2128 1029 temporis
2147 987 2267 1019 notam
2283 992 2469 1031 sequamur,
2484 986 2562 1027 libro:

1577 1056 1626 1092 ad
1660 1055 1863 1103 Stagirium
1896 1055 2084 1104 scripserit
2118 1065 2210 1093 anno
2234 1055 2300 1093 580
2327 1057 2377 1094 vel
2401 1057 2472 1102 381,
2497 1069 2562 1107 post-

1579 1137 1691 1176 quam
1711 1137 1757 1164 εχ
1779 1126 1959 1174 asperiori
1986 1127 2070 1164 vitae
2095 1137 2234 1175 genere,
2251 1127 2343 1175 quod
2361 1128 2480 1168 duobus
2492 1133 2563 1169 annis

1580 1201 1618 1240 in
1640 1202 1814 1249 spelunca
1834 1205 2011 1249 gesserat,
2035 1200 2070 1237 in
2091 1201 2252 1248 corporis
2268 1201 2482 1243 inﬁrmitatem
2500 1204 2562 1246 deh-

1581 1284 1685 1323 psus,
1704 1273 1740 1310 in
1753 1274 1880 1313 urbem
1897 1272 2016 1316 redire
2027 1279 2174 1312 coactus
2183 1277 2238 1312 est
2253 1271 2318 1310 sub
2325 1273 2420 1314 tinem
2433 1274 2500 1311 anni
2509 1273 2562 1317 380.

1582 1345 1646 1387 ubi
1685 1345 1831 1387 tantillo
1861 1345 1988 1392 elapso
2009 1351 2171 1392 tempore
2199 1344 2366 1383 diaconus
2388 1345 2562 1383 ordinatura

1581 1417 1740 1454 Mcletio.

1631 1489 1822 1526 Obnititur
1845 1487 2116 1531 Tiliemontius,
2135 1493 2171 1525 et
2193 1497 2235 1525 ex
2249 1486 2470 1536 Clirysostomi
2487 1485 2564 1524 verbis

1582 1559 1696 1597 infert
1731 1560 1868 1608 ipsum,
1915 1559 2128 1608 priusquam
2157 1569 2201 1596 ex
2229 1557 2399 1596 montibus
2427 1557 2458 1594 in
2480 1556 2564 1594 urbem

1583 1632 1734 1675 rediret,
1776 1632 1843 1670 hos
1875 1631 2068 1682 scripsisse
2097 1630 2222 1672 libros.
2257 1628 2356 1676 Nam,
2389 1629 2496 1677 inquit,
2519 1629 2565 1665 hac

1583 1705 1838 1756 Chrysostomi
1873 1706 2008 1746 verba:
2031 1703 2144 1746 Tanta
2167 1704 2256 1742 enim
2286 1701 2384 1741 audio
2415 1701 2468 1738 tibi
2489 1709 2566 1736 acces-

1583 1779 1675 1823 siste
1694 1779 1840 1828 pictatis
1861 1779 2102 1822 incrementa;
2126 1775 2229 1826 ΗΜ]
2249 1775 2330 1818 item
2347 1773 2422 1818 illud
2439 1785 2448 1815 ;
2466 1769 2569 1818 καὶγὰρ

1585 1851 1661 1888 τῶν
1689 1851 1832 1888 ἐκεῖθεν
1850 1851 2060 1900 ἐρχομένων
2092 1849 2214 1886 ἀκούω
2239 1846 2458 1896 διηγουμένων
2473 1845 2514 1882 ὅτι
2535 1853 2570 1879 om

1585 1925 1661 1967 πᾶς
1674 1926 1694 1961 ὁ
1713 1925 1843 1972 καιρὸς
1859 1925 1914 1967 εἰς
1933 1923 2045 1972 εὐχὰς
2067 1922 2130 1959 καὶ
2145 1922 2282 1970 δάκρυα
2299 1919 2518 1956 audiuerat:
2533 1926 2564 1951 au

1586 1996 1648 2033 dio
1665 2007 1711 2034 ea:
1727 1997 1774 2033 u's
1790 1997 1852 2044 qui
1871 1997 2002 2035 ist/tina
2025 1995 2226 2036 adveniunt,
2252 1993 2312 2029 tibi
2329 2001 2419 2028 omne
2433 1995 2537 2035 tempus
2548 1986 2572 2021 in

1585 2067 1758 2116 ίαενυνηὲε
1775 2070 2022 2118 perpetuis-que
2037 2066 2252 2107 orationibus
2272 2063 2438 2106 consumi;
2464 2061 2572 2096 iterant-

1584 2151 1672 2196 que,
1687 2141 1932 2190 plurimosque
1961 2141 2032 2186 hic,
2056 2140 2142 2176 dum
2172 2145 2232 2180 tua
2259 2139 2426 2178 narrarent
2443 2130 2573 2173 iiulitum.

1585 2219 1898 2261 campum-erunt;
1913 2212 2006 2256 llaac,
2028 2211 2148 2262 inquit
2175 2209 2246 2256 ille,
2268 2217 2336 2246 non
2349 2210 2425 2247 sunt
2439 2203 2516 2242 dicta
2531 2199 2573 2236 lio-

1585 2285 1698 2331 minis
1733 2285 1864 2328 eadem
1894 2285 1933 2328 in
1961 2283 2052 2325 urbe
2083 2277 2347 2326 commorantis.
2379 2273 2467 2314 Unde
2499 2269 2574 2311 infert

1586 2356 1790 2406 Stagirium
1809 2356 1960 2404 quidem
1979 2354 2182 2396 Antiochiae
2195 2351 2318 2392 fuisse.
2337 2347 2574 2394 Chrysostomum

1583 2441 1674 2468 vero
1689 2431 1726 2467 in
1747 2429 1930 2467 montium
1950 2425 2213 2470 secessu,unde
2228 2421 2330 2471 paulo
2346 2423 2430 2468 post.
2450 2421 2574 2462 premen-

1585 2502 1686 2540 tibus
1704 2501 1895 2550 corporeis
1909 2499 2200 2544 intirmitatibus,
2222 2497 2258 2533 lu
2273 2493 2388 2532 urbem
2402 2488 2500 2527 redire
2510 2492 2575 2522 com-

1584 2574 1716 2622 pulsus
1739 2579 1809 2611 est.

1634 2645 1719 2684 "ac
1738 2655 1850 2693 Porro
1865 2649 2083 2692 argumenta
2098 2652 2170 2680 non
2192 2638 2279 2681 tanti
2297 2631 2450 2676 momenti
2462 2637 2525 2666 esse
2537 2624 2568 2659 vi-

1585 2717 1734 2763 dentur,
1761 2723 1800 2756 ut
1825 2727 1892 2754 nos
1918 2726 1940 2753 a
1968 2715 2092 2764 priore
2115 2711 2290 2754 sententia
2320 2706 2497 2748 abducant:
2518 2703 2575 2735 nam

1583 2799 1668 2836 quae
1690 2787 1864 2835 superius
1889 2797 1934 2824 ex
1964 2781 2228 2838 Ctirysostomo
2255 2779 2450 2820 alieruntur,
2480 2767 2577 2815 οΡιίυλδ

1583 2867 1743 2910 possunt
1756 2861 1942 2909 quadrare
1963 2860 2009 2898 ad
2041 2858 2224 2898 hominem
2254 2853 2289 2890 in
2303 2849 2418 2889 eadem
2436 2843 2576 2890 deﬂeam“

675 3325 1110 3408 EJUSDEM
1189 3325 1562 3404 ORATIO
1633 3309 2385 3401 ADHORTATOBIA

952 3495 1014 3532 AD
1041 3495 1298 3534 STAGIRIUM
1326 3491 1547 3532 ASCETAM
1577 3492 1607 3528 A
1636 3491 1864 3538 ΒίΕΜΟΝΙΟ
1887 3489 2133 3532 YEXATUM.

1209 3617 1452 3676 LIBER
1515 3603 1886 3676 PRIMUS‘.

484 3734 518 3770 1.
531 3733 926 3784 Oportueratquidem,
941 3737 1166 3774 orarissime
1176 3735 1343 3772 omnium
1358 3731 1511 3779 Stagiri,

436 3803 504 3832 nas
525 3797 589 3832 tibi
610 3807 709 3834 nunc
732 3798 878 3842 adesse,
901 3805 1010 3844 atque
1034 3798 1070 3832 in
1091 3806 1344 3832 aerumnarum
1362 3801 1510 3831 tuarum

479 3881 488 3897 ‘
507 3881 640 3914 Titulus
652 3883 699 3916 sic
714 3884 815 3918 habet
833 3884 865 3918 in
887 3887 977 3918 Saril
997 3910 1004 3922 .
1023 3883 1245 3925 Chrysostomi
1261 3884 1306 3916 ad
1323 3883 1506 3925 Slagirium

437 3927 458 3952 α
485 3930 631 3958 aa'mone
655 3932 820 3969 vexatum,
851 3919 1108 3962 cottsolotorius"
1118 3928 1238 3960 Sermo
1267 3925 1291 3958 l.
1319 3927 1355 3960 in
1374 3919 1506 3967 Μοίρι,

1586 3735 1815 3770 consortium
1829 3731 2002 3775 transire,
2018 3735 2055 3767 et
2065 3719 2350 3775 operejuvando,
2361 3710 2468 3751 verbis

1586 3796 1710 3839 tando,
1733 3800 1941 3841 cunctaque
1964 3791 2104 3838 reliqua
2122 3797 2186 3835 pro
2208 3780 2296 3819 virili
2320 3780 2432 3814 nostra
2447 3768 2530 3814 ιῖειιίθ
2545 3765 2570 3791 ¹¹¹

1587 3885 1746 3927 Ejusdem
1759 3883 2005 3919 (παιωνίαισι-ἔω
2025 3883 2067 3916 art
2091 3875 2266 3923 Stagirith
2283 3871 2412 3906 ascetam
2433 3869 2451 3892 (ι
2467 3850 2580 3890 deum“

1585 3933 1736 3973 vexatum
1759 3931 1874 3962 Sermo
1893 3928 1916 3960 l.
