2734 4342
217 217 288 254 425

802 212 864 250 Μ)
892 209 1144 250 STAGIRIUM
1171 209 1200 246 Α
1227 207 1436 246 υιΕΜΟΝΕ
1462 206 1688 247 νΕΧΑτυΜ
1717 207 1804 245 LIB.
1832 207 1859 244 i.

2345 203 2416 240 4‘."

1153 697 1487 741 ADMONITIO.

224 935 330 978 urbe,
358 933 561 988 praesertim
596 937 706 971 tanta:
729 931 1009 979 amplitudimis,
1035 937 1181 972 (tuatua:
1207 937 1288 972 erat

225 1005 418 1046 Antiochia
435 1013 518 1044 cum
548 1002 750 1045 suburbiis.
776 1001 830 1038 Ad
863 1002 940 1043 haec
965 1002 1074 1041 annis
1089 1003 1288 1050 postremis

225 1075 371 1117 duobus
387 1084 556 1114 secessus
590 1073 664 1116 aui,
699 1071 870 1110 videlicet
899 1073 971 1110 579
998 1079 1034 1114 et
1051 1073 1136 1119 580,
1153 1075 1290 1122 quibus

223 1141 428 1186 secundum
445 1139 666 1180 Tillemontii
696 1139 881 1178 calculum
909 1140 974 1178 hos
1005 1140 1122 1178 libros
1141 1141 1291 1188 scripsit

222 1214 528 1261 Chrysostomus,
550 1211 586 1247 in
605 1211 779 1258 spelunca
805 1210 866 1251 ille
891 1211 992 1249 solus
1019 1211 1188 1258 degebat,
1211 1211 1292 1259 τρὶς

224 1284 321 1322 ὀκτὼ
337 1285 468 1333 μῆνας,
487 1289 540 1320 ter
561 1289 640 1320 octo
669 1282 862 1325 mensibus,
894 1288 934 1319 ut
949 1282 1002 1319 ait
1023 1281 1225 1326 Palladius,
1255 1283 1291 1319 id

222 1361 297 1400 est,
314 1355 460 1392 duobus
482 1354 606 1397 annis,
637 1363 683 1390 ex
715 1363 786 1400 qua
811 1353 986 1400 spelunca
1018 1353 1066 1390 ob
1098 1353 1290 1390 adversam

223 1427 391 1476 corporis
409 1424 654 1462 valetudinem
670 1423 706 1460 in
723 1423 850 1460 urbem
867 1422 985 1460 redire
999 1423 1216 1470 compulsus
1237 1429 1294 1461 ost

225 1502 298 1540 sub
321 1499 429 1536 ﬁnem
453 1496 539 1534 anni
559 1495 643 1532 580.
665 1495 721 1531 An
746 1505 832 1530 vero
856 1494 891 1530 in
913 1494 1088 1541 spelunca
1103 1495 1202 1531 solus
1220 1495 1295 1531 de-

231 1579 319 1616 gens
333 1567 472 1604 diceret
485 1575 524 1602 se
541 1563 709 1611 corporis
737 1563 951 1603 inﬁrmitate
973 1563 1089 1605 domi,
1104 1564 1212 1608 οἴκοι,
1233 1564 1296 1601 de-

231 1644 372 1676 tentum
392 1645 466 1672 non
495 1644 604 1682 posse
631 1633 830 1680 Stagirium
855 1632 982 1670 adire?
1007 1633 1078 1677 An,
1108 1633 1237 1671 eadem
1259 1634 1296 1670 in

229 1708 406 1756 spelunca
420 1705 739 1748 inclusus,tantam
761 1703 1037 1740 adventantium
1051 1703 1295 1751 frequentiam

227 1777 428 1825 exciperet,
447 1780 624 1822 quantam
644 1773 810 1813 indicant
833 1773 914 1813 loca
948 1773 1026 1820 ipsa
1050 1784 1078 1820 ,a
1099 1773 1128 1813 Τ
1133 1774 1297 1811 illemon-

228 1850 282 1889 tio
301 1847 435 1886 allata?
453 1845 539 1883 Huic
554 1845 759 1896 przesertim
787 1854 848 1882 me
880 1850 1028 1882 movent
1048 1851 1089 1882 ut
1105 1843 1295 1882 Socratem

227 1928 378 1966 sequar,
400 1923 436 1954 et
455 1916 567 1954 hosce
590 1915 704 1956 libros
723 1913 879 1951 referam
899 1913 937 1952 in
961 1923 1098 1954 annum
1115 1913 1202 1957 581,
1223 1925 1298 1962 quo

232 1991 396 2034 ineunte,
418 1995 460 2026 ut
473 1974 660 2036 putamus,
692 1995 713 2025 a
743 1985 888 2024 Meletio
910 1985 1089 2023 diaconus
1107 1985 1298 2024 ordinatus

231 2065 289 2099 est
305 2059 606 2107 Chrysostomus.
637 2054 723 2092 litae
749 2055 794 2092 de
825 2060 1300 2103 tempore:argumentum

231 2135 356 2168 autem
377 2126 589 2174 huiusmodi
602 2130 672 2163 est.

281 2198 480 2246 Stagirius,
505 2195 620 2234 nobili
644 2195 726 2232 loco
755 2201 880 2237 natus,
911 2203 933 2230 a
963 2193 1100 2230 teneris
1129 2193 1167 2230 in
1197 2192 1304 2232 Chri-

235 2271 357 2307 stlana
369 2267 438 2305 fide
449 2267 641 2309 educatus,
653 2263 836 2312 principio
852 2263 1000 2310 quidem
1015 2264 1174 2301 terrenis
1190 2264 1301 2302 rebus

244 2339 414 2378 addictus
430 2344 532 2383 erat;
557 2336 620 2374 sed
644 2335 744 2373 brevi
767 2340 893 2382 postea
915 2333 1098 2371 abdicatis
1115 2333 1304 2372 facultati-

237 2410 308 2448 bus
344 2409 546 2456 mundique
577 2406 734 2450 deliciis,
768 2405 880 2442 vitam
913 2405 1173 2450 monasticam,
1191 2405 1306 2442 invito

238 2482 324 2519 licet
339 2482 614 2528 reluctanteque
629 2485 744 2528 patre,
761 2477 954 2525 amplexus
963 2483 1032 2515 est.
1053 2476 1160 2514 Initio
1183 2484 1305 2514 tamen

241 2563 316 2590 non
337 2553 388 2590 ita
415 2553 623 2600 diligenter,
658 2556 701 2588 ut
730 2559 798 2598 par
827 2555 923 2592 erat,
953 2547 1018 2585 sed
1050 2547 1252 2585 oscitanter
1271 2553 1308 2584 et

246 2623 494 2672 perfunctorie
509 2633 568 2660 res
597 2621 774 2661 asceticas
795 2619 980 2657 tractabat
999 2645 1008 2662 ,
1025 2619 1244 2666 generisque
1266 2619 1309 2656 ti-

244 2692 353 2730 ducia
373 2693 500 2738 fretus,
524 2696 713 2728 monentes
729 2699 769 2727 se
789 2698 884 2738 aegre
919 2687 1150 2725 admittebat.
1168 2685 1307 2724 Verum

247 2763 496 2812 prospiciente
511 2761 683 2804 Numine,
721 2771 768 2799 ne
795 2766 877 2809 post
903 2765 1093 2808 peractum
1121 2763 1307 2798 tantarum

176 2819 177 2824 η
244 2844 358 2882 opum
381 2833 602 2874 sac'jiicium
625 2831 742 2873 levius
772 2830 964 2879 praemium
992 2829 1175 2881 Stagirius
1189 2829 1308 2868 refer—

1359 940 1428 980 ret,
1447 944 1467 972 a
1483 933 1650 975 dzemoue
1667 933 1864 980 corripitur
1889 939 1926 970 ct
1947 933 2170 981 exagitator,
2191 943 2234 971 ac
2254 935 2423 982 repetitis

1361 1005 1572 1053 frequenter
1592 1005 1735 1042 vicibus
1751 1015 1866 1052 usque
1880 1004 1972 1042 adeo
1996 1011 2164 1049 vexatur,
2181 1010 2222 1042 ut
2237 1003 2274 1042 in
2295 1006 2426 1054 despe-

1361 1082 1462 1118 ratas
1485 1077 1556 1114 sibi
1581 1083 1737 1114 mortem
1765 1075 2020 1114 consciscendi
2055 1077 2429 1124 cogitationcsintcr-

1365 1147 1454 1189 dum
1471 1147 1623 1187 veniret.
1651 1146 1746 1184 Hinc
1777 1157 1917 1184 mceror
1943 1153 1980 1184 et
2012 1147 2161 1186 tristitia
2184 1148 2343 1196 ingens:
2365 1151 2433 1186 viae

1363 1227 1494 1258 omnes
1533 1216 1702 1266 placandi
1741 1216 1804 1254 Dei
1840 1222 2056 1262 tentantur,
2107 1218 2210 1255 nulla
2250 1220 2431 1265 prolicit:

1364 1293 1580 1326 sanctorum
1613 1296 1743 1334 preces
1773 1287 2007 1332 adhibentur,
2041 1298 2108 1326 nec
2143 1289 2352 1328 vexationis
2391 1291 2435 1327 ti-

1364 1369 1450 1396 nem
1475 1359 1686 1406 impetrant.
1710 1357 1776 1396 Hic
1805 1364 1928 1395 tamen
1950 1369 1994 1395 ex
2023 1369 2188 1396 aerumna
2221 1359 2436 1408 huiusmodi

1365 1429 1508 1466 fructus
1527 1429 1710 1477 provenit,
1734 1435 1774 1467 ut
1803 1430 1867 1476 qui
1900 1429 1988 1466 olim
2023 1429 2246 1469 oscitantius
2269 1441 2310 1468 sc
2330 1442 2438 1480 gere-

1366 1500 1443 1543 bat,
1461 1500 1537 1548 jam
1568 1499 1772 1537 ferventius
1798 1499 1858 1548 pia
1887 1500 2063 1539 exercitia
2090 1501 2222 1538 adiret.
2251 1501 2437 1542 Evocatur

1368 1571 1413 1608 ad
1436 1577 1546 1608 tantae
1561 1571 1780 1609 calamitatis
1793 1571 1964 1610 solatium
1973 1571 2262 1621 Chrysostomus
2277 1575 2438 1621 amicus,

1369 1643 1446 1691 qui,
1469 1653 1553 1680 cum
1575 1643 1702 1680 morbo
1732 1644 1903 1681 detentus
1923 1643 2034 1681 domo
2050 1645 2228 1683 excedere
2247 1657 2320 1684 non
2341 1647 2440 1684 vale-

1367 1721 1438 1760 ret,
1463 1721 1538 1752 tres
1557 1716 1670 1752 hosce
1695 1715 1812 1752 libros
1841 1715 1942 1752 misit
1965 1715 2136 1752 leniendo
2161 1714 2281 1753 dolori
2305 1727 2439 1764 oppor-

1369 1791 1494 1828 tunos,
1513 1785 1576 1822 ubi
1595 1784 1765 1832 exemplo
1781 1789 1994 1822 sanctorum
2006 1786 2200 1834 utriusque
2211 1785 2439 1826 TeSIamenli

1369 1855 1503 1904 probat
1518 1854 1632 1892 Deum
1647 1855 1703 1892 vel
1717 1856 1948 1894 charissimis
1963 1857 2034 1894 sibi
2054 1857 2145 1894 viris
2163 1858 2346 1896 atrociora
2358 1859 2442 1898 ideo

1371 1927 1574 1966 immisisse
1594 1927 1706 1971 maia,
1736 1933 1776 1964 ut
1807 1928 1951 1976 majora
1979 1929 2130 1976 praemia
2155 1929 2442 1977 splendidiores-

1370 2008 1444 2046 qtte
1475 2008 1633 2037 coronas
1663 1998 1858 2036 tribueret.
1888 1999 2064 2036 Animum
2089 1999 2140 2037 ait
2167 2001 2442 2041 calamitatibus

1371 2069 1558 2114 aﬂ‘cctum,
1583 2069 1788 2106 ferventius
1813 2069 1889 2106 Deo
1913 2069 2124 2118 divinisque
2145 2071 2258 2108 rebus
2285 2071 2440 2118 havere,

1349 2133 1352 2136 ’
1369 2142 1538 2178 maculas
1560 2151 1690 2178 omnes
1708 2146 1746 2178 et
1766 2140 1856 2178 vitia
1881 2140 1952 2178 hac
1965 2141 2108 2180 ratione
2121 2142 2232 2180 citius
2253 2143 2441 2192 abstergi;

1371 2220 1413 2250 ut
1428 2211 1544 2259 ipsius
1566 2211 1717 2260 Stagirii
1742 2211 1913 2260 exemplo
1941 2213 2177 2260 comprobari
2193 2220 2352 2262 poterat,
2376 2216 2440 2263 qui
2493 2196 2502 2204 I

1373 2281 1584 2324 oscitantia,
1615 2289 1778 2329 torpore,
1808 2287 1956 2320 tumore
1985 2283 2203 2330 eliminatis,
2233 2285 2312 2332 jam
2347 2285 2444 2324 inter

1374 2352 1617 2391 ferventiores
1641 2353 1780 2390 Christi
1813 2353 1972 2390 athletas
2003 2355 2146 2400 primas
2171 2361 2328 2394 teneret.
2359 2357 2446 2395 Haec

1375 2423 1436 2461 ille
1457 2424 1536 2460 fuse
1552 2428 1589 2460 et
1606 2422 1822 2470 παθητικῶς
1842 2433 1910 2470 pro
1927 2433 2030 2460 more
2049 2434 2118 2462 suo
2134 2427 2386 2473 prosequitur,
2403 2438 2448 2465 ac

1375 2493 1526 2532 cuilibet
1553 2492 1725 2530 leniendo
1749 2493 1902 2530 maerori
1935 2493 2138 2533 remedium
2161 2495 2270 2533 oti‘ert
2295 2497 2444 2544 legenti.

1425 2565 1770 2614 interpretationem
1817 2575 1906 2602 vero
1946 2565 2078 2603 incerti
2119 2566 2312 2614 cujusdam
2353 2569 2446 2612 viri,

1376 2647 1459 2684 quae
1474 2635 1509 2673 in
1530 2635 1748 2683 Moreiliana
1785 2635 1948 2674 editione
1979 2637 2100 2684 posita
2120 2637 2254 2683 fuerat,
2276 2639 2450 2676 innume-

1378 2707 1431 2744 ris
1451 2707 1486 2743 in
1503 2706 1596 2744 locis
1613 2705 1850 2744 emendatam
1881 2716 1902 2744 ε
1923 2707 2074 2755 regione
2100 2707 2217 2746 Graeci
2239 2715 2362 2748 textus
2382 2721 2448 2758 pe-

1377 2786 1534 2819 sutmus.

251 3014 2433 3034 mm

403 3025 590 3035 ’ψη

397 3309 497 3362 "5”
512 3321 714 3402 ΤΟΥ
751 3321 1080 3405 ΑΥΤΟΥ
1117 3323 1474 3409 ΛΟΓΟΣ
1515 3331 2293 3412 ΠΑΡΑΙΝΕΤΙΚΟΣ

830 3501 952 3538 ΠΡΟΣ
977 3502 1251 3542 ΣΤΑΓΕΙΡῙΟΝ
1279 3506 1510 3542 ΑΣΚΗΤΙΙΝ
1536 3506 1852 3545 ΔΑΙΜΟΝΩΝΤΑ.

997 3631 1242 3691 ΛΟΓΟΣ
1280 3635 1578 3694 ΠΡΩΤΟΣ
1613 3637 1650 3692 ⁸.

229 3709 276 3742 α’.
293 3705 394 3742 Ἔδει
407 3705 476 3761 μὲν
487 3706 602 3761 ήμᾷς,
617 3701 648 3742 ὧ
668 3707 818 3752 φίλτατε
835 3707 980 3744 πάντων
997 3711 1080 3757 ἐμοὶ
1098 3713 1304 3761 Σταγείριε,

181 3761 246 3799 καὶ
265 3759 436 3807 παρεῖναί
455 3771 510 3796 σοι
527 3759 592 3798 νῦν
604 3760 668 3797 καὶ
685 3761 1140 3812 συνδιαταλαιπωρεῖσθαι,
1162 3759 1305 3805 atat-16%

222 3857 240 3877 ⁸
251 3857 386 3906 Titulus
401 3855 449 3908 sic
465 3857 566 3890 habet
582 3858 614 3890 in
636 3857 740 3908 S‘avil.
753 3867 766 3908 *ε
786 3859 1018 3908 Χργσιξστρ-μου
1032 3862 1301 3908 πγὸςῗξῖαγείριον

181 3898 380 3944 ᾗᾳιμονῶντα
406 3900 497 3944 λόγος
523 3901 782 3944 παρᾳμιέῧητικρς
808 3898 859 3944 ά(
885 3898 1076 3936 ΙιιΜι)1“θι.’;
1101 3898 1172 3937 7⁷1ὀῦ
1191 3898 1299 3938 ἀὗτοῦ

184 3937 270 3981 lilio;
297 3937 515 3984 παραινετὺιὸς
545 3937 622 3983 πρὸξ
640 3937 820 3983 Στάγεῖριον
849 3943 990 3982 ἀσκητὴν
1019 3937 1298 3985 δαιμονῶντᾶλῶ

1386 3728 1433 3762 ίῳ
1455 3715 1754 3764 παρᾳκαλοῦντα,
1798 3717 1862 3752 καὶ
1903 3715 2002 3762 ἔργῳ
2037 3709 2335 3756 διακονούμενον,
2351 3707 2419 3764 καὶ
2457 3709 2503 3745 τὰ

1377 3761 1469 3806 ἄλλα
1505 3761 1625 3808 item
1660 3761 1976 3816 συλλαμϐάνονέα,
2022 3765 2132 3813 μέρος
2168 3775 2202 3798 τι
2240 3764 2306 3810 τῆς
2342 3761 2503 3811 ἀθυμίας

1373 3919 1424 3947 γος
1440 3907 1488 3939 α’.
1509 3926 1546 3931 ——
1561 3907 1655 3939 None
1673 3911 1707 3938 ot
1728 3905 1824 3947 varia:
1840 3899 2053 3947 lectionesuin
2073 3903 2141 3932 tres
2159 3899 2258 3932 libros
2271 3900 2310 3934 ad
2325 3899 2506 3942 Slagirium

1373 3943 1534 3982 cx'Favil.
1551 3954 1582 3981 et
1603 3957 1644 3980 cx
1665 3956 1729 3978 uno
1747 3943 1938 3979 Colbertino
1953 3943 2066 3976 codice.
2084 3947 2255 3983 petuntur.
