2734 4342
169 234 240 274 ιςς

167 313 317 352 ferendo
336 312 508 361 obsequia
525 339 536 358 ,
553 315 694 360 partem
711 311 868 360 aliquam
893 312 1009 350 lenire
1037 312 1205 350 maeroris
1225 323 1234 349 :

165 375 339 423 quoniam
353 385 440 413 vero
455 379 493 412 et
508 373 672 421 corporis
688 373 783 410 mala
802 373 970 411 valetudo
988 401 998 417 ,
1020 379 1055 410 et
1073 373 1240 410 invectus

166 437 202 473 in
222 443 329 484 caput
348 443 509 474 nostrum
528 435 633 473 dolor
648 463 658 480 ,
690 435 788 473 domi
806 446 873 473 nos
889 446 1035 473 manere
1052 435 1238 482 compule-

167 505 279 542 runt.
297 498 473 545 nobisque
490 497 576 534 tanti
607 497 697 536 lucri
725 497 964 535 ministerium
985 497 1238 542 abstulerunt,

163 560 238 608 jam
257 560 352 608 quod
373 560 548 607 reliquum
577 566 633 596 est
652 569 718 606 pro
737 559 986 596 consolatione
1007 564 1065 595 tua
1082 586 1092 602 ,
1115 564 1150 595 et
1173 567 1239 604 pro

166 622 322 659 utilitate
341 627 464 658 nostra
481 649 492 665 ,
515 621 584 658 hoc
601 626 640 658 ut
664 615 815 658 facultas
839 620 955 665 feret,
976 620 1146 657 inducere
1167 629 1238 656 non

165 683 402 731 negligemus.
423 681 604 720 Profuerit
623 682 718 720 enim
737 682 774 719 id
794 682 857 718 tibi
888 681 1042 719 fortasse
1061 681 1174 729 magis
1193 681 1238 718 ad

166 752 366 793 praesentes
391 743 565 782 adversos
591 755 696 782 casus
729 743 924 782 fortissime
957 744 1136 781 ferendos.
1174 743 1238 781 Sin

163 817 250 844 vero
271 806 358 843 nihil
381 806 452 843 tale
471 806 728 859 perfecerimus
747 834 757 851 ,
778 813 878 843 certe
899 805 955 843 vel
978 805 1014 842 in
1042 805 1144 842 nullo
1172 814 1240 842 nos

162 869 323 906 oflicium
362 869 597 914 deseruisse,
632 868 796 916 nihilque
835 867 1006 906 omisisse
1042 867 1240 914 diligentia:

164 942 231 969 nos
249 931 497 970 consolabitur
514 961 524 977 ,
545 932 761 979 meliorique
777 931 900 968 animo
915 940 996 967 esse
1011 930 1046 966 in
1063 930 1239 977 reliquum

164 993 286 1030 faciet.
306 993 340 1030 Is
357 993 455 1030 enim
473 1022 484 1037 ,
499 994 560 1040 qui
577 999 706 1030 cuncta
721 992 948 1040 impleverit,
964 1002 1044 1040 qua:
1058 991 1102 1028 ad
1117 991 1240 1029 levan-

163 1055 231 1093 dos
245 1055 391 1092 dolores
403 1055 558 1092 maxime
568 1055 736 1093 conferre
746 1055 940 1092 arbitratus
955 1053 1062 1092 fuerit.
1071 1082 1082 1099 ,
1097 1055 1238 1104 etiamsi

165 1117 254 1154 nihil
289 1116 384 1154 aliud
415 1123 591 1165 peragat,
623 1116 681 1154 vel
710 1116 939 1164 cogitationis
971 1117 1098 1154 saltem
1131 1123 1240 1164 atque

163 1179 399 1217 conscientia)
448 1179 678 1217 accusatione
728 1179 929 1224 liberatur,
977 1179 1241 1227 criminumque

163 1251 277 1278 onere
296 1239 461 1289 deposito
477 1268 489 1286 ,
519 1241 635 1278 solam
660 1240 844 1279 mmstitiae
869 1239 1049 1278 sarcinam
1077 1238 1240 1286 perferre

163 1303 316 1352 cogitur.
337 1303 374 1341 Si
393 1303 503 1350 igitur
519 1313 564 1341 ex
582 1303 726 1340 illorum
744 1312 864 1340 essem
881 1313 1035 1340 numero
1051 1331 1063 1348 ,
1083 1302 1142 1350 qui
1162 1301 1240 1340 Deo

165 1365 379 1403 familiarius
397 1365 579 1412 conjuncti
602 1365 796 1412 plurimum
815 1364 909 1413 apud
930 1365 1032 1402 illum
1059 1369 1239 1412 possunt,

163 1438 360 1476 numquam
381 1427 545 1476 profecto
565 1437 669 1465 orare
682 1432 720 1465 et
731 1427 926 1466 obsecrare
943 1437 1009 1476 pro
1024 1426 1113 1464 mihi
1127 1427 1239 1464 caris-

163 1491 256 1528 simo
273 1493 390 1538 capite
416 1491 631 1528 desisterem
653 1503 662 1527 :
690 1491 859 1538 quoniam
885 1497 1007 1529 autem
1032 1490 1240 1538 hujusmodi

164 1553 262 1590 vires
279 1559 386 1600 atque
399 1553 654 1590 confidentiam
669 1553 758 1590 mihi
772 1553 950 1590 scelerum
969 1563 1130 1591 meorum
1148 1554 1242 1591 mul-

165 1614 282 1652 titudo
298 1614 473 1660 abstulit,
493 1615 685 1652 verborum
703 1607 988 1652 consolationem
1018 1614 1083 1652 tibi
1106 1609 1242 1652 'atIerre

165 1676 340 1714 conabor.
359 1675 448 1713 Nam
473 1683 509 1714 et
527 1677 563 1713 in
582 1677 628 1723 iis
646 1676 708 1724 qui
729 1686 903 1724 corporea
920 1676 1013 1714 mala
1033 1675 1241 1715 valetudine

165 1739 332 1776 laborant
349 1767 360 1783 ,
379 1749 462 1776 cum
482 1739 706 1777 medicorum
732 1740 779 1777 sit
802 1739 926 1788 fugare
944 1739 1089 1778 dolores
1104 1768 1116 1786 ,
1137 1739 1240 1776 infir-

164 1801 399 1848 mitatemque
425 1811 685 1849 compescere,
716 1812 787 1838 non
817 1807 938 1838 tamen
967 1799 1112 1838 famulis
1129 1828 1140 1846 ,
1177 1800 1238 1848 qui

162 1868 248 1900 sunt
267 1863 304 1898 in
319 1862 518 1900 ministerio
531 1889 543 1907 ,
560 1862 788 1900 interdicitur
803 1862 994 1900 verborum
1008 1861 1210 1900 consolatio
1226 1872 1236 1906 ;

163 1923 238 1961 imo
257 1933 344 1961 vero
358 1923 394 1960 hi
409 1924 567 1961 maxime
584 1928 698 1970 sunt,
711 1924 772 1972 qui
788 1923 953 1972 plurimis
967 1923 1001 1961 in
1016 1922 1240 1961 consolando

163 1985 283 2023 verbis
301 1992 449 2023 utuntur
464 2013 475 2032 ,
493 1995 578 2022 cum
596 1996 682 2034 erga
701 1986 869 2024 dominos
886 1985 980 2024 bene
998 1985 1116 2022 affecti
1135 1990 1236 2023 sunt.

163 2048 202 2087 Si
224 2049 309 2097 quid
330 2049 450 2096 itaque
467 2047 603 2087 dictum
621 2048 728 2088 fuerit
746 2059 767 2086 a
787 2049 894 2087 nobis
908 2077 918 2094 ,
940 2049 1036 2096 quod
1054 2049 1152 2086 hunc
1171 2048 1239 2086 im-

164 2123 328 2150 mensum
356 2111 520 2151 dolorem
550 2119 650 2150 tuum
679 2113 794 2161 possit
821 2113 1078 2160 exstinguere,
1104 2112 1237 2151 factum

163 2177 232 2214 erit
249 2183 288 2214 ut
307 2183 502 2224 optamus:
522 2175 578 2214 sin
604 2185 694 2213 vero
719 2174 926 2222 hujusmodi
955 2173 1044 2212 nihil
1075 2175 1240 2213 invenire

164 2244 226 2275 aut
246 2237 343 2286 loqui
363 2237 591 2286 potuerimus
607 2265 617 2282 ,
638 2236 861 2274 voluntatem
894 2242 1015 2274 tamen
1043 2242 1206 2273 nostram
1225 2264 1238 2283 ,

165 2310 206 2337 ac
227 2300 450 2348 propositum
471 2299 530 2336 ille
549 2298 763 2346 approbabit
777 2325 789 2343 ,
818 2298 878 2346 qui
899 2309 964 2346 per
983 2298 1128 2336 beatum
1148 2298 1241 2335 Pau-

167 2361 239 2398 lum
273 2361 362 2400 ﬂere
394 2372 476 2399 cum
510 2360 706 2405 ﬂentibus,
741 2359 1008 2410 humilibusque
1043 2360 1240 2400 condolere

163 2423 271 2471 jussit
287 2424 300 2471 (
319 2423 422 2460 Rom.
445 2423 506 2461 12.
527 2424 572 2461 15
585 2421 614 2472 ).

217 2485 389 2533 Stagirius
405 2498 426 2522 a
445 2487 600 2523 daemone
619 2492 774 2522 vexatur.
797 2505 844 2512 -
857 2485 1008 2523 Videtur
1029 2485 1150 2534 itaque
1169 2495 1240 2523 una

170 2555 252 2583 esse
286 2557 393 2583 causa
422 2548 589 2586 mmroris
619 2548 698 2594 tui,
726 2548 939 2596 nequissimi
965 2548 1108 2586 scilicet
1134 2547 1242 2595 hujus

171 2607 347 2645 dtemonis
361 2609 524 2653 insania;
543 2620 665 2647 verum
681 2610 728 2647 ab
743 2611 810 2648 hac
826 2609 936 2647 veluti
950 2610 1072 2648 radice
1083 2609 1242 2657 plurima

172 2669 288 2708 tristia
304 2670 417 2715 oriri,
433 2670 462 2707 si
477 2671 558 2717 quis
573 2677 670 2709 recte
685 2673 911 2720 perspexerit
925 2701 936 2718 ,
951 2673 1239 2711 animadvertat:

170 2731 268 2778 quod
289 2741 360 2768 non
377 2741 421 2769 ex
439 2733 577 2779 meipso
591 2733 698 2771 modo
713 2734 864 2781 colligo,
877 2735 941 2773 sed
957 2746 1004 2772 ex
1024 2736 1096 2774 illis
1107 2765 1118 2780 ,
1133 2746 1237 2784 quae,

171 2792 258 2830 dum
275 2793 423 2830 adesses
438 2804 560 2831 coram
577 2821 588 2836 .
609 2800 642 2831 lc
661 2795 792 2842 sgcpius
807 2803 1086 2844 conquerentem
1101 2797 1237 2836 audivi.

171 2855 296 2892 Primo
312 2861 348 2894 te
361 2866 476 2904 nuper
489 2867 570 2894 cum
587 2856 751 2894 smculari
765 2867 867 2896 more
880 2859 1020 2897 viveres
1034 2888 1044 2904 ,
1064 2860 1152 2897 nihil
1170 2860 1242 2898 tale

173 2928 318 2965 passum
335 2929 441 2964 esse;
463 2918 526 2956 sed
549 2929 632 2957 cum
659 2919 811 2968 teipsum
843 2921 977 2959 mundo
1005 2922 1212 2960 crucifixiin
1229 2950 1241 2967 ,

175 2989 259 3018 tunc
277 2981 313 3018 in
330 2982 445 3019 morbi
465 2992 612 3020 sensum
630 2983 773 3022 venisse
789 3011 802 3028 ,
820 2994 900 3031 quae
927 2995 1014 3022 sane
1044 2996 1102 3024 res
1129 2986 1244 3033 possit

177 3043 212 3079 in
245 3044 550 3090 perturbationem
586 3045 695 3093 inque
727 3045 1014 3094 desperationem
1045 3049 1242 3096 conjicere.

174 3103 338 3140 Secundo
351 3132 362 3150 ,
377 3105 470 3152 quod
485 3116 591 3154 quam
610 3107 784 3154 plurimos
802 3108 944 3146 noveris
959 3137 970 3155 ,
987 3110 1074 3148 dum
1091 3111 1245 3149 delicate

174 3166 337 3203 viverent
351 3194 361 3210 ,
381 3167 448 3205 hac
466 3176 566 3216 peste
585 3176 771 3218 correptos
786 3199 797 3216 ,
815 3182 878 3211 eos
893 3179 1012 3212 tamen
1029 3185 1140 3222 parvo
1157 3181 1238 3223 post

175 3235 338 3276 tempore
355 3229 402 3267 ita
418 3241 460 3269 ea
479 3232 686 3272 infirmitate
704 3235 888 3282 liberatos,
905 3243 945 3274 ut
962 3237 1130 3286 perfecta:
1148 3239 1243 3276 inte-

175 3290 294 3338 gritati
315 3291 468 3330 restituti
486 3300 523 3331 et
538 3306 669 3335 uxores
688 3296 888 3344 ducerent,
913 3305 951 3337 et
971 3299 1142 3347 plurimos
1161 3311 1245 3348 pro-

175 3357 347 3390 crearent
364 3352 495 3392 liberos
510 3384 520 3399 ,
538 3359 777 3406 omnibusque
790 3359 871 3396 vita:
885 3362 1071 3406 praesentis
1084 3372 1244 3400 commo-

175 3415 232 3452 dis
251 3415 458 3453 fruerentur
471 3445 481 3461 ,
497 3418 656 3468 nihilque
673 3421 900 3468 postmodum
919 3423 988 3460 tale
1006 3431 1213 3471 paterentur
1232 3438 1242 3463 :

175 3484 298 3515 contra
317 3507 328 3523 ,
358 3485 395 3515 tu
413 3489 496 3516 cum
518 3486 652 3520 tantum
673 3490 817 3531 tempus
836 3483 872 3521 in
891 3484 1038 3531 jejuniis
1056 3497 1098 3524 ac
1116 3499 1246 3535 perno-

173 3541 392 3578 ctationibus
408 3569 418 3585 ,
437 3547 476 3578 et
502 3543 637 3590 reliqua
657 3546 739 3584 vitae
764 3547 976 3584 austeritate
1003 3549 1216 3588 contriveris
1233 3580 1242 3595 ,
1266 3581 1284 3586 ,ν

177 3602 314 3640 nullam
341 3614 585 3640 :crumnarum
617 3611 758 3644 tuarum
793 3609 1041 3648 liberationem
1073 3609 1246 3650 hactenus

179 3664 374 3702 inveneris.
396 3665 522 3703 Tertio
537 3695 546 3711 ,
565 3667 660 3714 quod
687 3679 768 3707 cum
795 3677 942 3708 sanctus
962 3671 1022 3709 ille
1041 3672 1096 3710 vir
1112 3679 1244 3712 tantam

177 3726 214 3765 in
235 3729 384 3776 reliquis
401 3729 488 3766 viris
506 3731 700 3777 potentiam
719 3733 917 3770 ealenderit
931 3762 941 3778 ,
965 3733 1049 3771 nihil
1069 3735 1244 3784 ejusmodi

176 3791 334 3838 potuerit
353 3791 387 3828 in
407 3797 465 3828 tua
485 3792 678 3829 dilectione
697 3793 873 3840 perlicere
886 3822 897 3839 ,
918 3806 1033 3843 neque
1053 3797 1128 3844 ipse
1145 3825 1155 3842 ,
1180 3809 1245 3836 nc-

175 3865 243 3899 que
262 3855 285 3892 ii
305 3866 366 3903 qut
384 3866 467 3893 cum
485 3857 694 3911 illqerant,
725 3858 786 3896 illo
813 3859 924 3897 etiam
957 3861 990 3898 in
1021 3860 1089 3899 hoc
1114 3873 1245 3910 genere

176 3920 422 3969 potentiores,
465 3931 588 3960 verum
617 3933 742 3961 omnes
773 3933 812 3962 re
843 3923 972 3964 infecta
1005 3924 1067 3964 abs
1097 3932 1130 3964 te
1159 3935 1240 3965 cum

741 233 804 271 AD
829 233 1079 274 STAGIRIUM
1105 233 1137 272 A
1165 232 1370 272 DJEMONE
1397 235 1639 275 VEXM‘UM.
1665 236 1752 275 LIB.
1781 237 1810 276 Ι.

2316 237 2388 278 £26

1312 311 1445 349 rubore
1463 311 1708 351 discesserint.
1729 314 1784 352 Ad
1807 314 1886 352 haec
1905 314 1974 352 alia
1991 305 2164 364 exparte
2183 315 2332 354 nimium
2349 323 2387 354 te

1311 373 1393 420 angi
1419 371 1592 419 dicebas,
1624 376 1720 423 quod
1747 376 1796 414 ita
1823 376 1984 414 animum
2012 383 2111 415 tuum
2137 378 2192 416 vis
2219 380 2389 417 mcroris

1312 436 1567 482 occupaverit,
1583 444 1620 474 ut
1639 438 1771 485 smpius
1786 449 1910 486 parum
1927 439 2022 476 absit
2039 439 2125 486 quin
2141 439 2186 477 ad
2203 440 2388 487 laqueum,

1313 497 1460 535 ﬂuvium
1497 504 1534 536 ct
1564 501 1802 548 przecipilinm
1835 511 2019 540 accurras.
2053 503 2188 549 Quinto
2217 503 2390 551 deinceps

1313 559 1393 595 loco
1410 586 1421 603 ,
1441 558 1538 607 quod
1558 561 1715 608 mquales
1731 567 1811 598 tuos
1825 567 1861 598 et
1874 563 2152 600 contubernales
2167 591 2178 607 ,
2193 563 2254 611 qui
2269 572 2388 602 tecum

1311 619 1422 656 vitam
1443 618 1537 657 hanc
1554 621 1739 667 inierunt,
1771 623 1964 670 tranquille
1993 630 2142 671 agentes
2171 625 2330 671 aspicis:
2353 630 2391 662 te

1312 691 1400 719 vero
1414 683 1622 720 saevissima!
1638 684 1805 731 procella:
1814 685 1933 722 adhuc
1946 687 2149 733 expositum
2164 713 2175 730 ,
2184 691 2222 723 et
2234 687 2387 730 carceri,

1312 743 1374 790 qui
1411 745 1574 781 omnium
1609 747 1774 790 profecto
1805 747 2034 785 miserrimus
2067 752 2152 792 est,
2190 747 2389 784 addictum.

1312 803 1436 852 Neque
1455 805 1551 842 enim
1573 805 1628 844 his
1649 808 1708 855 qui
1727 807 1825 845 ferro
1843 807 1951 846 vincti
1978 814 2063 846 sunt
2078 835 2088 852 ,
2115 808 2163 846 ita
2187 808 2393 856 lacryman-

1312 866 1398 904 dum
1417 867 1607 905 assercbas
1625 898 1635 913 ,
1655 875 1695 906 ut
1713 870 1757 907 iis
1775 898 1786 914 ,
1809 870 1870 921 qui
1897 869 2104 917 hujusmodi
2130 875 2256 908 catena
2283 869 2392 907 colli-

1313 931 1384 978 gati
1415 932 1561 969 fuerint.
1594 931 1728 970 Aiebas
1758 937 1794 970 et
1825 931 1922 970 aliud
1950 942 2032 970 esse
2058 937 2234 980 praetcrea
2254 960 2264 977 ,
2293 931 2390 979 quod

1314 997 1473 1034 maxime
1492 1002 1527 1033 te
1544 995 1708 1032 turbaret.
1725 1006 1735 1032 :
1758 994 1876 1032 vereri
1894 994 1992 1032 enim
2012 1004 2055 1032 ac
2075 1000 2233 1031 tremere
2248 1021 2259 1038 ,
2286 1003 2333 1030 ne
2359 993 2391 1032 si

1313 1059 1380 1097 ista
1399 1065 1502 1106 pater
1521 1057 1654 1095 sentiat
1669 1085 1680 1100 ,
1699 1057 1866 1095 maximis
1885 1056 2026 1103 injuriis
2049 1061 2158 1104 atque
2182 1055 2385 1092 incommo-

1313 1121 1370 1158 dis
1385 1119 1519 1157 alliciat
1535 1123 1680 1155 sanctos
1699 1117 1781 1154 illos
1796 1144 1807 1162 ,
1827 1119 1888 1165 qui
1909 1124 1944 1154 te
1972 1127 1992 1153 a
2018 1117 2194 1164 principio
2221 1127 2393 1164 suscepe-

1313 1189 1397 1221 runt
1417 1195 1426 1220 :
1449 1183 1580 1231 quippe
1598 1180 1750 1218 summis
1781 1180 1917 1216 viribus
1943 1186 2050 1228 atque
2078 1180 2207 1227 opibus
2235 1179 2390 1225 fretum,

1312 1253 1422 1294 atque
1440 1244 1685 1294 indignatione
1703 1242 1921 1281 concitatum
1937 1270 1949 1288 ,
1977 1247 2106 1279 cuncta
2130 1241 2305 1279 adversus
2327 1251 2392 1278 eos

1313 1319 1500 1355 ausurum,
1519 1314 1557 1346 et
1587 1307 1676 1346 nulli
1711 1305 1932 1354 parciturum
1959 1304 2139 1350 vindiciis,
2160 1315 2206 1342 ex
2240 1304 2311 1342 illis
2329 1303 2391 1352 qui

1313 1370 1382 1409 sibi
1412 1369 1628 1408 occurrerit.
1655 1367 1702 1406 Et
1732 1368 1906 1406 hactenus
1941 1366 2087 1415 quidem
2121 1365 2282 1414 potuisse
2317 1375 2394 1402 ma-

1314 1438 1406 1472 trem
1436 1443 1514 1471 rem
1542 1437 1679 1480 gestam
1710 1429 1847 1468 notitia:
1873 1430 1986 1478 patris
2021 1428 2223 1466 subducere
2239 1455 2251 1472 ,
2283 1437 2392 1474 repu-

1313 1495 1472 1542 lisseque
1498 1493 1599 1532 illum
1623 1503 1722 1541 saepe
1737 1521 1749 1539 ,
1767 1503 1849 1530 cum
1869 1492 1915 1530 de
1932 1498 1968 1530 te
1987 1491 2185 1539 inquireret
2205 1501 2214 1526 :
2237 1490 2313 1527 fore
2327 1500 2394 1526 au-

1315 1564 1388 1595 tem
1414 1563 1455 1594 ut
1485 1566 1657 1604 processu
1685 1546 1859 1610 temporis
1881 1553 2170 1602 deprehendatur
2189 1558 2291 1590 cauta
2313 1551 2392 1588 ha-e

1306 1618 1442 1672 matris
1471 1617 1680 1661 simulatio,
1702 1615 1849 1664 jamque
1879 1615 1940 1653 ille
1967 1621 2004 1652 et
2032 1614 2172 1671 ipsiet
2205 1612 2394 1652 monachis

1314 1679 1492 1717 acerrime
1524 1678 1724 1716 immineat.
1759 1677 1947 1719 Postremo
1976 1676 2073 1724 quod
2116 1668 2277 1713 omnium
2315 1685 2393 1711 ma.

1316 1742 1435 1794 lorum
1476 1751 1684 1789 supremum
1712 1740 1855 1778 culmen
1885 1746 1966 1784 est,
2001 1739 2134 1777 nullam
2164 1737 2226 1775 tibi
2256 1743 2392 1774 certam

1315 1813 1398 1843 esse
1431 1802 1634 1840 futurorum
1663 1801 1919 1840 conﬁdentiam
1948 1800 2120 1844 dicebas,
2139 1809 2257 1847 neque
2285 1808 2393 1846 aper-

1313 1865 1385 1903 tius
1416 1865 1538 1910 scire,
1567 1864 1598 1901 si
1626 1862 1772 1911 quando
1802 1861 1921 1900 futura
1949 1861 1996 1899 sit
2029 1860 2148 1900 morbi
2187 1860 2295 1908 hujus
2326 1859 2390 1898 ab-

1312 1927 1446 1964 solutio
1462 1931 1570 1974 atque
1589 1925 1754 1965 liberatio
1771 1952 1782 1970 ,
1800 1935 1881 1962 cum
1897 1951 1910 1968 ,
1941 1924 2074 1972 saepius
2107 1924 2174 1960 hac
2202 1927 2392 1970 exspecta-

1313 1989 1412 2026 tione
1431 1988 1551 2026 babita
1568 2015 1578 2034 ,
1598 1997 1724 2026 rursus
1743 1987 1780 2024 in
1800 1987 1968 2026 eamdem
1995 1985 2178 2024 miseriam
2205 1985 2391 2024 incideris.

1313 2049 1414 2088 Talia
1433 2056 1519 2088 sunt
1539 2049 1702 2098 profecto
1721 2049 1788 2087 ista
1805 2077 1818 2096 ,
1839 2060 1918 2097 qua:
1937 2049 2098 2086 animum
2125 2049 2283 2086 maxime
2310 2058 2392 2096 per-

1313 2113 1461 2151 turbare
1495 2113 1662 2161 possint,
1692 2113 1900 2162 ingentique
1925 2111 2076 2160 implere
2114 2111 2293 2155 tumultu,
2325 2109 2390 2147 sed

1313 2173 1474 2211 animum
1495 2175 1685 2212 remissum
1703 2202 1713 2220 ,
1734 2173 1944 2222 imperitum
1969 2183 2013 2210 ac
2037 2171 2213 2211 desidem.
2233 2172 2280 2209 At
2306 2179 2391 2208 vere

1314 2246 1382 2274 nos
1401 2237 1430 2274 si
1449 2237 1654 2285 perspicere
1672 2237 1857 2286 paululum
1878 2237 2098 2274 voluerimus
2111 2265 2120 2280 ,
2135 2235 2392 2284 cogitationes-

1313 2309 1384 2347 que
1404 2299 1480 2346 pias
1499 2299 1708 2342 admovere,
1737 2299 1804 2336 has
1833 2309 1961 2336 onmes
1981 2298 2148 2336 mwroris
2166 2307 2294 2334 causas
2315 2295 2392 2333 vel-

1314 2360 1367 2398 uti
1398 2361 1646 2398 tenuissimum
1665 2361 1852 2407 pulverem
1877 2359 2115 2398 excutiemus.
2149 2359 2244 2397 Cave
2271 2364 2392 2396 autem

1315 2428 1420 2471 putes
1439 2432 1499 2460 me
1525 2421 1634 2460 modo
1655 2422 1722 2458 ista
1743 2421 1880 2458 idcirco
1899 2428 1995 2458 tanta
2015 2419 2184 2457 facilitate
2201 2419 2362 2468 polliceri
2379 2445 2390 2461 .

1315 2484 1412 2532 quod
1430 2491 1531 2522 extra
1551 2483 1715 2522 dolorem
1739 2485 1834 2520 hunc
1863 2483 2130 2530 procellamqne
2157 2491 2292 2518 verser.
2317 2480 2393 2517 Etsi

1315 2547 1412 2584 enim
1429 2546 1643 2596 quibusdam
1665 2545 1828 2584 fortassis
1848 2544 2068 2582 incredibilia
2087 2543 2209 2581 dicere
2225 2542 2391 2587 videbor,

1315 2609 1434 2648 dicam
1457 2615 1576 2646 tamen
1597 2619 1606 2643 :
1629 2617 1746 2655 neque
1763 2607 1858 2644 enim
1873 2617 1956 2644 cum
1974 2605 2121 2654 reliquis
2141 2611 2179 2642 tu
2196 2603 2283 2641 mihi
2303 2613 2393 2652 quo-

1315 2683 1387 2722 que
1406 2672 1513 2710 tidem
1534 2681 1606 2709 non
1629 2671 1790 2709 habebis.
1931 2669 1933 2672 ’

1364 2734 1510 2772 Daemon
1529 2734 1599 2770 suis
1616 2735 1765 2782 formam
1790 2731 1927 2780 accipit.
1946 2751 1995 2759 —
2009 2729 2099 2768 Cum
2117 2730 2163 2768 ab
2183 2729 2287 2766 initio
2305 2739 2388 2783 sce-

1316 2797 1430 2835 lestus
1455 2796 1515 2833 ille
1534 2795 1678 2832 dznmon
1695 2795 1857 2832 animum
1879 2794 2012 2830 invasit
2033 2799 2146 2837 tuam,
2176 2798 2285 2838 atque
2310 2801 2392 2827 cum

1317 2859 1460 2898 caeteris
1477 2857 1672 2906 prostravit
1689 2863 1870 2901 orantem,
1902 2866 1974 2894 non
1995 2854 2162 2904 equidem
2184 2860 2269 2891 tunc
2297 2863 2393 2900 pra:-

1317 2932 1405 2960 sens
1439 2916 1602 2966 aderam,
1636 2920 1844 2969 gratiasque
1875 2929 1944 2966 ago
1971 2917 2256 2955 clementissimo
2288 2915 2392 2959 Deo;

1317 2983 1427 3021 didici
1457 2990 1578 3020 tamen
1595 2983 1717 3020 omnia
1737 2981 2026 3030 diligentissime,
2058 2990 2129 3017 non
2159 2988 2266 3016 secus
2295 2988 2337 3016 ac
2363 2976 2394 3014 si

1317 3047 1397 3094 ipse
1425 3045 1622 3083 atfuissem.
1641 3043 1732 3082 Nam
1753 3043 1976 3091 'l'he0philus
1995 3041 2186 3089 Ephesius,
2209 3040 2395 3087 utriusque
2463 3045 2465 3048 '

1319 3116 1484 3146 nostrum
1513 3107 1668 3154 amicus,
1690 3106 1874 3155 profectus
1892 3099 1938 3142 ad
1965 3115 2038 3150 me,
2066 3111 2195 3142 cuncta
2221 3103 2309 3140 mihi
2332 3112 2396 3150 per

1318 3173 1486 3210 ordinem
1505 3171 1644 3215 retulit,
1660 3171 1832 3208 distortus
1851 3181 1993 3213 atauus,
2017 3175 2140 3206 torvos
2157 3168 2298 3213 oculos,
2321 3167 2396 3203 oris

1316 3247 1500 3285 spumam,
1519 3235 1740 3273 horrendam
1761 3235 1858 3271 illam
1879 3239 1914 3271 et
1929 3232 2118 3270 confusam
2142 3242 2283 3276 vocem,
2308 3240 2393 3268 cor-

1318 3300 1419 3348 poris
1445 3307 1655 3343 tremorem,
1677 3299 1884 3336 diuturnam
1911 3307 2040 3334 sensus
2058 3295 2311 3344 privationcm.
2338 3293 2394 3331 vi-

1318 3370 1473 3408 sumque
1492 3359 1652 3397 terribile
1669 3359 1764 3408 quod
1795 3357 1836 3396 éa
1855 3366 1960 3397 nocte
1980 3366 2166 3396 ostensum
2191 3364 2259 3395 est.
2282 3356 2392 3394 Sucm

1307 3422 1416 3467 enim
1437 3421 1627 3469 quemdam
1656 3421 1918 3459 ferocissimum
1947 3420 2103 3458 maxima
2131 3418 2164 3456 vi
2185 3418 2250 3456 luti
2271 3415 2391 3463 inqui-

1318 3491 1442 3523 natum
1472 3486 1506 3522 in
1530 3491 1565 3523 te
1584 3485 1722 3523 insilire
1736 3485 1884 3532 jngitcr,
1905 3491 2014 3532 atque
2045 3491 2162 3520 tecum
2181 3485 2390 3518 concertare

1309 3549 1462 3598 aiebat:
1481 3559 1636 3596 cumque
1654 3549 1684 3586 is
1698 3548 1758 3596 qui
1775 3548 1876 3595 juxta
1897 3545 2163 3588 obdormiebat,
2190 3552 2232 3593 ea
2255 3539 2391 3576 visione

1319 3613 1498 3658 turbatus,
1528 3618 1765 3660 experrectus
1791 3616 1904 3657 esset,
1933 3610 2113 3648 invenisse
2144 3611 2179 3642 te
2199 3611 2341 3640 rursum
2370 3610 2391 3636 ει

1317 3677 1485 3714 ὀωηιοιιθ
1504 3675 1640 3714 vexari.
2047 3667 2049 3670 ’

1306 3775 1309 3779 ,
1365 3739 1404 3776 2.
1431 3739 1520 3777 Cum
1537 3739 1644 3787 igitur
1660 3739 1737 3785 hate
1751 3738 1812 3776 ille
1829 3734 2071 3775 denuntiaret,
2088 3736 2237 3772 tantam,
2258 3730 2390 3770 fateor.

1317 3803 1486 3842 nnmroris
1506 3802 1672 3840 nebulam
1696 3801 1784 3838 Inibi
1801 3796 1942 3840 offudit,
1957 3799 2126 3842 quantam
2153 3789 2212 3826 hic
2230 3789 2305 3836 ipse
2319 3787 2388 3824 du-

1309 3865 1485 3906 rissimus
1503 3865 1646 3902 datmon
1663 3864 1805 3901 caritati
1834 3866 1918 3897 tuae.
1945 3857 2074 3894 Postea
2100 3863 2188 3890 vero
2204 3862 2310 3899 quam
2330 3861 2389 3888 me

1317 3937 1364 3966 ex
1383 3927 1514 3967 acerbo
1534 3937 1576 3965 ac
1607 3925 1746 3963 diutino
1775 3921 1899 3960 dolore
1929 3907 2070 3964 collegi,
2093 3913 2180 3952 nihil
2201 3913 2288 3951 mihi
2313 3913 2390 3960 jam
