2734 4342
397 239 464 278 627

394 321 430 359 in
451 311 587 358 mundo
601 319 724 366 arare,
740 307 832 351 nihil
851 305 958 349 dulce
975 303 1189 346 videbatur:
1205 301 1269 343 sed
1286 311 1374 366 cum
1383 299 1472 340 olim

393 379 589 420 vanitatem
605 363 732 416 saeculi
751 367 973 421 contemptui
991 366 1241 408 liabuerim,ac
1259 363 1462 412 reprehen-

391 439 480 481 dere
503 435 632 478 solitus
651 433 734 477 sint.
757 438 842 474 tunc
864 429 1021 474 maxime
1039 427 1075 469 id
1095 436 1223 474 ptISSus
1251 435 1348 472 Sum,
1378 433 1459 465 ma-

389 501 521 548 jorque
539 496 694 540 alIectus
713 493 758 531 ad
785 491 1007 537 desiderium
1027 489 1138 532 subiit
1153 486 1360 531 dilectionis
1380 491 1474 530 tua};

390 560 526 616 quippe
543 569 584 596 ea
605 563 662 600 est
680 566 828 601 casuum
837 553 1002 598 .tristium
1022 558 1165 596 natura,
1183 561 1264 605 qua:
1278 549 1476 592 amicitiam

392 609 592 678 peraugere
609 619 818 664 consuevit:
839 617 948 671 idque
963 627 1008 660 ex
1025 625 1070 656 eo
1087 615 1216 668 liquet,
1237 611 1334 668 quod
1354 609 1478 653 inimi-

391 673 498 728 citius
513 693 657 732 quoque
675 683 780 724 facile
801 689 975 724 revocare
995 679 1031 722 in
1049 677 1204 732 gratiam
1236 675 1366 726 possit.
1384 673 1477 718 Nul-

393 749 451 791 lus
468 748 567 786 enim
591 747 665 783 lere
687 751 758 788 tam
782 742 964 794 immanis,
983 748 1131 790 tamque
1150 740 1299 783 insanus
1319 743 1390 783 est,
1417 735 1480 786 qui

393 809 424 853 si
445 809 566 853 videat
593 808 692 858 gravi
722 807 842 855 aliquo
861 815 948 850 casu
965 803 1049 852 angi
1078 801 1280 848 inimicum,
1303 799 1480 842 adversus

394 871 494 916 illum
510 859 658 913 servare
672 869 794 908 odium
813 867 943 916 possit.
961 865 1064 912 Quod
1084 864 1116 908 si
1137 863 1366 901 inimicorum
1385 871 1480 910 quo-

393 945 465 987 que
497 934 728 976 miseremur,
759 939 896 978 eosque
929 928 1134 966 amicorum
1165 925 1345 969 habemus
1379 924 1476 969 loco,

393 985 479 1033 cum
496 1005 606 1042 grave
625 992 760 1044 aliquid
781 998 891 1040 atque
908 991 1134 1039 insperatum
1161 987 1243 1027 illos
1261 985 1402 1035 perpeti
1422 986 1478 1022 vi-

374 1057 549 1094 ~demus:
570 1055 777 1100 considera,
804 1063 944 1103 quaeso,
978 1052 1171 1100 dil'genter
1189 1049 1276 1099 quid
1307 1059 1367 1086 me
1387 1047 1477 1096 pati,

395 1129 514 1173 quove
533 1128 616 1156 esse
633 1117 755 1155 animo
773 1125 926 1159 necesse
944 1113 1067 1159 fuerit,
1089 1113 1176 1150 dum
1195 1121 1292 1158 eum,
1311 1121 1418 1159 quem
1434 1119 1480 1151 ex

396 1181 568 1219 omnibus
596 1181 756 1218 maxime
781 1179 906 1227 diligo,
929 1187 1110 1226 quemque
1137 1185 1210 1213 non
1231 1175 1352 1212 minus
1371 1183 1480 1222 quam

376 1247 380 1252 '
397 1253 458 1280 me
477 1252 601 1284 carum
631 1241 762 1288 habeo,
781 1239 907 1278 vexari
935 1239 1127 1285 acerrime,
1149 1247 1192 1275 ac
1213 1246 1371 1278 maerore
1390 1234 1482 1272 deli-

395 1315 484 1342 cerc
501 1303 680 1348 audirem.
702 1302 784 1344 Noli
811 1303 932 1351 itaque
951 1307 1080 1355 putare
1105 1309 1172 1342 nos
1189 1297 1392 1336 vexationis
1411 1302 1482 1334 tua:

398 1367 596 1417 immunes,
624 1365 785 1406 fomenta
803 1363 869 1402 tibi
893 1361 1156 1404 consolationis
1173 1360 1383 1403 admovere.
1404 1358 1481 1401 Etsi

397 1429 496 1468 enim
509 1439 529 1466 a
542 1427 814 1476 perturbatione
828 1426 950 1471 illa,ac
961 1423 1164 1474 dejectione
1176 1421 1309 1460 diaboli
1321 1431 1402 1458 sum
1416 1419 1482 1457 Dei

398 1491 514 1540 gratia
533 1491 640 1534 liber,
667 1489 776 1537 hujus
794 1494 916 1530 tamen
934 1487 1116 1525 mestitiae
1134 1495 1177 1523 ac
1197 1484 1334 1528 doloris
1359 1491 1482 1531 aequas

400 1558 522 1602 partes
536 1551 624 1589 mihi
637 1557 756 1589 tecum
771 1550 916 1588 vindico
937 1561 948 1587 :
964 1555 1074 1598 atque
1088 1548 1124 1586 in
1139 1547 1210 1585 hoc
1224 1547 1312 1584 mihi
1330 1545 1483 1583 credent

400 1615 463 1662 qui
482 1614 530 1652 ita
543 1620 582 1652 ut
593 1620 738 1663 oportet
756 1613 908 1662 diligere
922 1615 1116 1650 noverunt.
1130 1611 1206 1665 Age
1219 1619 1305 1658 ergo
1316 1607 1482 1646 excutia-

400 1688 483 1715 mus
497 1677 596 1715 bunc
613 1678 799 1726 pulverem
817 1688 826 1712 :
844 1676 892 1714 ita
911 1675 1009 1714 enim
1028 1675 1099 1713 erit
1115 1671 1317 1711 tolerabilis
1330 1681 1374 1709 ac
1391 1669 1484 1708 levis

403 1737 554 1785 hujusce
582 1737 840 1797 vjsmoeroris,
861 1735 892 1774 si
909 1736 1133 1773 uoluerimus
1153 1732 1317 1772 cedendo
1337 1731 1485 1780 aegritu-

400 1797 476 1834 dini
495 1797 588 1834 trahi
603 1793 652 1834 ad
669 1797 882 1844 praecipitia,
903 1797 969 1834 sed
989 1796 1138 1848 vigilare
1165 1795 1302 1842 potius,
1339 1799 1378 1831 et
1396 1793 1484 1841 quid

401 1861 498 1898 facto
515 1871 608 1908 opus
626 1861 674 1898 sit
691 1860 868 1908 cogitare.
888 1859 1050 1902 Plurima
1067 1859 1164 1898 enim
1195 1868 1240 1896 ex
1261 1858 1306 1894 iis
1325 1868 1408 1906 qua:
1425 1857 1482 1894 vl-

401 1923 535 1961 dentur
553 1922 804 1967 acerbissima,
826 1923 1036 1970 priusquam
1051 1922 1310 1960 examinentur
1329 1921 1483 1968 diligen-

402 1987 490 2032 tius,
512 1986 633 2034 gravia
652 1990 830 2034 putantur
845 1992 882 2022 et
910 1983 1178 2035 intolerabilia:
1197 1983 1230 2021 si
1258 1982 1340 2032 quis
1359 1989 1481 2020 tamen

400 2059 444 2086 ea
465 2049 606 2086 ratione
623 2047 806 2094 discutiat,
827 2047 988 2084 inveniet
1012 2055 1094 2084 esse
1114 2047 1221 2094 longe
1239 2046 1410 2096 Opinione
1427 2045 1482 2083 le—

401 2111 518 2156 viora,
537 2111 646 2164 quod_
666 2110 776 2148 modo
795 2120 940 2158 quoque
958 2109 1117 2148 futurum
1147 2119 1219 2146 non
1235 2109 1404 2157 despero.
1425 2108 1482 2146 Tu

402 2181 541 2211 tantum
560 2175 715 2222 teipsum
729 2175 962 2223 crige,ncque
982 2183 1084 2211 vana:
1096 2183 1140 2212 ac
1151 2173 1271 2212 stultae
1283 2172 1380 2221 vulgi
1399 2173 1482 2220 opi-

403 2237 504 2272 nioni
533 2237 790 2284 acquiescens,
823 2237 1012 2275 fortiorem
1041 2243 1168 2274 contra
1200 2247 1268 2280 nos
1295 2237 1482 2274 inimicum

403 2305 554 2336 statuas.
583 2299 692 2346 Igitur
706 2300 736 2336 si
753 2299 900 2348 quidem
928 2299 973 2338 ad
991 2299 1151 2348 aliquem
1169 2299 1370 2342 inﬁdelium
1388 2297 1482 2336 mihi

403 2374 524 2402 sermo
553 2369 666 2409 esset,
683 2363 741 2402 vel
761 2372 888 2400 eorum
905 2360 968 2410 qui
987 2369 1073 2398 casu
1100 2358 1187 2397 ferri
1203 2358 1327 2395 omnia
1361 2357 1488 2394 existi-

404 2431 519 2471 mant,
540 2425 598 2463 vel
629 2435 758 2464 eorum
787 2424 849 2472 qui
878 2421 1113 2471 aequissimis
1139 2419 1332 2458 dazmoniis
1362 2417 1489 2456 mundi

405 2489 669 2536 providentiam
699 2480 1002 2538 assignant,'plus
1020 2483 1110 2522 milii
1140 2483 1281 2532 negotii
1301 2480 1491 2520 incumbe-

407 2557 476 2598 ret,
493 2550 772 2599 repellendaque
787 2549 890 2598 prius
906 2556 1060 2586 erronea
1079 2545 1206 2597 opinio
1225 2545 1366 2591 fuisset,
1381 2549 1490 2592 atque

405 2613 556 2650 veritate
576 2612 810 2661 providentiae
829 2617 990 2654 ostensa,
1013 2613 1090 2646 tum
1119 2611 1266 2648 demum
1287 2604 1489 2645 consolatio

405 2674 661 2716 subinl‘crenda
681 2679 780 2712 esset
801 2683 810 2710 :
836 2672 1009 2721 quoniam
1027 2680 1118 2710 vero
1135 2670 1272 2709 Christi
1293 2669 1408 2718 gratia
1430 2668 1490 2705 in-

376 2757 378 2759 ·
405 2749 566 2784 structus
585 2738 630 2784 ab
649 2737 800 2779 infantia
813 2745 936 2775 sacras
949 2734 1111 2775 didicisti
1127 2733 1264 2778 literas,
1278 2741 1439 2779 veraque
1451 2736 1491 2768 et

405 2803 578 2841 salutaria
587 2803 755 2851 dogmata
767 2812 812 2840 ex
824 2799 1003 2849 majorum
1015 2803 1160 2835 tuorum
1172 2794 1404 2834 successione
1415 2803 1491 2831 sus-

405 2866 550 2914 cepisti,
585 2865 704 2904 credis
722 2864 860 2912 absque
889 2862 962 2900 ulla
993 2859 1224 2898 haesitatione
1258 2858 1337 2896 Deo
1364 2865 1490 2894 curam

407 2939 490 2967 esse
509 2927 556 2966 de
585 2927 770 2970 omnibus,
801 2931 840 2962 et
871 2925 918 2962 de
945 2923 1002 2960 his
1029 2920 1191 2960 maxime
1222 2919 1286 2968 qui
1314 2919 1384 2956 sibi
1416 2916 1489 2955 ﬁde

405 2991 522 3040 juncti
541 2996 648 3035 sunt;
669 2989 805 3027 omissa
822 2987 893 3025 hac
912 2991 1030 3034 parte,
1051 2983 1200 3021 aliunde
1219 2991 1407 3021 sumamus
1435 2980 1490 3018 in-

408 3055 527 3091 itium.
543 3053 728 3100 Principio
747 3061 830 3089 cum
845 3049 995 3098 angelos
1011 3052 1154 3086 crearet
1168 3047 1266 3084 Deus
1283 3057 1294 3092 ;
1312 3045 1386 3082 imo
1404 3053 1491 3082 vero

409 3123 451 3154 ut
466 3117 576 3155 altius
593 3116 745 3154 ducatur
765 3113 908 3152 oratio:
929 3117 1126 3159 antequam
1145 3110 1296 3158 angelos
1313 3107 1490 3147 conderet

409 3181 649 3226 caelestesque
677 3177 836 3224 reliquas
853 3174 1032 3217 Virtutes,
1065 3172 1164 3210 Deus
1193 3177 1274 3210 erat
1305 3171 1386 3209 sine
1415 3169 1491 3207 ullo

411 3251 584 3290 umquam
615 3238 814 3278 exsistendi
833 3237 1026 3286 principio.
1047 3235 1138 3273 Cum
1164 3246 1255 3274 vero
1274 3235 1409 3273 nullius
1438 3231 1493 3270 rei

413 3314 525 3352 egens
553 3313 700 3350 semper
727 3306 838 3346 esset,
859 3299 896 3338 id
923 3299 1060 3348 quippe
1078 3299 1265 3348 proprium
1293 3295 1492 3335 divinitatis

413 3371 483 3410 est,
503 3363 640 3402 creavit
657 3362 822 3410 angelos,
843 3360 1097 3409 archangelos,
1113 3370 1313 3408 omnesque
1332 3358 1492 3406 reliquas

413 3427 648 3474 incorporeas
667 3424 902 3462 substantias.
931 3423 1078 3462 Creavit
1095 3433 1183 3460 vero
1203 3423 1250 3460 ob
1266 3421 1364 3459 aliud
1386 3419 1490 3464 nihil,

415 3491 484 3529 nisi
500 3489 576 3528 sola
593 3487 766 3526 bonitatis
781 3497 858 3526 sua:
875 3497 997 3526 causa.
1014 3485 1178 3534 Quorum
1199 3485 1297 3524 enim
1318 3483 1492 3531 obsequio

413 3564 488 3592 non
504 3553 702 3602 indigebat,
721 3562 918 3602 numquam
937 3562 1000 3590 eos
1015 3549 1179 3599 profecto
1193 3547 1404 3592 creavisset,
1420 3545 1490 3583 nisi

413 3627 584 3665 supreme
602 3618 720 3655 bonus
739 3622 855 3654 esset.
884 3615 972 3654 Post
989 3615 1136 3654 illorum
1160 3622 1250 3650 vero
1267 3610 1492 3649 creationem

414 3679 502 3717 fecit
518 3679 706 3718 hominem
723 3679 804 3728 ipsa
823 3677 961 3716 scilicet
975 3684 1084 3726 atque
1101 3673 1228 3714 eadem
1245 3682 1370 3716 causa,
1388 3680 1494 3708 mun-

413 3741 576 3792 dumque
595 3741 691 3779 hunc
708 3751 872 3780 omnem.
900 3749 1008 3788 quem
1037 3747 1120 3776 cum
1151 3733 1354 3772 innumeris
1386 3730 1492 3770 bonis

416 3802 653 3849 insigniisset,
673 3811 823 3850 parvum
843 3801 944 3839 illum
965 3805 1002 3838 et
1018 3798 1232 3850 vilissimum
1250 3795 1308 3833 his
1325 3792 1494 3831 omnibus

417 3865 590 3910 pra-fecit,
620 3849 689 3902 hoc
721 3865 822 3902 illum
851 3865 886 3902 in
914 3869 1009 3900 terra
1029 3849 1268 3900 constituens,
1299 3854 1396 3904 quod
1415 3853 1495 3902 ipse

418 3931 514 3962 esset
533 3925 568 3962 in
587 3926 692 3964 cgelo.
709 3924 813 3972 Quod
835 3925 934 3964 enim
951 3923 1021 3962 ait:
1045 3920 1230 3959 Faciamus
1249 3917 1421 3956 hominem
1448 3916 1495 3952 ad

897 222 1154 282 S._JOANNIS
1177 218 1503 264 Cl-IBYSOSTOMI
1532 218 1752 263 ARCHIEP.
1779 217 2137 268 CONSTAN'HNOP.
2491 231 2543 274 ηδ

1548 297 1732 346 imaginem
1751 303 1782 337 et
1801 296 2056 338 similitudinem
2072 303 2216 338 nostram
2231 297 2325 348 (Gen.
2346 301 2459 351 ωδ),
2477 307 2544 347 nihil

1550 358 1647 401 aliud
1672 357 1851 408 proiecto,
1875 367 1982 405 quam
2002 357 2068 399 sub
2085 358 2214 400 ultione
2234 359 2306 407 eius
2321 363 2421 410 posita
2435 371 2544 409 terrena

1549 427 1679 463 cuncta
1693 420 1882 468 signiﬁcat.
1897 419 1985 463 Cum
2001 421 2104 470 igitur
2121 420 2165 459 ita
2180 420 2272 462 illum
2285 423 2444 462 conditum
2456 427 2485 464 in
2495 435 2544 468 latt-

1550 489 1588 525 ιο
1613 483 1752 525 honore
1769 482 1939 530 locasset,
1955 481 2065 525 veluti
2081 482 2154 530 regi
2174 482 2296 533 regiam
2313 485 2486 534 paradisum
2497 489 2544 538 ipsi

1552 551 1780 586 terrenarum
1795 544 1956 582 omnium
1976 543 2244 593 pulcherrimam
2258 545 2369 588 sedem
2382 549 2543 597 assignavit.

1550 606 1687 649 Volens
1705 613 1882 656 praeterea
1903 605 1972 654 ipsi
1991 607 2059 646 alia
2073 616 2208 658 quoque
2221 616 2262 648 ex
2279 614 2371 656 parte
2385 611 2544 657 ostendere,

1553 675 1727 720 quantum
1747 669 1952 711 animantes
1977 668 2132 722 reliquas
2161 669 2290 710 honore
2318 673 2544 722 transcenderet,

1550 729 1700 767 adducit
1717 730 1763 767 ad
1782 730 1884 771 illum
1917 739 2056 774 omnes.
2077 740 2119 771 ac
2144 731 2281 774 numina
2307 732 2437 783 singulis
2461 735 2545 784 inuia.

1551 801 1639 829 nere
1654 791 1776 840 jubet;
1798 791 2011 840 nullumque
2030 802 2077 832 ex
2095 791 2150 833 his
2175 792 2208 835 in
2229 793 2421 843 adiutorium
2435 795 2484 837 dat
2501 798 2545 842 illi,

1552 865 1771 904 causamque
1797 855 1962 905 protinus
1981 855 2172 904 adjiciens:
2197 854 2274 895 Non
2288 857 2380 902 enim,
2396 858 2498 909 inquit,
2510 860 2546 901 δη.

1551 923 1672 954 ventus
1685 923 1734 954 est
1747 916 1887 966 adjutor
1904 917 2023 959 similis
2036 917 2068 954 ei
2082 916 2180 965 (Gen.
2193 917 2230 958 ‘2,
2246 916 2317 966 20),.
2331 917 2408 960 Cum
2423 930 2490 958 vero
2504 931 2546 968 pc:

1553 980 1632 1018 haec
1649 979 1771 1022 omnia
1789 978 1948 1022 medium
1966 976 2150 1028 utriusque
2177 985 2304 1022 natura:
2323 991 2394 1023 eum
2421 992 2486 1022 esse
2503 983 2547 1024 do-

1552 1044 1700 1088 cuisset,
1727 1043 1897 1092 quodque
1917 1043 2082 1086 omnibus
2101 1049 2193 1085 esset
2219 1044 2290 1094 ipse
2318 1045 2492 1084 ltonomtior
2510 1047 2546 1083 ni-

1553 1103 1676 1154 hilque
1695 1111 1794 1143 esset
1811 1105 1862 1142 illi
1881 1104 2014 1149 simile,
2033 1111 2118 1147 tunc
2135 1111 2170 1144 et
2189 1105 2360 1148 mulierem
2378 1113 2470 1151 creat,
2485 1114 2512 1145 ct
2524 1109 2546 1148 in

1554 1167 1624 1206 hoc
1653 1168 1754 1205 illum
1774 1178 1900 1206 rursus
1933 1167 2114 1210 honoraris
2143 1168 2416 1216 manifestumque
2440 1169 2546 1218 iacit-ns,

1553 1229 1650 1278 quod
1679 1230 1778 1268 illam
1809 1240 1954 1278 quoque
1983 1229 2096 1283 ipsius
2123 1231 2231 1278 gratia
2254 1236 2406 1275 creasset,
2431 1231 2501 1272 sicut
2523 1239 2547 1275 et

1553 1291 1688 1332 Paulus
1707 1293 1758 1328 ait
1779 1303 1790 1328 :
1812 1291 1910 1343 Non,
1932 1291 2060 1340 inquit,
2080 1298 2208 1330 creatus
2231 1292 2346 1332 estvir
2370 1299 2483 1338 propter
2494 1303 2545 1329 m-

1553 1352 1682 1399 lierem,
1703 1354 1764 1391 sed
1781 1354 1904 1394 mulier
1920 1360 2060 1404 propter
2082 1353 2188 1390 uirum
2206 1351 2254 1402 (l.
2271 1353 2342 1390 Cor.
2367 1353 2418 1391 ii.
2437 1351 2477 1402 il).
2495 1351 2546 1390 Non

1553 1424 1676 1457 autem
1694 1419 1752 1458 his
1772 1424 1912 1458 tantum
1932 1419 2032 1460 illum
2059 1417 2256 1462 honoravit,
2275 1427 2387 1458 verum
2405 1423 2436 1456 et
2448 1426 2546 1455 sermo-

1554 1491 1639 1523 nem
1654 1481 1704 1520 illi
1721 1481 1785 1522 uni
1805 1491 1850 1520 ex
1868 1481 2036 1519 omnibus
2050 1479 2194 1527 largitus
2211 1485 2276 1522 est,
2292 1479 2403 1526 suique
2420 1477 2495 1513 illum
2505 1487 2546 1513 no-

1555 1544 1656 1582 tione
1675 1544 1842 1593 dignatus
1859 1551 1929 1592 est,
1948 1553 1990 1584 ac
2008 1553 2074 1581 suo
2093 1542 2188 1580 dedit
2208 1541 2272 1582 frui
2284 1540 2454 1584 consortio,
2471 1547 2547 1585 quan-

1555 1611 1634 1648 tum
1661 1605 1732 1647 frui
1750 1606 1860 1644 homo
1885 1611 2040 1654 poterat.
2062 1603 2320 1642 immortalitate
2343 1607 2486 1649 praeterea
2504 1597 2547 1634 do-

1555 1667 1714 1708 nandum
1736 1667 1916 1718 promisit,
1935 1677 2145 1718 summaque
2159 1663 2312 1712 implevit
2326 1662 2483 1714 sapientia,
2501 1660 2547 1707 sri-

1554 1731 1722 1768 ritualem
1741 1729 1791 1768 illi
1803 1731 1954 1780 gratiam
1971 1729 2157 1781 adjiciens,
2171 1727 2258 1765 adeo
2270 1733 2306 1764 ut
2319 1724 2462 1762 nonnulla
2476 1723 2548 1764 etiam

1554 1791 1784 1840 praediceret.
1811 1791 1968 1840 Haecque
1987 1791 2038 1828 illi
2066 1789 2338 1838 omnia-largitus
2354 1792 2413 1831 est,
2438 1795 2500 1823 cum
2513 1791 2548 1820 ta-

1554 1864 1638 1890 men
1657 1853 1702 1892 ab
1727 1864 1771 1892 eo
1790 1853 1886 1892 nulla
1913 1861 1998 1892 ante
2021 1858 2118 1893 recte
2143 1851 2231 1889 facta
2255 1849 2475 1887 manavisseut.
2487 1844 2550 1892 Quid

1554 1914 1664 1964 igitur
1693 1915 1754 1953 ille
1772 1916 1784 1938 ⁸
1804 1921 1888 1964 post
1919 1921 2016 1958 tanta
2048 1920 2189 1962 tamque
2211 1911 2386 1960 singularia
2402 1906 2550 1950 beneﬁcia!

1553 1975 1724 2014 Beneﬂco
1739 1987 1806 2015 suo
1825 1977 1894 2015 (ide
1913 1977 2112 2026 digniorem
2135 1975 2308 2014 inimicum
2327 1972 2486 2009 arbitratus
2500 1976 2550 2014 est,

1553 2043 1749 2087 spretoque
1767 2039 1936 2077 mandato
1947 2038 2140 2077 conditoris
2159 2035 2322 2082 fallaciam
2333 2033 2414 2071 illius
2426 2029 2552 2080 pratulit,

1553 2099 1614 2147 qui
1625 2110 1666 2138 se
1677 2100 1830 2150 perdere
1843 2101 1992 2138 omnino
2002 2099 2174 2146 bonisque
2186 2095 2340 2135 omnibus
2349 2094 2458 2142 ejicere
2466 2091 2553 2138 cupie-

1553 2163 1794 2202 bat.Pr:etulit
1809 2171 2032 2210 autem,cum
2046 2169 2162 2200 tamen
2177 2160 2306 2199 nullum
2317 2166 2417 2204 neque
2429 2162 2552 2202 magnum

1553 2237 1670 2274 neque
1680 2237 1830 2275 parvum
1843 2227 2056 2266 beneﬁcium
2067 2227 2110 2271 ab
2121 2236 2164 2264 eo
2173 2229 2264 2263 esset
2274 2224 2481 2268 consequutus
2489 2215 2553 2257 sola-

1553 2290 1784 2337 que'verbum
1799 2291 1880 2338 ejus
1903 2300 1990 2328 aure
2009 2287 2236 2338 percepisset.
2247 2284 2422 2338 Numrvero
2430 2276 2553 2338 delenti

1560 2333 1660 2387 illum
1680 2350 1791 2394 Deus,
1812 2333 1911 2386 tanta
1928 2333 2059 2396 ingrati
2078 2333 2186 2382 animt
2202 2343 2298 2390 signa
2314 2337 2356 2375 ab
2372 2333 2458 2373 initio
2470 2333 2555 2368 statim

1559 2419 1668 2459 atque
1684 2412 1730 2450 ab
1746 2413 1847 2460 ipsis,
1869 2416 1910 2448 ut
1935 2395 1986 2448 ita
2007 2407 2171 2451 dixerim,
2201 2402 2300 2443 stadii
2317 2395 2486 2460 carceribus
2507 2399 2558 2460 pr-t

1559 2484 1601 2512 se
1610 2455 1820 2512 'l'erentein?
1839 2473 1916 2510 Hoc
1936 2472 2032 2510 enim
2050 2469 2196 2518 justitia‘.
2222 2465 2310 2503 ratio
2333 2455 2557 2518 postulabat._l||

1560 2536 1606 2582 is,
1626 2535 1689 2584 qui
1711 2535 1912 2574 innumeris
1937 2513 2204 2572 antea-allectus
2219 2519 2442 2584 beneﬂciisrab
2466 2513 2558 2584 "tota:

1560 2578 1697 2636 dientia
1711 2598 1833 2636 statim
1850 2602 1958 2644 atque
1977 2592 2230 2644 ingratitudine
2245 2589 2322 2626 vitae
2333 2583 2418 2622 initia
2433 2578 2558 2625 cepisset.

1559 2661 1746 2700 deleretur
1763 2665 1873 2708 atque
1889 2659 1935 2697 de
1952 2658 2075 2696 medio
2100 2654 2308 2694 auferretur.
2325 2649 2408 2686 Deus
2423 2644 2559 2708 vero

1693 2697 1922 2770 quamantes
1935 2720 2029 2758 bene
2046 2718 2098 2756 illi
2114 2717 2228 2754 facere
2243 2709 2396 2761 perstitit,
2409 2697 2558 2770 ostendent

1561 2794 1628 2833 per
1659 2764 1743 2830 hoc,
1772 2781 1869 2832 quod
1887 2792 1956 2820 nos
1981 2781 2051 2820 etsi
2082 2779 2210 2818 millies
2236 2777 2408 2833 Ρθεθθηιυξ
2433 2764 2561 2833 illum?
2604 2819 2606 2822 .

1561 2855 1786 2891 "meumr,
1805 2845 1884 2893 ipse
1897 2850 2018 2882 tamen
2033 2841 2137 2880 saluti
2154 2843 2280 2878 nostra:
2295 2828 2476 2882 prospicere
2491 2827 2560 2893 nuut-

1561 2919 1670 2958 qusm
1684 2891 1840 2954 desistit,
1871 2913 1910 2946 ut
1928 2908 1960 2946 si
1986 2905 2132 2956 quidem
2151 2898 2310 2941 conversi
2327 2892 2484 2958 fuerimus.

1561 2983 1712 3011 ventur:
1733 2971 1790 3010 sin
1816 2977 1938 3009 autem
1971 2949 2010 3008 iri
2037 2968 2134 3006 vitiis
2161 2955 2485 3014 perseveraverimus.
2508 2949 2562 3014 ῖβξί

1561 3041 1685 3074 tamm
1704 3033 1802 3082 quod
1820 3042 1925 3072 suum
1942 3037 2022 3070 erat
2046 3013 2174 3068 fecisse
2191 3025 2404 3082 advertatur.

1563 3065 1696 3135 32;;
1706 3065 2310 3144 illisit'lj'iciii'ni;“genus.
2329 3078 2464 3128 uanique
2478 3065 2564 3144 ’ζίξῗξξξ

1563 3133 1744 3204 inhibitis,
1760 3133 1960 3205 mortisque
1977 3133 2174 3196 muletatio,
2203 3143 2383 3187 cruciantis
2399 3133 2565 3205 655a“:le

1565 3221 1779 3270 punientis:
1811 3196 2045 3256 sunt-autem
2080 3209 2330 3270 providentiam
2359 3196 2491 3270 gerenti:

1563 3252 2058 3330 Siligininﬁilafiﬁa
2077 3252 2172 3316 an...
2187 3269 2342 3312 mirabile
2358 3265 2390 3302 id
2412 3252 2565 3331 αξιοῇἀξξξ

1563 3356 1646 3386 mus
1663 3319 2070 3389 videtur,.verissimum
2094 3345 2150 3378 est
2165 3343 2280 3376 tamen
2302 3344 2311 3370 :
2329 3339 2368 3367 el
2389 3323 2498 3372 quippe

1566 3408 1714 3452 ﬁebant.
1733 3417 1815 3445 cum
1834 3407 2018 3446 contraria
2049 3403 2265 3442 viderentur.
2295 3401 2362 3468 υπς’
2384 3381 2567 3468 ίξωξῗρϊξιξ

1563 3443 1740 3520 cordique
1768 3470 1840 3511 line
1869 3470 1938 3508 sibi
1969 3468 2123 3506 invicem
2153 3443 2567 3520 εοηεθηξίεὺθηιέξῖἶῐῗὲ

1563 3503 1840 3582 Egi-qu};
1969 3503 2130 3569 exclusit
2149 3535 2170 3563 a
2189 3506 2463 3593 paradisongfi
2476 3503 2568 3593 ⁸ᾟῖοἬ

1566 3597 1774 3647 paradisum
1804 3595 2008 3640 collocavit,
2041 3598 2078 3629 et
2110 3587 2221 3627 vetuit
2249 3583 2374 3650 “Emi”

1567 3626 1761 3698 :nortalern
1788 3658 1887 3705 fecit,
1915 3655 2010 3706 quod
2040 3651 2182 3691 interim
2201 3656 2242 3684 ea
2268 3626 2570 3715 sententl'ttiiuﬁrﬁz

1566 3723 1667 3761 visus
1685 3729 1742 3761 est
1759 3734 1770 3760 :
1797 3691 1890 3767 haec:
1910 3691 2069 3767 inquam.
2091 3711 2224 3756 omnia.
2243 3710 2372 3744 ηθε¹¹⁰¹¹
2397 3691 2546 3767 (vita:

1613 3881 1624 3901 ι
1649 3883 1682 3912 In
1699 3876 1810 3914 Morel.
1831 3875 1938 3919 deest,
1955 3871 2025 3919 ἕης.-

1614 3923 1628 3943 ²
1650 3919 1743 3955 Silvii.
1761 3919 1860 3960 addit,
1877 3916 1929 3952 die
1946 3914 2036 3950 ntus.
