2734 4342
260 187 328 226 629

257 275 307 310 Ac
326 272 371 308 de
393 273 572 323 prioribus
586 272 731 320 quidem
751 271 839 308 nihil
859 269 1027 311 dixerim,
1047 257 1128 304 cum
1150 265 1184 304 id
1203 267 1317 304 cuivis

257 335 375 382 palam
395 335 462 370 sit:
479 334 524 370 de
541 331 798 379 posterioribus
815 329 931 367 solum
949 331 1040 365 ratio
1055 326 1236 365 reddenda
1247 331 1316 364 est.

302 397 337 432 5.
359 395 468 432 Homo
483 395 589 431 labori
607 393 988 436 addictus.——Quouam
1001 401 1086 438 ergo
1101 389 1208 426 modo
1223 389 1318 426 scire

256 456 450 502 poterimus
465 461 658 502 posteriora
673 463 816 501 quoque
831 453 896 499 ipsi
909 453 1004 489 utilia
1018 451 1142 488 fuisse?
1154 449 1318 487 Sicousi-

253 517 420 553 duremus
434 515 516 560 quid
537 525 663 562 passus
682 520 793 559 esset,
811 513 880 551 nisi
899 513 975 551 haec
990 514 1036 549 ita
1051 511 1284 558 contigissent
1305 521 1314 546 :

255 589 334 616 nam
354 579 382 614 si
396 577 586 624 pollicente
599 575 742 613 diabolo
756 574 911 622 :equales
922 574 1000 610 illos
1021 573 1093 609 Deo
1104 582 1144 608 se
1153 577 1316 608 ostensu-

253 651 330 676 rum
343 646 422 686 post
434 639 738 686 praevaricationis
747 643 883 674 reatum
898 637 932 673 in
945 635 1070 672 eodem
1085 635 1222 672 honore
1238 645 1317 681 per-

253 703 440 746 stitisscnt,
457 702 490 737 in
505 701 570 737 tria
587 700 746 747 profecto
769 708 935 746 suprema
959 698 1053 734 mala
1085 699 1314 734 incurrisset.

253 763 373 800 Primo
395 763 490 799 enim
509 761 614 798 Deum
627 759 841 798 malevolum
855 759 1153 805 seductoremque
1163 765 1198 794 et
1212 768 1315 794 meu-

251 825 375 861 dacem
409 813 840 860 existimassetzsemmdo
868 821 966 858 illum
981 830 1067 857 vere
1089 819 1314 857 seductorem

255 885 589 932 tttalevoleutimque
602 891 634 920 et
649 883 824 920 mendacii
837 889 872 919 et
883 881 1025 918 invidia:
1041 887 1238 928 parentem,
1252 880 1316 918 be-

253 945 404 982 neficum
417 951 524 992 atque
537 946 690 980 amicum
704 943 900 989 putavisset
919 954 928 978 :
951 948 1132 989 postremo
1145 941 1315 988 peccandi

251 1007 420 1054 deinceps
435 1016 626 1054 numquam
641 1005 748 1041 tinem
768 1005 922 1041 fecisset.
938 1003 1000 1040 His
1016 1010 1134 1041 autem
1149 1003 1316 1041 omnibus

253 1075 337 1106 tunc
355 1068 534 1108 hominem
560 1066 736 1110 liberavit,
760 1076 841 1102 cum
871 1077 916 1103 ex
939 1065 1104 1114 paradiso
1127 1065 1244 1112 ejecit.
1265 1065 1315 1104 Ita

252 1130 326 1166 fere
346 1137 382 1168 et
399 1131 572 1176 medicus,
593 1131 622 1168 si
643 1130 768 1166 vulnus
795 1129 947 1176 negligat
967 1137 1010 1165 ac
1031 1128 1190 1172 deserat,
1209 1137 1317 1175 puru-

253 1192 387 1230 lentum
417 1194 570 1239 amplius
598 1192 716 1230 reddit
747 1203 756 1228 :
789 1191 845 1228 sin
865 1201 950 1228 vero
977 1190 1149 1228 incisione
1179 1195 1314 1233 utatur,

251 1253 401 1290 ulterius
421 1254 586 1301 progredi
611 1253 746 1291 saniem
769 1263 812 1290 ac
839 1253 956 1290 morbi
981 1253 1080 1289 virus
1099 1257 1209 1289 vetat.
1223 1250 1316 1298 Quid

251 1314 381 1360 igitur?
399 1314 474 1350 Non
503 1315 557 1351 his
581 1320 770 1351 contentus
798 1315 882 1358 fuit;
913 1313 986 1350 imo
1015 1319 1053 1350 et
1083 1312 1234 1350 sudores
1266 1312 1317 1348 illi

251 1375 381 1422 adjecit
397 1381 434 1412 et
451 1374 591 1412 labores
611 1387 619 1410 :
637 1375 726 1412 nihil
740 1375 836 1412 enim
852 1373 970 1410 minus
987 1373 1061 1410 otio
1075 1379 1112 1410 et
1124 1372 1234 1420 quieti
1254 1383 1316 1409 oa-

252 1442 324 1472 tum
351 1440 531 1482 estquam
559 1435 714 1472 hominis
743 1440 883 1471 natura.
911 1433 948 1472 Si
966 1433 1064 1471 enim
1091 1433 1150 1471 his
1168 1433 1314 1478 addicti,

251 1508 297 1534 ne
312 1497 364 1534 sic
381 1497 526 1544 quidem
556 1507 704 1544 peccare
723 1497 941 1542 desistimus,
959 1506 1032 1544 quo
1048 1495 1224 1534 scelerum
1239 1505 1318 1543 pro-

252 1569 376 1606 gressa
405 1569 476 1596 non
507 1565 604 1596 esset
628 1559 778 1596 audacia
796 1565 933 1602 nostra,
963 1558 994 1594 si
1024 1563 1155 1604 praeter
1171 1557 1318 1594 delicias

251 1620 365 1656 otium
384 1619 487 1656 nobis
503 1619 739 1656 concessisset
769 1618 888 1656 Deus?
919 1617 1044 1655 Omnia
1062 1617 1174 1662 enim,
1189 1617 1320 1664 inquit,

252 1681 344 1717 mala
369 1681 523 1717 otiositas
548 1679 662 1716 docuit
676 1679 801 1727 (Eccli.
821 1678 879 1717 '55.
897 1679 975 1727 29).
1007 1678 1232 1716 Attestautur
1255 1687 1320 1713 au-

252 1749 323 1780 tem
344 1747 476 1778 nostra:
496 1741 578 1778 huic
594 1741 722 1778 rationi
739 1747 776 1778 et
791 1751 872 1789 quae
887 1740 1048 1788 quotidie
1067 1739 1170 1784 ﬁunt,
1188 1745 1224 1776 et
1235 1747 1316 1786 qua

251 1803 447 1850 majoribus
463 1803 598 1840 nostris
622 1803 864 1851 contigerunt.
885 1801 998 1844 Sedit,
1024 1800 1151 1847 inquit,
1170 1799 1317 1847 populus

250 1865 458 1920 manducare
473 1871 505 1901 et
529 1863 653 1909 bibere,
675 1871 706 1900 et
733 1868 954 1900 surrexerunt
971 1863 1088 1900 ludere
1103 1860 1234 1910 (Exod.
1253 1859 1311 1899 52.

249 1927 301 1975 6).
321 1929 371 1964 Ac
389 1938 531 1964 rursum
553 1939 562 1964 :
581 1925 796 1963 Incrassatus
813 1931 864 1962 est
892 1930 925 1962 et
949 1923 1194 1972 impinguatus,
1213 1929 1245 1960 et
1261 1934 1317 1960 rc-

249 1987 433 2025 calcitraoit
449 1988 591 2024 dilectus
612 1987 729 2035 (Deut.
751 1985 811 2023 52.
828 1985 903 2033 15).
916 1984 1083 2022 ConSOna
1102 1983 1159 2020 his
1173 1979 1316 2032 quoque

250 2052 375 2088 beatus
407 2050 516 2087 David
545 2049 716 2097 loquitur,
746 2048 870 2086 dicens
895 2059 906 2085 :
937 2046 1022 2083 Cum
1050 2043 1214 2082 occideret
1244 2055 1314 2088 eos,

249 2120 329 2150 tunc
349 2113 567 2161 exquirebant
585 2123 677 2156 eum,
701 2117 733 2147 et
749 2107 1014 2154 revertebantur,
1030 2113 1063 2144 et
1081 2107 1234 2144 diluculo
1257 2118 1316 2144 se-

247 2176 382 2212 rviebant
401 2175 446 2212 ad
461 2186 537 2212 eum
552 2173 670 2222 (Psal.
693 2173 754 2211 77.
774 2171 854 2220 54).
873 2171 930 2208 Ad
949 2169 1149 2208 Jerusalem
1173 2181 1318 2219 quoque

249 2249 314 2286 per
332 2239 526 2276 Jeremiam
545 2237 703 2284 loquitur
719 2235 814 2274 Deus
833 2246 844 2274 :
871 2233 942 2270 Per
959 2232 1074 2270 omnis
1089 2231 1238 2277 erudire,
1255 2231 1319 2270 Je-

248 2300 410 2345 rusalem,
427 2311 470 2336 ne
485 2299 621 2336 recedat
643 2298 759 2334 animo
777 2307 852 2334 mea
871 2306 893 2332 ιι
908 2301 940 2333 te
959 2293 1050 2343 (ler.
1070 2293 1109 2332 6.
1133 2293 1190 2342 8).
1215 2293 1319 2340 Quod

247 2368 370 2399 autem
397 2372 468 2398 non
494 2361 610 2398 solum
639 2359 757 2404 malis,
785 2367 910 2396 verum
941 2362 980 2394 et
1003 2355 1110 2394 bonis
1139 2355 1320 2392 humiliari

249 2431 356 2472 atque
383 2421 562 2460 incurvari
587 2421 746 2459 salutare
765 2419 827 2466 sit,
855 2428 1000 2457 rursum
1029 2416 1208 2466 signiﬁcat
1231 2426 1319 2464 pro-

252 2487 374 2534 pheta,
395 2497 475 2524 cum
491 2484 577 2523 dicit
597 2497 608 2523 :
628 2483 762 2520 Bonum
791 2482 888 2528 mihi,
916 2481 1076 2525 Domine,
1105 2479 1186 2528 quia
1203 2479 1319 2516 Itami-

253 2548 342 2584 liasti
361 2559 426 2593 me,
441 2555 476 2583 ut
494 2547 623 2583 discam
633 2544 898 2593 justiﬁcationes
911 2549 986 2580 tuas
1003 2542 1118 2592 (Psal.
1139 2541 1222 2580 “8.
1241 2541 1280 2578 7i
1289 2540 1318 2589 ).

255 2610 340 2646 Post
357 2609 449 2645 hunc
465 2615 502 2646 et
527 2607 704 2645 Jeremias
723 2607 802 2644 htcc
821 2605 962 2650 eadem,
989 2604 1053 2642 sed
1082 2614 1154 2642 non
1181 2603 1320 2640 eisdem

254 2671 374 2708 verbis
386 2669 586 2706 exclamat:
607 2667 756 2713 Bonum,
783 2667 963 2716 inquiens,
989 2670 1076 2710 utro,
1107 2676 1185 2702 eum
1205 2670 1321 2712 porta-

254 2734 336 2769 verit
348 2733 472 2780 jagum
489 2742 589 2780 graue
605 2743 626 2766 a
638 2732 814 2778 jusenlute
825 2741 888 2766 sua
905 2741 918 2766 :
937 2729 1063 2766 sedebit
1078 2728 1268 2774 solitarius,
1288 2732 1320 2764 et
1339 2734 1343 2738 ‘

255 2794 374 2830 tacebit
393 2792 534 2842 (Thren.
554 2793 590 2829 5.
621 2792 706 2840 27);
727 2798 764 2829 et
784 2791 830 2828 de
857 2801 898 2828 se
925 2791 1003 2838 ipso
1023 2790 1134 2828 Deum
1154 2789 1322 2827 obsecrat

255 2857 380 2894 dicens
402 2869 410 2893 :
428 2854 509 2892 Non
531 2856 576 2892 sis
591 2861 627 2891 tu
645 2854 729 2891 mihi
747 2865 890 2902 parcens
904 2853 940 2890 in
957 2853 1194 2890 alienationem
1213 2851 1249 2888 in
1265 2850 1321 2887 die

255 2919 346 2956 mala
365 2917 456 2966 μοι’.
473 2916 530 2955 l7.
549 2917 622 2965 Π).
639 2916 769 2954 Beatus
785 2915 870 2953 item
886 2915 1028 2960 Paulus,
1048 2915 1110 2963 qui
1126 2919 1226 2952 tanto
1239 2923 1322 2950 mu-

255 2991 342 3018 nere
359 2980 482 3028 gratim
507 2979 639 3017 eil'ulsit
657 2984 864 3025 tantumque
891 2984 1055 3014 naturam
1075 2975 1235 3014 excessit
1251 2975 1322 3012 hu-

257 3052 413 3087 manam,
434 3041 518 3079 boni
537 3048 654 3078 tamen
685 3039 792 3087 hujus
816 3039 967 3076 utilitate
992 3038 1201 3087 indigebat:
1227 3047 1322 3086 quo-

257 3108 349 3141 circa
368 3105 509 3141 dicebat
532 3115 542 3140 :
574 3103 686 3139 Datus
714 3109 764 3138 est
791 3101 874 3138 mihi
901 3101 1059 3138 stimulus
1082 3101 1195 3138 carnis
1222 3110 1320 3144 mete,

259 3167 396 3214 angelus
423 3175 552 3203 satana:
567 3195 578 3212 ,
608 3167 667 3214 qui
687 3176 742 3202 me
764 3165 972 3213 colaphizet,
1001 3169 1036 3200 ut
1067 3175 1136 3200 non
1161 3162 1320 3200 extollar.

262 3228 407 3274 Propter
423 3230 512 3275 quod
533 3237 582 3266 ter
597 3228 783 3265 Dominum
797 3227 926 3275 rogavi,
947 3232 980 3262 et
997 3226 1084 3263 dixit
1099 3225 1184 3262 mihi
1205 3235 1218 3262 :
1234 3225 1322 3272 Sufc

261 3292 330 3337 [irit
349 3291 405 3326 tibi
421 3292 528 3338 gratia
545 3303 620 3328 mea
634 3301 648 3335 ;
663 3301 744 3326 nam
765 3290 870 3326 virtus
887 3300 962 3326 mea
979 3290 1015 3325 in
1032 3288 1228 3336 inﬁrmitate
1248 3297 1324 3334 per-

261 3353 374 3398 ﬁcitur
393 3350 442 3398 (2.
461 3351 538 3388 Cor.
554 3351 612 3388 12.
630 3351 728 3398 7-9).
743 3351 887 3388 Poterat
901 3356 1000 3388 certe
1027 3349 1106 3388 sine
1125 3358 1325 3396 persequu-

263 3415 420 3453 tionibus
453 3421 490 3451 et
524 3418 700 3461 pressuris
721 3443 732 3461 ,
765 3413 1018 3460 laboribusque
1057 3418 1094 3448 et
1134 3410 1326 3448 sudoribus

263 3475 470 3525 przcdicatio
482 3475 618 3522 perlici,
633 3475 694 3514 sed
710 3482 828 3512 tamen
858 3473 892 3510 id
909 3472 1213 3516 noluit.Christus,
1231 3481 1326 3520 pra:-

263 3537 466 3576 dicautibus
485 3547 646 3584 parcens.
665 3537 838 3584 Quocirca
856 3535 997 3572 dicebat
1016 3534 1086 3570 illis
1104 3545 1113 3569 :
1132 3531 1176 3569 In
1200 3535 1326 3570 mundo

265 3609 460 3648 pressuram
493 3598 654 3635 habebitis
673 3597 794 3646 (Joan.
821 3597 882 3635 16.
915 3596 993 3643 35).
1022 3594 1327 3642 Cupieutibusque

265 3663 410 3701 caeleste
426 3671 576 3709 regnum
602 3660 752 3708 ingredi,
773 3666 959 3707 angustam
977 3657 1070 3694 viam
1088 3656 1326 3704 arripiendam

266 3726 379 3771 jubet,
399 3725 500 3772 quasi
518 3733 588 3760 non
617 3721 720 3760 aliter
745 3717 880 3760 intrare
899 3721 1003 3758 liceat
1020 3719 1160 3767 (Matth.
1191 3720 1228 3756 7.
1250 3719 1326 3768 l3).

268 3787 352 3826 Ideo
369 3796 546 3835 pressurae
559 3791 595 3823 et
613 3784 824 3823 teutatioues
841 3790 877 3821 et
897 3791 1128 3831 quaecumque
1143 3781 1245 3820 nobis
1263 3782 1329 3819 tri-

269 3850 335 3890 stia
350 3849 574 3898 contingunt,
587 3858 657 3886 non
673 3848 789 3885 minus
807 3847 868 3885 Dei
881 3845 1139 3896 providentiam
1153 3844 1326 3894 indicant,

825 189 886 226 AD
913 187 1161 226 STAGIRIUM
1187 187 1216 224 Α
1245 187 1450 227 ΜΕΜΟΝΕ
1478 189 1700 229 νΕΧΑτυΜ
1734 191 1822 230 LIB.
1849 192 1878 229 l.

2381 193 2455 231 436

1390 278 1496 314 quam
1516 269 1593 305 laeta
1615 276 1650 306 et
1675 269 1846 316 jucunda.
1876 271 1968 317 Quid
1997 278 2114 310 autem
2133 273 2249 311 dicam
2267 283 2453 321 pressuras

1389 328 1496 375 hujus
1515 331 1698 376 temporis,
1713 342 1794 368 cum
1815 343 1885 370 non
1903 333 2022 370 minus
2038 333 2112 380 ipsa
2127 345 2266 382 quoque
2277 335 2452 384 gebenna

1388 391 1620 428 comminatio
1638 403 1744 440 quam
1773 395 1964 441 promissio
1983 396 2083 442 regni
2103 397 2316 434 ineﬂ'abilem
2340 399 2452 446 ipsius

1387 452 1612 489 clementiam
1633 454 1644 476 ¹
1661 455 1912 492 commendet?
1944 457 2016 510 Nisi
2037 457 2132 495 enim
2161 459 2222 496 ille
2251 460 2450 507 gehennam

1388 514 1542 550 minatus
1559 520 1668 558 esset,
1696 525 1768 552 non
1797 516 1900 552 facile
1929 517 2102 565 quispiam
2119 519 2322 558 czelestibus
2349 521 2452 558 bonis

1387 574 1576 621 potiretur.
1592 575 1714 622 Neque
1731 577 1826 613 enim
1853 577 1984 615 sufficit
2000 579 2074 615 Sola
2092 581 2302 626 gaudiorum
2330 593 2454 629 repro-

1388 635 1512 672 missio
1529 636 1574 672 ad
1593 637 1804 674 excitandos
1820 638 1864 674 ad
1883 639 2048 676 virtutem
2075 641 2234 685 animos,
2256 641 2326 678 nisi
2345 643 2452 680 etiam

1385 706 1450 734 eos
1469 707 1655 744 pinnarum
1672 699 1778 735 timor
1801 701 1974 747 impellat,
1996 701 2056 748 qui
2085 701 2322 749 negligentius
2336 703 2453 740 affecti

1385 756 1429 794 ad
1453 757 1548 794 illam
1573 765 1670 795 suul.
1689 759 1860 804 Quocirca
1893 761 2045 807 primum
2068 761 2248 800 hominem
2269 773 2412 812 quoque
2431 776 2452 800 ιι

1385 819 1561 865 principio
1577 829 1597 856 e
1619 821 1782 866 paradiso
1799 821 1948 869 expulit,
1963 823 2044 870 quia
2062 833 2106 860 ex
2127 824 2263 862 honore
2275 825 2344 862 sibi
2361 837 2454 872 pne-

1385 880 1470 916 stito
1487 880 1645 917 deterior
1675 881 1824 920 eiTectus
1841 890 1950 928 esset,
1981 883 2011 920 si
2043 882 2125 932 post
2156 891 2316 933 spretum
2339 887 2452 923 viola-

1386 946 1532 988 tumque
1549 943 1756 980 mandatum
1781 944 1949 982 immotus
1967 945 2025 983 ille
2049 947 2256 994 stabilisque
2273 949 2451 986 durasset.

1385 1000 1464 1038 Jam
1483 1013 1570 1040 vero
1589 1009 1626 1040 ut
1646 1004 1760 1040 Adam
1775 1005 1995 1050 omittamus,
2017 1007 2100 1054 quid
2119 1018 2189 1045 non
2205 1009 2350 1047 fecisset
2363 1009 2451 1048 Cain

1386 1062 1422 1099 in
1443 1064 1610 1110 paradiso
1627 1063 1776 1111 degens,
1797 1067 1975 1114 tantisque
1993 1067 2132 1106 deliciis
2155 1069 2290 1115 fruens,
2309 1071 2454 1118 quando

1386 1123 1444 1161 his
1457 1125 1622 1162 onmibus
1643 1126 1813 1172 privatus,
1833 1129 2015 1176 patrisque
2027 1131 2242 1176 supplicium
2261 1139 2346 1170 ante
2363 1143 2452 1170 ocu-

1387 1185 1444 1224 los
1460 1186 1610 1232 habens,
1636 1197 1682 1224 ne
1707 1188 1760 1225 sic
1777 1189 1919 1236 quidem
1939 1191 2149 1228 emendatus
2175 1199 2242 1237 est,
2273 1194 2310 1230 in
2341 1195 2454 1241 majo-

1386 1259 1534 1298 remque
1553 1250 1749 1298 nequitiam
1769 1246 1942 1299 prorupit,
1965 1258 2002 1289 ut
2019 1252 2250 1291 homicidium
2279 1255 2354 1302 ipse
2379 1257 2453 1304 pri-

1386 1321 1468 1348 mus
1498 1311 1686 1356 invenerit,
1713 1321 1873 1360 ausoque
1897 1313 2034 1350 nefario
2063 1315 2278 1362 impleverit,
2299 1315 2452 1354 homici-

1386 1372 1498 1414 dium,
1519 1372 1678 1420 inquam,
1691 1373 1850 1410 omnium
1867 1374 2208 1412 sceleratissimum?
2223 1376 2344 1424 Neque
2357 1377 2453 1414 enim

1385 1434 1570 1480 paulatim,
1593 1434 1650 1472 vel
1666 1441 1745 1482 post
1763 1435 1970 1473 diuturnum
1989 1443 2142 1484 tempus,
2162 1449 2294 1475 novum
2315 1439 2384 1476 hoc
2399 1439 2454 1476 la-

1385 1497 1489 1534 einus
1507 1507 1698 1545 aggressus
1722 1503 1792 1542 est,
1817 1499 1881 1536 sed
1907 1506 2056 1546 repente
2084 1510 2127 1537 ac
2144 1500 2264 1538 subito
2281 1501 2454 1550 verticem

1386 1564 1424 1594 et
1439 1557 1581 1595 culmen
1597 1558 1794 1606 iniquitatis
1806 1560 2008 1607 occupavit,
2026 1571 2180 1608 cumque
2192 1561 2252 1609 qui
2265 1572 2309 1599 ex
2326 1562 2453 1600 eodem

1370 1625 1491 1666 utero
1505 1627 1745 1668 processerat,
1765 1622 1826 1668 qui
1859 1621 1894 1659 in
1929 1622 2029 1660 nullo
2057 1623 2172 1670 ipsum
2199 1624 2356 1669 laeserat,
2385 1625 2454 1662 nisi

1387 1681 1567 1718 honorare
1590 1682 1701 1720 Deum
1721 1681 1755 1719 id
1776 1682 1824 1720 sit
1841 1681 1988 1729 laedere,
2006 1685 2156 1731 appetiit
2173 1685 2312 1722 insidiis
2327 1695 2371 1723 ac
2387 1696 2453 1723 ne-

1386 1744 1497 1780 cavit.
1517 1743 1634 1780 Velim
1667 1743 1726 1781 hic
1753 1754 1879 1782 rursus
1895 1745 2103 1784 consideres
2119 1746 2348 1784 clementiam
2375 1747 2454 1786 Dci.

1385 1802 1474 1842 Cum
1493 1805 1589 1841 enim
1612 1805 1681 1842 sibi
1709 1805 1875 1852 injuriam
1905 1805 2096 1851 intulisset,
2117 1807 2236 1845 verbis
2263 1808 2364 1845 illum
2387 1809 2454 1846 ad-

1385 1871 1522 1912 monet,
1541 1865 1752 1930 tris’temqne
1770 1867 2006 1905 consolatur:
2030 1874 2067 1905 at
2083 1868 2143 1906 ubi
2174 1869 2312 1906 insania
2342 1869 2458 1908 fertur

1385 1929 1422 1966 in
1447 1929 1608 1974 fratrem,
1637 1935 1722 1966 tunc
1749 1929 1824 1976 jam
1853 1930 2015 1968 severius
2037 1931 2234 1977 ulciscitur,
2260 1941 2456 1981 pinnasque

1385 1991 1508 2030 infert.
1529 1991 1575 2030 Et
1591 1999 1690 2030 certe
1721 1993 1842 2040 priora
1872 1993 1933 2030 illa
1961 1993 2088 2031 eodem
2115 1993 2220 2042 digna
2245 2001 2349 2032 erant
2373 2005 2458 2032 crn-

1386 2053 1496 2099 ciatu,
1515 2054 1588 2091 imo
1606 2063 1694 2092 vero
1713 2054 1818 2102 longe
1833 2055 2012 2102 graviore.
2031 2054 2070 2093 Si
2087 2055 2183 2092 enim
2201 2055 2237 2093 in
2249 2055 2456 2097 hominibus

1385 2125 1582 2154 conservus
1599 2115 1730 2164 aliquis
1747 2115 1897 2154 meliora
1915 2126 2068 2164 quasque
2091 2116 2160 2154 sibi
2187 2123 2319 2162 servet.
2335 2128 2378 2155 ac
2391 2117 2460 2156 do-

1385 2178 1486 2216 mino
1502 2187 1570 2216 suo
1593 2177 1774 2216 deteriora
1797 2177 1938 2224 oderat,
1968 2188 2045 2216 rem
2077 2178 2360 2226 indignissimam
2379 2180 2457 2228 ple-

1387 2250 1543 2289 namque
1557 2240 1788 2278 coutumelia:
1815 2238 1936 2278 facere
1965 2241 2128 2289 arguitur
2148 2247 2308 2290 :quanto
2327 2241 2362 2280 id
2382 2252 2460 2281 ων

1387 2301 1442 2349 gis
1459 2301 1496 2339 in
1517 2301 1618 2338 Deo?
1635 2301 1724 2340 Cain
1741 2311 1830 2340 vero
1855 2311 1927 2340 non
1955 2303 1991 2339 in
2019 2303 2088 2340 hoc
2117 2303 2250 2350 solum,
2275 2315 2398 2342 verum
2421 2305 2458 2342 in

1387 2361 1460 2400 alio
1475 2372 1618 2411 quoque
1629 2372 1700 2400 non
1711 2363 1831 2400 minus
1845 2361 2010 2410 deliquit,
2028 2363 2124 2410 quod
2144 2363 2264 2402 fratris
2283 2364 2458 2404 honorem

1389 2435 1486 2472 egre
1503 2431 1541 2462 et
1561 2423 1707 2472 indigne
1726 2423 1861 2461 tulerit.
1878 2423 1969 2462 Nam
1987 2425 2018 2461 si
2037 2429 2162 2474 utpote
2179 2425 2241 2473 qui
2259 2435 2457 2473 peccasset,

1389 2485 1636 2534 pmnitentiam
1653 2485 1798 2533 egisset,
1818 2490 1967 2532 accepta
1995 2483 2156 2532 profecto
2180 2485 2306 2524 fuisset
2322 2485 2400 2525 haec
2415 2487 2458 2524 ilo

1391 2545 1461 2585 lius
1479 2547 1613 2594 optima
1631 2545 1809 2584 mutatio:
1829 2555 1925 2583 nunc
1942 2555 2030 2583 vero
2046 2555 2118 2583 nou
2137 2546 2359 2595 pmnitentite
2381 2554 2459 2586 erat

1390 2609 1450 2647 illa
1463 2607 1640 2653 confusio,
1671 2607 1737 2647 sed
1765 2606 1908 2646 invidiae
1929 2616 1972 2644 ac
1990 2606 2127 2653 livoris,
2151 2607 2247 2655 quod
2275 2608 2328 2646 rei
2343 2609 2461 2647 exitus

1391 2670 1510 2708 docet.
1529 2669 1620 2707 Nam
1651 2669 1727 2708 Deo
1751 2668 2019 2718 quodammodo
2043 2668 2276 2713 irascebatur,
2293 2670 2389 2718 quod
2407 2671 2462 2708 in-

1387 2731 1494 2780 juriis
1519 2730 1670 2768 allectus
1689 2741 1762 2768 non
1789 2740 1830 2768 se
1856 2729 2070 2774 honoraret,
2088 2723 2184 2776 quod
2204 2729 2391 2768 moderato
2407 2731 2462 2768 iu-

1391 2799 1652 2842 temperantem
1677 2802 1750 2830 non
1777 2791 1978 2840 praeferret.
2001 2790 2137 2829 Verum
2165 2799 2248 2828 cum
2272 2789 2350 2828 hinc
2367 2791 2464 2829 illius

1391 2857 1530 2896 scelera
1569 2855 1888 2894 vehementissima
1929 2853 2241 2892 animadversione
2283 2854 2462 2902 punienda

1391 2925 1527 2964 essent,
1551 2918 1655 2966 longe
1673 2917 1884 2956 clementius
1901 2927 2009 2964 quam
2029 2916 2235 2954 merebatur
2249 2915 2462 2964 delinquen-

1393 2987 1466 3019 tem
1496 2985 1639 3023 tractat,
1671 2983 1922 3026 tumentesque
1941 2978 2081 3014 animos
2110 2977 2206 3014 illius
2225 2973 2465 3024 comprimere

1393 3043 1532 3083 nititur.
1556 3043 1642 3079 Erat
1660 3039 1906 3088 indignatione
1927 3039 2030 3086 plena
2053 3038 2113 3076 illa
2128 3037 2308 3086 dejectio:
2331 3039 2466 3076 idcirco

1394 3105 1553 3153 loquitur
1571 3103 1615 3140 ad
1642 3102 1744 3140 illum
1768 3113 1779 3139 :
1805 3101 1946 3145 Quiesce
1977 3099 2078 3146 (Gen.
2099 3101 2135 3137 ι.
2163 3100 2216 3148 7).
2245 3099 2322 3136 Hoc
2345 3105 2466 3136 autem

1394 3177 1476 3204 cum
1494 3166 1643 3209 diceret,
1669 3162 1805 3200 sciebat
1831 3161 1976 3210 quidem
1993 3171 2066 3210 quo
2082 3171 2354 3210 progressurum
2371 3167 2468 3198 esset

1394 3230 1546 3273 malum,
1567 3233 1737 3265 ueterum
1767 3225 1916 3273 ingratis
1931 3215 2158 3262 occasionem
2175 3234 2320 3262 omnem
2339 3234 2468 3271 ampu-

1397 3299 1474 3330 tare
1492 3289 1636 3328 volebat
1654 3301 1664 3326 :
1684 3288 1714 3325 si
1733 3287 1828 3325 enim
1849 3286 1896 3324 ab
1910 3286 2011 3324 initio
2029 3286 2090 3324 ille
2109 3287 2251 3334 punitus
2270 3293 2380 3332 esset,
2401 3287 2470 3338 bu-

1393 3353 1552 3405 jusmodi
1585 3351 1689 3389 multi
1716 3350 1869 3398 plurima
1896 3348 2102 3387 dixissent:
2133 3347 2210 3386 Non
2238 3353 2379 3395 poterat
2405 3345 2470 3384 ad-

1396 3427 1549 3458 monere
1575 3415 1695 3453 verbis
1721 3419 1758 3451 et
1779 3413 1976 3460 corripere,
1997 3422 2040 3450 ac
2068 3419 2204 3450 terrere
2230 3411 2341 3458 prius,
2363 3415 2470 3455 atque

1369 3496 1372 3500 ·
1397 3487 1484 3518 tunc
1507 3479 1668 3522 demum,
1696 3475 1727 3513 si
1751 3479 2020 3524 perseverasset
2049 3473 2084 3512 in
2114 3473 2234 3517 malis,
2255 3469 2469 3518 supplicium

1398 3541 1559 3582 inferre?
1574 3539 1730 3588 lugentis
1743 3533 1968 3576 crudelitatis
1980 3543 2035 3576 est
2047 3537 2114 3574 iste
2126 3535 2318 3574 cruciatus.
2333 3530 2472 3568 Idcirco

1398 3617 1483 3644 suas
1499 3603 1750 3653 aequanimiter
1779 3601 1930 3650 injurias
1947 3599 2089 3642 tolerat,
2110 3601 2150 3633 ut
2166 3604 2236 3631 una
2263 3597 2301 3630 et
2327 3591 2470 3628 illorum

1399 3652 1564 3708 obstruat
1580 3677 1637 3711 os,
1651 3674 1688 3704 et
1705 3665 1816 3714 ipsius
1827 3665 1912 3702 Cain
1923 3667 2108 3710 parentem
2121 3664 2264 3704 quoque
2281 3653 2359 3691 sola
2369 3652 2472 3690 boni-

1399 3738 1474 3770 tate
1490 3741 1530 3769 se
1546 3729 1764 3776 corripuisse
1777 3725 1958 3768 ostendat,
1977 3725 2220 3770 praetereaque
2238 3721 2278 3753 ut
2293 3714 2470 3762 ejusmodi

1447 3849 1459 3868 I
1481 3849 1566 3886 ειν..
1585 3838 1645 3876 Dei
1656 3833 1870 3873 clamantium-
