2734 4342
333 225 397 262 ιπι

329 297 564 346 hetiguitniis
593 287 760 340 exemplo
788 293 955 338 posteros
972 286 1016 324 ad
1046 283 1298 336 paenitentiam
1329 292 1415 334 pro-

331 364 450 398 uocat.
471 359 600 395 Postea
620 361 708 391 vero
729 350 1057 400 quam‘sccundum
1076 349 1245 387 duritiam
1265 357 1368 386 suam
1383 354 1420 386 et

330 433 395 460 cur
427 417 662 466 itnpwnitens
695 415 952 452 thesaurizavit
981 413 1050 451 sibi
1083 413 1188 458 iram,
1209 413 1310 450 illum
1335 418 1422 450 tunc

331 481 518 520 ulciscitur
538 493 546 515 :
567 474 624 516 sin
654 484 742 515 vero
769 483 852 525 post
871 477 991 514 scelus
1013 475 1198 514 homicidii
1227 475 1422 513 mansisset

330 543 546 592 impunitus,
577 541 688 579 etiam
716 539 762 577 ad
793 539 890 576 aliud
913 536 1103 588 majusque
1130 535 1304 586 llagitium
1333 544 1420 584 pro-

330 613 479 656 gressus
496 611 607 644 esset.
627 603 752 652 Neque
770 603 866 640 enim
886 601 1011 640 dicere
1028 607 1218 650 poSsumus
1238 609 1302 648 per
1321 601 1423 648 igno-

331 669 487 707 rantiam
507 667 608 706 Illum
629 666 848 714 deliquisse;
869 672 952 702 nam
981 664 1079 713 quod
1103 664 1225 712 iunior
1243 663 1422 712 intellige-

332 729 409 778 bnt,
427 732 506 780 ipse
531 731 649 778 major
672 735 765 767 natu
784 726 844 777 qui
865 729 1032 777 ignorare
1055 727 1222 776 poterat?
1241 724 1331 764 Esio
1359 729 1423 763 au-

333 802 422 840 tem,
459 803 524 842 per
557 793 800 842 ignorantiam
836 789 1041 840 peccaverit
1071 791 1201 839 prius:
1231 795 1422 840 postqaam

332 857 486 901 audivit,
509 856 666 903 Quiesce,
689 859 882 903 postquam
899 852 1031 902 prioris
1057 853 1174 901 culpa:
1195 853 1300 890 venia
1329 848 1423 900 poti-

325 926 392 958 tus
411 925 482 966 est,
511 927 556 957 ex
585 929 656 966 qua
678 912 882 966 ignorantia
911 917 958 954 ad
988 913 1221 964 parricidium
1245 915 1422 964 prorupit,

325 989 543 1031 terramque
557 980 695 1028 infecit,
712 988 755 1018 ac
772 981 871 1029 leges
892 984 1030 1018 naturae
1045 979 1250 1018 subvertit?
1267 979 1426 1018 Videsne

334 1051 376 1084 ut
389 1047 490 1094 prior
503 1045 613 1083 etiam
631 1041 737 1092 culpa
766 1053 839 1092 non
859 1041 904 1083 de
925 1043 1142 1093 ignorantia,
1162 1039 1228 1082 sed
1246 1043 1292 1082 de
1318 1041 1426 1080 mali-

335 1107 472 1159 gnitate
489 1115 524 1146 ct
551 1108 724 1156 nequitia,
747 1112 991 1156 supremaque
1019 1105 1170 1146 seeleris
1192 1104 1342 1145 audacia
1359 1117 1426 1145 ve-

337 1170 454 1211 nerit?
476 1167 652 1218 Quaenam
679 1179 768 1209 vero
794 1170 863 1208 fuit
889 1165 998 1219 hujus
1025 1170 1155 1218 pmna?
1183 1168 1264 1208 Erit
1289 1181 1426 1218 gemens

325 1238 378 1272 ἰω
391 1241 542 1272 tremens
561 1242 666 1283 super
685 1239 812 1271 terram
841 1230 945 1282 (Gen.
967 1227 1004 1270 4.
1032 1229 1110 1282 η).
1136 1227 1288 1270 Videtur
1305 1237 1426 1270 tamen

335 1303 418 1336 esse
433 1302 544 1344 grave
565 1295 806 1344 supplicium;
825 1295 889 1333 sed
914 1301 990 1332 non
1013 1295 1089 1343 jam
1114 1293 1164 1332 ita
1183 1293 1376 1340 videbitur,
1395 1293 1427 1331 si

326 1362 527 1407 peccatum
547 1356 834 1402 consideremus,
860 1364 897 1396 et
914 1353 1028 1405 ipsam
1057 1363 1201 1404 ptena'm
1218 1355 1427 1404 d-ligentius

336 1420 556 1458 intueamur.
577 1419 668 1457 Cum
689 1419 786 1457 enim
804 1418 866 1456 ille
885 1418 980 1456 male
998 1416 1203 1465 obtulisset,
1221 1424 1316 1466 πει-θ
1331 1417 1424 1465 tulit,

335 1481 434 1530 quod
448 1487 530 1530 post
545 1480 714 1529 injuriam
735 1478 811 1518 Deo
830 1479 968 1518 illatam
993 1479 1194 1518 honoratus
1211 1479 1256 1519 ab
1275 1479 1338 1518 illo
1353 1491 1426 1519 non

335 1547 406 1588 est,
425 1543 683 1591 corripientem
703 1540 855 1590 respuit,
878 1541 1185 1591 parricidiumque
1199 1541 1340 1591 primus
1359 1550 1426 1590 pa-

337 1603 459 1652 travit,
481 1603 556 1644 imo
572 1613 662 1644 vero
690 1603 829 1643 lhcinus
847 1602 1042 1653 parricidio
1058 1598 1166 1653 longe
1189 1603 1424 1642 sceleratius:

338 1673 510 1717 parentes
538 1670 637 1708 enim
673 1669 874 1707 incredibili
909 1664 1037 1706 dolore
1063 1667 1249 1714 confodit,
1280 1677 1324 1706 ac
1351 1664 1428 1707 Deo

337 1729 450 1768 etiam
479 1730 650 1768 mentitus
675 1734 746 1768 est.
770 1730 954 1778 Numquid
981 1731 1088 1775 enim,
1119 1731 1184 1776 ait,
1212 1736 1325 1768 custos
1351 1736 1428 1768 sunt

341 1791 461 1840 fratris
477 1793 543 1828 mei
564 1791 668 1840 (Gen.
691 1789 729 1828 4.
755 1789 822 1840 9)?
851 1789 898 1828 Et
923 1798 990 1839 pro
1013 1792 1070 1830 bis
1097 1793 1266 1831 Omnibus
1287 1794 1366 1831 solo
1382 1789 1427 1831 ti-

339 1859 444 1890 more
455 1859 499 1890 ac
512 1858 672 1890 tremore
687 1854 881 1890 cruciatur.
897 1853 1066 1890 Attamen
1083 1851 1150 1891 Dei
1165 1851 1427 1902 benignitatem

338 1923 413 1954 non
432 1924 478 1955 ex
497 1924 542 1954 eo
560 1913 678 1954 solum
696 1910 920 1954 maaiiestari
939 1912 1110 1962 dixerim,
1129 1917 1225 1965 quod
1243 1915 1426 1956 mitiorem

341 1984 486 2025 poenam
501 1981 602 2016 lauto
625 1974 754 2016 sceleri
770 1972 948 2022 adhibuit,
968 1973 1032 2015 sed
1049 1977 1144 2026 quod
1168 1979 1206 2016 in
1225 1975 1303 2027 ipsa
1321 1986 1428 2026 poena

288 2049 294 2053 '
339 2041 481 2080 lucrum
495 2038 592 2078 haud
612 2039 857 2088 spernendum
871 2040 992 2080 inesse
1012 2036 1188 2079 videatur.
1208 2041 1247 2080 Id
1264 2049 1351 2080 vero
1369 2041 1427 2081 iu-

337 2104 444 2142 ‘c‘rum
465 2108 556 2148 erat,
571 2099 669 2152 quod
684 2109 728 2142 ex
743 2112 787 2141 ea
803 2103 918 2152 ipsius
934 2103 1171 2152 castigatione
1185 2107 1305 2144 cuncti
1325 2107 1426 2154 post-

343 2164 490 2203 modum
515 2161 692 2204 admoniti
717 2172 802 2204 sunt
827 2162 1046 2215 resipiscere
1074 2175 1094 2204 a
1121 2167 1247 2214 malis,
1277 2168 1428 2218 fieriqde

342 2227 526 2264 meliores.
559 2224 696 2265 idcirco
725 2233 813 2276 ergo
843 2236 915 2266 non
945 2228 1078 2267 occidit
1105 2223 1222 2276 illum,
1253 2230 1336 2280 quia
1361 2237 1428 2280 par

332 2289 478 2327 utilitas
497 2287 660 2337 proiecto
686 2295 760 2327 non
777 2285 920 2334 fuisset,
939 2290 1054 2329 audiri
1072 2292 1168 2341 quod
1187 2290 1292 2339 Cain,
1315 2291 1426 2332 fratre

342 2352 575 2401 interempto,
596 2355 714 2392 triorte
734 2349 930 2392 mulctatus
947 2359 1057 2400 esset,
1073 2358 1107 2394 et
1129 2351 1252 2394 videre
1274 2357 1426 2404 parrici-

340 2412 424 2452 dam
457 2410 574 2465 ipsum
603 2422 732 2463 poenas
765 2415 1030 2456 exsultantem.
1065 2411 1236 2456 Fortasse
1268 2420 1364 2456 enim
1389 2415 1425 2458 id

339 2477 502 2517 auditum
533 2474 581 2517 ob
607 2475 868 2517 immanitatem
897 2475 1047 2518 sceleris
1068 2481 1246 2519 creditum
1276 2477 1426 2521 minime

340 2539 469 2580 finisset
490 2554 499 2578 :
522 2547 619 2580 nunc
635 2548 724 2580 vero
753 2539 839 2580 dum
867 2537 1024 2588 videtur,
1054 2543 1140 2580 dum
1161 2550 1285 2582 coram
1305 2544 1423 2590 adest,

340 2603 516 2654 plurimos
544 2606 726 2654 longeque
757 2606 976 2652 superstites
1006 2608 1169 2654 tempore
1201 2611 1318 2654 pmna‘:
1349 2614 1425 2646 stuc

340 2673 451 2706 testes
469 2663 661 2717 relinquit;
679 2663 919 2714 n'ianii'cstum~
931 2673 1029 2706 certe
1045 2673 1089 2706 ac
1107 2665 1280 2706 credibile
1299 2672 1335 2707 et
1349 2676 1424 2708 sua:

339 2731 456 2768 rotatis
473 2725 693 2776 hominibus,
713 2732 750 2768 et
768 2732 891 2778 postea
907 2724 1038 2768 l‘uturis
1053 2731 1220 2768 omnibus
1235 2729 1268 2768 id
1285 2729 1425 2774 [acinus

263 2810 275 2822 ι
338 2789 540 2831 constituit.
562 2783 655 2838 Quid
679 2797 783 2840 ergo,
808 2788 964 2839 inquies,
987 2790 1056 2830 hoc
1079 2789 1130 2830 illi
1153 2794 1330 2831 contulit?
1347 2789 1423 2832 ilia-

339 2856 437 2892 xiitie
455 2855 602 2903 quidem
633 2853 729 2892 illius
750 2853 858 2890 s‘aluii
873 2850 1132 2901 pres'pieieb‘at,
1161 2861 1244 2893 cum
1264 2856 1342 2904 ejus
1361 2861 1422 2894 ra-

339 2917 450 2962 biem,
483 2921 657 2964 quantum
687 2917 724 2952 in
751 2921 791 2954 se
819 2909 942 2960 fuerit,
971 2916 1160 2955 coerceret
1188 2913 1424 2968 castigatione

340 2979 548 3016 verborum.
563 2973 701 3016 Verum
723 2983 767 3016 ne
785 2980 864 3026 ipsa
883 2977 1030 3025 quidem
1053 2974 1152 3016 illata
1181 2979 1230 3016 iiii
1250 2987 1369 3028 postia,
1393 2983 1423 3020 si

328 3033 422 3088 'qnis
439 3037 648 3090 diligentius
668 3035 850 3088 inspiciat,
874 3034 1031 3076 maxima
1051 3041 1164 3088 ipsius
1189 3040 1342 3080 utilitate
1357 3049 1422 3080 va-

341 3106 412 3140 cat.
431 3098 469 3140 Si
488 3105 583 3140 etum
603 3099 724 3140 statim
745 3103 844 3138 illum
873 3101 1078 3146 occidisset,
1099 3103 1236 3140 nullum
1258 3098 1324 3152 ipsi
1349 3110 1424 3152 poe-

342 3166 502 3202 Itilcnlia:
521 3171 679 3214 tempus,
701 3171 763 3213 per
776 3170 883 3212 quam
897 3163 1026 3202 melior
1039 3165 1221 3210 evaderet,
1238 3166 1398 3205 dedisset
1413 3181 1422 3206 :

342 3239 438 3264 nunc
458 3239 544 3265 vero
561 3238 642 3264 cum
667 3233 768 3264 metu
787 3231 830 3264 ac
849 3232 1006 3266 tremore
1039 3227 1148 3266 vitam
1179 3229 1330 3277 du'cens,
1353 3233 1423 3269 nisi

344 3289 450 3326 nimis
469 3285 690 3334 inscnsatus,
712 3294 754 3326 ac
773 3288 895 3327 bellua
911 3291 1031 3338 potius
1051 3295 1158 3340 quam
1186 3292 1295 3332 homo
1310 3299 1420 3340 esset,

343 3361 386 3386 ex
411 3349 618 3398 huiusmodi
638 3351 710 3387 vita
730 3349 832 3398 plura
856 3355 985 3400 ‘capcre
1015 3355 1130 3400 putuit
1161 3355 1420 3394 emolumenta.

317 3405 522 3450 ῬΙ-ωειδνερ
549 3411 708 3450 futurum
735 3411 950 3462 Supplicium
981 3410 1094 3454 leviUS
1124 3421 1314 3466 praesentis
1333 3423 1424 3456 [crn-

343 3472 442 3523 poris
472 3479 580 3524 pinna
608 3473 824 3514 censtituit:
851 3482 892 3515 ea
924 3480 1020 3516 enim
1049 3486 1130 3528 quae
1164 3482 1267 3519 nobis
1297 3481 1332 3518 in
1356 3481 1422 3519 hac

344 3532 415 3574 vita
430 3529 636 3576 inferuntur
655 3535 850 3587 Supplicia,
869 3539 1041 3578 divinitus
1060 3542 1262 3580 futurorum
1279 3543 1421 3581 crucia-

343 3599 442 3631 tuu'm
464 3600 602 3642 partem
625 3595 720 3634 haud
737 3597 902 3646 exiguam
927 3597 1130 3636 succidunt.
1156 3601 1275 3648 Atque
1293 3601 1420 3638 harum

341 3662 464 3694 rut-um
480 3654 685 3697 testimonia
703 3661 758 3698 ue
783 3655 980 3708 Scripturis
1006 3663 1138 3700 (tirinis
1166 3663 1298 3701 atierre
1318 3663 1422 3702 facile

344 3727 548 3764 possumus.
565 3715 654 3760 Nam
672 3717 838 3760 Christus
868 3723 1041 3760 Dominus
1059 3730 1140 3760 cum
1161 3726 1359 3773 di3eipuios
1376 3728 1422 3763 ai-

345 3778 496 3825 loqucns
515 3780 560 3819 de
584 3777 721 3820 Lazaro
739 3784 949 3826 dissereret,
981 3783 1163 3822 Abraham
1180 3787 1316 3828 retulit,
1338 3797 1419 3826 cum

348 3849 534 3884 rogaretur
553 3853 573 3880 a
591 3845 717 3888 divite,
737 3852 777 3882 ut
798 3847 958 3884 “niteret
977 3847 1166 3892 Lazarum,
1183 3850 1241 3896 qui
1255 3857 1419 3890 extrema

345 3899 446 3948 digiti
464 3911 564 3949 parte
579 3907 762 3953 paululum
781 3917 884 3956 aqua:
904 3909 1044 3946 ardenti
1064 3909 1193 3957 liugum
1215 3911 1416 3958 instillarct,

843 211 882 250 s.
909 195 1100 248 iosnms
1113 207 1172 246 cu
1181 201 1446 246 BYSOSTOMI
1460 199 1677 246 ARClllEP.
1697 191 2055 251 consumma.
2194 181 2196 184 ’
2447 223 2503 267 ‘3,

1494 285 1628 324 dixiSse
1647 287 1691 324 ad
1712 288 1812 325 illum
1828 302 1837 326 :
1859 288 1941 335 Fili,
1961 291 2134 330 recurdare
2150 294 2224 342 quia
2241 299 2378 344 recepisti
2394 309 2423 338 ut
2436 305 2503 344 bona

1490 348 1526 385 in
1544 349 1612 386 vita
1635 354 1708 394 iud,
1729 357 1761 388 et
1779 349 1934 390 Lazarus
1957 353 2046 389 mala
2063 367 2074 389 :
2091 366 2176 392 nunc
2194 364 2298 395 autent
2314 361 2361 398 ln'c
2377 369 2504 403 conscia-

1492 418 1562 459 tur,
1593 417 1630 448 tu
1657 423 1734 450 vero
1763 415 1926 452 cruciaris
1942 414 2042 464 (Luc.
2071 416 2128 454 16.
2154 417 2228 466 25).
2250 421 2368 460 Paulus
2393 435 2505 475 quoque

1492 475 1660 524 (Paulum
1680 486 1765 537 vero
1795 479 1937 526 quoties
1965 479 2058 525 dico,
2086 490 2205 518 rursus
2226 482 2347 522 Christi
2364 498 2504 537 praecepta

1491 537 1628 585 replico
1649 551 1657 575 :
1677 534 1844 578 Christus
1872 541 1968 578 enim
2001 540 2172 589 profecto,
2199 555 2271 582 mea
2299 548 2424 594 quidem
2445 534 2508 589 scn-

1493 601 1619 647 tentia,
1645 602 1788 640 beatam
1810 602 1904 640 illius
1924 605 2088 642 movebat
2116 606 2293 654 animam),
2315 609 2388 647 dum
2407 611 2507 650 Corin-

1493 663 1580 702 thiis
1599 664 1774 702 scriberet
1793 665 1843 714 (l.
1859 665 1938 703 Cor.
1957 666 1992 704 5.
2011 665 2357 718 5),aliquaudojubet
2371 677 2508 724 cum,qui

1493 726 1711 774 gravissime
1732 726 1928 766 fornicatus
1947 728 2073 774 fuerat,
2101 730 2187 768 tradi
2211 737 2334 770 satana:
2365 735 2395 771 in
2420 737 2508 774 inter-

1495 789 1584 827 itum
1598 791 1732 835 caruis,
1747 797 1785 827 ut
1802 791 1949 839 spiritus
1965 793 2084 830 salvus
2097 793 2141 830 sit
2161 794 2193 830 in
2210 793 2264 832 die
2281 796 2402 834 Domini
2421 801 2508 837 nostri

1494 849 1580 888 Jesu
1603 849 1749 889 Christi.
1778 850 1992 900 Rursusque
2016 864 2094 891 cum
2121 854 2260 892 eosdem
2274 855 2314 894 de
2340 857 2378 894 iis
2399 859 2448 907 qui
2467 861 2508 897 in-

1496 912 1604 962 digne
1621 923 1724 952 sacra
1747 915 1920 963 mysteria
1950 917 2188 965 percipiebant
2213 919 2401 958 admoneret
2419 935 2427 960 :
2446 921 2509 959 Pro-

1496 983 1624 1026 pterea,
1645 979 1774 1027 inquit,
1802 980 1892 1016 inter
1917 991 1976 1017 vos
1995 982 2090 1018 multi
2114 983 2238 1030 inﬁrmi
2254 991 2284 1022 et
2305 983 2468 1030 imbecilles,
2486 993 2510 1024 et

1497 1042 1670 1079 dormiunt
1688 1043 1799 1080 multi.
1816 1041 1912 1080 Nam
1925 1044 1956 1082 si
1973 1057 2035 1082 nos
2051 1047 2142 1092 ipsos
2153 1046 2381 1096 judicaremus,
2396 1061 2450 1086 non
2463 1051 2509 1086 uli-

1497 1109 1562 1149 que‘
1583 1103 1822 1152 judicaremur
1846 1113 1860 1143 :
1885 1117 1963 1142 cum
1985 1107 2182 1155 judicamttr
2208 1116 2311 1147 autem
2336 1122 2355 1146 α
2384 1110 2508 1157 Domino,

1497 1167 1716 1214 corripimur,
1739 1174 1776 1205 ut
1796 1179 1864 1206 non
1881 1179 1958 1206 cum
1977 1168 2039 1206 hoc
2057 1171 2182 1208 mundo
2200 1172 2382 1210 damnamur
2395 1173 2508 1220 (l.Cor.

1505 1229 1565 1267 11.
1585 1227 1736 1278 50-52).
1749 1229 1925 1270 Vidistine
1941 1233 2151 1272 inelfabilem
2162 1235 2382 1280 clementiam,
2392 1237 2509 1274 immen-

1503 1297 1634 1340 Sasque
1652 1291 1796 1331 divitias
1812 1293 2064 1344 benignitatis?
2085 1296 2199 1334 vidisti
2219 1303 2256 1334 ut
2270 1298 2375 1335 omnia
2391 1305 2457 1346 agat
2469 1307 2508 1336 at-

1497 1360 1568 1402 que
1582 1355 1751 1392 moliatur
1767 1353 1878 1402 Deus,
1899 1361 1938 1394 ut
1966 1363 2045 1405 post
2064 1365 2241 1406 peccatum
2259 1370 2386 1408 quoque
2401 1361 2510 1398 mitiore

1498 1425 1608 1464 quam
1635 1415 1840 1466 debuimus,
1862 1417 2059 1467 plectamur
2077 1431 2195 1468 pinna,
2215 1428 2272 1458 aut
2288 1419 2384 1460 etiam
2399 1423 2509 1460 omnino

1498 1477 1721 1518 liberemur?

1503 1594 1505 1596 η
1546 1542 1584 1580 si.
1605 1540 1745 1580 Diaboli
1762 1539 1798 1580 in
1820 1552 1883 1582 nos
1898 1542 2054 1583 incursus
2071 1553 2148 1584 sunt
2165 1543 2270 1584 meriti
2296 1554 2508 1596 argumentum,

1498 1609 1704 1642 Carduarum
1721 1607 1879 1644 materia.
1902 1627 1950 1634 -—
1974 1604 2086 1646 Porro
2109 1608 2140 1645 si
2165 1608 2240 1656 quis
2260 1608 2290 1646 id
2308 1607 2456 1645 curiosius
2471 1608 2511 1644 in-

1499 1667 1634 1715 quirat,
1651 1668 1756 1717 cujus
1773 1667 1826 1707 rei
1841 1670 1954 1718 gratia
1969 1677 2124 1709 veterem
2139 1671 2233 1708 illum
2251 1672 2446 1708 seductorem
2461 1682 2511 1707 nun

1498 1729 1674 1768 continuo
1691 1729 1881 1778 deleverit,
1897 1730 1932 1770 id
1948 1743 2088 1782 quoque
2105 1743 2168 1782 pro
2186 1744 2316 1772 summa
2334 1733 2364 1770 in
2382 1743 2436 1770 nos
2451 1743 2512 1769 cura

1499 1789 1632 1830 laetum
1651 1793 1866 1844 comperiet.
1888 1795 1926 1834 Si
1945 1797 2040 1835 enim
2060 1797 2247 1835 sceleratus
2267 1797 2321 1834 ille
2340 1791 2368 1832 vi
2385 1795 2514 1832 domina-

1498 1864 1614 1904 retur,
1642 1864 1740 1896 esset
1768 1859 1924 1898 fortasse
1950 1861 2168 1898 rationabilis
2187 1861 2249 1898 ista
2273 1860 2432 1908 inquisitio
2451 1858 2512 1894 :sin

1498 1926 1618 1957 autem
1640 1919 1708 1958 hac
1725 1921 1884 1969 potentia
1905 1923 2062 1971 privatus
2079 1929 2212 1960 tantum
2229 1921 2422 1970 persuadere
2433 1926 2514 1967 atque

1499 1976 1646 2020 allicere
1663 1988 1798 2030 potest,
1815 1981 1912 2021 illius
1925 1995 2012 2022 vero
2029 1984 2200 2022 suasionis
2215 1983 2384 2021 illecebras
2398 1990 2514 2019 renuere

1499 2042 1536 2082 in
1557 2044 1662 2082 nobis
1679 2051 1760 2083 est:
1781 2057 1848 2084 cur
1867 2053 1902 2084 tu
1923 2043 2040 2085 meriti
2058 2053 2296 2096 argumentum
2316 2046 2418 2089 tollis,
2434 2052 2514 2080 coro-

1499 2118 1700 2156 narumque
1731 2108 1921 2147 materiam
1953 2109 2186 2158 νη»εείηάἰεῖ
2211 2109 2261 2146 Ad
2291 2109 2360 2145 haec
2389 2107 2414 2144 si
2441 2105 2513 2142 illum

1497 2170 1620 2208 sciens
1647 2165 1725 2210 fore
1759 2171 2061 2220 insuperabilem,
2089 2178 2296 2218 cunctosque
2312 2169 2512 2207 devicturum,

1499 2227 1547 2268 ila
1568 2229 1668 2270 illum
1691 2228 1890 2271 dimisisset
1918 2233 2034 2277 Deus,
2054 2245 2099 2271 nc
2118 2233 2168 2271 sic
2185 2231 2317 2281 quidem
2339 2229 2378 2267 de
2395 2229 2440 2266 his
2455 2237 2514 2264 πιθ-

1497 2288 1616 2332 vcnda
1643 2295 1796 2343 quaestio
1813 2303 1923 2334 esset.
1943 2295 2044 2333 Nam
2064 2302 2136 2332 tum
2155 2305 2287 2342 quoque
2301 2291 2383 2341 quod
2401 2287 2451 2326 ille
2465 2287 2514 2324 ob.

1484 2356 1656 2410 ‘tincrct,
1689 2356 1786 2404 quod
1806 2358 1966 2396 vinceret
1997 2369 2066 2394 non
2096 2357 2323 2399 reluctantes,
2346 2352 2399 2391 scd
2417 2355 2515 2398 spotlle

1497 2419 1566 2458 sibi
1585 2419 1756 2458 cedentes
1783 2429 1891 2468 atque
1911 2417 2205 2465 succumbentcs,
2233 2431 2251 2455 a
2282 2417 2372 2456 nobis
2389 2413 2515 2463 profcclo

1499 2491 1709 2522 manasset:
1731 2491 1978 2522 Verumtamen
1999 2485 2054 2522 liis
2073 2482 2132 2533 qui
2161 2480 2290 2531 ingrate
2315 2491 2406 2528 agerc
2420 2477 2516 2514 νοιιιηι

1497 2557 1543 2584 nc
1564 2545 1599 2584 id
1617 2548 1762 2595 quidem
1785 2544 1872 2586 satis
1893 2555 2000 2586 esset.
2023 2547 2123 2593 Quod
2144 2545 2172 2584 si
2199 2545 2328 2594 plurimi
2345 2540 2466 2589 quidem
2483 2536 2516 2573 il-

1497 2605 1567 2648 lius
1599 2602 1797 2658 potentiam
1830 2621 1873 2648 ac
1907 2607 2004 2649 vires
2035 2611 2214 2658 frangunt.
2245 2607 2422 2653 complures
2451 2602 2514 2638 item

1497 2671 1648 2720 posthac
1669 2670 1768 2708 illuni
1789 2673 1991 2719 superaluri
2008 2679 2112 2716 sunt,
2131 2671 2212 2723 quid
2230 2677 2262 2707 tu
2278 2669 2399 2706 futuros
2413 2663 2516 2712 proba-

1497 2735 1657 2772 tissimos
1677 2735 1951 2782 clarissimaque
1972 2735 2118 2773 victoria
2147 2735 2294 2781 insignes
2315 2737 2400 2768 tanto
2425 2726 2516 2772 privas

1497 2793 1662 2834 honore?
1681 2795 1816 2834 idcirco
1836 2797 1930 2834 enim
1952 2797 2050 2834 illum
2067 2783 2220 2838 dimisit,
2242 2801 2277 2832 ut
2296 2803 2368 2830 eum
2383 2787 2517 2836 dejiciaut

1497 2859 1556 2907 qui
1576 2859 1719 2896 fuerant
1737 2857 1783 2896 ab
1801 2871 1844 2896 eo
1864 2861 1962 2907 prius
1979 2860 2152 2907 superati,
2175 2857 2264 2906 quod
2291 2855 2338 2892 illi
2351 2851 2433 2891 omni
2450 2857 2516 2893 snP'

1496 2919 1604 2969 plicio
1625 2921 1767 2968 gravius
1785 2928 1854 2966 est,
1875 2921 2065 2970 ipsumque
2079 2919 2120 2957 ad
2136 2927 2322 2958 extremam
2336 2912 2516 2952 condemna-

1497 2980 1632 3021 tionem
1652 2979 1818 3021 deditcet.
1839 2985 1886 3022 At
1901 2996 1970 3022 non
1987 2995 2124 3029 omnes,
2142 2983 2286 3030 inquies,
2302 2977 2388 3016 illuni
2401 2982 2517 3022 supcra‘

1496 3049 1564 3084 turi
1584 3054 1680 3084 sunt.

1545 3109 1614 3146 Cur
1637 3104 1727 3145 Dens
1747 3121 1764 3146 ε
1783 3109 1894 3146 medio
1921 3109 2094 3146 diabolum
2113 3121 2178 3145 non
2195 3105 2366 3144 sustulerit.
2387 3122 2425 3129 -
2446 3095 2516 3144 ΟυῘά

1495 3169 1566 3207 hoc
1584 3169 1629 3207 ad
1650 3166 1754 3207 rem?
1772 3167 1939 3208 Profecto
1959 3173 2054 3209 enim
2083 3170 2192 3222 multo
2217 3164 2456 3206 conveniendus
2477 3163 2518 3194 est

1477 3227 1600 3279 'justis
1645 3233 1856 3270 occasiones
1891 3233 2138 3281 suppeditari,
2181 3233 2302 3278 quibus
2337 3227 2516 3264 voluntatem

1495 3293 1690 3332 Ostendam
1707 3306 1824 3341 suam,
1844 3307 1906 3334 eos
1923 3307 2010 3334 vero
2028 3297 2085 3345 qni
2109 3308 2175 3333 non
2195 3300 2276 3332 sunt
2293 3285 2518 3350 hujusmodifx

1496 3359 1639 3405 propria
1661 3358 1780 3404 puniri
1812 3357 2026 3406 negligentia
2041 3388 2051 3404 ,
2073 3369 2175 3406 quam
2197 3357 2334 3392 istorum
2353 3359 2442 3389 crtus:l
2466 3344 2518 3380 ί¹¹¹⁵

1497 3421 1603 3457 etiam
1622 3419 1794 3456 damnum
1813 3416 1947 3458 allcrri.
1971 3421 2058 3458 Nam
2084 3415 2188 3457 modo
2214 3417 2240 3455 is
2257 3416 2313 3463 qui
2342 3412 2440 3450 malus
2457 3407 2517 3446 est.

1495 3481 1524 3518 si
1547 3480 1713 3523 ltcdatur,
1737 3491 1806 3518 nou
1823 3483 2018 3520 adversarii
2039 3481 2182 3522 viribus,
2201 3479 2260 3517 scd
2276 3487 2335 3514 suo
2351 3472 2450 3522 potius
2463 3475 2516 3503 tor-

1494 3551 1582 3590 pore
1603 3551 1794 3591 superatur
1823 3558 1831 3581 :
1866 3547 1960 3593 quod
1995 3544 2126 3582 indicat
2156 3544 2320 3579 victorum
2351 3528 2518 3596 multitudo.

1495 3605 1596 3642 Tuuc
1617 3617 1703 3644 vero
1725 3607 1828 3654 probi
1858 3608 1990 3655 quique
2021 3606 2258 3653 improimrum
2283 3608 2380 3637 causa
2409 3595 2519 3655 turni-5

1495 3665 1694 3704 honoribus
1717 3663 1873 3704 fraudati
1902 3654 2071 3710 fuissent,
2105 3677 2174 3702 non
2201 3663 2377 3701 habentes,
2404 3654 2518 3690 ἰΗθΓ¹¹¹¹¹

1493 3729 1550 3765 cui
1556 3739 1614 3774 pa,
1633 3727 1695 3766 ubi
1717 3729 1812 3768 vires
1826 3737 2037 3768 exercerent
2054 3738 2157 3770 suas;
2177 3725 2279 3763 veluti
2294 3722 2320 3759 si
2339 3713 2518 3778 agoncthcta

1493 3791 1575 3838 quis
1594 3791 1748 3828 athletas
1767 3792 1859 3828 duos
1877 3797 2016 3835 nactus,
2031 3791 2180 3827 alterum
2201 3784 2333 3834 quidem
2347 3776 2521 3838 adrcrsm‘lo

1493 3852 1664 3900 coogredi
1683 3861 1859 3900 paratum,
1878 3858 2093 3900 omnemque
2111 3847 2326 3888 tolerantiam
2345 3837 2519 3906 “renidet-‘3:

1497 3899 1739 3964 curonamquc
1759 3929 1802 3955 cx
1821 3917 2016 3955 certamine
2031 3899 2163 3954 referre
2175 3941 2184 3959 ,
2204 3911 2346 3949 alterum
2366 3900 2465 3941 labori
2483 3899 2520 3932 illi
