2734 4342
227 258 298 297 ιῦὃ

223 342 260 372 et
279 344 448 372 intumum
465 333 578 372 otium
595 331 812 380 deliciasque
831 331 1096 378 praeferentem,
1119 329 1290 366 adversa-

223 398 277 434 rio
297 398 342 434 de
359 397 478 435 medio
505 397 668 440 sublato,
687 396 812 434 ambos
831 405 871 433 re
895 395 1024 432 infecta
1045 393 1214 432 dimittat.
1232 392 1292 430 Sic

223 458 318 494 enim
345 464 518 495 strenuus
547 457 608 494 ille
637 463 781 504 propter
809 456 958 494 alterius
987 455 1162 502 ignaviam
1193 453 1291 500 gravi

222 520 355 557 damno
381 521 528 558 affectus
545 527 664 565 esset;
695 521 842 568 ignavus
870 525 990 556 autem
1010 528 1080 554 non
1106 515 1290 553 fortissimi

221 583 309 619 socii
329 591 436 619 causa
456 583 573 619 malus
592 588 708 626 esset,
736 592 860 619 verum
886 582 932 618 ob
951 580 1150 618 socordiam
1172 589 1288 616 suam.

219 645 289 682 Sed
315 645 409 683 enim
437 645 513 682 haec
531 646 678 682 istorum
704 645 866 692 qurestio,
888 654 968 680 cum
987 643 1030 680 de
1049 642 1190 679 diabolo
1212 641 1288 688 agi-

221 707 287 743 tari
310 707 486 751 videatur,
507 707 536 743 si
556 717 622 742 suo
641 707 766 743 ordine
786 705 978 752 procedat,
999 704 1162 751 plurimis
1179 704 1214 739 in
1233 713 1290 739 re-

221 769 286 805 bus
307 769 368 804 Dci
395 767 654 815 providentiam
685 767 890 811 insimulat,
921 771 1158 811 cunctamque
1184 763 1290 800 simul

219 836 422 868 ereaturam
459 830 625 866 traducit.
659 829 822 877 Namque
856 829 929 866 oris
962 837 1069 875 atque
1103 827 1288 864 oculorum

219 893 437 929 creationem
463 892 664 929 incusabit:
687 892 819 939 quippe
835 901 918 927 cum
946 901 1011 937 per
1036 890 1112 926 haec
1139 899 1290 936 qumque

221 952 343 990 illicita
363 952 638 1000 concupiscant,
673 960 780 998 atque
807 951 843 988 in
875 951 1091 988 adulterium
1121 956 1291 988 corruant

221 1014 386 1061 plurimi;
407 1025 470 1060 per
489 1015 557 1052 hoc
573 1021 690 1051 autem
711 1014 961 1062 blasphement
977 1013 1060 1056 alii,
1081 1019 1186 1060 atque
1206 1023 1288 1060 per-

219 1077 355 1113 niciosa
375 1076 540 1124 dogmata
563 1077 759 1124 proferant.
790 1077 881 1114 Num
901 1087 988 1123 ergo
1017 1077 1094 1114 sine
1121 1076 1235 1113 oculis
1253 1080 1291 1112 et

221 1139 339 1188 lingua
358 1141 438 1178 ideo
465 1140 664 1178 debuerunt
692 1140 858 1176 homines
889 1139 992 1176 ﬁeri?
1011 1139 1123 1176 Pedes
1148 1148 1290 1186 quoque

219 1203 445 1247 abscindere,
462 1209 498 1240 et
512 1209 694 1249 amputare
711 1212 836 1238 manus
853 1211 1000 1238 necesse
1017 1201 1100 1244 erit,
1117 1210 1196 1237 cum
1213 1201 1290 1236 istze

220 1265 336 1312 plena:
353 1265 424 1301 sint
443 1264 628 1312 sanguine,
651 1264 700 1300 illi
719 1274 804 1300 vero
820 1263 865 1300 ad
887 1263 1017 1299 malum
1038 1267 1196 1299 currant.
1213 1261 1290 1299 Nec

219 1326 306 1372 ipsm
326 1325 468 1374 quidem
489 1336 594 1362 aures
619 1325 875 1362 immanitatem
897 1324 991 1360 hanc
1009 1323 1166 1370 effugere
1185 1327 1286 1370 pote-

218 1393 325 1424 runt:
346 1398 426 1423 nam
446 1387 561 1424 inania
579 1386 791 1434 percipiunt,
807 1393 843 1423 et
861 1385 1126 1432 corruptionem
1141 1384 1288 1432 dogma—

218 1455 291 1486 tnm
319 1449 362 1486 ad
393 1450 548 1487 animam
574 1449 718 1486 mittunt
739 1461 748 1484 :
772 1450 891 1496 itaque
919 1455 956 1486 et
985 1449 1063 1485 ista:
1083 1447 1288 1485 auferendae

217 1518 336 1548 erunt.
357 1511 460 1556 Quod
477 1511 508 1547 si
531 1510 716 1554 dabimus,
735 1511 834 1548 cibos
853 1521 997 1558 quoque
1013 1520 1056 1546 ac
1073 1517 1180 1558 potus
1193 1537 1201 1552 ,
1217 1519 1288 1546 ca:-

217 1571 290 1608 lnm
305 1599 314 1615 ,
337 1578 491 1614 terram,
522 1581 640 1614 mare,
673 1571 806 1614 solem,
828 1571 969 1615 lucem,
999 1571 1143 1615 lunam,
1167 1570 1289 1606 stellas

218 1643 370 1680 rumque
396 1635 567 1676 chorum,
589 1639 694 1678 atque
715 1632 874 1668 omnium
901 1631 1135 1668 animantium
1156 1640 1286 1679 genera

217 1696 386 1732 tollamus
406 1705 554 1732 necesse
571 1695 652 1731 erit.
674 1695 729 1730 Ad
749 1694 834 1741 quid
849 1695 914 1731 ista
933 1694 1028 1730 enim
1045 1694 1163 1730 omnia
1179 1699 1287 1730 erunt

214 1757 441 1806 necessaria,
460 1767 540 1792 cum
563 1756 594 1792 is
611 1755 714 1802 cujus
730 1766 838 1792 causa
857 1755 948 1792 facta
968 1761 1051 1792 sunt
1069 1755 1160 1791 adeo
1178 1755 1287 1791 mise-

213 1819 375 1855 rabilitcr
396 1825 543 1854 truncus
557 1817 698 1864 jaceat?
718 1817 872 1854 Videsne
889 1816 948 1864 qui
971 1817 1077 1860 risus,
1099 1825 1178 1862 quae
1193 1815 1286 1851 deli.

211 1885 373 1916 ramenta
401 1879 576 1915 rationem
600 1878 704 1914 istam
737 1879 939 1914 necessario
959 1876 1180 1925 sequantur?
1198 1876 1282 1913 Dia-

210 1941 313 1978 bolus
333 1951 460 1988 nempe
478 1940 544 1977 sibi
564 1940 644 1987 ipsi,
668 1950 737 1977 non
758 1939 861 1976 nobis
880 1947 935 1976 est
951 1940 1080 1976 malus.
1099 1938 1172 1976 Nos
1185 1939 1282 1975 enim

209 2002 238 2038 si
255 2002 420 2046 velimus,
441 2001 541 2048 plura
559 2002 666 2038 etiam
681 2001 869 2039 commoda
885 2011 950 2048 per
966 2001 1064 2038 iiimn
1084 2009 1282 2048 conseque.

209 2074 301 2107 mur,
322 2064 382 2101 illo
403 2065 509 2102 etiam
529 2063 640 2100 invito
655 2074 697 2100 ac
715 2068 914 2100 renuente:
934 2061 1028 2110 quod
1045 2069 1102 2099 est
1119 2061 1281 2108 profecto

209 2127 370 2164 mirabile
385 2155 394 2172 ,
417 2132 454 2162 et
473 2127 506 2162 in
536 2126 604 2162 hoc
621 2125 752 2162 divina:
772 2124 943 2161 bonitatis
964 2124 1172 2171 magnitudo
1191 2134 1280 2160 con-

207 2187 368 2234 spicitur.
393 2187 482 2223 Nam
503 2189 530 2223 si
563 2196 644 2223 cum
677 2186 846 2222 meliores
865 2185 1054 2226 efficimur,
1076 2185 1216 2222 mordet
1245 2185 1280 2222 id

207 2249 352 2296 quidem
369 2259 410 2285 ac
429 2259 492 2296 per
511 2259 551 2286 se
569 2249 687 2285 solum
706 2248 889 2285 excruciat
905 2247 1086 2284 diabolmn
1105 2261 1113 2284 :
1135 2249 1280 2296 quando

209 2309 276 2346 hoc
304 2310 418 2356 ipsum
443 2320 507 2356 per
533 2320 615 2347 cum
647 2309 750 2346 nobis
781 2309 1042 2357 suppeditatur,
1072 2309 1140 2355 hoc
1165 2309 1279 2346 detri-

207 2377 366 2408 mentum
395 2371 489 2408 ferre
517 2381 586 2408 non
614 2375 746 2418 potest.
775 2371 964 2416 Quomodo
993 2377 1114 2408 autem
1144 2382 1188 2408 ex
1219 2371 1280 2408 illo

209 2432 440 2479 proﬁcimus?
469 2433 556 2469 Dum
593 2431 686 2469 illius
723 2433 983 2470 immanitatem
1017 2439 1279 2481 perpetuusque

209 2495 353 2532 insidias
370 2506 412 2534 ac
431 2495 573 2532 fraudes
589 2495 706 2532 varias
721 2495 863 2532 solliciti
886 2496 1092 2540 metuimus,
1110 2506 1276 2532 somnum

210 2556 438 2594 immodicum
467 2559 710 2605 excludimns,
729 2557 940 2604 vigilamus,
969 2567 1185 2606 semperque
1206 2559 1278 2596 Do-

209 2617 296 2654 mini
314 2619 590 2656 reminiscimur.
617 2619 718 2666 Quod
738 2625 858 2656 autem
879 2619 956 2656 haec
982 2629 1060 2656 mea
1083 2630 1152 2656 non
1181 2619 1274 2664 sint,

209 2681 271 2718 sed
293 2681 386 2718 beati
407 2681 526 2724 Pauli,
548 2682 662 2728 ipsum
681 2682 778 2725 audi,
799 2683 934 2720 eisdem
957 2683 1032 2720 fere
1046 2684 1167 2722 verbis
1185 2685 1274 2722 fide.

209 2743 260 2780 !es
271 2743 492 2781 dormientes
503 2745 730 2781 exeilantcm.
743 2745 831 2782 Nam
852 2745 1018 2794 Ephesiis
1037 2758 1118 2784 cum
1135 2747 1274 2784 scribe-

207 2811 274 2850 ret,
295 2805 346 2842 sie
366 2806 438 2842 ait:
462 2805 542 2842 Non
563 2812 611 2842 est
630 2807 724 2842 nobis
744 2807 938 2845 colluctatio
957 2809 1118 2846 adversus
1138 2821 1274 2846 carnem

205 2872 236 2903 et
262 2867 484 2915 sanguinem,
515 2869 574 2904 sed
603 2868 765 2906 adversus
794 2871 1004 2918 principatus
1019 2878 1052 2908 et
1070 2879 1272 2920 potestates,

205 2929 365 2966 adversus
384 2930 502 2966 mundi
518 2937 664 2968 rectores
683 2931 892 2968 tenebrarum
913 2933 1017 2982 hujus
1041 2934 1158 2971 statuti
1171 2963 1180 2978 ,
1211 2935 1274 2970 ad-

207 3001 319 3029 versus
337 2993 532 3039 spiritualia
552 2993 707 3042 nequitia:
724 2994 758 3030 in
777 2994 962 3032 caelestibus
981 2995 1125 3043 (Ep/tes.
1143 2996 1177 3034 6.
1195 2996 1270 3045 12).

207 3053 289 3092 llaec
305 3062 423 3093 autem
443 3067 523 3092 cum
545 3057 703 3101 diceret,
727 3068 798 3092 non
813 3057 966 3105 dejicere
987 3060 1154 3097 studebat
1169 3061 1272 3097 audi-

210 3123 324 3152 torum
350 3119 510 3162 animos,
530 3119 592 3156 sed
613 3120 730 3166 potius
749 3119 900 3168 erigere.
925 3121 1047 3159 Petrus
1064 3123 1146 3160 item
1168 3135 1176 3158 :
1201 3123 1272 3160 So-

207 3176 272 3212 brii
299 3184 400 3214 estote
417 3186 447 3216 et
465 3181 620 3228 vigilate,
651 3181 732 3228 quia
752 3182 963 3219 adversarius
990 3190 1096 3220 vester
1115 3184 1272 3221 diabolus

207 3246 378 3287 tamquam
405 3242 455 3278 leo
475 3245 610 3292 rugiens
641 3244 760 3280 circuit
789 3257 942 3292 quarens
973 3259 1072 3296 quem
1106 3249 1270 3286 devoret:

205 3302 261 3338 cui
285 3303 426 3339 resistite
453 3308 554 3351 fortes
573 3307 609 3343 in
635 3307 703 3348 fide
732 3307 782 3354 (1.
803 3307 897 3344 Pclr.
925 3310 961 3346 5.
982 3310 1036 3358 8).
1057 3310 1132 3348 lloc
1151 3317 1271 3348 autem

206 3365 296 3401 dixit
314 3370 352 3400 ut
379 3375 444 3402 nos
470 3366 634 3405 fortiores
652 3368 835 3413 efﬁceret,
867 3377 902 3406 et
929 3371 973 3408 ad
995 3373 1168 3418 majorem
1189 3383 1270 3410 eum

208 3427 280 3464 Deo
296 3425 574 3466 familiaritatem
594 3431 791 3468 induceret.
807 3432 873 3478 Qui
891 3433 985 3469 enim
1001 3434 1188 3472 imminere
1203 3435 1270 3472 sibi

206 3490 322 3526 eernit
341 3489 546 3536 inimicum,
567 3493 694 3539 majori
723 3494 766 3530 ad
789 3494 890 3531 illum
909 3496 1019 3532 currit
1038 3496 1232 3543 desiderio,
1251 3509 1271 3536 a

206 3562 277 3599 quo
294 3551 438 3590 defendi
458 3553 582 3598 possit.
605 3553 654 3590 ita
676 3555 750 3593 fere
770 3556 924 3594 infantes
942 3558 1066 3604 pueri,
1088 3569 1168 3596 cum
1186 3561 1272 3608 quid

207 3615 428 3654 horrendum
446 3615 622 3660 viderint,
653 3619 697 3656 ad
727 3626 880 3658 matrum
910 3622 1009 3659 sinus
1036 3624 1198 3670 protinus
1219 3626 1274 3663 fu-

206 3678 307 3726 giunt
320 3705 330 3723 ,
363 3677 577 3725 iilarumque
597 3680 794 3726 pendentes
816 3684 975 3721 vestibus
992 3685 1044 3721 eis
1061 3695 1101 3722 se
1131 3693 1273 3724 tuentur

206 3751 249 3778 ac
266 3746 468 3789 protegunt,
488 3748 596 3789 atque
614 3741 660 3778 ita
679 3749 718 3779 ut
734 3745 866 3790 Saepius
883 3748 1146 3786 retraltenlibus
1165 3750 1274 3796 pluri-

208 3804 276 3840 mis
304 3804 386 3846 inde
417 3804 521 3842 avelli
553 3816 624 3840 non
653 3805 806 3852 possint.
835 3807 882 3843 At
911 3818 995 3844 vero
1013 3811 1154 3856 quando
1182 3811 1272 3850 nihil

205 3865 382 3914 ejusmodi
409 3867 615 3915 perturbat,
636 3878 680 3903 ne
697 3873 866 3906 vocantes
886 3869 1028 3918 quidem
1057 3871 1134 3910 illas
1159 3883 1274 3912 exau-

207 3928 332 3975 diunt,
361 3939 477 3978 neque
507 3928 597 3965 trahi
615 3929 799 3975 patiuntur
825 3941 834 3966 :
867 3932 940 3969 imo
967 3935 1188 3982 appellantes
1214 3949 1272 3978 η.

431 4002 608 4042 ΡΑτιιοι.
639 4002 717 4043 Gn.
749 4002 778 4041 Χ
791 4003 911 4045 LVII.

823 254 884 292 AD
909 251 1158 292 STAGlRiUll
1185 253 1214 288 A
1243 249 1445 289 DEMONE
1474 252 1712 292 VEXATUM.
1739 253 1826 292 LIB.
1849 255 1876 293 Ι.

2358 259 2430 297 434

1363 335 1510 376 spuuut,
1533 335 1570 367 et
1587 340 1670 368 eum
1699 331 1852 378 pluritna
1869 332 1940 369 ilhc
1959 333 2164 378 moliantur,
2187 339 2224 371 ut
2251 334 2296 371 ad
2313 345 2352 372 se
2368 346 2431 372 eos

1363 390 1595 437 pertrahant,
1635 403 1779 440 semper
1812 404 1874 430 eas
1907 401 2131 441 aversantur,
2161 397 2434 445 appositatnque

1365 463 1528 490 mensam
1546 453 1762 501 despiciunt.
1782 456 1957 500 Quocirca
1977 464 2132 494 matrum
2153 459 2331 506 plurimm,
2351 470 2432 497 cum

1363 514 1450 550 nihil
1465 515 1688 553 obsecrando
1703 517 1878 565 proficere
1892 529 1932 554 se
1945 519 2113 564 viderint,
2131 520 2246 557 larvas
2259 523 2432 568 quasdam

1364 577 1595 626 honorisque
1614 579 1780 626 ﬁgmenta
1803 570 1949 628 parant,
1979 588 2086 630 atque
2104 582 2184 620 illos
2211 583 2358 621 demum
2388 585 2432 622 ad

1363 639 1517 677 reditum
1548 641 1758 688 impellunt,
1785 643 2074 692 persuadentque
2089 645 2134 682 ad
2160 656 2200 683 se
2231 647 2358 684 iterum
2380 659 2419 685 re

1362 709 1522 738 currere.
1543 701 1619 739 [ioc
1633 709 1752 740 autem
1773 715 1843 741 non
1865 705 1899 741 in
1917 705 2005 741 solis
2025 707 2146 753 pueris
2165 707 2353 754 contingit,
2371 709 2433 745 sed

1361 760 1470 797 etiam
1497 761 1532 797 in
1550 763 1666 799 nobis.
1687 762 1838 808 Quando
1865 765 1959 801 enim
1987 765 2166 814 malignus
2181 767 2240 804 ille
2258 773 2435 814 perterrct

1361 828 1542 867 nosatque
1554 823 1752 870 perturbat,
1767 831 1850 862 tunc
1862 824 1951 873 frugi
1965 826 2152 872 efficimur,
2167 834 2251 864 tunc
2262 829 2436 876 nosipsos

1363 885 1590 931 agnoscimus
1606 914 1616 930 ,
1640 893 1723 923 tunc
1743 887 1790 923 ad
1811 887 1923 924 Deum
1941 889 2039 924 omni
2059 889 2178 926 studio
2199 890 2434 927 recurrimus.

1361 944 1462 991 Quod
1471 946 1500 982 si
1511 946 1654 985 deletus
1663 948 1708 985 ab
1724 948 1824 985 initio
1835 959 1988 996 nequam
2000 949 2058 986 ille
2067 949 2194 988 fuisset
2204 956 2312 998 atque
2322 953 2434 989 subla-

1363 1014 1446 1045 tuse
1455 1009 1586 1055 medio,
1599 1009 1750 1048 fortasse
1759 1022 1824 1048 nec
1835 1012 2013 1058 praeterita
2021 1012 2258 1050 credidissent
2269 1013 2410 1059 plurimi
2423 1025 2431 1050 :

1363 1076 1446 1116 puta
1468 1071 1563 1118 quod
1583 1071 1765 1110 hominem
1784 1072 1987 1119 fefellisset,
2007 1073 2102 1121 quod
2122 1074 2225 1111 bouis
2243 1075 2313 1112 illis
2330 1075 2436 1111 innu-

1363 1133 1472 1169 meris
1494 1143 1576 1170 eum
1595 1134 1760 1180 cjccisset
1776 1163 1785 1180 ,
1819 1136 2003 1183 Deumque
2022 1137 2092 1174 hoc
2117 1137 2247 1174 invidia
2269 1144 2306 1174 et
2324 1138 2434 1174 livore

1361 1201 1580 1230 commotum
1616 1195 1744 1232 fecisse
1773 1196 2049 1233 arbitrarentur.
2084 1197 2236 1242 Quando
2265 1199 2360 1234 enim
2391 1208 2435 1234 ne

1361 1257 1470 1294 modo
1489 1257 1634 1304 quidem
1652 1257 1796 1302 desunt,
1815 1259 1874 1305 qui
1890 1265 1972 1305 post
1991 1265 2086 1295 tanta
2103 1259 2198 1296 illius
2215 1254 2434 1296 seductiOnis

1363 1317 1492 1355 indicia
1527 1319 1561 1356 id
1593 1319 1728 1356 audent
1759 1319 1905 1357 dicere:
1929 1321 1958 1356 si
1981 1331 2052 1357 non
2084 1321 2179 1358 illius
2201 1321 2371 1368 nequitia:
2398 1327 2434 1358 et

1359 1388 1459 1418 astus
1489 1383 1738 1429 experimenta
1777 1383 1980 1429 cepissent,
2015 1383 2099 1430 quid
2135 1394 2206 1421 non
2233 1383 2432 1426 dixissent.

1360 1443 1446 1490 quid
1468 1453 1538 1480 non
1567 1444 1752 1492 obloquuti
1785 1444 1962 1482 fuissent?
1988 1445 2091 1491 Quod
2109 1445 2140 1482 si
2169 1446 2359 1494 diligenter
2379 1444 2435 1482 his

1359 1515 1439 1551 quae
1457 1506 1546 1542 fiunt
1558 1507 1716 1544 animum
1737 1507 1924 1545 intendere
1939 1509 2106 1550 velimus,
2127 1508 2351 1546 inveniemus
2365 1509 2435 1544 mi-

1360 1566 1458 1604 nime
1487 1567 1531 1603 ad
1551 1568 1670 1604 omnia
1704 1578 1770 1605 nos
1797 1569 1979 1606 diabolum
2012 1569 2222 1616 impellere,
2257 1571 2320 1608 sed
2351 1581 2432 1607 cum

1359 1631 1594 1683 plurimorum
1629 1632 1688 1670 ille
1715 1633 1820 1670 nobis
1846 1633 2009 1680 lapsuum
2041 1634 2088 1671 sit
2116 1640 2254 1677 auctor,
2279 1635 2431 1682 plurima

1358 1693 1444 1729 item
1473 1695 1714 1741 nosmetipsos
1746 1705 1810 1742 per
1835 1704 1996 1732 nostram
2017 1696 2130 1732 solam
2161 1695 2363 1732 socordiam
2391 1707 2434 1732 ac

1357 1755 1611 1802 negligentiam
1643 1756 1729 1802 pati.
1750 1756 1816 1793 Ubi
1848 1757 1970 1800 enim,
2001 1762 2038 1792 ut
2067 1756 2252 1803 adpriora
2273 1763 2432 1794 reverta-

1355 1825 1451 1859 mur,
1469 1815 1513 1852 ad
1533 1815 1618 1853 Cain
1637 1816 1820 1852 diabolum
1838 1817 2052 1862 accessisse,
2071 1817 2340 1866 fraternamque
2357 1829 2429 1855 ca:-

1355 1875 1438 1912 dem
1465 1877 1688 1924 suggessisse
1721 1877 1898 1925 legimus?
1916 1877 2006 1916 Nam
2034 1878 2139 1916 matri
2161 1879 2305 1926 quidem
2335 1879 2434 1917 illius

1356 1939 1453 1975 visus
1473 1945 1529 1976 est
1543 1939 1696 1986 loquens
1711 1939 1946 1988 fraudemque
1959 1940 2196 1986 concinnatis,
2217 1940 2298 1978 huic
2312 1949 2430 1978 autem

1354 2001 1516 2044 minime,
1537 2001 1605 2038 nisi
1626 2002 1716 2039 forte
1733 2003 1910 2050 quispiam
1943 2003 2056 2039 malas
2077 2003 2176 2040 illum
2197 2005 2432 2051 cogitationes

1353 2064 1451 2102 dicat
1469 2065 1686 2109 immisisse;
1707 2066 1742 2102 id
1761 2073 1880 2103 tamen
1897 2072 2010 2103 totum
2030 2067 2127 2103 illius
2141 2068 2247 2114 culpa
2264 2067 2427 2116 contigit,

1352 2126 1412 2173 qui
1435 2133 1686 2174 snggerentem
1706 2127 1875 2172 admisit,
1905 2128 2026 2176 illique
2044 2128 2160 2176 paruit
2174 2157 2182 2171 ,
2204 2135 2312 2176 atque
2332 2130 2427 2176 prin-

1353 2189 1485 2233 cipium
1522 2190 1576 2224 sui
1617 2188 1808 2226 invadendi
1857 2191 2035 2237 prmstitit.
2072 2190 2242 2228 Attamen
2279 2202 2346 2228 nec
2377 2191 2429 2228 sic

1353 2249 1453 2286 illum
1479 2249 1617 2286 dimisit
1642 2251 1758 2296 Deus,
1784 2263 1910 2289 verum
1940 2263 1982 2289 ex
2009 2252 2074 2298 iis,
2103 2263 2168 2300 per
2190 2264 2270 2302 qua:
2301 2255 2429 2301 punire

1352 2310 1552 2355 videbatur,
1565 2311 1761 2348 admonere
1781 2313 1898 2359 potius
1909 2319 2016 2360 atque
2030 2315 2214 2361 corripere
2225 2325 2294 2352 non
2305 2317 2426 2353 desiit.

1399 2371 1458 2408 Ea:
1470 2373 1612 2408 historia
1627 2373 1746 2409 diluvii
1761 2374 2007 2420 providentiam
2026 2374 2092 2412 Dei
2106 2377 2266 2415 ostendit.
2278 2378 2426 2424 —Qnid

1351 2439 1469 2471 autem
1486 2434 1574 2470 Cain
1593 2434 1656 2470 viri
1673 2435 1777 2470 unius
1795 2435 2008 2482 supplicium
2023 2435 2118 2482 dico,
2136 2437 2424 2484 quandoquidem

1351 2497 1459 2533 etiam
1475 2496 1664 2540 diluvium,
1683 2497 1716 2532 in
1733 2507 1802 2544 quo
1819 2502 1871 2533 tot
1889 2497 2033 2544 periere
2048 2499 2129 2542 viri,
2149 2499 2211 2536 Dei
2227 2500 2331 2537 nobis
2347 2511 2428 2547 pro-

1353 2559 1546 2596 videntiam
1566 2559 1795 2606 apertissime
1812 2565 1932 2607 potest
1944 2569 2108 2597 asserere
2121 2560 2137 2596 ?
2151 2560 2309 2598 Primum
2330 2563 2426 2600 enim

1350 2632 1422 2659 non
1444 2627 1580 2658 temere
1601 2631 1716 2669 neque
1731 2621 1913 2668 insperate
1930 2621 2135 2669 huiusmodi
2153 2622 2246 2659 mala
2266 2621 2423 2667 induxﬂ,

1350 2684 1414 2721 sed
1433 2685 1509 2721 fore
1527 2683 1716 2731 prazdixit:
1739 2683 1848 2732 idque
1867 2693 1936 2721 non
1952 2690 2036 2720 ante
2054 2683 2163 2721 breve
2183 2691 2338 2730 tempus.
2361 2685 2424 2722 sed

1347 2753 1433 2783 ante
1451 2753 1599 2784 centum
1619 2751 1657 2784 et
1675 2745 1799 2794 viginti
1819 2755 1948 2784 annos.
1979 2745 2070 2782 Tum
2089 2755 2190 2789 vero,
2218 2757 2264 2784 ne
2279 2756 2322 2783 ex
2345 2746 2423 2784 lon-

1346 2809 1508 2858 gitudine
1529 2809 1772 2856 praedictionis
1799 2809 1836 2846 in
1855 2809 2074 2847 oblivionem
2095 2817 2154 2847 ac'
2169 2809 2422 2858 negligentiam

1347 2873 1578 2915 inciderent,
1608 2871 1778 2909 aedificari
1798 2881 1920 2908 arcam
1943 2872 1978 2908 in
1997 2871 2112 2908 oculis
2138 2872 2299 2908 omnium
2329 2883 2423 2920 pra--

1346 2935 1441 2982 cepit
1455 2963 1464 2979 ,
1493 2944 1584 2971 voce
1604 2934 1702 2971 omni
1721 2933 1855 2971 clarius
1879 2933 2118 2979 clamantem,
2144 2933 2282 2982 Deique
2303 2935 2420 2972 minas

1345 2997 1514 3034 omnibus
1536 2997 1824 3033 annnntiantem.
1847 2995 1936 3033 Cain
1955 2996 2089 3044 quippe
2107 2995 2293 3034 hominum
2316 3008 2418 3034 men-

1347 3061 1442 3098 tibus
1461 3060 1672 3105 exciderat;
1695 3059 1754 3096 illa
1777 3069 1860 3096 vero
1875 3065 1958 3096 ante
1977 3060 2138 3096 omnium
2157 3059 2284 3098 oculos
2303 3061 2420 3108 posita

1343 3125 1477 3172 jugiler
1505 3123 1770 3162 imminentium
1790 3123 1857 3160 sibi
1879 3123 2055 3160 malorum
2074 3122 2155 3160 illos
2173 3123 2414 3162 admonebat:

1345 3199 1412 3226 nee
1432 3189 1484 3226 sic
1511 3195 1629 3225 tamen
1648 3187 1699 3225 illi
1719 3186 1900 3224 emendati
1927 3193 2024 3231 sunt,
2043 3187 2106 3224 sed
2125 3187 2160 3224 in
2178 3188 2274 3225 vitiis
2293 3198 2416 3236 perse-

1344 3258 1576 3295 veravcrunt,
1602 3250 1777 3299 supplicia
1793 3249 1951 3296 sibiipsis
1965 3249 2234 3288 consciscentes
2248 3255 2356 3299 atque
2371 3257 2424 3288 at-

1346 3315 1546 3351 trahentes.
1569 3313 1663 3350 Deus
1687 3313 1783 3349 enim
1803 3312 1974 3349 diluvium
1995 3312 2110 3358 ipsum
2136 3322 2254 3360 neque
2273 3313 2424 3350 commi-

1345 3375 1422 3412 nari
1443 3404 1454 3420 ,
1476 3385 1591 3422 nequc
1623 3374 1758 3412 inferre
1787 3375 1975 3419 voluisset,
2001 3374 2106 3410 sicuti
2135 3384 2202 3411 nec
2220 3375 2421 3422 gehennam

1345 3439 1476 3487 ipsam.
1499 3437 1630 3476 Verum
1653 3438 1814 3475 omnium
1848 3447 1914 3474 nos
1931 3438 2001 3485 ipsi
2029 3437 2134 3475 nobis
2151 3448 2258 3475 causa
2279 3446 2422 3474 sumus;

1344 3499 1442 3549 quod
1469 3509 1550 3536 cum
1576 3499 1866 3546 sapientissimus
1895 3499 2041 3546 quidam
2069 3498 2232 3541 videret,
2255 3496 2422 3533 dicebat:

1345 3561 1440 3598 Deus
1459 3567 1601 3598 mortem
1619 3571 1687 3597 non
1707 3560 1801 3608 fecit,
1821 3571 1880 3598 nec
1898 3561 2033 3597 natatur
2047 3560 2082 3595 in
2103 3557 2290 3605 perditione
2309 3557 2423 3592 viven-

1346 3625 1430 3660 tium
1459 3621 1575 3670 (Sap.
1597 3623 1630 3659 l.
1655 3621 1737 3670 15).
1761 3623 1812 3659 Ac
1831 3623 1924 3660 Deus
1946 3622 2022 3668 ipse
2040 3631 2105 3667 per
2125 3617 2335 3664 prophetam
2357 3617 2420 3654 ait:

1347 3685 1442 3723 Nolo
1469 3691 1612 3731 mortem
1643 3684 1830 3731 peccatoris
1848 3711 1857 3727 ,
1880 3682 1940 3719 sed
1967 3687 2004 3717 ut
2037 3683 2255 3716 convertatur
2272 3684 2304 3713 et
2334 3678 2421 3714 vivat

1347 3728 1510 3798 (Eucti.
1552 3747 1611 3786 18.
1643 3728 1731 3796 έό).
1756 3747 1805 3784 At
1831 3755 1918 3782 vero
1950 3753 2016 3780 nos
2045 3741 2114 3778 nisi
2145 3747 2420 3784 convertamur,

1347 3811 1615 3850 damnationem
1647 3811 1754 3848 nobis
1783 3807 1871 3856 ipsis
1888 3805 1982 3841 ultro
2003 3807 2233 3850 mortemun
2257 3803 2424 3850 congeri-

1347 3885 1442 3920 mus,
1464 3884 1535 3912 non
1558 3874 1653 3911 Deus
1666 3871 1730 3919 qui
1753 3879 1818 3906 nos
1837 3867 1956 3914 perire
1973 3864 2152 3908 noluerat,
2174 3863 2307 3912 quippe
2328 3865 2422 3904 viam

1347 3936 1542 3986 effugiendi
1563 3934 1667 3972 nobis
1693 3929 1916 3977 ostenderat.
1946 3927 2090 3974 Ergone
2109 3926 2142 3963 id
2169 3926 2286 3965 solum
2310 3925 2422 3964 habe.

2147 3990 2199 4032 25
