2734 4342
321 277 406 315 θεὸῧῦ

335 374 431 408 mus,
451 359 544 408 quod
572 357 617 394 de
636 351 775 392 diluvio
803 349 925 388 dicere
947 346 1146 395 possimus,
1177 339 1348 390 nullaque
1365 351 1411 378 cx

335 437 380 463 eo
400 404 576 471 prodiisse
589 415 834 455 emolumenta
855 409 1044 448 dicemus!
1065 407 1141 444 Dici
1160 404 1322 454 profecto
1343 413 1414 440 non

335 467 454 534 potest
480 486 654 530 quantum
677 475 840 514 utilitatis
869 479 908 512 et
937 473 982 510 iis
999 471 1061 519 qui
1087 471 1150 507 illa
1181 467 1417 506 inundatione

335 528 502 594 periere,
517 551 554 581 et
571 539 714 579 caeteris
733 538 792 586 qui
811 542 936 585 postea
949 535 1051 571 fuere
1064 561 1073 577 ,
1094 532 1178 569 inde
1195 528 1416 578 provenerit.

319 591 390 646 =l|li
422 607 520 644 enim
551 602 703 642 ulterius
729 601 765 638 in
780 599 878 636 vitiis
903 607 948 635 ac
969 595 1115 642 ﬂagitiis
1141 591 1309 640 progredi
1336 600 1419 638 per-

337 671 439 708 missi
459 679 530 706 non
549 667 718 710 fuerunt;
738 665 798 712 qui
819 671 936 700 autem
957 666 1038 708 post
1055 659 1138 696 illos
1157 657 1301 706 sequuti
1319 660 1416 698 sunt,

334 731 476 780 majora
493 740 604 778 quam
637 729 688 765 illi
709 728 807 764 lucra
827 725 1055 768 retulerunt,
1090 721 1294 764 fermento,
1316 723 1355 754 ut
1371 718 1421 754 ita

323 793 507 836 dixerim,
527 790 757 836 materiaque
779 787 957 824 malorum
977 795 999 822 e
1036 783 1158 820 medio
1186 781 1336 818 sublatis
1353 790 1419 816 ex-

339 856 556 901 stinctisque
575 851 840 900 peccatoribus.
857 847 949 886 Nam
969 847 1002 884 si
1029 846 1138 883 etiam
1153 844 1233 881 sine
1249 841 1422 888 exemplis

330 918 434 954 mala
456 915 626 954 homines
653 923 719 960 per
748 921 789 949 se
811 911 919 947 facile
940 908 1144 951 inveniunt,
1168 905 1254 952 quid
1275 915 1346 940 non
1367 902 1423 938 fa-

339 979 433 1016 cturi
464 982 594 1020 erant,
627 976 656 1012 si
679 975 917 1022 plurimorum
939 969 1106 1017 exemplo
1124 967 1168 1004 ad
1202 966 1424 1014 perniciosos

339 1047 442 1078 actus
460 1039 600 1076 invitati
621 1036 797 1074 fuissent?
814 1034 917 1080 Quod
942 1033 1065 1080 utique
1084 1041 1130 1068 ne
1155 1031 1260 1066 fieret
1275 1057 1285 1072 ,
1309 1037 1353 1064 ne
1374 1032 1426 1063 tot

333 1103 520 1140 scelerum
538 1099 732 1147 magistros
750 1097 802 1141 hi,
821 1096 881 1144 qui
901 1100 1024 1142 postea
1041 1092 1150 1130 futuri
1173 1096 1290 1134 erant,
1312 1087 1426 1125 babe-

343 1170 439 1210 rent,
462 1173 526 1201 eos
544 1171 672 1200 omnes
693 1171 762 1198 una
779 1158 950 1208 perdidit.

389 1229 426 1265 5.
457 1227 588 1264 Verum
609 1225 812 1268 enimvero,
833 1231 1000 1269 quaenam
1019 1227 1076 1258 est
1097 1220 1242 1256 illorum
1261 1217 1424 1265 sapiens,

342 1290 417 1326 imo
431 1289 536 1336 plena
550 1287 710 1325 stultitia:
723 1286 829 1328 ratio,
851 1284 911 1332 qui
929 1293 1010 1320 cum
1033 1281 1123 1318 nihil
1140 1281 1224 1318 boni
1244 1289 1350 1328 agere
1366 1288 1429 1315 ve-

344 1353 424 1396 lint,
443 1351 566 1388 omnia
586 1349 800 1397 perquirunt
819 1353 854 1384 et
874 1346 1023 1390 dicunt,
1048 1350 1086 1380 ut
1105 1353 1254 1380 suorum
1273 1341 1427 1378 delicto-

345 1424 425 1450 rum
440 1423 590 1450 causam
605 1411 650 1448 ad
661 1412 772 1448 Deum
793 1409 973 1446 referant?
988 1407 1064 1444 Nisi
1078 1405 1305 1454 permisisset
1317 1405 1426 1448 Deus,

345 1477 464 1519 aiunt,
497 1483 723 1521 nequaquam
751 1471 966 1508 accessisset
1003 1468 1172 1506 diabolus
1191 1495 1201 1512 ,
1232 1475 1428 1512 numquam

347 1539 553 1586 decepisset
584 1537 629 1574 ab
661 1536 777 1573 initio.
809 1533 880 1570 Sed
911 1541 1028 1579 neque
1057 1531 1286 1578 cognovisset
1314 1527 1429 1566 Adam

347 1607 522 1648 quantum
541 1598 626 1636 boni
643 1604 727 1635 ante
747 1595 956 1638 habuisset,
991 1603 1109 1640 neque
1126 1601 1230 1629 suam
1250 1590 1347 1627 illam
1369 1599 1430 1626 ar-

349 1662 550 1710 rogantiam
569 1670 738 1708 umquam
757 1657 993 1695 deseruisset.
1009 1655 1078 1700 Qui
1101 1653 1199 1690 enim
1215 1652 1374 1706 seipsum
1394 1651 1430 1687 in

350 1730 489 1760 tantum
519 1723 662 1758 culmen
693 1719 842 1757 honoris
872 1722 1066 1761 erexerat,
1097 1721 1138 1752 ut
1164 1714 1243 1752 fieri
1263 1725 1303 1751 se
1321 1704 1430 1750 deum

354 1788 580 1831 expectaret,
603 1791 675 1828 quo
696 1791 767 1817 non
783 1779 1008 1826 prorupisset
1026 1776 1200 1819 audaciae,
1218 1774 1287 1811 nisi
1308 1773 1434 1810 fuisset.

354 1845 398 1882 ad
414 1855 540 1882 sanam
557 1847 715 1880 mentem
728 1839 924 1879 reductus?
935 1839 1130 1885 Fingamus
1146 1836 1234 1872 nihil
1248 1835 1431 1872 diabolum

352 1905 590 1948 consuluisse,
612 1903 774 1950 nihilque
793 1901 937 1949 penitus
953 1900 1038 1937 Eva:
1059 1899 1105 1936 de
1127 1899 1224 1946 ligno
1243 1897 1432 1944 loquututn

354 1967 466 2005 fuisse
485 1979 494 2004 :
514 1977 599 2003 num
619 1966 696 2003 sine
723 1969 872 2012 peccato
891 1962 1158 2010 perstitissent,
1189 1961 1220 1997 si
1246 1959 1341 1997 istud
1361 1969 1432 1996 non

356 2031 405 2068 ita
433 2029 670 2076 coutigisset?
694 2028 840 2064 Minime
868 2036 954 2063 vero
975 2037 984 2061 :
1007 2034 1089 2061 nam
1115 2023 1174 2060 cui
1204 2023 1334 2060 mulier
1361 2028 1432 2059 tam

357 2092 462 2130 facile
493 2091 588 2140 quod
611 2091 756 2128 volebat
788 2089 995 2136 persuasit,
1025 2088 1131 2135 ipse,
1162 2088 1271 2124 etiam
1288 2085 1434 2123 diabolo

358 2166 432 2192 non
449 2155 649 2192 exsistente
662 2181 673 2199 ,
691 2164 736 2190 ex
755 2153 876 2199 seipso
895 2151 1163 2199 quamprimum
1193 2149 1228 2186 in
1249 2153 1434 2196 peccaturo

358 2219 569 2261 corruisset,
590 2227 662 2264 quo
681 2215 806 2262 majori
821 2225 966 2262 quoque
981 2223 1086 2261 poena
1103 2212 1270 2250 mulctari
1285 2211 1436 2248 meruis-

361 2287 430 2316 set.
453 2279 634 2315 Praeterea
653 2287 697 2313 ne
713 2287 809 2313 nunc
826 2275 971 2323 quidem
995 2274 1128 2312 diaboli
1145 2273 1258 2311 solius
1274 2272 1339 2310 fuit
1355 2283 1435 2310 om-

362 2342 418 2378 nis
431 2341 487 2377 illa
507 2339 686 2383 seductio,
705 2339 771 2376 sed
789 2349 854 2381 sua
869 2339 979 2376 etiam
997 2335 1290 2384 concupiscentia
1308 2335 1439 2372 mulier

361 2409 529 2450 corrupta
549 2403 708 2446 corruit,
731 2408 844 2448 atque
861 2400 931 2438 hoc
951 2399 1138 2447 Scriptura
1155 2408 1256 2436 sacra
1279 2398 1436 2442 indicat,

361 2476 442 2512 qua;
461 2465 570 2501 dicit:
598 2462 760 2509 Viditqtte
776 2462 898 2498 mulier
925 2460 1018 2510 quod
1035 2460 1162 2497 bonum
1197 2465 1280 2496 esset
1309 2460 1440 2507 lignum

361 2527 408 2563 ad
435 2525 624 2570 edendum,
643 2531 843 2572 gratumque
872 2523 980 2560 oculis
997 2523 1042 2558 ad
1062 2521 1244 2558 videndum
1263 2548 1272 2564 ,
1301 2532 1342 2556 ac
1363 2532 1441 2568 spe-

361 2591 491 2626 ciosum
508 2588 554 2624 ad
572 2587 880 2624 considerandum:
902 2591 932 2622 et
948 2585 1119 2633 accipiens
1139 2584 1180 2621 de
1201 2587 1316 2632 fructu
1345 2583 1442 2620 illius

363 2651 507 2689 comedit
539 2649 640 2698 (Gen.
671 2650 708 2686 5.
730 2648 793 2696 6).
823 2647 946 2694 Neque
974 2657 1060 2684 vero
1083 2657 1150 2694 ego
1171 2657 1266 2682 nunc
1289 2646 1355 2682 ista
1384 2645 1440 2682 lo-

366 2725 459 2761 quor
476 2713 576 2761 quasi
595 2711 777 2750 diabolum
806 2710 1018 2747 insidiarum
1045 2708 1256 2746 criminibus
1288 2717 1442 2755 purgare

363 2775 526 2822 cupiens,
549 2773 612 2811 sed
630 2773 790 2810 indicare
808 2772 932 2808 volens
950 2780 1028 2814 eos,
1049 2769 1117 2806 nisi
1137 2775 1268 2816 sponte
1291 2767 1445 2806 cecidis-

367 2845 463 2883 sent,
481 2850 501 2874 a
521 2837 666 2875 nemine
683 2846 853 2882 umquam
872 2834 1032 2883 potuisse
1045 2833 1166 2880 dejici.
1183 2831 1272 2870 Nam
1291 2833 1350 2880 qui
1370 2839 1443 2867 tam

367 2901 472 2938 facile
493 2901 720 2948 propinatum
741 2898 809 2935 sibi
837 2897 882 2934 ab
903 2897 1019 2954 altero
1050 2895 1232 2932 fallaciam
1259 2893 1441 2942 suscepit,

368 2963 398 3000 is
425 2968 508 3000 ante
538 2961 716 2998 fallaciam
744 2950 966 3007 negligenter
985 2964 1022 2996 et
1037 2959 1187 2995 remisse
1205 2967 1246 2994 se
1275 2955 1444 2992 habuisse

368 3023 592 3067 ostenditur;
613 3033 729 3070 neque
759 3021 856 3058 enim
875 3026 1011 3056 tantum
1032 3019 1092 3056 ille
1113 3019 1310 3066 potuisset,
1330 3017 1360 3054 si
1387 3027 1445 3054 so-

369 3085 486 3122 brium
504 3085 784 3132 vigilantemque
800 3082 960 3118 animum
984 3082 1190 3128 alloquutus
1217 3084 1329 3118 esset.
1354 3077 1446 3116 Sunt

377 3153 496 3183 autem
518 3145 687 3194 plurimi,
707 3144 767 3191 qui
787 3144 822 3180 in
853 3143 920 3180 hac
950 3148 1054 3190 parte
1080 3142 1280 3187 confutati,
1301 3139 1447 3178 diabolo

373 3208 506 3244 omissii
519 3235 530 3250 ,
547 3209 592 3242 ad
611 3205 818 3242 mandatum
838 3210 1050 3249 transeunt,
1073 3213 1110 3241 et
1130 3214 1213 3240 cum
1234 3213 1253 3238 a
1273 3205 1446 3249 peccante

375 3267 518 3304 homine
536 3267 764 3310 abstineant,
786 3266 860 3302 Deo
880 3267 1018 3303 crimen
1035 3265 1238 3313 impingunt
1257 3263 1418 3300 dicentes
1435 3273 1444 3296 :

373 3328 466 3374 Quid
486 3328 582 3364 enim
597 3327 648 3364 eis
667 3334 883 3374 praeceptum
903 3327 1024 3372 dabat,
1043 3336 1135 3374 quos
1153 3325 1362 3374 peceatores
1381 3333 1450 3358 no-

377 3387 502 3425 verat?
523 3388 592 3424 lsta
607 3398 733 3425 revera
761 3394 844 3426 sunt
862 3387 996 3426 diaboli
1014 3387 1138 3432 verba,
1157 3393 1194 3424 et
1211 3386 1332 3434 impiae
1347 3394 1448 3420 men-

375 3451 420 3486 tis
439 3451 598 3487 inventa.
613 3449 702 3486 Nam
721 3450 814 3496 quod
833 3456 1052 3497 praeceptum
1071 3449 1160 3486 dare
1178 3449 1284 3496 longe
1300 3444 1449 3492 majoris

376 3510 614 3558 providentiae
633 3511 678 3547 sit
693 3521 800 3558 quam
821 3521 890 3548 non
907 3511 1008 3557 dare,
1027 3511 1112 3548 hinc
1126 3510 1243 3558 palam
1259 3514 1326 3545 est.
1343 3506 1448 3551 Esto,

376 3574 491 3612 Adam
511 3574 696 3610 voluntate
715 3579 751 3610 ct
767 3574 888 3610 animo
908 3580 978 3610 tam
1002 3572 1196 3621 negligenti
1211 3601 1220 3616 ,
1240 3581 1347 3618 quam
1368 3568 1449 3605 linis

379 3635 560 3680 ostendit,
583 3636 720 3672 nullum
741 3636 912 3682 suscipiat
930 3635 1138 3672 mandatum
1152 3661 1161 3676 ,
1181 3629 1244 3670 sed
1261 3633 1294 3668 in
1313 3630 1451 3668 deliciis

386 3697 554 3742 persistat
571 3709 580 3733 :
603 3707 687 3733 num
707 3697 932 3734 imbecillitas
952 3703 1058 3742 atque
1077 3693 1291 3741 negligentia
1317 3702 1362 3728 ex
1381 3691 1449 3726 Int-

380 3757 536 3802 jusmodi
555 3758 697 3794 licentia
716 3759 760 3794 ad
780 3758 942 3799 meliora,
964 3767 1008 3792 an
1029 3755 1072 3790 ad
1091 3755 1270 3791 deteriora
1292 3760 1453 3800 prorum-

385 3817 470 3861 pet?
489 3817 617 3864 Liquet
638 3817 798 3864 profecto
816 3819 917 3854 illum
936 3817 978 3853 ad
996 3825 1176 3852 summum
1201 3813 1380 3859 fastigium
1398 3811 1452 3846 vi-

387 3876 515 3911 tiorum
536 3888 742 3923 evasurum,
761 3880 791 3915 si
807 3879 942 3926 abSque
963 3887 1047 3914 cura
1065 3876 1122 3912 sit.
1145 3875 1232 3910 Nam
1256 3873 1285 3910 si
1301 3873 1453 3911 necdum

389 3935 434 3972 de
469 3937 734 3978 immortalitate
776 3951 950 3986 securus,
991 3948 1142 3986 eamque
1171 3947 1272 3984 spem
1307 3935 1452 3972 dubiam

840 259 880 298 S.
905 255 1097 298 JOANNIS
1119 250 1444 292 CllllYSOSTOMl
1471 247 1689 286 ARClllEP.
1711 245 2070 284 CONSTANTINOP.
2437 253 2491 290 ιςδῦ

1490 325 1648 374 pendere
1666 334 1738 362 non
1758 325 1926 371 ignorans
1943 351 1952 366 ,
1973 323 2009 360 in
2029 328 2157 360 tantatn
2181 325 2397 371 arrogantiam
2410 334 2496 376 atque

1487 389 1684 427 amentiam
1703 387 1819 424 elatus
1837 393 1905 431 est,
1925 393 1963 423 ut
1979 386 2065 422 deus
2083 386 2159 424 ﬁeri
2175 395 2324 434 speraret
2339 415 2348 433 ,
2363 389 2498 438 istudque

1488 461 1570 490 cum
1590 451 1625 488 id
1657 449 1924 498 promittentem
1944 449 2040 486 nulla
2067 460 2110 486 ex
2143 455 2237 496 parte
2254 449 2380 488 ﬁdelem
2397 463 2498 492 cerne-

1489 518 1546 551 ret
1572 511 1633 550 :si
1665 521 1828 550 securam
1855 510 2151 548 immortalitatem
2179 517 2346 558 putasset,
2373 523 2500 560 quonon

1491 585 1704 624 progressus
1740 579 1838 612 esset
1861 573 2098 620 arrogantiae?
2124 572 2204 620 quid
2229 583 2295 610 non
2325 577 2500 621 peccasset!

1491 638 1719 686 quandonam
1753 638 1828 675 Deo
1856 635 2160 682 obtemperasset?
2187 635 2238 672 Tu
2256 646 2334 673 vero
2360 637 2430 674 dum
2449 639 2500 678 ista

1493 701 1709 744 criminaris,
1727 700 1820 736 idem
1839 698 2000 746 profecto
2013 697 2097 734 facis
2109 725 2118 742 ,
2136 707 2178 734 ac
2200 697 2229 734 si
2246 698 2319 745 quis
2335 697 2502 736 fornicatio-

1494 773 1576 800 nem
1597 761 1846 810 prohibentem
1866 759 2166 808 rcprchenderet,
2188 759 2264 796 ideo
2280 760 2365 807 quod
2389 761 2502 808 plurimi

1495 828 1564 864 ista
1593 827 1781 864 audientes
1811 823 2020 862 fornicaturi
2048 829 2178 860 essent.
2209 821 2325 860 Nonne
2352 829 2423 860 sttut
2446 824 2506 861 hac

1494 889 1604 927 verba
1633 895 1805 925 extremae
1837 885 2052 924 dementiae?
2077 885 2114 922 Si
2145 885 2235 922 enim
2265 884 2352 920 nullo
2373 884 2504 921 mandato

1499 957 1669 997 suscepto
1688 949 1854 986 diabolus
1875 946 1918 984 ad
1938 947 2036 983 illum
2067 945 2236 982 accedens
2253 943 2404 982 recedere
2417 954 2432 980 a
2449 944 2504 981 Deo

1497 1012 1754 1054 consuluisset,
1776 1010 1810 1047 id
1829 1010 1880 1046 illi
1901 1008 2004 1045 facile
2022 1007 2264 1054 persuasisset.
2282 1005 2360 1042 Nam
2378 1005 2428 1053 qui
2445 1011 2506 1052 pest

1497 1081 1682 1122 acceptum
1703 1073 1912 1110 mandatum
1929 1070 2188 1120 praecipientem
2205 1069 2253 1106 sic
2270 1067 2470 1114 contempsit,
2484 1067 2506 1104 si

1500 1137 1592 1174 nihil
1622 1137 1667 1174 ab
1687 1136 1747 1173 illo
1766 1135 1914 1184 penitus
1934 1133 2114 1176 audisset,
2135 1131 2204 1168 cito
2222 1130 2319 1168 etiam
2335 1139 2369 1166 se
2393 1129 2448 1166 sub
2460 1129 2506 1164 do.

1500 1200 1600 1237 mino
1617 1209 1702 1236 esse
1723 1198 1936 1245 ignorasset.
1953 1195 2086 1232 Idcirco
2100 1199 2230 1230 mature
2245 1191 2330 1228 Deus
2345 1201 2383 1227 ex
2398 1190 2434 1228 iis
2449 1199 2506 1236 qua)

1502 1261 1686 1309 praecipit,
1705 1259 1811 1296 docet
1826 1258 1958 1295 habere
1973 1257 2070 1293 illum
2087 1253 2276 1296 dominum,
2295 1253 2326 1289 in
2341 1251 2507 1297 cunctisque

1501 1326 1554 1363 illi
1569 1335 1696 1372 parere
1711 1329 1893 1371 oportere.
1916 1321 1960 1358 Et
1983 1319 2066 1368 quid
2086 1317 2231 1365 amplius
2253 1315 2329 1352 hinc
2345 1320 2506 1362 sequutum,

1501 1386 1696 1435 inquiunt?
1730 1385 1879 1422 Etiamsi
1910 1383 1998 1420 nihil
2026 1381 2118 1418 aliud
2145 1385 2322 1428 sequutum
2339 1382 2506 1420 esset,nou

1503 1449 1537 1488 id
1552 1449 1695 1487 docenti
1715 1448 1787 1485 Deo
1803 1452 1902 1484 esset
1921 1443 2160 1492 imputandum
2173 1470 2182 1486 ,
2203 1440 2261 1478 sed
2281 1439 2384 1486 potius
2407 1436 2507 1474 homini

1503 1523 1575 1550 non
1598 1510 1808 1558 suscipienti
1838 1508 2009 1555 optimam
2045 1505 2136 1542 hanc
2161 1502 2381 1550 disciplinam.
2409 1498 2506 1535 Verum

1504 1587 1549 1613 ne
1575 1575 1629 1612 sic
1657 1573 1802 1622 quidem
1833 1571 1969 1608 inutilis
1997 1569 2087 1614 fuit,
2121 1567 2224 1605 etiam
2253 1570 2326 1612 post
2343 1561 2509 1610 prmvarica-

1505 1638 1666 1682 tionem,
1710 1634 1881 1683 praecepti
1912 1631 2094 1671 exhibitio.
2130 1629 2250 1666 Nonne
2286 1626 2348 1663 illa:
2376 1623 2508 1664 latebra,

1506 1701 1566 1737 illa
1583 1697 1765 1737 confessio
1791 1696 1936 1740 delicti,
1971 1695 2030 1731 illa
2059 1693 2122 1730 viri
2139 1691 2182 1728 ad
2203 1690 2372 1728 mulierem
2387 1714 2395 1729 ,
2413 1684 2510 1722 mulie-

1506 1763 1628 1810 risque
1675 1761 1721 1798 ad
1766 1764 1970 1806 serpentem
2015 1755 2170 1793 studiosa
2205 1762 2314 1790 causa:
2354 1747 2508 1786 traductio:

1506 1825 1589 1868 illa,
1622 1824 1790 1871 inquam,
1820 1821 1940 1859 omnia
1973 1816 2200 1856 metuentium
2235 1819 2312 1851 sunt
2339 1818 2428 1858 atque
2456 1815 2512 1845 tre-

1509 1887 1700 1931 mentium,
1723 1887 1859 1933 Deique
1877 1883 2124 1922 auctoritatem
2141 1873 2412 1928 agnoscendum?
2429 1873 2514 1909 Porro

1507 1954 1682 1997 quantum
1700 1948 1791 1984 lucri
1802 1931 1920 1984 fuerit
1932 1955 1976 1982 ex
1993 1943 2163 1980 diabolica
2179 1941 2232 1977 illa
2243 1935 2471 1984 exspectatione
2485 1931 2510 1967 iu

1509 1996 1645 2050 tantum
1666 2009 1804 2047 timoris
1824 2009 1904 2045 illos
1924 2007 2030 2044 fuisse
2051 2003 2258 2044 translatos,
2278 1998 2383 2035 nullus
2396 1996 2514 2041 ignorat.

1509 2073 1578 2119 Qui
1589 2073 1684 2108 enim
1695 2071 1937 2118 mqualitatcm
1951 2078 2030 2104 cum
2044 2067 2116 2103 Deo
2130 2064 2224 2112 prius
2238 2059 2406 2098 meditatus
2417 2055 2514 2094 fuerat,

1510 2135 1588 2182 ipse
1605 2133 1680 2180 jam
1703 2134 1752 2170 ita
1771 2130 2052 2170 contrahebatur
2072 2125 2258 2167 humiliter,
2278 2127 2312 2157 ut
2327 2126 2446 2167 poenam
2457 2123 2517 2151 cru-

1510 2197 1718 2242 ciatumque
1735 2198 1928 2236 metueret,
1949 2201 1991 2226 ac
2010 2193 2188 2238 peccatum
2208 2182 2517 2242 confiteretursuuut-

1511 2259 1558 2296 At
1583 2267 1672 2295 vero
1691 2267 1762 2294 non
1778 2255 1916 2302 absque
1935 2263 2044 2290 sensu
2065 2257 2223 2298 peccare,
2243 2245 2451 2286 delictumque
2465 2235 2518 2272 cito

1511 2331 1710 2370 agnoscere
1725 2348 1736 2365 ,
1768 2329 1840 2356 non
1859 2327 1972 2366 parva
1990 2326 2047 2352 res
2065 2319 2118 2351 est
2134 2341 2143 2357 ,
2171 2311 2230 2348 Sed
2249 2309 2300 2344 via
2329 2302 2464 2352 quaedam
2480 2303 2522 2334 est

1511 2391 1619 2432 autne
1635 2381 1849 2430 principium
1867 2379 1910 2416 ad
1926 2376 2207 2416 emendationem
2225 2377 2321 2416 atque
2334 2363 2521 2428 mutationem

1513 2446 1548 2482 in
1570 2445 1698 2482 melius
1725 2444 1874 2480 ducens.
1895 2441 2045 2477 Omnem
2066 2438 2181 2484 itaque
2198 2434 2230 2470 in
2249 2441 2311 2468 nos
2326 2427 2378 2464 Dei
2396 2421 2522 2468 benigni-

1514 2513 1624 2544 tatem
1654 2515 1771 2552 neqnc
1791 2503 1932 2540 discere
1950 2528 1960 2546 ,
1994 2509 2109 2546 neque
2129 2504 2270 2534 narrare
2299 2484 2444 2538 possibile
2461 2485 2522 2518 est:

1513 2579 1642 2606 eorum
1671 2574 1790 2604 tamen
1807 2575 1888 2611 qua:
1905 2563 2070 2600 novimus
2083 2588 2092 2603 ,
2113 2565 2280 2595 summam
2299 2551 2436 2588 dicturus
2445 2551 2522 2611 ἐυηι·

1513 2632 1601 2669 Post
1619 2630 1724 2667 talem
1746 2629 1842 2665 enim
1863 2623 2140 2663 inobcdientiam
2155 2648 2164 2664 ,
2192 2622 2268 2666 post
2287 2619 2373 2650 tanta
2393 2605 2522 2644 scclera.

1513 2707 1596 2734 cum
1613 2696 1688 2742 jam
1716 2693 1816 2729 orbis
1834 2696 1930 2727 totus
1950 2685 2137 2737 tyrannide
2168 2678 2294 2730 peccati
2322 2673 2523 2742 Ιπθιξιξθτεξυη

1516 2729 1596 2734 '"'"
1613 2729 1640 2742 J'
1654 2729 1686 2731 '"
1965 2729 1977 2737 υ
2170 2729 2175 2730 γ

1513 2769 1596 2796 cum
1616 2762 1778 2794 extrema
1793 2753 1868 2800 jam
1887 2750 2016 2788 luenda
2037 2757 2138 2796 poena
2159 2748 2262 2786 esset,
2281 2748 2355 2777 cum
2372 2729 2524 2800 deletldum

1514 2830 1622 2857 omne
1643 2815 1848 2854 tnortalium
1867 2823 1980 2861 genus
1993 2840 2004 2856 ,
2038 2815 2234 2853 nomenque
2258 2803 2361 2850 ipsum
2381 2795 2525 2832 hominum

1515 2881 1646 2918 merito
1673 2876 1908 2916 exterminari
1930 2879 2074 2921 posset,
2097 2877 2168 2908 tum
2187 2875 2268 2904 vero
2285 2860 2454 2921 maximum

1511 2943 1614 2971 mum
1645 2913 1867 2969 benehctum
1888 2913 1997 2966 nobis
2017 2913 2192 2967 ostendit,
2212 2916 2427 2967 Unigenitum
2444 2913 2528 2946 suum

1513 3006 1580 3044 pro
1601 2995 1780 3037 inimicis,
1800 3003 1868 3041 pro
1891 2991 2062 3030 alienatis
2087 3001 2104 3026 a
2123 2998 2176 3032 se,
2197 2995 2261 3034 pro
2278 2993 2315 3020 se
2333 2979 2407 3016 odio
2422 2971 2528 3010 haben-

1511 3057 1612 3094 tibus
1628 3062 1740 3104 atque
1758 3039 2045 3092 adversantibus
2067 3049 2173 3088 morti
2195 3046 2345 3085 tradens,
2368 3039 2474 3082 sicque
2487 3039 2524 3066 '3'

1510 3119 1810 3157 conciliationem
1845 3124 2012 3155 nostram
2046 3122 2217 3162 operans,
2249 3106 2468 3146 caelornm‘lue

1515 3191 1628 3232 gnum
1637 3187 1674 3220 et
1683 3187 1861 3218 mternam
1873 3180 2004 3223 vitam,
2014 3178 2159 3224 aliaque
2168 3175 2257 3211 bona
2271 3171 2441 3206 innumera
2451 3155 2532 3222 nolits

1512 3257 1552 3284 se
1565 3247 1740 3284 daturum
1752 3243 1956 3291 spondens,
1973 3251 2054 3289 quae
2067 3249 2132 3277 nec
2147 3236 2274 3274 oculus
2286 3224 2533 3292 vidit.

1511 3310 1670 3351 audivit,
1689 3316 1810 3354 neque
1823 3307 1858 3343 in
1872 3315 1938 3342 cor
1953 3303 2113 3342 hominis
2125 3295 2372 3354 ascenderunt,
2387 3282 2532 3354 (initiis:

1514 3377 1577 3410 tur
1597 3371 1685 3408 huic
1701 3367 1961 3412 providentiae,
1981 3367 2070 3404 huic
2087 3359 2297 3402 clementiae,
2316 3343 2533 3412 huicabotti‘littI

1520 3444 1720 3482 comparari
1739 3433 1876 3480 possit?
1886 3431 2079 3476 Propterea
2095 3429 2128 3460 et
2139 3423 2213 3469 ipse
2227 3413 2356 3454 dicebat

1521 3465 1624 3532 dista't
1637 3465 1757 3531 cretum
1772 3505 1793 3528 (ι
1807 3499 1910 3535 terra,
1928 3496 2056 3526 tantum
2071 3486 2170 3522 distat
2185 3481 2235 3518 via
2246 3485 2315 3513 mea
2327 3468 2415 3536 α-πὶἱιε
2425 3465 2529 3536 ιίεζινὶὶδὶν

1523 3517 1621 3532 ιιωιιη
1637 3517 1757 3531 ιιιῦιυιη
1772 3517 1793 3528 ιο
1807 3517 1848 3528 ιιι
1859 3517 1866 3528 ι
1877 3517 1910 3535 u,
1928 3517 2056 3526 own-uu-
2071 3517 2165 3522 νη-νη
2189 3517 2193 3518 ν

1523 3567 1554 3596 et
1585 3558 1743 3607 cogitatio
1772 3566 1847 3592 mea
1865 3565 1886 3590 a
1907 3547 2162 3600 cogitationibus
2187 3535 2323 3607 castris}
2338 3517 2532 3607 frangi-":3!-

1525 3581 1553 3596 ιι
1585 3581 1742 3607 mgna",
1773 3581 1847 3592 ...ιη
1865 3581 1886 3590 ..
1907 3581 2113 3600 -V,.._---.._,
2416 3588 2422 3596 _
2464 3582 2470 3590 _
2495 3581 2500 3586 γ

1525 3621 1636 3660 Darid
1669 3629 1812 3668 quoque
1840 3615 2068 3654 mitissimus,
2101 3616 2186 3668 cum
2207 3581 2536 3668 decletn‘ivsﬁ

1527 3644 1636 3660 ναμυ
1669 3644 1812 3668 ,ίαν-,αν
1840 3644 2068 3654 ........-....__.
2179 3661 2186 3667 .
2258 3656 2264 3662 _
2397 3645 2418 3678 1,
2464 3644 2518 3672 ΜΠ

1516 3683 1748 3725 loqueretur,
1759 3675 1898 3711 aiebat:
1909 3666 2110 3706 Secundum
2122 3656 2340 3698 altitudinem
2352 3657 2395 3683 rw
2410 3655 2418 3678 ι
2431 3652 2518 3725 (τί-ω

1522 3705 1565 3719 ιυ.
1939 3705 1945 3706 ,
2458 3705 2464 3708 _

1522 3705 1764 3780 ratiroboracit
1772 3736 1945 3773 Dominus
1955 3724 2334 3768 misericordiamsuam
2341 3705 2539 3780 ιυρξτξξιξιίξς

1523 3813 1574 3843 tes
1584 3790 2095 3848 se.Qttantumdistotortusab
2105 3778 2383 3826 occidentem-"99
2390 3767 2538 3858 Ῐῒίίιὲἒῖ

2129 3852 2137 3858 .
2211 3847 2217 3854 ·
2229 3857 2233 3858 ,
2245 3847 2348 3858 ._.-1..—
2361 3845 2400 3858 nn
2417 3841 2433 3858 ρ
2526 3837 2537 3844 ¹

1523 3824 2087 3848 ιιιδδσ.ιιιιιιιιςιιιι.ιι.υ....ν,,νηη
2109 3824 2115 3826 .
2499 3824 2505 3828 _

1523 3871 1575 3906 bis
1585 3868 1792 3916 iniquitates
1807 3868 1963 3899 nostras.
1974 3852 2159 3901 Quomodo
2173 3847 2348 3919 inirent?
2360 3824 2537 3919 ρῗῖῖζδβξπ

1527 3885 1791 3916 υιδυηιιυηιιιω
1807 3885 2152 3930 Ilvasluv'IK"""-""‘
2179 3913 2186 3920 ι
2379 3897 2388 3923 Ι
2409 3885 2539 3931 10111).

1527 3944 1604 3969 rum
1631 3902 2397 3967 miser-tuaestDomum:timantrbnssell’sa..
2448 3915 2464 3928 ι
