2734 4342
244 235 316 273 435

244 309 308 350 οὖν
328 313 434 351 τοῦτο
465 316 570 362 μόνον
587 315 720 362 ἔχομεν
739 316 856 352 εἰπεῖν
884 317 979 365 ὑπὲρ
1009 317 1073 353 τοῦ
1095 317 1370 367 κατακλυσμοῦ,

246 371 374 420 κέρδος
390 373 426 408 δέ
444 373 544 408 οὐδὲν
564 373 770 421 εὑρήσομεν
789 374 828 419 ἐξ
849 375 959 411 αὑτοῦ
981 376 1131 422 γεγονός
1147 387 1158 420 ;
1182 376 1277 412 Ἀλλ’
1291 378 1374 414 οὐδὲ

245 431 345 467 ἐστιν
362 433 478 467 εἰπεῖν
497 431 579 467 ὅσον
595 433 659 468 καὶ
675 435 752 476 τοῖς
767 433 1064 481 τετελευτηκόσιν
1081 435 1204 478 αὐτοῖς
1216 436 1278 471 καὶ
1297 438 1374 478 τοῖς

247 491 326 538 μετ’
353 491 514 533 ἐκείνους
536 491 797 539 γεγενημένοις
829 493 1006 541 ὑπῆρξεν,
1035 495 1188 530 Ἐκεῖνοι
1217 495 1282 542 μὲν
1300 495 1374 544 γὰρ

245 550 452 598 περαιτέρω
481 550 672 598 προελθεῖν
704 552 771 599 τῆς
813 553 945 595 κακίας
981 552 1243 601 ἐκωλύθησανο
1271 556 1304 590 οἱ
1334 554 1373 590 δὲ.

246 609 324 654 μετ’
345 607 507 651 ἐκείνους
522 609 674 645 ἐκείνων
699 610 874 657 μειζόνως
902 611 1112 658 ἐκέρδαναν,
1133 612 1202 659 τῆς
1235 612 1370 661 ζύμης,

243 667 292 709 ὼς
309 667 352 702 ἀν
375 679 433 710 τις
452 667 563 713 εἴποι,
583 669 730 716 καὶτῆς
749 669 958 714 ὑποθέσεως
986 671 1060 706 τῶν
1082 671 1208 707 κακῶν
1241 672 1374 717 ἀφανι-

244 725 391 772 σθείσης
413 727 457 762 ἐκ
478 727 590 774 μέσου
608 728 700 774 μετά
717 728 790 764 τῶν
803 729 1064 776 τολμησάντων
1079 731 1214 766 αὐτῶν.
1240 732 1281 767 Ei
1299 732 1373 780 γὰρ

242 783 305 818 καὶ
338 785 451 832 χωρὶς
481 785 780 834 παραδείγματος
807 787 966 830 εὐκόλως
985 787 1144 824 δύναιντ’
1171 790 1216 825 ἂν
1252 791 1372 838 εὑρεῖν

241 843 274 878 οἱ
307 843 496 890 ἄνθρωποι
511 845 557 880 τά
572 845 684 888 κακὰ,
702 846 821 882 τίοὺκ
854 847 898 883 ἂν
922 847 1372 896 ἔπραξανρ-πολλῶνὸντων

241 902 314 937 τῶν
342 903 652 950 παρακαλούντων
675 906 809 948 αὐτοὺς
830 906 893 942 ἐπὶ
923 907 989 950 τὰς
1009 907 1162 954 πράξεις
1180 909 1246 952 τὰς
1262 921 1372 959 πονη-

244 961 310 1008 ράς
323 961 458 1009 ;’¹Οπερ
471 963 530 998 ἵνα
542 963 590 1011 μὴ
603 963 770 1011 γένηται,
787 965 876 1012 μηδέ
892 965 1328 1010 τοσούτουςδιδασκάλους
1339 969 1371 1004 οί

245 1020 337 1067 μετά
351 1021 469 1058 ταῦτα
483 1023 710 1071 φαυλότητος
727 1023 852 1071 ἔχωσι,
865 1024 1003 1068 πάντας
1019 1026 1152 1070 αὐτοὺς
1165 1027 1280 1076 ἄρδην
1307 1029 1371 1064 ἀπ-

243 1079 313 1114 ώλε
320 1091 395 1114 σεν.

289 1139 329 1169 ε’.
365 1135 473 1172 Ἀλλά
489 1136 544 1179 τίς
565 1137 583 1172 ὁ
601 1137 708 1183 σοφὸς
722 1138 841 1190 λόγος.
857 1139 990 1186 μᾶλλον
1007 1140 1046 1176 δὲ
1063 1143 1082 1177 ὁ
1105 1141 1271 1190 ἀνόητος,
1300 1143 1372 1178 τῶν

242 1193 417 1240 πράττειν
441 1195 506 1241 μέν
539 1195 644 1231 οὐδὲν
681 1186 911 1245 βουλομένων
933 1199 1084 1244 ἀγαθὸν,
1114 1186 1235 1236 πάντα
1255 1201 1292 1236 δὲ
1307 1200 1374 1248 ζη-

241 1252 399 1288 τούντων
418 1254 482 1290 καὶ
507 1254 700 1300 λεγόντων,
737 1257 793 1292 ἵνα
818 1258 892 1293 τῶν
925 1259 1070 1296 οἰκείων
1095 1261 1374 1307 ἁμαρτημάτων

240 1309 307 1358 τὴν
325 1311 444 1348 αἰτίαν
463 1313 525 1348 ἐπὶ
557 1313 618 1350 τὸν
641 1315 730 1350 Θεὸν
752 1316 962 1361 ἀγάγωσιν;
988 1318 1030 1353 Εἰ
1055 1317 1105 1366 μὴ
1124 1318 1372 1367 συνεχώρησε,

241 1370 366 1414 φησὶν,
395 1372 415 1407 ό
449 1371 554 1415 Θεὸς,
577 1373 650 1408 οὐδ’
673 1373 718 1410 ἃν
753 1375 958 1422 προσῆλθεν
979 1376 999 1410 6
1025 1375 1203 1419 διάϐολος,
1232 1377 1304 1412 οὐδ’
1329 1377 1374 1413 ἂν

239 1428 408 1476 ἡπάτησε
425 1430 491 1477 τὴν
511 1431 643 1478 ἀρχὴν.
671 1431 765 1468 Ἀλλ’
797 1433 870 1468 οὐδ’
889 1433 934 1470 ἂν
956 1433 1092 1481 ἔμαθεν
1114 1436 1135 1470 ὁ
1162 1435 1278 1483 Ἀδάμ
1291 1435 1374 1472 ὅσον

241 1485 339 1536 εἶχεν
372 1489 524 1534 ἀγαθὸν,
545 1491 619 1526 οὐδ’
648 1491 693 1526 ἂν
715 1494 758 1529 ἐκ
781 1493 849 1540 τῆς
873 1493 1048 1536 ἀπονοίας
1069 1494 1214 1541 ἐκείνης
1233 1494 1372 1544 κατέϐη

243 1547 342 1582 ποτέ.
371 1547 408 1582 ’0
430 1548 502 1596 γὰρ
517 1549 688 1584 τοσούτου
711 1551 840 1586 ἐαυτὸν
860 1551 1058 1595 καταξιῶν,
1078 1553 1128 1594 ὡς
1146 1553 1210 1588 καὶ
1224 1553 1302 1596 θεὸς
1313 1565 1374 1599 γε-

243 1603 368 1640 νέσθαι
390 1607 608 1654 προσδοκᾷν,
629 1608 743 1644 τίούκ
759 1609 803 1644 ἂν
839 1609 1041 1657 ἐτόλμησεν
1073 1608 1190 1654 οὗτος,
1221 1611 1272 1660 μὴ
1305 1623 1375 1647 σω-

244 1665 474 1711 φρονισθείς;
509 1667 640 1714 Θῶμεν
677 1668 714 1704 δὲ
751 1669 845 1716 μήτε
879 1670 1234 1717 συμϐεϐουλευκέναι
1255 1684 1290 1708 τι
1313 1672 1374 1708 τὸν

241 1722 418 1767 διάϐολον,
441 1726 533 1772 μήτε
555 1727 646 1769 ὅλως
667 1727 862 1776 διειλέχθαι
879 1731 922 1776 τῇ
948 1729 1025 1776 Εὕα
1057 1731 1144 1778 περὶ
1163 1731 1226 1766 τοῦ
1252 1731 1372 1774 ξύλου·

243 1779 315 1830 ἄρα
333 1782 377 1818 ἂν
395 1785 588 1821 άπταιστοι
608 1787 814 1823 διετέλεσαν
835 1787 886 1835 μὴ
905 1789 1102 1836 γενομένου
1121 1789 1269 1834 τούτου;
1297 1792 1373 1828 Οὐκ

241 1839 340 1876 ἐστιν
360 1842 490 1878 εἰπεῖν.
526 1844 563 1879 '0
582 1843 654 1892 γὰρ
673 1845 743 1881 ὑπὸ
774 1847 842 1893 τῆς
870 1847 1043 1892 γυναικὸς
1074 1847 1190 1891 οὕτως
1213 1849 1373 1892 εὐκόλως

239 1901 490 1945 ἀναπεισθεὶς,
521 1898 624 1946 οὗτος
649 1905 712 1940 καὶ
733 1905 900 1942 διαϐόλου
919 1906 986 1942 οὐκ
1021 1906 1122 1950 ὄντος
1153 1909 1298 1955 ταχέως
1328 1909 1373 1946 ἂν

241 1959 302 2004 ἀφ’
335 1960 466 1996 ἑαυτοῦ
483 1961 572 2008 πρὸς
592 1962 658 2010 τὴν
675 1963 860 2010 ἁμαρτίαν
879 1964 1096 2000 κατέπεσεν·
1128 1965 1147 2000 ὃ
1170 1967 1234 2002 καὶ
1258 1966 1374 2014 μείζω

241 2017 285 2052 ἂν
307 2019 406 2066 αὐτῷ
438 2020 505 2067 τὴν
537 2021 719 2069 τιμωρίαν
756 2023 922 2071 ἐποίησε.
939 2025 1063 2071 Χωρὶς
1083 2025 1121 2060 δέ
1138 2025 1276 2062 τούτων
1292 2027 1374 2062 οὐδὲ

239 2077 302 2112 νῦν
317 2078 382 2124 τῆς
401 2078 462 2114 τοῦ
481 2079 646 2115 διαϐόλου
670 2081 776 2128 μόνον
799 2081 944 2130 ἀπάτης
973 2083 1014 2118 τὸ
1043 2085 1117 2119 πᾶν
1145 2085 1258 2130 ἐστιν,
1281 2086 1374 2122 ἀλλά

240 2137 302 2172 καὶ
327 2137 397 2172 ὑπὸ
416 2138 482 2185 τῆς
503 2139 643 2181 οἰκείας
657 2139 854 2187 ἐπιθυμίας
867 2140 1002 2176 ἁλοῦσα
1017 2143 1248 2190 κατέπεσενὴ
1266 2146 1372 2194 γυνή.

239 2195 313 2230 Kal
334 2196 478 2244 τοῦτοὴ
502 2197 628 2244 Γραφὴ
650 2198 908 2246 παρεδήλωσεν
939 2200 1106 2236 είποῦσα·
1126 2201 1199 2237 Καὶ
1214 2191 1372 2251 εἶδεν-Ἴ]

241 2253 345 2299 γυνὴ
369 2254 426 2290 ὅτι
442 2256 572 2292 καλὸν
586 2257 630 2292 τὸ
643 2256 772 2299 ξύλον
786 2259 845 2302 εὶς
855 2256 1027 2304 βρῶσιν,
1037 2260 1102 2295 καὶ
1128 2259 1186 2296 ὅτι
1199 2262 1374 2307 ἀρεστόν

239 2312 324 2356 τοῖς
361 2313 584 2360 ὀφθαλμοῖς
609 2314 722 2358 ἰδεῖν,
747 2316 813 2352 καὶ
837 2316 984 2362 ὡραῖον
1012 2318 1084 2355 τοῦ
1105 2321 1370 2368 κατανοῆσαν

240 2372 306 2408 καί
339 2373 527 2410 ,λαϐοῦσα
565 2375 637 2410 τοῦ
673 2376 832 2422 καρποῦ
852 2377 978 2414 αὑτοῦ
1000 2377 1137 2425 ἔφαγε.
1159 2380 1234 2416 Καὶ
1256 2381 1297 2416 οὐ
1313 2381 1375 2417 τὸν

239 2431 402 2468 διάϐολον
440 2433 682 2470 ἀπαλλάττων
722 2435 795 2471 τῶν
815 2435 883 2484 τῆς
903 2437 1099 2486 ἐπιϐουλῆς
1133 2439 1376 2488 ἐγκλημάτων

242 2490 354 2527 ταῦτα
374 2492 470 2538 λέγω
489 2493 566 2538 νῦν,
583 2493 674 2530 ἀλλά
695 2493 809 2538 δεῖξαι
833 2495 1063 2544 βουλόμενος,
1079 2499 1134 2534 ὅτι
1148 2499 1180 2534 εί
1199 2498 1249 2547 μὴ
1274 2499 1373 2550 [166]

243 2551 388 2596 ἑκόντες
409 2554 626 2598 κατέπεσον,
645 2556 762 2599 οὐδεὶς
781 2557 826 2593 ἂν
845 2558 980 2602 αὐτοὺς
1003 2559 1217 2597 κατέϐαλεν.
1243 2561 1284 2597 Ὀ
1303 2561 1376 2610 γὰρ

243 2609 309 2657 τὴν
344 2614 431 2660 παρ’
453 2614 510 2648 ἑτέ
517 2625 580 2661 ρον
597 2615 795 2662 δεξάμενος
809 2617 956 2665 ἀπάτην
977 2617 1094 2662 οὕτως
1117 2619 1290 2662 εὐκόλως,
1312 2609 1375 2656 οὖθ-

245 2679 306 2710 τος
330 2671 394 2706 καὶ
409 2671 480 2718 πρὸ
501 2672 568 2718 τῆς
589 2674 733 2722 ἀπάτης
753 2675 930 2723 ῥᾳθύμως
948 2677 1014 2713 καὶ
1037 2677 1178 2725 χαύνως
1202 2679 1372 2715 διέκειτο*

243 2726 325 2762 οὒδέ
339 2728 412 2776 γὰρ
425 2728 466 2764 ἂν
479 2729 603 2776 ἴσχυσε
613 2732 782 2768 τοσοῦτον
796 2735 946 2778 ἐκεῖνος,
959 2737 991 2771 εί
1003 2747 1045 2784 νη
1052 2735 1168 2784 φούσῃ
1184 2736 1248 2772 καὶ
1261 2738 1374 2786 ἐγρη-

243 2786 374 2834 γορυίᾳ
395 2787 577 2834 διελέγετο
593 2789 706 2838 ψυχῇ.
726 2791 818 2827 Ἀλλ’
834 2793 904 2828 εἰσί
927 2806 1022 2838 τινες
1039 2795 1087 2838 οἳ,
1107 2795 1256 2832 ἐπειδάν
1278 2797 1374 2833 κατά

243 2845 350 2882 τοῦτο
370 2845 602 2896 διελεγχθῶσι
629 2850 670 2884 τὸ
693 2850 819 2899 μέρος,
851 2853 913 2888 τὸν
943 2853 1108 2892 διάϐολον
1139 2856 1294 2903 ἀφέντες
1313 2857 1375 2894 ἐπὶ

242 2904 308 2952 τὴν
331 2905 478 2954 ἐντολὴν
521 2907 800 2954 μεταϐαίνουσι,
834 2913 898 2948 καὶ
930 2914 993 2949 τοῦ
1026 2915 1092 2962 μὲν
1115 2916 1373 2964 ἡμαρτηκότος

241 2964 454 3015 ἀπέχονται,
477 2967 671 3012 ἐγκαλοῦσι
696 2969 734 3004 δέ
761 2969 813 3017 τῷ
839 2970 918 3018 Θεῷ
937 2972 1118 3019 λέγοντες,
1137 2975 1181 3010 Τί
1204 2976 1279 3024 γὰρ
1299 2976 1372 3011 ἐδί-

241 3023 302 3059 δου
323 3024 559 3072 πρόσταγμα,
583 3027 866 3076 ἀμαρτήσοντας
876 3032 1008 3076 αὐτοὺς
1020 3034 1146 3079 εἰδώς;
1169 3035 1240 3071 Καὶ
1257 3023 1373 3072 ταῦτα

244 3084 281 3118 δέ
315 3086 392 3120 ἐστι
423 3085 590 3123 διαϐόλου
614 3088 660 3123 τὰ
691 3089 838 3136 ῥήματα
874 3091 937 3127 καὶ
957 3093 1111 3137 ἀσεϐοῦς
1129 3095 1267 3139 ἐννοίας
1286 3103 1298 3116 ⁸
1315 3097 1374 3132 εὑ-

247 3143 409 3202 ρήματα.
435 3146 517 3182 Ὅτι
550 3146 624 3194 γὰρ
645 3149 709 3184 καὶ
728 3147 768 3183 τὸ
796 3148 918 3186 δοῦναι
940 3153 1007 3199 τὴν
1040 3153 1186 3202 ἐντολὴν
1209 3153 1373 3202 μείζονος

245 3201 460 3248 κηδεμονίας
481 3205 594 3250 ἐστὶν,
610 3207 632 3255 ἢ
656 3206 697 3242 τὸ
715 3207 764 3256 μὴ
781 3207 914 3255 δοῦναι,
931 3211 1037 3260 δῆλον
1056 3201 1215 3251 ἐκεῖθεν,
1251 3216 1373 3251 Ἔστω

245 3260 319 3323 γὰρ
399 3263 514 3323 Ἀδὰμ
540 3266 606 3314 τὴν
630 3267 696 3314 μὲν
728 3268 942 3316 προαίρεσιν
965 3271 1058 3319 ἔχων
1075 3272 1171 3309 οὕτω
1193 3273 1370 3323 ῥᾴθυμον,

245 3318 296 3361 ὡς
334 3319 374 3354 τὸ
405 3321 504 3366 τέλος
541 3325 723 3369 ἀπέδειξε,
750 3326 910 3373 δεχέσθω
939 3329 976 3364 δὲ
1007 3318 1370 3383 μηδεμίαννέντολὴν,

245 3377 337 3414 ἀλλὰ
365 3380 502 3425 μενέτω
533 3385 695 3432 τρυφῶν·
717 3382 791 3432 ἆρα
825 3388 846 3434 ἡ
867 3377 1054 3426 ἀσθένεια.
1072 3377 1177 3440 καὶὴ
1209 3377 1374 3442 ῥᾳθυμία

245 3438 327 3501 ἀπὸ.
338 3439 404 3486 τῆς
417 3439 574 3484 ἀνέσεως
594 3444 730 3493 ταύτης
747 3445 810 3480 ἐπί
830 3446 870 3480 τὸ
889 3449 1008 3496 χεῖρον
1028 3450 1050 3496 ἦ
1071 3451 1132 3487 ἐπὶ
1149 3438 1190 3487 τὸ
1207 3438 1374 3501 κρεῖττον

245 3497 428 3561 ἐπέδωκεν
443 3499 508 3542 ἀν;
532 3501 638 3538 Ἀλλά
653 3504 760 3540 παντί
781 3517 850 3540 που
871 3505 990 3553 δῆλον,
1027 3508 1082 3544 ὃτι
1105 3511 1196 3557 πρὸς
1215 3497 1374 3561 ἐσχάτην

243 3553 287 3591 ἂν
317 3556 498 3592 κατέπεσε
523 3560 666 3604 κακίαν,
684 3562 857 3610 ἄφροντις
872 3563 938 3601 ὧν.
957 3564 997 3600 '0
1022 3567 1096 3615 γὰρ
1120 3553 1374 3620 μηδέπω-θαρ-

245 3617 320 3662 ῥεῖν
337 3615 434 3664 ὑπὲρ
467 3617 532 3664 τῆς
554 3617 754 3680 ἀθανασίας
775 3621 883 3670 έχων,
907 3623 984 3659 ἀλλ’
1009 3624 1064 3660 ἔτι
1099 3615 1283 3679 μετέωρον
1305 3615 1372 3680 την

243 3673 372 3710 ἐλπίδα
410 3675 548 3722 ταύτην
569 3674 678 3714 οὖσαν
701 3679 818 3724 εἰδὼς,
851 3681 916 3718 καὶ
937 3683 1028 3730 πρὸς
1044 3673 1373 3733 τοσοῦτον-ἀλαςοο

244 3733 344 3776 νείας
362 3734 426 3769 καὶ
443 3735 567 3778 ἀνοίας
590 3735 732 3786 ἀρθεὶς,
754 3738 804 3781 ὡς
828 3741 891 3775 καὶ
907 3740 1054 3778 ἐλπίσαι
1085 3745 1254 3789 γενέσθαι
1275 3748 1370 3794 θεὸς,

247 3792 438 3829 καὶταῦτα
455 3794 658 3841 οὐδαμόθεν
681 3796 742 3832 τὸν
767 3796 883 3834 ταῦτα
905 3800 1221 3851 ἐπαγγειλάμενον
1245 3792 1372 3844 ¹κλειστὸν

243 3851 352 3900 ὁρῶν·
389 3852 420 3888 εί
464 3853 616 3900 βεϐαίαν
643 3854 727 3903 ἔσχε
763 3857 830 3904 τὴν
864 3857 1078 3905 ἀθανασίαν,
1123 3864 1192 3900 ποῦ
1229 3867 1296 3904 οὐκ
1327 3869 1372 3906 ἂν

286 3918 303 3939 ⁸
322 3917 583 3960 Μοντιάσεϐοῦς
595 3922 724 3960 ἐννοίας.
742 3923 829 3958 Savil
865 3926 1000 3966 ἀσεϐοῦς
1017 3929 1166 3970 διανοίας.

834 237 897 275 AD
921 239 1177 278 STAGIRIUM
1200 241 1231 278 Α
1256 241 1466 280 ΒΕΜΟΝΕ
1491 243 1731 284 VEXATUM.
1761 248 1847 285 LIB.
1878 249 1905 286 Ι.

2503 251 2572 288 456

1445 321 1603 368 ἔφθασεν
1625 325 1818 369 ἀπονοίαςς
1843 326 1931 362 τίδὲ
1956 326 2023 362 οὐκ
2043 325 2090 363 ἂν
2118 327 2324 376 ἐξήμαρτες
2347 329 2435 364 πότε
2471 329 2510 365 δὲ
2530 331 2574 365 ἂν

1443 387 1632 434 ὑπήκουσε
1651 389 1716 424 τοῦ
1753 390 1869 434 Θεοῦ;
1893 391 1942 426 Σὺ
1963 391 2001 426 δέ
2021 392 2224 439 παρόμοιον
2251 395 2369 436 ποιεῖς
2391 393 2572 438 ἐγκαλῶν,

1441 451 1568 500 ὥσπερ
1587 453 1632 489 ἃν
1649 455 1685 490 ετ
1698 467 1755 498 τις
1777 457 1840 492 καὶ
1861 456 1923 492 τὸν
1958 457 2149 504 πορνεύειν
2185 457 2461 505 ἀπαγορεύοντα
2479 458 2574 508 μέμ-

1442 531 1558 566 φοιτο,
1587 522 1710 572 ἐπειδὴ
1737 524 1770 560 οἱ
1797 524 1914 560 ταῦτα
1927 525 2168 573 ἀκουσόμενοι
2196 525 2386 574 πορνεύειν
2405 526 2571 574 ἔμελλον.

1441 587 1515 622 Καὶ
1537 587 1617 630 πῶς
1633 589 1700 624 οὐκ
1722 590 1880 638 ἐσχάτης
1899 591 2014 627 ταῦτα
2035 592 2166 639 μανίας
2183 591 2230 627 τά
2252 593 2422 640 ῥήματα;
2441 593 2483 629 El
2499 593 2574 642 γάρ

1443 651 1494 700 μὴ
1514 652 1704 702 δεξαμένῳ
1737 656 1804 703 τὴν
1825 656 1974 703 ἐντολὴν
2010 657 2221 704 προσελθὼν
2249 659 2268 693 ὁ
2285 659 2451 702 διάϐολος
2484 659 2575 696 ἀπο-

1443 719 1570 766 στῆναι
1600 720 1664 756 τοῦ
1706 721 1798 756 Θεοῦ
1835 721 2111 767 συνεϐούλευσε,
2147 725 2210 760 καὶ
2229 725 2336 761 τοῦτο
2351 725 2512 769 εὐκόλως
2529 726 2574 762 ἂν

1441 783 1601 820 ἐπεισεν-
1623 786 1642 820 6
1659 786 1734 834 γὰρ
1757 787 1850 833 μετά
1866 788 1932 836 τὴν
1955 788 2018 824 τοῦ
2039 790 2324 837 προστάγματος
2342 791 2440 828 δόσιν
2457 803 2573 828 κατα-

1441 850 1626 897 φρονήσας
1655 851 1719 886 τοῦ
1753 851 1950 896 δεδωκότος
1987 854 2090 898 αὐτὸ,
2111 856 2144 890 εἰ
2182 855 2294 903 μηδὲν
2315 857 2408 900 ὅλως
2420 857 2574 904 ἠκηκόει

1441 914 1530 962 παρ’
1567 915 1694 959 αὐτοῦ,
1729 917 1872 963 ταχέως
1907 917 1952 953 ἀν
1977 918 2032 954 ὅτι
2060 920 2122 956 καὶ
2160 921 2230 956 ὑπὸ
2258 921 2438 969 δεσπότην
2475 923 2574 958 ἐστὶν

1440 979 1612 1027 ἠγνόησε.
1634 981 1700 1016 Διά
1723 980 1828 1016 τοῦτο
1846 981 2039 1030 προλαϐὼν
2053 985 2072 1019 ὁ
2091 983 2179 1027 Θεὸς
2197 985 2240 1020 δι’
2258 980 2308 1021 ὧν
2333 987 2573 1033 προσέταξεν,

1441 1043 1602 1088 ἐδίδαξεν
1612 1045 1666 1080 ὅτι
1689 1046 1752 1081 καὶ
1779 1046 1904 1095 κύριον
1917 1047 2006 1095 ἔχει,
2025 1049 2088 1084 καὶ
2104 1050 2222 1086 πάντα
2241 1050 2441 1086 ὑπακούειν
2462 1051 2574 1088 αὑτοῦ

1441 1107 1508 1144 δεῖ.
1531 1109 1606 1145 Καὶ
1626 1111 1662 1145 τί
1694 1111 1802 1146 πλέον
1830 1113 1902 1148 ἀπὸ
1921 1113 2049 1149 τούτου
2075 1115 2226 1160 γέγονε;
2263 1117 2367 1164 φησί.
2406 1117 2576 1154 Μάλιστα

1445 1173 1527 1220 μὲν,
1559 1175 1592 1209 εἰ
1623 1175 1686 1210 καὶ
1711 1175 1824 1223 μηδὲν
1846 1178 2022 1223 ἐγεγόνει,
2050 1180 2152 1215 οὐδὲν
2178 1181 2284 1216 τοῦτο
2313 1181 2416 1230 παρά
2437 1183 2499 1218 τὸν
2527 1182 2578 1218 διο

1442 1237 1600 1282 δάξαντα
1617 1240 1720 1283 Θεὸν,
1741 1241 1833 1276 ἀλλά
1854 1243 1956 1290 παρά
1979 1243 2040 1279 τὸν
2059 1245 2109 1292 μὴ
2135 1245 2334 1293 δεξάμενον
2360 1247 2426 1295 τὴν
2453 1247 2578 1283 καλλί-

1445 1315 1532 1351 στην
1557 1307 1690 1353 ταύτην
1710 1307 1912 1343 παίδευσιν·
1941 1307 2004 1344 νῦν
2020 1309 2057 1344 δὲ
2079 1310 2160 1346 οὑδέ
2182 1311 2298 1354 οὕτως
2317 1313 2489 1360 ἀνόνητος
2515 1313 2578 1358 γέ-

1442 1379 1525 1414 γονε
1549 1371 1614 1406 καὶ
1631 1372 1725 1418 μετά
1743 1372 1808 1420 τὴν
1841 1360 2052 1422 παράϐασιν
2074 1377 2096 1424 ή
2113 1376 2210 1419 δόσις
2235 1378 2302 1425 τῆς
2323 1377 2484 1425 ἐντολῆς.
2503 1378 2578 1414 Kal

1443 1435 1517 1482 γὰρ
1535 1435 1577 1472 τὸ
1598 1437 1794 1486 κρυϐῆναι,
1827 1440 1891 1476 καὶ
1927 1440 1968 1476 τὸ
2003 1442 2070 1489 τὴν
2111 1443 2298 1490 ἁμαρτίαν
2334 1443 2575 1491 ὁμολογῆσαι,

1443 1500 1508 1536 καὶ
1529 1501 1570 1536 τὸ
1585 1501 1802 1546 σπουδάζειν
1817 1503 1877 1540 τὸν
1903 1505 1968 1552 μὲν
1991 1506 2104 1554 ἄνδρα
2121 1507 2184 1542 ἐπὶ
2201 1507 2267 1555 τὴν
2288 1509 2460 1554 γυναῖκα,
2475 1507 2576 1544 ἐκεί-

1443 1576 1508 1612 νην
1525 1565 1564 1601 δέ
1587 1567 1648 1602 ἐπὶ
1658 1567 1720 1604 τὸν
1738 1569 1820 1615 ὅφιν
1840 1569 1906 1618 τὴν
1921 1571 2042 1607 αἰτίαν
2057 1571 2129 1608 τῶν
2143 1574 2401 1621 γεγενημένων
2421 1585 2577 1621 μεταγας

1443 1632 1536 1676 γεῖν,
1573 1631 1788 1670 δεδοικότων
1819 1635 1898 1671 ἐστὶ
1944 1637 2008 1672 καὶ
2046 1638 2257 1684 τρεμόντων
2290 1639 2354 1674 καὶ
2391 1639 2431 1674 τὸ
2464 1639 2577 1688 κῦρος

1443 1697 1706 1744 ἐπεγνωκότων
1717 1699 1782 1734 τοῦ
1805 1699 1910 1737 Θεοῦ.
1938 1701 2048 1737 Ὅσον
2066 1702 2104 1738 δέ
2132 1703 2258 1750 κέρδος
2272 1701 2317 1750 ἧν
2335 1705 2408 1740 ἀπὸ
2427 1705 2494 1752 τῆς
2513 1717 2578 1741 σα-

1442 1762 1594 1810 τανικῆς
1633 1764 1778 1812 ἐκείνης
1808 1766 2028 1813 προσδοκίας
2056 1768 2110 1810 είς
2142 1767 2312 1805 τοσοῦτον
2333 1771 2577 1820 μετατεθῆναι

1443 1827 1567 1874 φόϐον,
1586 1828 1704 1872 οὐδεὶς
1723 1830 1861 1876 ἀγνοεῖ.
1880 1831 1920 1867 ’0
1942 1832 2015 1880 γάρ
2033 1833 2190 1870 ίσοθεῒαν
2213 1836 2445 1881 φαντασθεὶς,
2467 1837 2576 1881 αὐτὸς

1442 1893 1559 1936 οὕτως
1589 1895 1830 1932 ἐταπεινοῦτο
1859 1897 1923 1932 καὶ
1954 1897 2224 1941 συνεστέλλετο,
2247 1899 2298 1942 ὼς
2328 1900 2424 1949 ὑπὲρ
2457 1913 2575 1950 τιμω-

1445 1959 1525 2006 ρίας
1557 1960 1621 1997 καὶ
1657 1961 1842 2005 κολάσεως
1873 1963 2040 2012 τρέμειν,
2067 1966 2130 2002 καὶ
2163 1965 2228 2013 τὴν
2258 1967 2445 2014 ἁμαρτίαν
2470 1967 2577 2015 ἐξαγ-

1442 2025 1584 2077 γέλλειν
1605 2026 1672 2074 τὴν
1693 2027 1818 2064 αὑτοῦ.
1831 2029 1881 2064 Τὸ
1899 2029 1938 2065 δέ
1963 2030 2014 2077 μὴ
2029 2031 2256 2079 ἁμαρτάνειν
2279 2033 2574 2081 ἀνεπαισθήτως,

1441 2091 1519 2126 ἀλλ’
1553 2093 1811 2139 ἐπιγινώσκειν
1827 2095 1970 2142 ταχέως
1985 2096 2049 2131 καὶ
2067 2098 2222 2145 συνορᾷν
2244 2097 2284 2133 τὸ
2299 2097 2369 2146 πλη
2376 2099 2574 2147 μμεληθέν.

1441 2157 1510 2192 οὐκ
1531 2155 1609 2192 ἐστι
1638 2157 1784 2206 μικρὸν,
1809 2158 1888 2195 ἀλλ’
1899 2159 1979 2203 ὁδός
2000 2172 2056 2204 τις
2074 2161 2138 2197 καὶ
2159 2161 2254 2210 ἀρχὴ
2274 2163 2363 2211 πρὸς
2385 2163 2578 2212 διόρθωσιν

1443 2219 1585 2265 ἄγουσα
1601 2223 1664 2258 καὶ
1679 2223 1746 2270 τὴν
1779 2223 1842 2259 ἐπὶ
1865 2225 1906 2260 τὸ
1929 2227 2094 2272 κρεῖττον
2117 2227 2334 2275 μεταϐολήν.
2361 2229 2486 2266 Πᾶσαν
2511 2229 2577 2278 μὲν

1443 2281 1506 2320 οὖν
1529 2286 1591 2322 τοῦ
1621 2288 1762 2335 Κυρίου
1787 2289 1854 2336 τὴν
1873 2289 1976 2338 [167]
1991 2292 2044 2333 εἰς
2061 2292 2160 2340 ἡμᾶς
2183 2293 2394 2341 ἀγαθότητα
2409 2293 2492 2330 οὔτε
2508 2307 2579 2342 μα-

1445 2349 1521 2386 θεῖν
1543 2351 1626 2387 οὗτε
1662 2353 1908 2401 διηγήσασθαι
1931 2355 2097 2392 δυνατόν’
2126 2353 2176 2393 ὧν
2203 2358 2242 2394 δέ
2270 2359 2377 2406 ἴσμεν
2405 2360 2446 2396 τὸ
2465 2361 2578 2406 κεφά-

1444 2413 1542 2449 λαιον
1571 2414 1660 2462 ἐρῶ.
1677 2415 1782 2451 Μετὰ
1798 2416 1870 2464 γὰρ
1883 2417 1949 2464 τὴν
1969 2420 2150 2467 τοσαύτην
2178 2422 2384 2470 παρακοὴν,
2407 2423 2500 2470 μετά
2519 2435 2579 2459 το-

1446 2478 1562 2516 σαῦτα
1579 2481 1848 2528 ἁμαρτήματα,
1873 2483 1932 2518 ὅτε
1963 2485 2084 2520 πᾶσαν
2099 2485 2254 2534 κατέσχε
2273 2487 2340 2536 τὴν
2359 2489 2578 2537 οἰκουμένην

1443 2547 1465 2593 ἡ
1498 2546 1564 2594 τῆς
1585 2547 1770 2595 ἁμαρτίας
1799 2549 1983 2597 τυραννὶς,
2012 2551 2071 2586 ὅτε
2101 2553 2169 2598 τὴν
2189 2552 2348 2601 ἐσχάτην
2366 2553 2437 2589 ἔδει
2455 2554 2577 2592 δοῦναι

1443 2609 1548 2658 δίκην
1582 2611 1720 2656 λοιπὸν,
1745 2614 1810 2650 καὶ
1837 2613 2036 2650 ἀπολέσθαι
2070 2615 2272 2660 παντελῶς,
2300 2617 2365 2654 καὶ
2387 2617 2578 2666 ἀνώνυμον

1443 2675 1484 2710 τὸ
1511 2675 1586 2711 τῶν
1620 2676 1826 2726 ἀνθρώπων
1856 2679 2027 2725 γενέσθαι
2053 2680 2170 2726 γένος,
2201 2681 2282 2718 τότε
2303 2681 2370 2730 τὴν
2401 2683 2578 2730 μεγίστην

1444 2742 1534 2790 περὶ
1549 2743 1649 2790 ἡμᾶς
1669 2743 1884 2790 εὐεργεσίαν
1905 2744 2128 2790 ἐπεδείξατο,
2153 2746 2248 2796 ὑπὲρ
2265 2747 2338 2783 τῶν
2360 2747 2502 2795 ἐχθρῶν
2516 2749 2578 2784 καὶ

1443 2808 1802 2858 ἀπηλλοτριωμένων
1821 2811 1885 2848 καὶ⁵
1913 2811 2116 2858 μισούντων
2133 2813 2242 2849 αὑτὸν
2264 2813 2327 2850 καὶ
2347 2813 2578 2863 ἀποστρεφο-

1446 2876 1566 2924 μένων
1590 2876 1652 2912 τὸν
1677 2877 1864 2926 Μονογενῆ
1903 2877 2140 2925 κατασφάξας
2169 2879 2230 2915 τὸν
2264 2880 2410 2924 ἑαυτοῦ,
2435 2881 2497 2917 καὶ
2520 2881 2578 2916 διὰ

1442 2941 1572 2978 τούτου
1593 2943 1660 2990 τὴν
1681 2943 1774 2991 πρὸς
1795 2943 1906 2978 αὑτὸν
1935 2943 2168 2992 καταλλαγὴν
2196 2945 2448 2993 ἐργασάμενος
2474 2947 2576 2994 ἡμῖν,

1443 3009 1508 3044 καὶ
1523 3007 1710 3056 βασιλείαν
1725 3009 1905 3057 οὐρανῶν,
1934 3011 1998 3046 καὶ
2013 3011 2110 3059 ζωὴν
2129 3011 2290 3055 αίώνιον,
2317 3013 2380 3048 καὶ
2400 3013 2445 3049 τὰ
2463 3014 2579 3062 μυρία

1444 3074 1761 3123 ἐπαγγειλάμενος
1777 3074 1906 3112 δώσειν
1927 3076 2062 3123 ἀγαθὰ,
2085 3076 2109 3113 ἃ
2145 3078 2239 3126 μήτε
2276 3077 2464 3126 ὀφθαλμὸς
2490 3075 2577 3122 εἶδε,

1445 3140 1539 3188 μήτε
1557 3137 1620 3183 οὖς
1646 3140 1797 3188 ἢκουσε,
1831 3141 1924 3188 μήτε
1946 3141 2008 3176 ἐπὶ
2035 3141 2188 3190 καρδίαν
2220 3141 2416 3191 ἀνθρώπου
2449 3143 2578 3188 ἀνέϐη.

1443 3206 1488 3242 Τί
1509 3207 1649 3256 ταύτης
1668 3206 1714 3243 ἂν
1739 3206 1882 3253 γένοιτο
1913 3207 1978 3256 τῆς
1999 3207 2218 3256 κηδεμονίας
2243 3209 2334 3252 ἴσον,
2362 3209 2426 3257 τῆς
2454 3207 2580 3256 φιλαν-

1445 3271 1626 3321 θρωπίας,
1646 3273 1715 3320 τῆς
1743 3272 1992 3321 ἁγαθότητος;
2013 3274 2078 3310 Διά
2106 3273 2222 3318 ταῦτα
2245 3275 2308 3310 καὶ
2347 3273 2455 3317 αὐτός
2476 3285 2577 3321 φησν

1441 3339 1581 3384 Καθὼς
1615 3339 1758 3386 ἀπέχει
1781 3341 1802 3376 ό
1825 3339 1998 3386 οὐρανὸς
2019 3341 2098 3376 ἀπὸ
2121 3339 2196 3386 τῆς
2228 3340 2320 3388 γῆς,
2354 3340 2480 3382 οὕτως
2505 3338 2580 3374 ἀπ-

1441 3405 1526 3452 έχει
1546 3406 1572 3452 ή
1612 3405 1708 3450 ὁδός
1726 3417 1807 3452 μου
1832 3405 1914 3442 ἀπὸ
1931 3405 2011 3442 τῶν
2029 3405 2134 3442 ὁδῶν
2165 3405 2292 3454 ὑμῶν,
2320 3405 2386 3442 καὶ
2417 3404 2466 3439 τὰ
2495 3401 2578 3437 διαν

1441 3469 1626 3517 νοήματά
1644 3482 1726 3518 μου
1749 3471 1830 3508 ἀπὸ
1854 3471 1929 3518 τῆς
1949 3471 2131 3517 διανοίας
2145 3471 2270 3518 ὑμῶν.
2289 3470 2362 3506 Καὶ
2381 3469 2400 3504 6
2420 3467 2582 3516 πραότα-⁸

1441 3549 1505 3580 τος
1519 3537 1559 3573 δὲ
1581 3537 1690 3574 Δαυῖδ
1713 3537 1800 3586 περὶ
1819 3538 1885 3586 τῆς
1905 3537 2181 3586 φιλανθρωπίας
2191 3533 2302 3572 αὑτοῦ
2323 3532 2580 3580 διαλεγόμενός

1443 3615 1547 3651 φησι·
1562 3603 1674 3640 Κατὰ
1697 3604 1741 3641 τὸ
1757 3604 1866 3651 ὕψος
1882 3605 1954 3641 τοῦ
1979 3601 2154 3648 οὐρανοῦ
2171 3599 2252 3637 ἀπὸ
2269 3597 2344 3644 τῆς
2369 3598 2446 3645 τῆς
2461 3598 2580 3644 ἐκρα-

1441 3670 1592 3707 ταίωσε
1607 3672 1755 3716 Κύριος·
1776 3670 1822 3706 τὸ
1857 3670 1974 3712 ἕλεος
1999 3667 2126 3704 αὐτοῦ
2159 3664 2227 3702 ἐπὶ
2258 3663 2356 3708 τοὺς
2388 3664 2581 3710 φοϐουμέ-

1441 3750 1542 3784 νους
1571 3739 1710 3776 αὐτόν·
1753 3737 1840 3774 καθ’
1873 3736 1976 3774 ὅσον
2016 3732 2244 3780 ἀπέχουσιν
2277 3731 2474 3768 ἀνατολαὶ
2497 3731 2579 3768 ἀπὸ

1442 3805 1626 3854 δυσμῶν,
1642 3805 1871 3854 ἐμάκρυνεν
1889 3802 1956 3847 ἀφ’
1981 3797 2097 3847 ἡμῶν
2133 3797 2206 3843 τὰς
2247 3798 2419 3845 ἀνομίας
2448 3797 2576 3845 ἡμῶνο

1441 3873 1574 3920 καθὼς
1593 3873 1777 3918 οὶκτείρει
1795 3867 1927 3913 πατὴρ
1947 3867 2073 3911 υἱοὺς,
2091 3866 2311 3912 (ima/pnas
2324 3867 2469 3913 Κύριος
2485 3864 2579 3908 τοὺς·

1443 3939 1722 3989 φοϐουμένους
1741 3934 1881 3972 αὐτόν’
1907 3932 1974 3981 οὐχ
1995 3931 2049 3967 ὅτι
2071 3929 2242 3966 τοσοῦτον
2265 3931 2388 3980 μόνον,
2420 3928 2496 3966 ἀλλ’
2522 3928 2578 3964 ὅτι
