2734 4342
309 231 376 270 ιδγ

306 322 376 348 nOn
411 321 530 357 parem
559 310 673 346 aulum
708 318 866 346 amorem
886 307 1069 350 indicans,
1091 304 1154 342 sed
1171 303 1251 350 quia
1270 313 1373 340 sum-

307 383 375 408 ma:
401 371 602 408 dilectioois
627 371 831 416 exemplum
861 368 957 405 aliud
994 378 1064 404 non
1101 366 1278 402 novimus.
1312 363 1375 400 lllo

307 442 424 471 tamen
461 433 626 480 exemplo
661 433 776 478 majus
801 431 895 468 aliud
927 429 1058 476 profert
1088 427 1223 470 Isaias,
1247 435 1375 472 nempe

307 496 430 533 matris
473 504 552 541 quae
589 492 833 530 misericordia
868 501 950 538 erga
981 489 1117 538 prolem
1151 495 1289 536 patrem
1316 496 1376 522 su-

307 567 431 603 perare
479 557 594 600 solet,
631 556 684 592 sic
731 555 881 601 loquens
911 565 919 590 :
953 551 1130 598 Numquid
1166 550 1376 586 obliviscetur

305 618 425 654 mulier
450 616 610 664 iufantuli
627 617 680 652 sui
695 644 705 659 ,
726 622 763 652 ut
789 626 856 651 non
875 614 1071 650 misereatur
1089 612 1161 655 ﬁlio
1181 612 1267 647 uteri
1293 610 1346 646 sui
1359 609 1377 645 .9

305 678 378 715 Sed
405 684 434 714 et
463 678 494 715 si
508 676 570 712 illa
597 677 702 714 oblita
737 677 812 724 ejus
843 675 966 723 fuerit,
995 685 1058 722 ego
1088 679 1200 709 tamen
1229 671 1279 707 tui
1307 681 1375 706 non

305 739 479 776 obliviscar
495 767 505 783 ,
525 738 605 774 dicit
638 737 804 774 Dominus
837 735 945 784 (Isai.
966 735 1026 779 49,
1050 733 1120 782 15)
1154 746 1162 770 :
1181 731 1375 770 ostendens

309 800 370 836 Dei
401 799 678 836 misericordiam
703 797 855 834 affectus
873 805 1000 834 omnes
1027 795 1208 832 naturales
1238 793 1374 840 longis-

304 863 394 899 sime
409 861 596 899 excedere.
618 861 665 898 Et
683 860 870 908 prophetat
897 858 1041 906 quidem
1063 857 1142 894 sic:
1164 857 1240 904 ipse
1257 861 1375 892 autem

303 924 490 968 Christus,
511 933 592 960 cum
612 921 746 958 .ludtcis
774 921 984 967 loqueretur
998 946 1008 961 ,
1029 919 1146 955 aiebat
1169 929 1177 953 :
1199 917 1239 954 Si
1265 922 1377 952 autem

306 995 363 1020 tos
379 995 455 1020 cum
471 985 544 1020 sitis
561 983 644 1020 mali
660 1010 670 1028 ,
689 983 794 1018 nostis
811 982 899 1017 bona
917 981 999 1016 data
1019 981 1101 1015 dare
1127 979 1208 1024 ﬁliis
1224 977 1348 1024 lvestris
1363 1004 1373 1021 ,

305 1053 430 1093 quanto
461 1046 570 1093 magis
601 1044 705 1081 Pater
732 1051 838 1080 vester
871 1042 1012 1082 caelestis
1031 1041 1124 1077 dabit
1143 1040 1232 1076 bona
1261 1045 1376 1087 peten-

308 1109 394 1144 tibus
421 1119 458 1144 se
493 1107 646 1156 (Matth.
675 1107 711 1144 Ἰ.
746 1107 786 1143 ll
806 1105 848 1153 )?
871 1105 960 1142 nihil
993 1104 1154 1152 profecto
1187 1101 1283 1139 aliud
1313 1112 1378 1148 per

308 1169 376 1204 ista
397 1167 624 1216 significans,
647 1167 714 1204 nisi
734 1173 870 1204 tantam
891 1175 973 1203 esse
993 1165 1124 1202 divinae
1141 1163 1378 1212 providentiae

306 1239 342 1268 et
363 1230 630 1278 gubernationis
649 1236 808 1277 paterna:
827 1228 1066 1266 differentiam
1081 1255 1092 1272 ,
1111 1231 1287 1275 quantum
1319 1227 1376 1262 in-

308 1297 420 1330 terest
441 1292 535 1328 inter
554 1291 668 1328 bonos
695 1295 732 1328 ct
756 1291 882 1328 malos.
905 1289 1040 1326 Verum
1071 1299 1186 1335 neque
1206 1287 1378 1324 hactenus

305 1360 378 1390 stes
393 1354 510 1397 velim,
529 1353 592 1390 sed
610 1359 730 1390 mente
746 1353 790 1389 ad
806 1352 974 1389 ulteriora
996 1349 1224 1398 progredere.
1239 1349 1326 1386 Nam
1342 1348 1377 1385 id

305 1425 446 1462 quoque
465 1424 530 1461 pro
549 1419 656 1461 captu
685 1419 722 1450 et
753 1413 860 1449 modo
893 1418 954 1448 tuo
981 1411 1117 1448 dictum
1135 1416 1191 1448 est
1215 1422 1225 1446 :
1246 1409 1378 1456 quippe

310 1476 407 1522 :ujus
427 1475 662 1522 intelligentia
683 1480 738 1512 est
757 1474 910 1519 inﬁnita,
931 1480 969 1510 et
985 1473 1128 1510 bonitas
1147 1471 1311 1509 similiter
1324 1478 1378 1507 at-

307 1548 382 1583 que
401 1537 591 1574 clementia
613 1547 694 1584 erga
713 1537 891 1572 homines.
917 1534 1020 1580 Quod
1047 1535 1078 1571 si
1109 1534 1201 1570 hanc
1219 1544 1282 1580 per
1301 1533 1376 1569 sin-

306 1597 388 1644 gula
407 1608 488 1644 qurc
509 1599 599 1634 fiunt
612 1608 682 1634 non
707 1597 956 1644 perspicimus,
977 1601 1014 1632 et
1033 1595 1100 1632 hoc
1118 1596 1259 1642 signum
1279 1594 1375 1630 illius

309 1658 495 1695 inﬁnitatis
521 1663 588 1696 est.
615 1658 771 1696 Plurima
791 1658 886 1694 enim
914 1663 950 1694 et
970 1667 1098 1704 magna
1118 1657 1280 1704 quotidie
1311 1666 1376 1702 pro

308 1727 432 1757 nostra
453 1721 568 1758 salute
598 1721 784 1768 disponit,
813 1731 893 1768 quae
921 1720 988 1766 ipsi
1009 1720 1076 1757 soli
1107 1725 1188 1756 sunt
1219 1719 1376 1766 cognita.

309 1783 398 1828 Quia
425 1783 522 1820 enim
555 1783 729 1819 bonitatis
758 1792 833 1818 sum
848 1782 962 1829 gratia
994 1781 1116 1828 generi
1137 1787 1260 1818 nostro
1276 1781 1370 1816 bona

306 1843 470 1891 largitur,
491 1843 577 1879 nihil
593 1843 726 1879 nostris
743 1843 906 1890 indigens
920 1842 1098 1885 laudibus,
1119 1841 1286 1888 nullaque
1303 1840 1372 1877 alia

309 1905 604 1942 remuneratione
618 1915 708 1952 opus
729 1904 879 1949 habens,
901 1903 1053 1950 plurima
1074 1913 1140 1940 nos
1158 1903 1271 1940 latere
1291 1913 1376 1950 per-

305 1967 427 2004 mittit.
446 1965 516 2019 δεμ
537 1972 574 2003 et
603 1967 631 2002 si
653 1965 844 2012 aliquando
871 1964 948 2001 haec
969 1965 1118 2009 revelat,
1140 1970 1178 2001 et
1207 1963 1293 2000 illud
1313 1973 1377 2000 no-

303 2036 387 2066 stra:
405 2029 567 2065 utilitatis
593 2039 700 2064 causa
723 2028 820 2072 facit,
842 2033 880 2064 ut
903 2028 1038 2074 gratias
1057 2027 1108 2064 illi
1130 2037 1274 2074 semper
1306 2027 1372 2064 ha-

305 2091 430 2128 bentes
449 2118 458 2133 ,
484 2089 638 2136 amplius
668 2089 772 2126 nobis
801 2088 1026 2126 attrahamus
1057 2088 1151 2124 illius
1185 2088 1372 2125 atixilium.

305 2152 384 2190 Non
405 2153 515 2198 igitur
546 2151 592 2188 de
625 2151 682 2187 liis
702 2150 820 2186 solum
851 2160 932 2196 qua
953 2150 1118 2186 novimus
1135 2177 1146 2193 ,
1181 2149 1244 2186 sed
1261 2149 1306 2187 de
1333 2150 1377 2188 iis

309 2215 419 2250 etiam
445 2224 524 2260 quae
549 2213 731 2249 nescimus
747 2239 757 2256 ,
787 2211 921 2258 gratias
941 2211 992 2248 illi
1012 2211 1234 2248 referamus:
1261 2221 1377 2258 neque

307 2277 404 2313 cnim
423 2276 586 2313 volentes
607 2276 738 2320 solum,
757 2284 882 2311 verum
913 2273 1046 2310 invitos
1075 2282 1218 2320 quoque
1237 2271 1376 2309 beneﬁ-

305 2341 370 2377 ciis
389 2339 578 2376 consuevit
595 2337 754 2374 afﬁcere.
775 2335 878 2381 Quod
898 2335 1031 2372 Paulus
1045 2345 1126 2372 cum
1141 2335 1264 2378 sciret,
1283 2343 1378 2370 sem-

303 2413 369 2449 per
382 2408 417 2438 ct
433 2401 469 2438 in
488 2400 656 2437 omnibus
667 2399 802 2447 gratias
821 2408 927 2446 agere
943 2397 1125 2434 monebat.
1142 2396 1243 2442 Quod
1257 2402 1378 2433 autem

305 2473 375 2498 non
405 2461 647 2499 communiter
679 2460 796 2498 solum
835 2459 997 2496 omnium
1031 2468 1156 2496 curam
1197 2459 1301 2506 gerit,
1315 2458 1378 2496 sed

305 2533 468 2560 seorsum
499 2523 723 2570 singulorum
741 2550 751 2566 ,
783 2523 899 2568 ipsum
921 2521 1046 2559 audias
1063 2522 1148 2558 licet
1165 2520 1347 2558 dicentem
1367 2531 1376 2556 :

309 2583 390 2621 Non
409 2592 458 2621 est
475 2586 630 2622 voluntas
660 2596 775 2621 coram
794 2584 900 2620 Patre
917 2595 990 2620 meo
1007 2585 1062 2632 qui
1081 2585 1116 2619 in
1145 2584 1236 2620 caelis
1250 2591 1312 2628 est,
1342 2589 1379 2619 ut

309 2653 422 2693 pereat
451 2659 538 2684 unus
558 2648 598 2683 de
628 2647 760 2694 pusillis
790 2648 863 2684 istis
883 2647 895 2694 (
914 2646 1041 2682 Matth.
1075 2647 1134 2683 18.
1157 2645 1226 2694 Η)
1241 2674 1250 2690 ,
1271 2645 1316 2683 de
1336 2645 1379 2682 iis

308 2708 432 2745 dicens
447 2735 456 2751 ,
480 2708 540 2756 qui
563 2711 597 2744 iu
617 2708 714 2744 illutn
735 2708 904 2744 credunt.
919 2708 1025 2754 Cupit
1061 2708 1138 2755 ipse
1168 2707 1313 2754 quidem
1343 2712 1380 2744 et

308 2779 370 2806 eos
383 2770 442 2816 qni
461 2780 530 2806 non
549 2769 702 2806 credunt
721 2770 840 2806 salvos
856 2769 947 2814 fieri,
965 2770 1168 2817 mutarique
1183 2769 1218 2806 in
1236 2768 1378 2813 melius,

307 2837 342 2868 et
361 2831 508 2868 credere
525 2860 535 2876 ,
569 2832 662 2869 sicut
691 2831 824 2868 Paulus
845 2832 918 2868 ait:
941 2823 1095 2877 Quivalt
1125 2841 1240 2868 omnes
1268 2831 1380 2867 salvos

307 2895 395 2941 fieri,
417 2901 446 2931 et
467 2895 512 2931 ad
525 2895 731 2942 agnitionem
749 2894 897 2931 veritatis
911 2899 1021 2932 uenire
1039 2895 1090 2942 (l.
1103 2894 1193 2931 Tim.
1209 2894 1245 2930 Ξ.
1259 2894 1312 2942 Δ).
1334 2893 1380 2930 Ει

307 2960 382 3006 ipse
401 2959 443 2995 ad
462 2957 627 2994 Judreos:
649 2957 730 2994 Non
765 2958 839 2993 ueni
857 2969 976 2994 vocare
991 2959 1118 3006 justas,
1145 2957 1206 2994 sed
1223 2963 1378 3005 peccato-

306 3032 358 3057 res
387 3020 433 3056 ad
461 3020 692 3067 paenitentiam
722 3019 734 3066 (
754 3019 879 3055 Matth.
901 3019 937 3056 9.
959 3019 1004 3057 15
1019 3018 1053 3068 );
1085 3025 1122 3056 et
1140 3029 1204 3066 per
1221 3019 1378 3065 prophe-

308 3090 398 3127 tam,
420 3081 694 3118 Misericordittm
714 3081 803 3125 volo,
822 3089 852 3118 et
873 3093 940 3118 non
975 3081 1178 3127 sacri/icium
1210 3080 1322 3128 (Osee
1341 3080 1377 3117 6.

310 3146 332 3182 6
349 3145 374 3191 ).
395 3146 442 3180 At
460 3154 547 3181 vero
565 3145 594 3180 si
619 3151 699 3190 post
731 3149 840 3180 tanta:
859 3153 954 3180 curre
973 3154 1015 3180 ac
1036 3143 1267 3190 providentia:
1289 3141 1378 3178 frui-

312 3205 442 3242 tionem
464 3206 645 3242 noluerint
661 3205 830 3242 meliores
850 3205 948 3250 ﬁeri,
982 3205 1243 3252 veritatemque
1269 3213 1379 3250 agno-

311 3277 426 3312 scere,
442 3279 486 3305 ne
500 3270 550 3305 sic
562 3264 706 3316 quidem
723 3268 801 3304 illos
815 3268 960 3314 deserit,
977 3268 1040 3306 sed
1053 3268 1220 3316 quoniam
1235 3273 1378 3304 :cterute

312 3329 394 3364 vitae
413 3331 691 3376 participatione
717 3329 786 3377 ipsi
805 3341 844 3368 se
861 3341 925 3367 sua
946 3337 1074 3377 sponte
1104 3331 1302 3378 privarunt,
1321 3329 1378 3366 vel

313 3391 500 3436 pratsentis
516 3392 598 3428 vita:
615 3391 718 3428 bona:
738 3390 809 3428 illis
827 3391 944 3427 omnia
963 3392 1122 3438 largitur,
1143 3391 1256 3429 solem
1273 3401 1378 3428 suum

311 3452 398 3488 oriri
417 3451 552 3489 faciens
580 3465 687 3502 super
704 3455 821 3492 bonos
838 3461 874 3490 et
901 3455 1014 3491 malos
1030 3483 1040 3498 ,
1061 3460 1096 3491 et
1115 3455 1242 3502 pineus
1270 3465 1380 3502 super

309 3521 425 3562 iustos
441 3520 478 3550 et
497 3515 659 3562 injustas,
684 3517 825 3563 aliaque
842 3522 1018 3563 praestans
1033 3527 1111 3563 quae
1129 3517 1172 3554 ad
1193 3518 1380 3564 praisentis

313 3577 394 3612 vitae
411 3581 542 3612 statum
560 3578 753 3622 pertinent.
773 3577 876 3624 Quod
897 3577 928 3614 si
947 3577 1099 3614 inimicis
1119 3589 1262 3626 quoque
1282 3586 1378 3616 tanta

313 3648 397 3675 cura
418 3637 600 3684 prospicit,
622 3638 744 3676 ﬁdeles
757 3650 854 3684 suos,
869 3645 906 3676 et
919 3639 978 3686 qui
1000 3639 1081 3675 totis
1095 3640 1127 3676 ei
1143 3641 1275 3678 viribus
1304 3651 1380 3678 ser-

315 3702 417 3739 viunt
433 3730 442 3746 ,
475 3702 654 3749 quomodo
682 3713 848 3750 umquam
869 3703 1099 3740 contemnet?
1115 3703 1191 3740 Non
1211 3705 1258 3741 ita
1275 3733 1285 3748 ,
1308 3715 1380 3741 non

315 3764 362 3801 ita
377 3771 455 3806 est;
475 3773 600 3800 verum
619 3764 706 3800 istos
721 3764 875 3800 maxime
889 3775 932 3802 ex
947 3764 1114 3802 omnibus
1133 3764 1241 3802 fovet.
1269 3766 1381 3804 Vestro

313 3826 410 3863 enim
429 3855 438 3870 ,
473 3826 611 3873 inquit,
634 3831 663 3862 et
677 3825 794 3872 capilli
813 3826 932 3874 capitis
963 3837 1078 3864 omnes
1110 3829 1275 3866 numerati
1301 3837 1379 3866 sunt

315 3889 427 3937 (Luc.
449 3887 504 3925 l2.
531 3889 552 3925 7
566 3888 594 3936 ).

900 230 962 267 AD
987 227 1236 268 STAGIRIUM
1262 226 1292 264 Α
1314 225 1376 262 ΒΑΕ

1448 225 1512 263 ’ΝΕ
1541 227 1763 282 VEXATUM
1806 228 1890 266 LIB.
1919 229 1947 267 Ι,
2439 232 2509 268 458

1495 304 1531 340 6.
1550 304 1735 342 Promissis
1752 305 1813 342 Dei
1826 305 2042 342 credendum.
2063 326 2110 333 —
2128 307 2274 352 Quoties
2291 317 2376 355 ergo
2391 309 2453 344 tibi
2471 310 2504 345 in

1446 372 1604 402 mentem
1619 367 1713 403 venit
1730 373 1895 414 parentes
1907 374 1954 411 te,
1970 373 2006 404 et
2015 368 2501 415 patriam,domum,~amicos,

1449 427 1681 475 propinquos,
1701 439 1858 476 opesque
1879 429 2096 475 innumeras,
2113 436 2149 466 et
2165 430 2314 478 gloriam
2335 431 2432 468 illam
2454 433 2506 469 in-

1449 495 1590 536 gentem
1609 489 1782 536 abjecisse
1800 497 1944 538 propter
1959 490 2156 535 Christum,
2170 492 2368 541 deindeque
2387 493 2511 541 hujus-

1450 551 1546 587 modi
1565 552 1788 588 vexationem
1810 556 1894 598 pati,
1914 552 1984 588 noli
2001 552 2156 600 dejicere
2175 555 2341 602 teipsum.
2355 555 2441 592 Nam
2462 566 2508 592 ex

1449 613 1578 659 quibus
1595 613 1846 660 cogitationum
1861 613 2036 651 haesitatio
2050 615 2264 662 gignitur,ex
2277 616 2413 654 eisdem
2431 628 2510 654 raro

1449 683 1511 710 sus
1525 675 1698 726 solvetur.
1712 675 1880 720 Quonam
1905 677 2038 714 modo?
2051 677 2278 726 lmpossibile
2297 686 2352 718 est
2370 679 2514 716 mentiri

1446 737 1560 774 Deum
1570 735 1798 783 (Hebr.6.18)
1811 746 1820 769 :
1835 735 1999 782 promisit
2013 741 2131 772 autem
2147 735 2204 772 ille
2215 737 2325 772 vitam
2339 743 2510 774 aeternam

1451 795 1518 832 ista
1536 796 1831 842 relinquentibus.
1853 796 2048 844 Reliquisti
2065 802 2101 833 tu
2121 797 2240 834 omnia
2260 798 2346 842 ista,
2361 805 2397 835 et
2411 799 2512 846 able-

1447 856 1526 892 cisti
1539 867 1548 890 :
1559 855 1642 900 quid
1658 857 1764 904 igitur
1778 857 1942 903 prohibet
1957 857 2002 894 de
2017 859 2218 904 bujusmodi
2232 861 2412 897 conﬁdere
2428 871 2512 908 pro-

1447 918 1646 954 missione?
1665 928 1748 954 num
1763 928 1803 955 ea
1819 929 1888 964 qna
1907 929 2000 956 nunc
2015 921 2176 966 probaris
2195 921 2360 958 tentatio?
2374 921 2419 958 Et
2436 922 2512 959 haec

1447 979 1491 1014 ad
1512 979 1786 1026 promissionem
1800 979 1910 1027 quid?
1927 979 2004 1016 Non
2018 981 2112 1016 enim
2129 981 2185 1018 hic
2204 987 2372 1018 teternam
2390 993 2512 1030 repro-

1451 1039 1548 1076 misit
1562 1039 1670 1076 vitam
1685 1052 1694 1076 :
1709 1041 1780 1077 imo
1790 1051 1874 1077 vero
1889 1041 1918 1077 si
1931 1041 1964 1077 in
1981 1041 2086 1078 terris
2095 1052 2236 1090 quoque
2246 1042 2421 1090 ejusmodi
2437 1053 2514 1091 pro-

1450 1100 1765 1147 missioimplenda
1785 1108 1894 1145 esset,
1916 1112 1962 1138 ne
1989 1103 2042 1139 sic
2067 1103 2211 1150 quidem
2232 1115 2326 1152 aegre
2341 1104 2434 1142 ferre
2453 1105 2513 1142 de-

1450 1161 1594 1205 bueras,
1603 1162 1778 1208 siquidem
1791 1163 1931 1200 ﬁdelem
1943 1173 1984 1200 ac
1995 1164 2198 1211 religiosum
2210 1166 2324 1203 virum
2337 1167 2515 1204 adeocon-

1448 1228 1588 1260 stanter
1615 1229 1652 1260 et
1680 1223 1830 1260 ﬁrmiter
1847 1225 2022 1272 promissa
2048 1225 2110 1262 Dei
2129 1231 2250 1264 tenere
2277 1228 2457 1272 convenit,
2477 1235 2514 1266 ut

1447 1285 1703 1332 quantumlibet
1715 1285 1862 1322 effectus
1873 1287 2074 1324 contrarios
2085 1288 2246 1334 aspiciat,
2256 1299 2301 1325 ne
2309 1289 2360 1326 sic
2369 1290 2514 1337 quidem

1449 1347 1692 1394 perturbetur,
1725 1359 1842 1396 neque
1869 1349 2035 1396 desperet
2053 1355 2232 1386 eventum.
2255 1351 2396 1388 Intuere
2411 1351 2513 1388 deni-

1448 1419 1518 1455 que
1543 1409 1743 1456 cujnsmodi
1763 1409 2054 1456 pollicitationem
2075 1409 2190 1448 ﬁdelis
2211 1411 2390 1449 Abraham
2407 1421 2512 1449 acce-

1449 1470 1555 1516 perit,
1577 1477 1613 1507 et
1629 1470 1748 1517 qualia
1767 1470 1884 1508 facere
1905 1471 1950 1508 sit
1964 1471 2099 1518 jussus.
2121 1471 2208 1508 Nam
2229 1473 2419 1520 promissio
2437 1474 2516 1520 qui»

1447 1532 1529 1568 dem
1547 1539 1638 1576 erat,
1653 1543 1697 1568 ex
1713 1533 1810 1569 Isaac
1825 1533 2043 1580 implendum
2055 1544 2135 1571 esse
2152 1535 2276 1571 orbem
2291 1535 2519 1580 universum,

1445 1592 1560 1639 jussio
1579 1599 1697 1628 autem
1717 1592 1813 1630 hunc
1830 1593 1944 1640 ipsum
1965 1593 2064 1630 Isaac
2089 1594 2274 1631 immolare
2293 1595 2450 1642 urgebat,
2468 1605 2513 1632 ex

1447 1665 1518 1702 quo
1537 1655 1634 1692 orbis
1654 1660 1748 1691 totus
1767 1661 1844 1692 erat
1862 1655 2078 1702 implendus.
2099 1655 2191 1702 Quid
2217 1657 2352 1704 igitur?
2373 1657 2514 1694 istudne

1447 1715 1668 1762 perturbavit
1693 1716 1829 1762 justum
1859 1717 2004 1752 virum?
2030 1716 2173 1753 Minime
2200 1717 2299 1762 vero,
2333 1718 2406 1754 imo
2432 1729 2514 1755 cum

1449 1784 1542 1814 tanta
1563 1778 1786 1815 dissonantia
1816 1785 1852 1816 et
1870 1779 2102 1826 repugnantia
2121 1785 2218 1817 esset
2237 1781 2405 1828 pratcepti
2431 1790 2512 1818 cum

1449 1839 1638 1884 promisso,
1667 1849 1738 1875 non
1771 1840 1934 1876 turbatus
1953 1847 2020 1885 est,
2043 1851 2159 1888 neque
2185 1841 2376 1886 haesitavit,
2398 1853 2515 1891 neque

1447 1900 1580 1947 aliquid
1601 1900 1804 1948 hujusmodi
1825 1901 1992 1949 loquutus
2024 1909 2079 1939 est
2099 1913 2108 1938 :
2129 1903 2207 1941 Alia
2243 1905 2407 1951 promisit
2427 1907 2514 1944 mihi

1448 1961 1556 2007 Dens,
1585 1963 1654 1999 alia
1674 1963 1793 2000 facere
1815 1964 1917 2012 jubet
1939 1977 1948 2001 :
1970 1976 2013 2002 ex
2035 1976 2146 2012 puero
2179 1967 2249 2004 isto
2269 1974 2438 2014 nepotum
2458 1970 2516 2006 in-

1445 2030 1588 2071 gentem
1607 2023 1872 2062 multitudiuem
1887 2027 1972 2062 mihi
1989 2029 2214 2074 promiserat,
2229 2035 2266 2066 et
2286 2029 2380 2067 hunc
2399 2031 2514 2078 ipsum

1449 2086 1558 2124 modo
1575 2096 1704 2124 necare
1719 2088 1806 2124 mihi
1827 2089 1987 2136 praecipit
1999 2090 2016 2125 ?
2035 2090 2215 2138 quomodo
2234 2091 2340 2138 igitur
2359 2091 2428 2128 hoc
2443 2093 2514 2130 erit

1447 2148 1566 2184 excisa
1586 2148 1734 2185 radice?
1752 2149 1895 2186 Fefellit
1921 2160 1979 2187 me
2004 2151 2111 2198 igitur
2121 2159 2234 2199 etque
2252 2151 2396 2190 delusit.
2416 2153 2515 2193 Nihil

1446 2220 1595 2258 prorsus
1613 2210 1819 2258 huiusmodi
1839 2212 2005 2260 loquutus
2017 2219 2084 2257 est,
2104 2214 2166 2252 sed
2187 2225 2232 2251 ne
2247 2216 2415 2262 cogitavit
2432 2217 2513 2263 qui-

1443 2272 1541 2310 dem:
1553 2277 1590 2310 et
1601 2274 1840 2311 meritosane.
1853 2274 1944 2311 Cum
1955 2275 2052 2312 enim
2067 2273 2164 2312 Deus
2177 2275 2313 2322 aliquid
2325 2277 2515 2322 pollicitus

1444 2331 1568 2378 fuerit,
1587 2335 1730 2372 etiamsi
1747 2335 1861 2370 millia
1875 2337 1950 2372 sint
1964 2346 2046 2382 quas
2060 2337 2364 2384 pollicitationem
2381 2338 2512 2376 tollere

1441 2393 1656 2439 videantur,
1675 2397 1815 2432 turbari
1831 2395 1983 2432 minime
1994 2397 2182 2440 convenit,
2201 2404 2265 2434 aut
2281 2397 2328 2434 de
2349 2399 2420 2435 ﬁne
2439 2399 2512 2436 du-

1443 2456 1577 2494 bitare.
1591 2458 1669 2494 Hoc
1683 2458 1780 2494 enim
1796 2456 1955 2494 maxime
1967 2457 2028 2494 Dei
2041 2459 2245 2504 potentiam
2259 2462 2508 2505 commendat.

1445 2516 1530 2553 dum
1554 2516 1590 2554 in
1613 2517 1726 2555 rebus
1747 2517 1930 2566 ambiguis
1949 2518 2090 2555 exitum
2111 2520 2272 2566 reperit;
2295 2521 2403 2558 sicuti
2421 2529 2518 2560 tunc-

1442 2580 1572 2618 beatus
1583 2580 1644 2617 ille
1655 2591 1780 2618 secum
1791 2581 1998 2628 reputabat.
2007 2579 2190 2626 Quocirca
2204 2583 2310 2619 ﬁdem
2325 2584 2425 2622 illitis
2439 2595 2516 2622 ma-

1445 2644 1540 2680 xime
1553 2643 1743 2680 admirans
1755 2641 1906 2685 Paulus,
1917 2643 2060 2680 aiebat:
2079 2641 2167 2680 Fide
2182 2643 2310 2680 obtulit
2327 2645 2511 2683 Abraham

1445 2705 1550 2743 Isaac
1561 2707 1646 2741 dum
1659 2703 2012 2753 tentareturUieer
2022 2705 2512 2755 l-l7),unigenitumque_of-

1443 2769 1582 2806 ferebat
1590 2768 1700 2815 is,qui
1715 2767 1978 2814 promissiones
1986 2769 2272 2814 acceperatzhace
2283 2769 2360 2817 ipsa
2371 2770 2519 2807 scilicet

1450 2827 1634 2863 insinuans
1647 2833 1753 2873 atque
1766 2826 2008 2870 subindicans,
2023 2837 2102 2874 qua:
2114 2837 2206 2862 nunc
2217 2836 2236 2862 a
2248 2837 2305 2863 me
2316 2828 2514 2864 suntdicta.

1497 2905 1640 2952 Iosephi
1667 2904 1821 2951 exemplo
1837 2915 1908 2940 rem
1921 2904 2085 2940 illustrat.
2104 2925 2151 2931 —
2169 2903 2244 2940 Neu
2262 2903 2367 2940 modo
2398 2911 2516 2942 autem

1451 2969 1539 3016 ipse,
1559 2974 1684 3006 verum
1705 2967 1818 3014 ipsius
1833 2976 1976 3014 quoque
1998 2975 2176 3013 pronepos
2194 2965 2339 3012 .losepb,
2359 2977 2439 3004 eum
2455 2978 2518 3013 per
2548 2999 2550 3001 .

1450 3031 1594 3078 longum
1624 3036 1764 3076 tempus
1790 3035 1826 3066 et
1843 3028 1963 3065 varios
1991 3038 2096 3065 easus
2125 3028 2400 3075 promissionem
2423 3029 2517 3076 peri-

1449 3093 1564 3130 clitari
1601 3093 1842 3140 perspiceret,
1879 3090 2070 3128 immobilis
2109 3091 2292 3139 perstitit:
2315 3092 2390 3128 sola
2419 3092 2515 3129 enim

1451 3157 1625 3204 promissa
1647 3156 1864 3192 intuebatur.
1885 3154 1986 3200 Quod
2006 3155 2035 3191 si
2057 3153 2222 3191 humanis
2242 3154 2517 3202 cogitationibus

1450 3221 1569 3258 locum
1584 3219 1756 3264 dedisset,
1772 3218 1818 3256 de
1838 3218 1908 3256 ﬁne
1929 3218 2168 3265 desperasset.
2184 3217 2272 3255 Nam
2293 3224 2436 3255 ostensa
2451 3218 2518 3254 sibi

1451 3283 1541 3320 visio
1559 3289 1596 3319 et
1613 3281 1759 3318 fratrum
1781 3288 1818 3318 et
1838 3286 2026 3328 parentum
2055 3280 2299 3317 adoration'em
2322 3280 2518 3327 polliceba-

1452 3353 1509 3383 tur
1526 3358 1535 3384 :
1553 3356 1634 3394 qua:
1650 3356 1737 3382 vero
1757 3344 1807 3380 illi
1831 3343 2099 3390 contingebant,
2121 3353 2191 3380 non
2211 3349 2314 3380 erant
2332 3343 2518 3388 hnjusmo-

1451 3410 1501 3454 di,
1521 3408 1586 3446 sed
1617 3408 1662 3445 ab
1682 3407 1736 3445 his
1757 3407 1964 3454 longissime
1989 3411 2140 3443 remota.
2163 3405 2322 3442 Primum
2342 3404 2436 3440 enim
2469 3402 2519 3437 illi

1451 3471 1517 3519 ipsi
1538 3469 1680 3514 fratres,
1699 3479 1790 3516 quos
1810 3479 1850 3506 se
1869 3467 2080 3516 praeviderat
2099 3466 2322 3508 adoraturos,
2346 3464 2380 3498 in
2400 3463 2517 3498 lacum

1451 3533 1552 3570 illum
1582 3531 1758 3578 injiciunt,
1779 3541 1822 3568 ac
1855 3529 2017 3566 barbaris
2045 3527 2248 3564 hominibus
2276 3522 2458 3558 venditum
2481 3521 2515 3557 in

1451 3595 1604 3631 alienam
1625 3603 1667 3630 ac
1687 3592 1964 3630 remotissimam
1998 3590 2180 3635 regionem
2211 3583 2388 3623 emittunt,
2411 3587 2517 3628 atque

1452 3658 1542 3694 adeo
1561 3656 1740 3694 contraria
1771 3653 1956 3702 promissis
1973 3662 2015 3688 ea
2033 3659 2112 3696 qua:
2140 3645 2394 3692 contingebant
2419 3643 2518 3680 vide-

1453 3720 1594 3764 bantur,
1622 3723 1662 3754 ut
1692 3716 1815 3754 miseri
1847 3715 1898 3751 illi
1929 3712 2192 3764 subsannantes
2222 3715 2304 3742 eum
2325 3704 2518 3742 dicerent:

1455 3780 1543 3816 Ecce
1575 3779 1761 3816 somniator
1786 3775 1846 3811 ille
1873 3774 1989 3810 venit:
2008 3779 2098 3806 nunc
2125 3778 2204 3815 ergo
2233 3767 2353 3809 venite,
2383 3767 2518 3802 oscilla-

1452 3853 1526 3878 mus
1544 3852 1634 3884 eum,
1661 3846 1692 3876 et
1712 3837 1932 3885 projiciamus
1955 3832 1990 3867 in
2009 3831 2134 3872 lacum,
2157 3827 2368 3874 dicenmsque
2389 3839 2400 3863 :
2428 3826 2519 3863 Fere

1455 3905 1600 3953 pessima
1627 3898 1795 3938 devoravit
1815 3905 1888 3933 cum
1905 3904 1918 3937 ;
1937 3900 1966 3929 ct
1986 3890 2169 3928 uidebimus
2197 3889 2280 3937 quid
2298 3890 2428 3925 somnia
2457 3899 2519 3924 sua
