2726 4358
270 224 341 261 659

267 304 334 350 ipsi
354 300 541 349 proderunt
561 295 665 344 (Cen.
699 296 759 333 37.
789 293 848 332 19.
869 293 949 341 20).
982 293 1111 330 Postea
1132 301 1220 330 vero
1238 291 1274 336 ii,
1295 292 1355 339 qui

267 366 370 402 illum
399 367 576 405 emerant,
606 370 677 396 non
697 359 826 396 saltem
857 357 974 396 libero
993 357 1144 402 homini,
1167 356 1232 395 sed
1249 367 1356 394 servo

266 427 369 464 illum
389 424 489 471 regio
509 421 672 460 vendunt
689 421 835 458 iterum.
865 420 991 466 Neque
1008 418 1182 456 hactenus
1202 417 1355 456 adversa

265 492 458 530 steterunt,
479 484 543 522 sed
564 485 600 521 in
630 483 788 521 domina:
805 483 1023 520 calumniam
1041 481 1182 527 incidit,
1201 481 1356 518 damna-

267 553 396 596 tusque
419 556 602 585 carcerem
623 555 740 582 annos
757 545 936 593 plurimos
953 543 1104 588 habitat,
1124 549 1160 580 et
1179 541 1355 590 effugien-

266 611 361 649 tibus
380 609 537 655 castoris,
567 608 746 658 ampliore
775 607 850 645 illic
867 614 1032 654 tempore
1061 606 1139 654 ipse
1169 604 1353 653 perdurat.

266 674 434 721 Cumque
461 679 561 710 tanta
591 678 716 709 essent
735 681 816 718 quae
846 670 942 706 illius
961 669 1122 706 animum
1145 667 1357 716 perturbare

265 742 430 784 possent,
450 740 624 772 constans
652 740 773 771 tamen
807 737 1028 780 perseverat.
1049 730 1237 778 Ejusmodi
1269 740 1356 767 vero

265 797 373 835 etiam
395 803 519 834 nostra
539 800 638 841 sunt,
660 795 732 832 imo
763 804 852 832 vero
873 793 980 842 longe
1001 793 1245 841 perplexiora.
1268 791 1356 838 Qua:

265 860 362 898 enim
381 859 558 908 promissa
589 865 674 896 sunt
693 857 814 904 nobis,
845 867 998 904 regnum
1017 857 1203 900 cznlornm,
1230 861 1267 892 et
1285 855 1356 891 vita

263 931 415 970 acterna,
449 929 486 962 et
517 922 756 969 incorruptio,
789 926 826 958 et
855 920 995 957 infinita
1027 925 1114 956 sunt
1132 919 1252 963 bona;
1276 929 1357 966 qua:

263 993 384 1024 autem
404 987 550 1022 interim
581 985 810 1030 contingunt,
829 982 934 1019 valde
953 982 998 1018 ab
1015 980 1074 1018 his
1089 985 1230 1018 remota
1248 987 1357 1028 atque

263 1049 380 1086 aliena
399 1055 508 1086 sunt:
529 1057 628 1085 mors
649 1047 788 1084 scilicet
807 1051 844 1083 et
861 1045 1060 1092 corruptio,
1083 1055 1190 1092 poena
1207 1051 1243 1082 et
1263 1054 1351 1091 sup-

263 1111 437 1159 plicium,
465 1116 502 1148 et
533 1109 752 1148 tentationes
781 1108 892 1145 variae
921 1117 964 1144 ac
992 1107 1216 1155 frequentes.
1244 1105 1358 1152 Cujus

263 1183 350 1222 ergo
370 1173 422 1210 rei
439 1172 554 1220 gratia
584 1171 654 1208 hoc
675 1170 759 1208 facit
778 1171 886 1213 Deus,
911 1170 1158 1218 permittitque
1174 1169 1356 1206 contraria

263 1237 454 1288 promissis
473 1235 677 1274 advenire?
695 1234 873 1273 Nimirum
895 1240 933 1270 ut
953 1243 996 1272 ex
1017 1233 1088 1270 hoc
1103 1233 1177 1270 duo
1199 1233 1356 1270 maxima

263 1299 358 1337 bona
387 1299 535 1337 eliciat:
557 1309 602 1336 ex
622 1297 738 1336 altero
764 1297 1007 1335 certissimum
1040 1295 1211 1343 potentia:
1243 1295 1356 1342 ipsius

262 1367 516 1410 argumentum
538 1359 716 1408 prmhens,
747 1358 844 1407 quod
875 1358 1013 1395 scilicet
1035 1357 1148 1404 possit
1177 1357 1353 1404 despera-

263 1426 404 1464 tissima
423 1425 601 1473 promissa
633 1433 699 1461 sua
717 1433 782 1470 spe
802 1429 911 1470 atque
929 1421 1102 1469 opinione
1121 1420 1252 1458 melius
1271 1430 1356 1467 per-

264 1489 388 1534 licere,
419 1497 462 1525 cx
495 1487 612 1524 altero
637 1492 759 1523 autem
787 1491 932 1522 nostros
949 1484 1090 1521 animos
1109 1482 1295 1526 erudiens,
1317 1488 1358 1518 ut

263 1552 300 1589 in
330 1551 473 1589 cunctis
502 1551 570 1599 ipsi
601 1549 808 1594 credamus,
832 1549 900 1586 etsi
923 1547 1030 1585 dictis
1063 1547 1152 1584 facta
1175 1546 1355 1583 contraria

261 1613 454 1654 videantur
471 1624 674 1662 emergere.
694 1613 784 1650 Nam
803 1612 880 1660 spei
899 1612 1012 1649 virtus
1028 1610 1208 1659 ejusmodi
1226 1615 1298 1655 est,
1319 1615 1358 1646 ut

262 1689 345 1716 eum
375 1679 436 1727 qui
465 1679 609 1716 sincere
640 1676 692 1714 illi
721 1675 921 1718 adha'reat,
954 1683 1150 1721 numquam
1183 1671 1356 1710 confundi

263 1741 460 1788 permittat.
495 1739 533 1777 Si
553 1739 650 1776 enim
684 1739 722 1783 ii,
754 1738 818 1786 qui
849 1737 1029 1784 promissa
1059 1737 1095 1774 in
1129 1735 1199 1773 hoc
1220 1735 1356 1773 saaculo

263 1807 497 1848 acceperunt,
519 1801 566 1837 ita
588 1799 915 1848 insigniter-allecti
931 1805 1032 1844 sunt,
1051 1799 1166 1836 multo
1185 1798 1300 1845 magis
1319 1797 1353 1834 id

263 1876 330 1902 nos
351 1864 472 1902 facere
489 1873 641 1902 necesse
659 1869 731 1908 est,
751 1863 812 1911 qui
833 1873 905 1900 non
925 1863 960 1899 in
990 1860 1160 1910 prmsenti
1181 1862 1268 1905 vita,
1291 1860 1354 1898 sed

263 1928 298 1964 in
319 1926 401 1964 aliis
419 1925 568 1963 saeculis
586 1925 766 1962 bonorum
783 1924 920 1962 exitum
939 1930 1205 1971 exspectamus.
1229 1921 1266 1958 In
1287 1921 1356 1958 hoc

262 1990 360 2028 enim
389 1989 522 2026 saeculo
551 1997 741 2036 pressuras
760 1987 865 2024 nobis
897 1986 1154 2034 angustiasque
1174 1986 1353 2034 promisit.

261 2051 356 2098 Quid
375 2062 462 2100 ergo
479 2058 536 2089 est
555 2050 651 2100 quod
671 2057 706 2088 te
737 2049 954 2097 perturbet?
972 2059 1042 2097 qua
1065 2049 1205 2086 ratione
1225 2058 1354 2096 suspe-

262 2121 321 2152 cta
343 2114 478 2152 habeas
509 2114 688 2161 promissa
719 2113 812 2150 Dei?
833 2112 922 2149 Nam
955 2122 1038 2148 cum
1071 2111 1162 2148 dicis
1190 2117 1226 2148 te
1245 2111 1290 2148 ab
1309 2120 1355 2148 eo

262 2176 408 2224 negligi,
439 2175 542 2224 cujus
571 2185 680 2214 causa
711 2174 887 2212 mundum
907 2184 1052 2211 omnem
1074 2173 1284 2221 despexisti,
1309 2173 1353 2209 li-

261 2239 374 2288 quido
389 2238 554 2276 ostendis
572 2243 608 2276 te
625 2237 677 2275 illi
696 2247 766 2274 non
785 2236 952 2282 credere,
971 2246 1126 2284 eumque
1144 2241 1352 2283 suspectum

262 2302 410 2346 habere,
443 2301 681 2350 fallacemque
710 2299 989 2348 promissionem
1017 2299 1096 2346 ejus
1127 2298 1351 2336 existimare.

261 2366 300 2404 Id
319 2373 440 2404 autem
471 2376 556 2404 vere
587 2372 643 2403 est
670 2376 690 2402 a
721 2364 888 2402 daemone
921 2363 1070 2410 corripi,
1100 2372 1144 2400 ac
1175 2363 1353 2410 gehennae

261 2430 380 2476 ignem
401 2438 613 2476 provocare.
635 2427 706 2466 Sed
725 2433 808 2465 sunt
829 2427 890 2474 qui
911 2425 1037 2464 saeculi
1066 2425 1222 2472 negotiis
1241 2424 1352 2462 dediti

260 2492 386 2539 quiete
417 2491 557 2528 vivunt.
589 2491 634 2528 Et
665 2490 760 2527 istud
788 2499 934 2537 quoque
966 2487 1138 2535 praedixit
1156 2487 1351 2524 Christus:

260 2554 382 2598 Amen,
405 2565 506 2590 amen
535 2553 626 2597 dico,
649 2551 780 2600 inquit,
812 2551 918 2593 vobis,
941 2550 1022 2595 quia
1042 2548 1221 2595 plorabitis
1239 2554 1270 2584 et
1289 2548 1353 2595 [le-

261 2617 339 2652 bitis
359 2627 432 2661 vos,
452 2615 601 2651 mundus
632 2619 746 2648 autem
765 2610 926 2660 gaudebit
953 2608 1077 2657 (Joan.
1101 2609 1160 2646 I6.
1179 2608 1257 2655 20).
1279 2607 1350 2645 Sed

260 2687 298 2716 et
316 2681 351 2716 in
373 2679 552 2726 prioribus
579 2674 874 2724 generationibus
901 2672 1089 2721 Babylonii
1122 2681 1204 2708 cum
1237 2672 1350 2708 Deum

262 2741 490 2787 ignorarent,
511 2737 654 2784 opibus,
679 2735 841 2782 potentia
857 2740 895 2772 et
919 2733 1032 2781 gloria
1053 2733 1266 2781 pollebant;
1284 2733 1350 2771 Ju-

259 2803 329 2839 dmi
350 2811 435 2838 vero
453 2799 676 2845 captivitate,
709 2798 899 2842 servitute,
920 2797 1166 2844 extremisque
1197 2797 1348 2834 calami-

261 2862 398 2899 tatibus
427 2860 699 2908 premebantur.
729 2859 773 2896 Et
811 2857 969 2895 Lazarus
999 2857 1166 2906 ille(an.
1189 2857 1267 2908 16),
1289 2859 1350 2906 qui

262 2935 378 2974 regno
397 2923 532 2960 cmlcsti
552 2923 696 2971 dignus,
717 2921 901 2959 ulceribus
921 2921 1049 2969 plenus
1069 2933 1198 2959 canum
1219 2923 1350 2970 linguis

262 2994 342 3024 erat
358 2987 559 3034 expositus,
586 2991 696 3033 atque
717 2990 892 3033 perpetuo
921 2995 1004 3021 cum
1027 2984 1122 3022 fame
1143 2985 1347 3034 pugnabat:

261 3049 366 3086 dives
383 3059 469 3086 vero
487 3049 523 3085 in
553 3047 694 3084 honore
710 3057 754 3084 ac
769 3045 950 3093 frequenti
979 3045 1149 3084 satellitio
1169 3053 1206 3084 et
1225 3049 1350 3096 requie

262 3118 300 3148 et
319 3110 458 3148 deliciis
485 3110 594 3148 vitam
626 3109 795 3146 ducebat.
818 3107 954 3146 Verum
980 3114 1018 3144 ut
1041 3108 1123 3146 huic
1144 3109 1233 3147 nihil
1253 3111 1348 3158 apud

263 3173 400 3211 inferos
427 3173 485 3210 illa
517 3173 638 3210 omnia
671 3173 869 3220 profuere:
891 3171 940 3207 ita
970 3181 1038 3208 nec
1067 3171 1204 3210 Lazaro
1233 3171 1349 3211 fames

263 3241 327 3272 aut
344 3235 479 3278 ulcera,
499 3245 572 3282 quo
593 3235 712 3271 minus
733 3233 844 3281 probe
865 3233 1016 3278 viveret,
1035 3234 1266 3280 obstiterunt,
1282 3237 1346 3275 sed

261 3296 374 3334 veluti
403 3297 548 3343 quidam
581 3295 716 3333 athleta
746 3295 848 3332 fortis
881 3295 917 3332 in
947 3303 1039 3333 testu
1070 3298 1285 3344 gravissimo
1311 3306 1348 3337 ct

263 3359 386 3406 algore
404 3358 562 3404 luctans,
580 3365 616 3394 et
635 3357 719 3394 vicit
736 3363 773 3394 et
791 3364 986 3395 coronatus
1006 3364 1076 3396 est.
1097 3360 1273 3406 Quocirca
1291 3363 1347 3401 vir

261 3422 409 3470 quidem
437 3421 584 3468 sapiens
601 3420 720 3458 aiebat
741 3431 752 3458 :
770 3419 857 3464 Fili,
879 3421 908 3458 si
927 3422 1070 3460 accedas
1090 3423 1136 3460 ad
1156 3425 1348 3462 servitutem

263 3483 421 3529 Domini,
443 3494 603 3532 praepara
629 3483 780 3519 animant
799 3489 891 3520 tuam
921 3484 967 3521 ad
985 3487 1216 3532 tentationem,
1239 3488 1349 3536 dirige

260 3557 321 3582 cor
339 3553 436 3583 tuum
462 3553 494 3583 et
514 3546 656 3590 sustine,
675 3551 766 3582 etne
795 3548 933 3594 festines
951 3547 985 3584 in
1005 3554 1156 3596 tentpore
1172 3550 1347 3587 inductio-

261 3610 317 3647 nis
338 3609 462 3659 (Eccli.
485 3609 522 3646 2.
544 3611 578 3647 l.
599 3610 653 3657 2).
675 3609 722 3646 Et
741 3617 822 3657 post
841 3620 954 3657 pauca
975 3623 984 3648 :
1007 3612 1194 3658 Quoniam,
1215 3615 1343 3662 inquit,

263 3671 342 3719 igne
354 3673 518 3720 probatur
541 3684 677 3716 aurum,
699 3672 852 3710 homines
868 3684 946 3710 vero
963 3676 1188 3723 acceptabilcs
1220 3677 1256 3714 in
1274 3679 1347 3725 {or-

263 3743 348 3768 nare
375 3733 622 3771 Itumiliationis
649 3734 720 3784 (Ib.
759 3747 794 3774 .
821 3735 876 3784 2).
909 3736 1141 3785 Rursumque
1175 3740 1248 3777 alio
1268 3741 1347 3778 loco

264 3792 436 3839 scriptum
465 3800 523 3832 est
541 3807 550 3831 :
569 3795 658 3842 Fili,
691 3796 765 3833 nolt
796 3798 968 3847 negligere
1001 3800 1222 3846 disciplinam
1252 3800 1344 3846 Dei,

266 3863 376 3901 neque
399 3855 537 3900 decias
555 3869 632 3894 cum
650 3859 692 3895 ab
711 3870 748 3896 eo
768 3861 951 3908 corriperis
969 3861 1092 3910 (Prov.
1115 3863 1150 3902 5.
1172 3862 1248 3912 ll).
1276 3864 1344 3910 Qui

266 3914 364 3953 enim
381 3925 508 3952 aurum
528 3917 563 3954 in
584 3917 768 3958 fornacem
786 3921 909 3970 mittit,
933 3923 1031 3961 novit
1061 3930 1237 3972 quatenus
1255 3925 1342 3964 illud

779 216 816 254 S.
843 213 1032 253 JOANNIS
1057 212 1352 252 CllRYSOSTOM

1425 212 1620 253 metuar.
1647 195 2004 256 consumtum.
2402 228 2458 265 uo

1435 292 1593 339 incendi,
1615 299 1652 331 et
1670 294 1815 342 quando
1831 305 1877 332 ex
1909 296 1988 344 igne
2007 303 2167 344 oporteat
2193 299 2302 338 educi.
2331 301 2461 352 Ideoque

1429 354 1490 392 hic
1515 355 1660 404 quidem
1692 357 1773 394 ait:
1795 356 1852 395 Ne
1877 359 2010 406 festines
2038 359 2072 395 in
2099 366 2240 406 tempore
2267 362 2462 405 inductionit:

1427 417 1600 457 Salomon
1619 426 1738 458 autem
1759 419 1827 458 hoc
1845 419 1959 468 ipsum
1975 421 2120 467 docens,
2141 422 2252 472 Neque
2267 425 2402 472 decias,
2418 428 2464 467 in-

1429 483 1520 531 quit,
1537 495 1614 520 cum
1632 484 1676 520 ab
1695 495 1734 522 eo
1755 487 1950 533 corriperis.
1969 487 2132 535 Magnum
2159 489 2240 536 quid
2261 500 2386 538 revera,
2401 504 2465 530 ma-

1427 557 1554 596 gnum,
1587 549 1749 596 inquam,
1783 560 1950 596 pressura
1969 556 2026 588 est
2053 551 2096 588 ad
2127 553 2237 590 virum
2262 556 2463 601 spectabilem

1429 609 1674 656 efficiendum,
1696 617 1804 659 atque
1838 611 1884 650 ad
1903 611 2101 650 docendum
2122 615 2290 661 patientia:
2309 618 2462 656 virtutem.

1428 672 1522 718 Quid
1551 683 1650 721 ergo,
1685 675 1842 722 inquies,
1863 675 1892 712 si
1926 675 2021 712 illius
2050 687 2115 713 nos
2143 679 2334 725 magnitudo
2351 688 2464 719 evertat

1428 742 1538 783 atque
1556 736 1725 784 dejiciat?
1745 736 1876 775 Fidelis
1895 744 1944 776 est
1972 737 2076 783 Deus,
2102 739 2159 787 qui
2185 751 2250 777 non
2268 741 2400 789 patietur
2413 755 2462 781 nos

1429 799 1554 834 tentari
1573 809 1679 845 supra
1697 810 1802 846 quam
1822 811 2014 847 possumus,
2033 800 2092 838 sed
2109 801 2204 850 faciet
2223 813 2295 838 cum
2310 805 2464 843 nutatione

1429 860 1570 906 anitum,
1589 867 1626 897 ut
1642 862 1810 909 possimus
1827 863 1990 900 sustinere
2017 863 2068 912 (i.
2087 862 2164 901 Cor.
2181 864 2244 902 {0;
2263 865 2332 914 l3).
2349 866 2422 904 Nam
2439 869 2462 906 si

1429 932 1475 960 ex
1493 923 1688 960 dilectione
1715 925 1913 973 correptio,
1945 936 1990 964 ex
2015 926 2098 964 odio
2113 937 2198 964 vero
2215 927 2382 968 derelictio
2398 939 2461 976 est,

1430 995 1548 1032 neque
1583 985 1746 1032 ejusdem
1779 994 1836 1024 est
1866 989 2072 1036 quempiam
2105 989 2208 1026 simul
2237 996 2272 1027 et
2302 1001 2408 1030 amare
2435 1002 2464 1030 et

1430 1047 1566 1091 odisse,
1596 1058 1714 1096 neque
1744 1051 1928 1098 corripere
1954 1051 2060 1088 simul
2087 1057 2122 1089 et
2148 1051 2368 1100 dereliquere.
2385 1055 2465 1099 Quo-

1429 1111 1538 1148 modo
1557 1121 1658 1158 ergo,
1687 1113 1846 1159 inquies,
1879 1112 1982 1150 multi
2009 1113 2244 1151 corruerunt?
2271 1113 2398 1162 Seipsos
2423 1115 2463 1152 illi

1432 1172 1506 1210 Deo
1540 1173 1786 1220 privaverunt.
1817 1185 1890 1211 non
1921 1180 2038 1211 autem
2057 1185 2076 1211 a
2098 1175 2170 1212 Deo
2203 1175 2354 1213 derelicti
2385 1183 2462 1213 sunt.

1431 1233 1522 1274 Ecce
1537 1237 1650 1280 enim,
1672 1238 1804 1284 tnquit,
1823 1237 1883 1285 qui
1899 1236 2058 1285 clangunt
2076 1249 2111 1274 se
2165 1244 2196 1274 te
2213 1237 2354 1285 peribunt
2370 1237 2462 1286 (Psal.

1429 1297 1491 1334 72.
1521 1297 1602 1345 97).
1636 1298 1816 1346 Elongant
1846 1309 1888 1337 se
1907 1309 1994 1336 vero
2023 1310 2042 1336 a
2073 1299 2146 1336 Deo
2175 1300 2231 1347 qui
2257 1302 2463 1338 correctione:

1430 1361 1526 1399 illius
1548 1371 1618 1398 non
1651 1362 1844 1407 sustinent,
1867 1361 1930 1400 sed
1963 1363 2161 1400 irascuntur
2181 1369 2282 1410 atque
2309 1363 2463 1410 indignan-

1430 1431 1514 1470 tur;
1537 1435 1580 1462 ac
1609 1425 1718 1462 Veluti
1753 1427 1913 1472 perversi
1949 1425 2022 1468 lilii,
2049 1436 2166 1463 cuma
2191 1426 2340 1473 patrihus
2369 1425 2462 1462 traditi

1429 1487 1625 1534 magistris,
1645 1487 1702 1525 vel
1722 1488 1952 1535 impatientes
1968 1489 2114 1534 laboris,
2142 1489 2199 1527 vel
2229 1487 2388 1536 fugientes
2403 1499 2462 1525 ver-

1429 1549 1531 1592 bera.
1549 1557 1738 1598 parentum
1759 1558 1928 1598 aspectus
1941 1551 2133 1595 declinant,
2151 1551 2235 1588 nihil
2253 1551 2328 1588 inde
2344 1551 2462 1588 lucran-

1430 1618 1501 1656 tur,
1522 1613 1585 1650 sed
1605 1614 1831 1661 gravioribus
1851 1615 2088 1653 incommodis
2117 1626 2156 1652 se
2174 1615 2356 1664 implicant,
2379 1621 2464 1661 atque

1429 1673 1466 1711 in
1484 1675 1601 1714 aliena
1621 1677 1770 1723 regione
1788 1677 1894 1714 famis
1913 1684 1950 1715 et
1967 1678 2103 1716 erroris
2119 1689 2160 1716 ac
2177 1679 2366 1714 morborum
2385 1678 2465 1724 igno-

1428 1737 1623 1786 miniaeque
1641 1744 1676 1775 et
1693 1739 1879 1777 servitutis
1900 1750 2079 1777 aerumnas
2093 1740 2210 1778 subire
2228 1746 2384 1788 coguntur
2401 1750 2408 1774 :
2428 1739 2464 1774 ila

1428 1805 1466 1836 et
1485 1800 1545 1846 qui
1567 1799 1630 1838 Dei
1647 1799 1876 1848 disciplinam
1899 1813 1969 1840 non
1998 1808 2098 1850 grato
2115 1802 2232 1839 animo
2249 1802 2397 1844 tolerant,
2416 1800 2464 1836 in-

1426 1861 1693 1910 dignanturque
1721 1871 1760 1900 et
1785 1865 1944 1912 graviter
1973 1865 2114 1910 ferunt,
2145 1871 2365 1912 prseterqnam
2387 1861 2464 1910 quod

1427 1923 1516 1960 nihil
1537 1935 1581 1961 ex
1601 1935 1642 1962 ea
1663 1925 1863 1972 lucrantur,
1887 1927 2038 1966 summis
2067 1937 2106 1965 se
2134 1927 2376 1965 Calamitatibus
2397 1923 2464 1960 affi-

1426 1985 1540 2024 ciunt.
1561 1987 1738 2033 Quocirca
1761 1989 1922 2028 tolerare
1939 1990 2184 2034 admonemur,
2202 1995 2236 2026 et
2253 1988 2390 2036 dirigere
2415 1997 2464 2022 cor

1425 2057 1608 2088 nostrum.
1626 2052 1674 2089 At
1700 2053 1814 2090 multo
1831 2055 1998 2102 graviora
2019 2060 2054 2092 te
2074 2053 2206 2102 perpeti
2225 2052 2326 2090 dices.
2343 2051 2388 2088 Ne
2404 2061 2462 2096 prc-

1425 2113 1578 2152 dotribaa
1597 2115 1742 2163 quidem
1761 2126 1887 2154 omnes
1913 2117 2099 2165 :nqnaliter
2115 2123 2218 2164 atque
2235 2115 2351 2153 eodem
2377 2113 2464 2150 modo

1425 2185 1610 2224 exercent,
1623 2179 1686 2217 sed
1699 2180 1993 2218 imbecillioribus
2006 2181 2210 2222 imbecilles.
2222 2177 2464 2224 fortioribusquc

1425 2241 1482 2278 sui
1511 2241 1647 2280 similes
1681 2243 1840 2280 tradunt.
1872 2232 1964 2280 Nam?
1982 2244 2043 2291 qui
2074 2244 2148 2280 suis
2171 2242 2296 2279 viribus
2313 2240 2462 2276 minorem

1425 2303 1692 2351 antagonistam
1714 2303 1822 2342 fuerit
1842 2312 1985 2348 nactus,
2005 2305 2144 2343 etiamsi
2173 2309 2242 2341 tota
2258 2303 2312 2340 die
2329 2301 2373 2338 illi
2391 2310 2463 2336 con-

1424 2365 1622 2411 grediatur,
1643 2367 1898 2404 inexercitatus
1920 2373 2036 2404 tamen
2069 2370 2260 2414 permanet.
2289 2364 2353 2400 Cur
2369 2370 2462 2408 ergo.

1425 2428 1580 2476 inquies,
1603 2439 1674 2466 non
1694 2440 1822 2467 omnes
1849 2430 1911 2478 qui
1931 2429 2096 2468 eamdem
2123 2429 2258 2476 elegere
2275 2428 2383 2470 vitam,
2401 2423 2463 2461 eis-

1424 2491 1507 2529 dem
1537 2493 1646 2530 etiam
1679 2493 1862 2532 laboribus
1895 2501 2034 2532 certare
2064 2492 2178 2530 facit?
2204 2491 2287 2538 Quia
2316 2500 2378 2527 non
2405 2495 2463 2523 una

1423 2555 1518 2603 apud
1550 2557 1660 2594 Deum
1679 2563 1736 2595 est
1765 2557 2034 2596 exercitationis
2058 2557 2209 2605 species,
2238 2564 2345 2602 neque
2359 2559 2465 2590 omnes

1423 2618 1562 2656 eisdem
1583 2630 1674 2667 opus
1696 2620 1844 2666 habent,
1875 2615 2017 2658 etiamsi
2049 2621 2084 2657 in
2113 2619 2236 2658 eodem

1423 2682 1496 2718 sint
1517 2695 1525 2719 :
1544 2683 1677 2731 quippe
1705 2690 1742 2722 ct
1769 2684 1912 2732 plurimi
1939 2694 2020 2722 cum
2042 2683 2176 2720 eisdem
2207 2681 2395 2718 morborum
2418 2675 2465 2712 in-

1422 2746 1626 2784 commodis
1652 2747 1835 2791 laborent,
1857 2758 1926 2784 non
1948 2747 2083 2784 eisdem
2105 2753 2221 2784 tamen
2240 2743 2385 2790 indigent
2401 2747 2466 2775 me-

1423 2805 1652 2854 dicamentis,
1673 2808 1736 2846 sed
1752 2809 1823 2846 alia
1851 2808 1998 2856 quidem
2015 2808 2104 2852 istis,
2127 2807 2194 2844 alia
2220 2804 2286 2842 illis
2301 2809 2466 2850 apponun-

1424 2875 1493 2906 tur.
1513 2871 1632 2918 Atque
1649 2871 1742 2908 adeo
1762 2877 1800 2908 ct
1817 2871 2038 2920 agellorum
2059 2870 2154 2908 modi
2173 2867 2256 2905 varii
2285 2869 2362 2903 sunt
2375 2868 2466 2908 atque

1422 2931 1646 2978 differentes,
1665 2939 1702 2971 et
1715 2934 1808 2972 alius
1825 2935 1970 2982 quidem
1986 2935 2112 2972 morbo
2123 2933 2286 2971 diuturno
2302 2927 2462 2976 probatur.

1423 2995 1514 3032 alius
1532 2996 1742 3044 gravissima
1775 2997 1910 3045 inopia,
1928 2998 1962 3034 vi
1983 3004 2091 3045 atque
2121 2995 2243 3042 injuria
2261 2992 2343 3028 alius
2361 3001 2368 3025 :
2385 2988 2466 3024 lumc

1419 3058 1524 3106 juges
1554 3065 1662 3106 atque
1695 3066 1877 3106 perpetuae
1919 3060 2112 3098 liberorum
2145 3056 2466 3106 propianJOI'llmtlue

1421 3126 1636 3157 caeterorum
1669 3126 1806 3157 mortes
1836 3121 2066 3164 excruciant,
2097 3119 2224 3166 hicque
2252 3116 2294 3153 ab
2322 3111 2464 3151 omnibus

1421 3181 1604 3228 ahjicitur,
1625 3181 1830 3229 nulliusque
1850 3182 1903 3219 rei
1931 3183 2062 3230 dignus
2079 3181 2270 3218 :cstimatur
2290 3190 2298 3213 :
2316 3177 2370 3214 ille
2385 3171 2466 3221 quod

1420 3243 1467 3280 de
1487 3243 1531 3280 iis
1549 3251 1750 3288 accusetur,
1772 3254 1924 3291 quorum
1953 3245 2044 3282 nihil
2069 3245 2114 3282 sit
2133 3243 2198 3280 sibi
2217 3240 2383 3280 conscius,
2402 3244 2467 3272 ma-

1423 3306 1541 3354 lmque
1557 3305 1663 3342 fama:
1681 3305 1822 3353 pondus
1837 3305 1928 3343 ferat
1945 3319 1954 3343 :
1971 3315 2078 3356 atque
2091 3307 2179 3344 alius
2192 3304 2292 3341 aliter
2303 3299 2463 3346 affligitur.

1422 3367 1547 3416 Neque
1571 3369 1668 3406 enim
1700 3369 1873 3415 possibile
1901 3375 1958 3406 est
1986 3369 2105 3407 omnia
2137 3377 2228 3404 nunc
2244 3365 2286 3402 ad
2315 3359 2464 3400 amussim

1421 3440 1626 3468 numerare.
1644 3429 1822 3467 Videntur
1839 3437 1959 3468 autem
1979 3431 2042 3468 tibi
2061 3431 2182 3467 horum
2203 3426 2348 3474 singula,
2367 3422 2394 3458 si
2409 3419 2468 3456 tuis

1421 3493 1594 3530 arumnis
1623 3491 1879 3538 conferantur,
1900 3493 1990 3530 levia
2009 3503 2051 3530 ac
2071 3492 2165 3531 nulla
2182 3499 2259 3528 esse
2280 3500 2289 3524 :
2307 3493 2420 3523 verum
2437 3487 2466 3516 lu

1420 3555 1452 3591 si
1473 3555 1550 3592 hare
1571 3561 1742 3602 expertus
1772 3566 1887 3602 esses,
1908 3556 2112 3594 addisceres
2141 3551 2298 3602 profecto
2316 3547 2360 3590 id.
2384 3541 2467 3592 (

1419 3627 1516 3654 nunc
1537 3621 1572 3654 te
1591 3618 1702 3664 angit,
1726 3617 1783 3656 his
1803 3619 1970 3656 omnibus
1995 3617 2213 3654 tolerabilius
2243 3621 2330 3650 esse.
2357 3606 2420 3645 Sed
2437 3609 2468 3640 el

1419 3680 1450 3717 si
1467 3679 1529 3728 qui
1546 3686 1644 3726 sunt,
1661 3691 1813 3729 quorum
1832 3683 1879 3720 sit
1897 3681 2012 3720 levior
2023 3690 2128 3728 quam
2147 3683 2264 3715 nostra
2281 3668 2465 3718 castigatio.

1419 3752 1493 3779 non
1515 3741 1597 3779 ideo
1616 3743 1869 3789 perturbemur
1887 3755 1898 3780 :
1918 3754 2000 3780 nam
2018 3741 2170 3788 adjectio
2195 3738 2347 3776 laborum
2366 3734 2466 3768 incre-

1418 3811 1584 3842 mentum
1616 3807 1848 3854 prtetniorum
1878 3813 1934 3846 est
1967 3817 2010 3844 ac
2039 3804 2276 3842 firmissimum
2301 3794 2466 3835 munimen

1421 3873 1600 3912 nostrum,
1621 3879 1692 3916 quo
1713 3868 1796 3907 freti
1815 3879 2008 3917 numquam
2025 3867 2101 3904 sive
2130 3869 2266 3913 sponte,
2285 3861 2355 3896 sive
2371 3855 2466 3893 etiam

1422 3928 1524 3967 inviti
1553 3939 1767 3969 corruamus
1787 3943 1795 3968 :
1816 3941 1970 3979 namque
1991 3937 2162 3968 tumorem
2184 3919 2389 3971 comprimit,
