2726 4358
195 185 268 226 450

197 265 375 312 ὀψόμεθα
401 261 437 296 τί
465 259 580 296 ἔσται
608 257 656 294 τὰ
681 256 852 292 ἐνύπνια
874 255 1014 292 αὑτοῦ.
1029 253 1132 290 Μετά
1151 253 1190 288 δέ
1206 252 1323 289 ταῦτα

197 324 231 358 οῖ
259 323 458 370 πριάμενοι
480 318 560 354 οὐδὲ
581 315 762 364 ἐλευθέρῳ
779 315 864 356 τινὶ,
888 313 977 350 ἀλλὰ
1002 313 1116 359 δούλῳ
1133 311 1240 347 πάλιν
1261 311 1322 346 αὐ-

198 381 259 417 τὸν
282 369 508 416 ἀποδίδονται
539 374 728 424 βασιλικῷ.
757 373 831 410 Καὶ
849 373 929 408 οὐδέ
954 373 1060 420 μέχρι
1079 370 1216 406 τούτων
1239 369 1326 416 ἔστη

199 440 246 476 τὰ
267 438 390 476 δεινά·
421 437 511 473 ἀλλά
543 434 766 482 συκοφαντίᾳ
795 432 988 480 δεσποίνης
1023 428 1235 478 περιπεσὼν
1265 429 1328 464 καὶ

200 498 436 546 κατακριθεὶς
455 495 543 544 ᾤκει
567 496 608 531 τὸ
627 495 877 541 δεσμωτήριον
900 491 962 538 ἐτη
981 489 1109 534 πολλὰ,
1125 488 1190 524 καὶ
1204 488 1330 534 διαφυ-

201 561 339 606 γόντων
366 557 516 604 ἐτέρων,
541 556 650 597 αὐτὸς
682 553 830 589 πλείονα
855 552 984 600 χρόνον
1009 551 1109 598 μένει
1141 550 1233 584 ἐκεῖ.
1253 549 1329 583 Καὶ

201 618 381 656 τοσούτων
403 617 518 652 όντων
544 615 618 651 τῶν
642 613 852 661 δυναμένων
877 612 942 659 τὴν
963 609 1103 645 ἐκείνου
1127 607 1330 655 θορυϐῆσαι

203 678 334 725 ψυχὴν,
356 676 463 724 έμενε
479 675 622 716 τούτοις
649 673 786 709 ἅπασιν
803 670 1084 718 ἀπερίτρεπτος.
1105 666 1266 703 Τοιαῦτα
1291 665 1330 702 δὲ

203 724 268 773 καί
287 724 334 772 τὰ
350 735 529 783 ἡμέτερα,
553 732 686 780 μᾶλλον
709 731 747 766 δέ
769 731 832 766 καὶ
849 728 970 776 πολλῷ
985 727 1126 763 τούτων
1139 724 1330 773 ἀπορώτε-

206 797 319 844 ρα.“Ἀ
336 795 402 842 μέν
416 795 489 841 γὰρ
503 791 761 839 ἐπηγγείλατο,
783 789 949 837 βασιλεία
969 786 1150 835 οὐρανῶν,
1164 785 1228 821 καὶ
1244 783 1330 820 αἰώ-

202 843 278 898 νιος
301 853 390 900 ζωὴ,
407 852 469 888 καὶ
486 849 690 898 ἀφθαρσία,
707 849 771 885 καὶ
787 847 833 884 τά
854 847 968 894 μυρία
986 845 1110 892 ἀγαθά
1123 856 1131 866 ·
1148 843 1194 880 τὰ
1213 843 1251 879 δέ
1271 853 1330 888 γι-

203 914 338 962 νόμενα
363 911 455 954 τέως
479 911 543 946 καὶ
569 907 812 957 συμϐαίνοντα
842 905 931 942 πολὺ
961 903 1099 940 τούτων
1121 902 1328 949 ἀφέστηκε·

205 975 358 1016 Θάνατος
384 973 458 1020 γάρ
476 973 553 1006 ἐστι
584 969 648 1006 καὶ
674 966 792 1014 φθορά
815 966 878 1002 καὶ¹
905 965 1067 1012 τιμωρία
1092 963 1158 1020 καὶ
1183 961 1331 1004 κόλασις

206 1033 270 1070 καὶ
291 1019 621 1078 θλίψειςνδιάφοροι
649 1027 712 1062 καὶ
735 1025 911 1072 συνεχεῖς.
933 1023 1039 1065 Τίνος
1068 1019 1132 1057 οὖν
1161 1021 1285 1056 ἐνεκεν
1312 1020 1332 1054 ὀ

205 1092 295 1134 Θεὸς
312 1090 419 1126 τοῦτο
442 1089 552 1131 ποιεῖ,
571 1087 636 1123 καὶ
661 1085 706 1122 τά
725 1083 870 1120 ἐναντία
901 1083 978 1124 ταῖς
1011 1079 1248 1126 ἐπαγγελίαις
1269 1080 1332 1114 ἐκ-

206 1153 314 1200 ϐῆναι
339 1149 546 1197 συγχωρεῖ;
579 1146 649 1182 Δύο
679 1145 725 1181 τά
761 1143 916 1191 μέγιστα
947 1139 1150 1188 κατορθῶν,
1183 1138 1222 1174 ἓν
1253 1137 1333 1185 μὲν,

206 1198 274 1258 τῆς
303 1208 414 1245 αὐτοῦ
448 1207 639 1254 δυνάμεως
665 1203 866 1250 τεκμήριον
893 1198 1218 1247 ἀναμφισϐήτητον
1241 1207 1337 1244 παρ-

206 1255 300 1317 έχων
333 1270 435 1316 ἡμῖν,
466 1267 520 1303 ὅτι
553 1265 617 1302 καὶ
658 1263 697 1307 ἐξ
732 1260 1028 1308 ἀπεγνωσμένων
1055 1257 1192 1294 δύναιτ’
1211 1256 1257 1292 ἂν
1283 1255 1337 1298 εἰς

206 1313 324 1376 πέρας
445 1325 662 1372 ὑποσχέσεις
681 1321 856 1368 ἀγαγεῖν·
881 1319 1006 1366 ἕτερον
1025 1317 1077 1360 δέ,
1105 1316 1171 1362 τὴν
1200 1313 1334 1362 ἡμετέ-

209 1400 275 1436 ραν
298 1387 480 1424 παιδεύων
505 1383 625 1432 ψυχὴν
647 1382 766 1418 πάντα
801 1377 986 1415 πιστεύειν
1007 1375 1123 1424 αὐτῷ,
1145 1374 1213 1411 κᾶν
1233 1374 1338 1409 ἐναν·

206 1433 268 1484 τίοι
286 1449 363 1490 τοῖς
386 1434 595 1494 εἰρημένοις
611 1442 656 1478 τά
673 1441 849 1488 γινόμενα
871 1437 1058 1485 φαίνηται.
1084 1434 1241 1482 Ὶόιαύτη
1265 1433 1338 1481 γὰρ

208 1508 231 1554 ἡ
263 1507 332 1553 τῆς
361 1493 505 1546 ἐλπίδος
532 1503 646 1550 ἰσχύς·
669 1501 709 1536 οὐ
745 1497 980 1545 καταισχύνει
1003 1495 1066 1532 τὸν
1096 1493 1338 1541 ἀντεχόμενον

209 1552 326 1612 αὐτῆς
343 1563 562 1611 είλικρινῶς.
577 1562 620 1596 Εἰ
643 1559 716 1607 γὰρ
736 1559 769 1594 οἱ
789 1558 854 1600 τὰς
870 1555 1085 1602 ὑποσχέσεις
1098 1552 1257 1589 ἐνταῦθα
1276 1552 1340 1588 λα-

211 1623 336 1666 ϐόντες
350 1622 446 1658 οὔτω
463 1620 690 1667 διετέθησαν,
706 1616 826 1663 πολλῷ
844 1615 977 1663 μᾶλλον
993 1614 1093 1660 ἡμᾶς
1105 1611 1212 1648 τοῦτο
1223 1611 1340 1647 ποιεῖν

211 1683 297 1731 χρὴ,
324 1683 408 1724 τοὺς
437 1681 477 1718 οὐ
503 1679 600 1716 κατὰ
623 1677 684 1713 τὸν
715 1675 879 1724 παρόντα
907 1668 998 1722 βίον,
1022 1671 1165 1714 ἀλλἐίς
1194 1670 1341 1717 ἐτέρους

211 1727 349 1784 αίῶνας
370 1739 646 1787 προσδοκῶντας
665 1737 732 1785 τὴν
751 1735 898 1771 ἔκϐασιν
918 1732 991 1768 τῶν
1011 1729 1248 1780 χρηστῶν.“Α
1268 1727 1342 1775 γάρ

211 1800 370 1838 ἐνταῦθα
401 1785 572 1847 προεῖπε,
597 1797 717 1843 θλίψις
747 1797 824 1830 ἐστι
855 1794 918 1830 καὶ
947 1789 1183 1838 στενοχωρία.
1205 1787 1248 1823 Τί
1277 1785 1340 1823 οὖν

212 1860 290 1896 ἐστί
324 1871 363 1894 σε
397 1845 442 1894 τὸ.
463 1855 789 1905 θορυϐοῦν;πόθεν
817 1853 882 1900 τὴν
910 1850 1106 1896 ὑπόσχεσιν
1139 1845 1238 1896 [170]
1268 1845 1339 1881 ὑπ-

209 1919 378 1961 οπτεύεις
403 1917 465 1954 τοῦ
487 1916 604 1960 Θεοῦ;
625 1915 674 1951 Τὸ
691 1914 764 1961 γὰρ
783 1909 1060 1958 καταφρονῆσαι
1085 1907 1150 1955 μέν
1174 1906 1218 1942 δι’
1233 1905 1340 1941 αὑτὸν

208 1979 276 2016 τοῦ
303 1979 444 2026 κόσμου
482 1976 630 2018 παντὸς,
663 1973 782 2020 λέγειν
811 1971 849 2007 δὲ
877 1969 984 2006 πάλιν
1012 1965 1220 2015 ἠμελῆσθαι
1253 1965 1340 2012 παρ’

211 2039 338 2083 αὐτοῦ,
357 2037 459 2074 οὐδὲν
475 2036 600 2084 ἐτερόν
617 2036 717 2070 ἐστιν
736 2032 759 2080 ἢ
779 2029 1018 2070 ἀπιστοῦντος
1038 2025 1102 2062 καὶ⁵
1116 2023 1342 2061 ὑποπτεύον-

211 2111 286 2142 τος,
309 2098 372 2134 καὶ
389 2082 614 2143 ἀπάτην-τὴν
633 2090 857 2138 ἐπαγγελίαν
875 2086 1020 2134 ἐκείνην
1047 2082 1141 2120 εἶναι
1165 2082 1343 2130 νομίζον-

211 2141 293 2201 τος·
327 2159 420 2204 ὅπερ
453 2141 598 2197 ἀληθῶς
629 2154 709 2188 ἐστι
737 2149 926 2197 δαιμονᾷν,
944 2146 1008 2182 καὶ
1035 2145 1076 2180 τὸ
1097 2143 1164 2191 τῆς
1192 2141 1344 2190 γεέννης

214 2201 477 2266 προκαλεῖσθαι
495 2213 584 2262 πῦρ.
597 2211 692 2248 Ἀλλ’
707 2210 776 2246 εἰσί
791 2219 888 2250 τινες
904 2207 937 2242 οἳ
953 2205 1135 2252 βιωτικοῖς
1150 2201 1346 2249 ἐνστρεφό-

217 2260 318 2327 μενοι
339 2260 603 2324 πράγμασιξέν
637 2270 759 2307 ἀνέσει
781 2267 968 2314 διάγουσι·
993 2263 1144 2311 καὶγὰρ
1161 2260 1346 2298 καὶτοῦτο

215 2321 390 2388 προεῖπεν
413 2321 620 2382 όηΧριστός·
643 2329 769 2378 Ἀμὴν
788 2327 876 2375 γὰρ,
893 2325 1003 2373 ἀμὴν
1019 2323 1124 2371 λέγω
1141 2321 1252 2388 ὑμῖν,
1273 2332 1347 2388 φη·-

216 2380 286 2443 σ¹ίν,
308 2399 368 2434 ὅτι
402 2380 604 2433 κλαύσετε
633 2391 701 2428 καὶ
729 2388 954 2436 θρηνήσετε
976 2384 1114 2432 ὑμεῖς·
1148 2385 1170 2420 ό
1199 2381 1246 2443 δε
1277 2380 1347 2443 κό-

216 2440 319 2506 σμος
341 2455 576 2504 χαρήσεται.
599 2451 674 2488 Καὶ
691 2450 754 2486 ἐπὶ
771 2447 843 2484 τῶν
863 2445 1052 2494 προτέρων
1069 2443 1108 2478 δὲ
1127 2441 1262 2488 γενεῶν
1277 2440 1348 2476 Βα-

219 2499 478 2564 ϐυλωνίοι-μέν
495 2515 530 2550 οῖ
561 2511 652 2560 μηδέ
679 2510 740 2546 τὸν
753 2507 842 2544 Θεὸν
865 2505 1012 2548 εἰδότες,
1036 2505 1074 2540 ἐν
1101 2501 1247 2548 πλούτῳ
1285 2499 1348 2536 καὶ

219 2562 419 2624 δυναστεία
439 2570 535 2624 ἦσαν
567 2574 630 2610 καὶ
659 2573 764 2619 τιμῇ,
798 2569 964 2606 Ἰουδαῖοι
993 2565 1032 2602 δέ
1060 2565 1100 2601 ἐν
1116 2562 1350 2612 αἰχμαλωσίᾳ

221 2639 286 2676 καὶ
302 2623 444 2683 δουλείᾳ
458 2623 522 2672 καί
547 2637 621 2676 τοῖς
638 2632 806 2680 ἐσχάτοις
823 2630 965 2670 κακοῖς.
991 2627 1065 2663 Καὶ
1087 2624 1258 2672 Λάζαρος
1283 2623 1348 2670 μὲν

221 2701 240 2735 ὁ
258 2698 330 2734 τῶν
351 2682 514 2744 οὐρανῶν
534 2693 632 2738 ἄξιος
651 2693 714 2728 καὶ
735 2691 802 2738 τῆς
818 2687 1003 2736 βασιλείας
1020 2685 1090 2733 τῆς
1111 2685 1203 2726 ἐκεῖ,
1220 2682 1351 2718 εἱλκω-

225 2757 332 2806 μένος
347 2741 427 2798 ταῖς
452 2753 525 2790 τῶν
544 2751 663 2788 κυνῶν
683 2749 875 2798 προέκειτο
893 2747 1088 2794 γλώτταις.
1111 2742 1210 2791 λιμῷ
1234 2741 1350 2790 μαχό-

225 2803 334 2866 μενος
359 2816 544 2864 διηνεκεῖ·
569 2815 588 2850 ὁ
606 2813 644 2848 δέ
666 2810 835 2852 πλούσιος
859 2809 898 2844 ἐν
929 2809 1018 2856 τιμῇ
1046 2806 1110 2842 καὶ
1147 2803 1350 2866 δορυφορίᾳ.

223 2861 287 2914 καὶ
309 2861 433 2913 ἀνέσει
453 2875 514 2912 καὶ
531 2874 652 2921 τρυφῇ
667 2883 675 2892 '
699 2870 776 2906 ἀλλ’
792 2870 892 2917 ὅμως
905 2868 1007 2904 οὐδὲν
1023 2866 1106 2903 οὔτε
1127 2861 1230 2907 οὗτος
1252 2865 1290 2899 ἐν

223 2933 352 2981 γεέννῃ
383 2931 522 2968 τούτων
544 2919 728 2971 ἀπώνατο,
751 2925 833 2962 οὔτε
857 2925 1025 2971 Λάζαρος
1054 2923 1127 2960 ἀπὸ
1157 2920 1220 2958 τοῦ
1243 2919 1350 2968 λιμοῦ

223 2994 288 3030 καὶ
319 2993 393 3028 τῶν
427 2990 650 3040 τραυμάτων
685 2988 738 3028 εἰς
767 2986 835 3034 τὴν
867 2984 1060 3032 ἀκρίϐειαν
1081 2981 1145 3018 τοῦ
1169 2981 1351 3029 παρόντος

225 3048 436 3097 παρεϐλάϐη
451 3037 548 3095 ⁷βίου
561 3057 570 3066 ·
600 3045 676 3081 ἀλλ’
697 3043 824 3090 ὥσπερ
845 3053 899 3084 τις
919 3041 1084 3088 γενναῖος
1116 3037 1292 3086 ἀθλητὴς,
1313 3037 1352 3072 ἐν

227 3096 356 3156 αὐχμῷ
375 3109 437 3144 καὶ
462 3107 584 3152 πνίγει
607 3103 801 3152 βαρυτάτῳ
833 3100 1008 3144 παλαίων,
1034 3099 1098 3136 καὶ
1124 3098 1272 3145 ἐνίκησε
1289 3096 1352 3132 καὶ

227 3167 474 3215 ἐστεφανώθη.
503 3165 570 3202 Διά
600 3164 707 3200 τοῦτο
729 3163 791 3198 καί
814 3173 869 3204 τις
890 3160 997 3206 σοφός
1011 3168 1029 3187 α
1050 3169 1161 3206 φησιε
1189 3159 1351 3201 Τέκνον,

227 3228 261 3264 ει
277 3227 477 3273 προσέρχῃ
500 3226 711 3263 δουλεύειν
725 3222 870 3268 Κυρίῳ,
884 3221 1102 3267 ὲτοίμασον
1120 3217 1198 3264 τὴν
1211 3216 1355 3264 ⁴ψυχήν

228 3297 306 3324 σου
341 3288 398 3330 εἰς
419 3286 642 3333 πειρασμόν
655 3296 664 3305 ·
687 3283 859 3320 εὔθυνον
881 3281 958 3326 τὴν
979 3278 1149 3326 καρδίαν
1175 3289 1267 3322 σου,
1286 3277 1353 3313 καὶ

229 3345 494 3393 καρτέρησον,
519 3346 585 3382 καὶ
616 3343 674 3392 μὴ
706 3343 894 3387 σπεύσῃς
914 3341 961 3376 ἐν
978 3339 1101 3386 καιρῷ
1125 3337 1352 3386 ἐπαγωγῆς.

230 3407 305 3444 Καὶ
335 3405 412 3453 μετ’
446 3404 550 3450 ὀλίγα
579 3405 690 3452 φησιν
711 3402 856 3445 δτι,Ὲν
876 3400 970 3445 πυρὶ
993 3399 1239 3446 δοκιμάζεται
1258 3410 1356 3445 χρυ-

228 3466 319 3510 σὸς,
339 3463 405 3500 καὶ
434 3463 631 3508 ἅνθρωποι
652 3461 782 3498 δεκτοί
815 3460 862 3494 ἐν
884 3459 1036 3506 καμίνῳ
1062 3457 1353 3502 ταπεινώσεως.

230 3526 304 3562 Καὶ
337 3523 446 3560 πάλιν
475 3522 630 3569 ἀλλαχοῦ
649 3523 748 3568 λέγει
767 3533 774 3541 ·
801 3519 966 3562 Τέκνον,
980 3517 1037 3565 μὴ
1062 3517 1241 3564 ὀλιγώρει
1263 3528 1355 3554 παι-

229 3585 341 3630 δείας
364 3584 530 3629 Κυρίου,
538 3581 640 3628 μηδὲ
663 3582 812 3618 ἐκ.ῖύου
835 3579 904 3616 ὑπ’
921 3577 1046 3614 αὑτοῦ
1071 3577 1352 3624 ἐλεγχόμενος.

239 3645 278 3680 ’0
297 3644 370 3692 γὰρ
393 3644 435 3678 τὸ
463 3641 612 3690 χρυσίον
633 3641 686 3683 εἰς
719 3640 784 3688 τὴν
809 3638 964 3686 κάμινον
991 3636 1181 3684 ἐμϐάλλων
1204 3634 1276 3673 οἶδε
1293 3638 1357 3674 καὶ

235 3704 344 3752 μέχρι
365 3702 463 3744 τίνος
485 3699 574 3736 αὒτὸ
594 3699 806 3748 πυρωθῆναι
819 3698 838 3726 ι)
856 3699 922 3742 δεῖ,
941 3697 1003 3734 καὶ
1019 3697 1106 3733 πότε
1125 3696 1358 3744 ἀνασπασθῆ-

273 3822 292 3841 ³
308 3819 396 3854 Colh.
417 3820 520 3854 codex
537 3817 630 3857 3056,
646 3821 681 3850 el
693 3817 790 3849 Savil.
811 3827 856 3853 τις
869 3816 1063 3858 σοφώτατος.

275 3862 294 3892 ιο
304 3862 358 3898 Slc
371 3861 460 3897 Colb.
483 3867 517 3896 et
532 3859 632 3895 Savil.
652 3859 766 3892 Morel.
783 3867 862 3893 vero
874 3857 1042 3899 προθεῖναι.

877 175 1129 216 STAGIRIUM
1157 175 1186 210 A
1212 175 1422 213 DxEMONE
1454 173 1698 212 VEXATUM.
1727 173 1815 211 LIB.
1839 173 1866 210 1.

2455 173 2528 210 H0

1395 265 1468 288 ναι.
1485 253 1552 290 Διὰ
1576 252 1682 288 τοῦτο
1695 246 1798 294 οὗτος
1819 251 1885 299 μέν
1907 261 2015 298 φησι·
2040 251 2104 296 Μὴ
2127 252 2316 298 σπεύσῃς
2333 251 2380 287 ἐν
2401 248 2522 296 καιρῷ

1394 310 1668 358 ἐπαγωγῆς-,⁷0
1686 309 1724 345 δέ
1745 309 1915 358 Σολομὼν
1947 309 2036 346 αὐτὸ
2069 309 2176 346 τοῦτο
2191 310 2370 346 διδάσκων
2395 309 2498 354 έλεγε
2511 319 2520 329 ·

1394 371 1460 416 Μὴ
1482 371 1634 406 ἐκλύου
1656 369 1724 406 ὑπ’
1744 369 1870 406 αὐτοῦ
1890 369 2170 416 ἐλεγχόμενος.
2189 369 2296 415 Μέγα
2316 367 2426 416 γάρή
2449 368 2525 404 θλῖ-

1395 430 1473 477 ψις,
1498 430 1594 477 μέγα
1616 429 1708 477 πρὸς
1724 429 1766 464 τὸ
1787 429 1936 476 δόκιμον
1962 427 2188 476 ἐργάσασθαι
2212 427 2340 472 ἄνδρα,
2356 427 2420 463 καὶ
2436 438 2526 462 παι-

1396 487 1522 523 δεῦσαι
1559 487 1624 534 τῆς
1661 487 1848 535 ὑπομονῆς
1881 486 1948 533 τὴν
1971 488 2120 534 ἀρετήν.
2141 486 2184 521 Τί
2211 483 2284 528 οὖν,
2331 485 2455 532 φησιν,
2480 485 2525 520 ἂν

1397 546 1601 594 περιτρέψῃ
1615 553 1630 573 ο
1653 547 1716 582 καὶ
1734 545 1924 594 καταϐάλῃ
1945 545 2002 580 διά
2019 546 2085 591 τῆς
2100 545 2324 592 ὑπερϐολῆςς
2341 543 2490 588 Πιστὸς
2505 547 2528 580 ό

1398 606 1510 648 Θεὸς,
1533 605 1580 649 ὃς
1612 606 1687 642 οὐκ
1719 605 1832 641 ἐάσει
1858 602 1965 650 ἡμᾶς
1994 603 2264 649 πειρασθῆναι
2297 602 2402 648 ὑπὲρ
2418 602 2440 638 ὃ
2459 601 2532 638 δυ-

1395 665 1572 711 νάμεθα,
1597 664 1707 701 ἀλλὰ
1732 664 1814 700 σὺν
1838 663 1892 708 τῷ
1923 663 2130 710 πειρασμῷ
2162 663 2324 706 ποιήσει
2353 661 2422 698 καὶ
2452 661 2532 705 τὴν

1397 722 1569 759 ἔκϐασιν
1589 722 1660 758 τοῦ
1688 721 1886 758 δύνασθαι
1915 719 2022 768 ἡμᾶς
2051 720 2304 768 ὑπενεγκεῖν.
2327 721 2370 756 Et
2393 719 2466 767 γὰρ
2491 719 2531 763 ἐξ

1397 783 1546 830 ἀγάπης
1567 782 1633 829 μὲν
1665 782 1687 828 ή
1717 781 1879 824 παιδεία,
1899 782 1922 828 ἡ
1941 781 1978 816 δέ
1999 780 2258 827 ἐγκατάλειψις
2287 779 2358 815 ἀπὸ
2387 779 2530 826 μίσους,

1398 841 1466 876 οὐκ
1494 841 1571 876 ἐστι
1605 840 1668 876 τοῦ
1701 839 1812 876 αὐτοῦ
1833 840 1950 885 φιλεῖν
1973 838 2066 886 ὁμοῦ
2089 840 2152 875 καὶ
2181 840 2300 886 μισεῖν
2322 837 2531 890 τδνοαύτδν,

1399 899 1481 936 οὐδέ
1502 899 1687 936 παιδεύειν
1704 899 1796 947 ὁμοῦ
1812 899 1874 934 καὶ
1889 897 2239 945 ἐγκαταλιμπάνειν.
2261 896 2345 939 Πῶς
2369 893 2432 932 οῦν
2451 893 2536 930 πολε

1401 958 1456 994 λοὶ
1493 959 1722 1003 κατέπεσον;
1765 958 1888 1005 φησίν.
1917 958 2090 999 Ἑαυτοὺς
2120 957 2440 1004 ἀποστερήσαντες
2469 953 2534 990 τοῦ

1402 1017 1508 1061 Θεοῦ,
1543 1018 1582 1053 οὐ
1620 1017 1924 1064 καταλειφθέντες
1957 1015 2276 1052 ὐπάὐτοῦ.ἰδοὺ
2306 1015 2380 1062 γὰρ
2411 1015 2445 1051 οἱ
2460 1023 2537 1060 μα-

1403 1078 1624 1124 κρύνοντες
1658 1077 1829 1122 ἑαυτοὺς
1859 1075 1940 1113 ἀπὸ
1965 1076 2043 1112 σοῦ
2078 1075 2346 1112 ἀπολοῦνται.
2382 1072 2537 1121 Μακρό-

1403 1148 1504 1172 νουσι
1529 1136 1567 1172 δέ
1589 1136 1638 1184 μὴ
1661 1135 1836 1183 φέροντες
1859 1134 1926 1176 τὰς
1945 1133 2008 1170 τοῦ
2029 1133 2120 1168 Θεοῦ
2145 1133 2325 1176 παιδείας,
2341 1131 2418 1168 ἀλλ’
2434 1132 2539 1178 ὀργι-

1405 1197 1549 1244 ζόμενοι
1574 1195 1638 1232 καὶ
1658 1193 2032 1242 δυσανασχετοῦντες·
2059 1193 2122 1228 καὶ
2154 1191 2326 1238 καθάπερ
2347 1193 2380 1226 οἱ
2403 1190 2540 1238 μοχθη-

1407 1257 1464 1304 ροὶ
1483 1255 1554 1292 τῶν
1580 1255 1732 1298 παίδων,
1757 1253 1830 1290 τῶν
1849 1253 2018 1301 πατέρων
2033 1251 2167 1294 αὐτοὺς
2187 1251 2279 1300 πρὸς
2299 1249 2538 1290 διδασκάλους

1395 1315 1642 1363 πεμπόντων,
1653 1313 1698 1351 ἂν
1715 1315 1801 1356 τοὺς
1817 1314 1894 1348 ἐκεῖ
1916 1312 2047 1354 πόνους
2067 1311 2129 1346 καὶ⁴
2145 1309 2212 1353 τὰς
2227 1307 2380 1355 ὀλίγαςά
2405 1307 2540 1354 φυγόν-

1405 1387 1468 1419 τες
1499 1374 1645 1422 πληγάς
1673 1374 1740 1422 τῆς
1769 1373 1843 1410 τῶν
1859 1372 1994 1419 γονέων
2019 1370 2256 1418 ἀποπηδῶσιν
2278 1368 2410 1416 ὅψεως,
2432 1367 2538 1414 ἐκέρ-

1406 1436 1511 1472 δανόν
1537 1447 1578 1471 τε
1604 1435 1721 1478 οὐδὲν,
1747 1434 1810 1470 καὶ
1834 1433 1995 1481 χείροσιν
2029 1431 2182 1474 ἑαυτοὺς
2209 1429 2452 1477 περιέπειραν
2473 1438 2541 1462 κα-

1407 1496 1500 1538 κοῖς,
1527 1495 1566 1529 ἐν
1587 1493 1760 1542 ἀλλοτρίᾳ
1779 1491 1976 1540 λιμώττειν
1999 1492 2062 1526 καὶ
2080 1489 2236 1526 ἀλᾶσθαι
2259 1489 2323 1524 καὶ
2341 1487 2459 1522 νοσεῖν
2477 1485 2541 1520 καὶ

1407 1552 1654 1600 ἀτιμάζεσθαι
1673 1553 1736 1588 καὶ
1753 1551 1938 1588 δουλεύειν
1960 1549 2256 1596 ἀναγκαζόμενοι
2273 1560 2282 1568 ·
2303 1546 2400 1582 οὕτω
2422 1546 2486 1582 καὶ
2509 1546 2541 1580 οί

1407 1611 1474 1660 τὴν
1501 1611 1566 1647 τοῦ
1587 1610 1678 1646 Θεοῦ
1704 1609 1872 1646 παιδείαν
1903 1608 2130 1656 εὐχαρίστως
2161 1607 2212 1655 μὴ
2242 1606 2429 1652 φέροντες,
2451 1603 2543 1640 ἀλλά

1409 1669 1775 1717 δυσανασχετοῦντες,
1793 1669 1884 1715 πρὸς
1903 1667 1954 1714 τῷ
1985 1666 2096 1714 μηδὲν
2126 1665 2166 1710 ἐξ
2186 1664 2290 1714 [171]
2311 1663 2426 1710 αὐτῆς
2452 1673 2544 1708 καρ-

1410 1729 1602 1765 πώσασθαι
1625 1729 1688 1764 καὶ
1708 1729 1790 1770 ταῖς
1812 1727 1986 1774 ἐσχάταις
2005 1725 2157 1766 ἑαυτοὺς
2172 1721 2432 1772 περιϐάλλουσι
2455 1731 2544 1767 συμο

1409 1790 1554 1836 φοραῖς.
1579 1787 1647 1823 Διά
1678 1787 1786 1822 τοῦτο
1818 1787 2014 1834 καρτερεῖν
2051 1782 2356 1832 παρηγγέλμεθα.
2385 1781 2450 1816 καὶ¹
2477 1780 2545 1828 τὴν

1409 1846 1562 1894 καρδίαν
1583 1844 1748 1882 εὐθύνειν
1777 1844 1844 1892 τὴν
1861 1844 2016 1880 ἐαυτῶν.
2029 1843 2138 1880 Ἀλλά
2161 1841 2282 1890 πολλῷ
2303 1839 2546 1889 χαλεπώτερα

1409 1905 1610 1948 πέπονθας.
1643 1904 1736 1940 Οὐδὲ
1754 1903 1828 1952 γὰρ
1847 1905 1881 1939 οί
1904 1903 2138 1952 παιδοτρίϐαι
2158 1903 2300 1944 πάντας
2325 1900 2460 1948 ὁμοίως
2482 1899 2546 1934 καὶ

1410 1963 1464 2000 ἐνὶ
1495 1963 1622 2012 τρόπῳ
1643 1962 1908 2010 γυμνάζουσιν,
1935 1961 2026 1998 ἀλλὰ
2059 1963 2135 2004 τοῖς
2171 1959 2238 2008 μὲν
2269 1957 2547 2006 ἀσθενεστέροις

1411 2025 1588 2066 ἀσθενεῖς,
1615 2024 1690 2065 τοῖς
1719 2022 1758 2058 δέ
1786 2022 1966 2067 γενναίοις
1983 2021 2167 2062 τοιούτους
2184 2027 2200 2046 ε
2217 2019 2439 2066 παρέχουσιν
2461 2017 2547 2052 ἀντ-

1411 2082 1640 2129 αγωνιστάς·
1665 2083 1684 2118 ὁ
1713 2082 1785 2128 γὰρ
1809 2080 1950 2117 ἐλάττω
1982 2080 2047 2128 τῆς
2079 2079 2220 2121 οἰκείας
2253 2078 2444 2125 δυνάμεως
2484 2076 2549 2112 λα-

1412 2141 1486 2178 ϐὼν
1505 2141 1569 2191 τὸν
1587 2140 1877 2188 ἀνταγωνιστὴν,
1896 2139 1964 2176 κᾶν
1991 2139 2036 2175 δι’
2056 2139 2143 2188 ὅλης
2169 2137 2270 2186 αὐτῷ
2291 2136 2548 2184 συμπλέκηται

1412 2201 1478 2248 τῆς
1497 2200 1656 2248 ἡμέρας,
1677 2200 1818 2242 ἐκεῖνος
1838 2199 2074 2246 ἀγύμναστος
2103 2198 2239 2246 ἔμεινε.
2269 2196 2353 2239 Πῶς
2377 2193 2454 2238 οὖν,
2480 2206 2551 2242 φη-

1415 2262 1464 2303 σὶ,
1495 2261 1580 2302 τοὺς
1600 2260 1661 2296 τὸν
1687 2260 1798 2296 αὐτὸν
1821 2259 2124 2307 ἐπανῃρημένους
2153 2257 2245 2305 βίον,
2267 2257 2308 2293 οὐ
2329 2258 2406 2299 τοῖς
2425 2255 2550 2297 αὐτοῖς

1415 2319 1538 2356 ἀθλεῖν
1556 2318 1707 2366 ἐποίησε
1729 2319 1875 2361 πόνοις;
1897 2318 1980 2352 Ὅτι
2013 2317 2054 2352 οὐ
2091 2317 2155 2364 μία
2188 2315 2290 2362 παρὰ
2312 2314 2391 2362 Θεῷ
2405 2325 2550 2361 γυμνα-

1417 2377 1498 2420 σίας
1524 2377 1612 2420 ἰδέα,
1632 2375 1714 2411 οὐδέ
1742 2375 1814 2410 τῶν
1841 2374 1962 2410 αὐτῶν
1978 2374 2139 2416 ἅπαντες
2153 2374 2308 2416 δέονται,
2330 2373 2399 2408 κᾶν
2421 2373 2458 2408 ἐν
2476 2374 2550 2414 τοῖς

1417 2437 1540 2478 αὐτοῖς
1553 2430 1622 2471 ὦσι
1637 2446 1645 2455 ’
1663 2433 1728 2470 καὶ
1751 2433 1824 2481 γὰρ
1837 2433 2026 2475 νοσοῦντες
2045 2432 2172 2468 πολλοὶ
2186 2433 2267 2474 ταῖς
2289 2432 2416 2474 αὐταῖς
2434 2431 2551 2473 νόσοις

1417 2495 1458 2530 οὐ
1487 2493 1562 2530 τῶν
1587 2492 1708 2529 αὐτῶν
1735 2491 1936 2539 ἐδεήθησαν
1967 2490 2192 2538 φαρμάκων,
2217 2489 2294 2526 ἀλλ’
2313 2489 2450 2536 ἐτέρων
2483 2488 2552 2535 μέν

1419 2548 1530 2599 οὗτοι,
1551 2551 1686 2600 ἐτέρων
1711 2551 1750 2586 δέ
1769 2552 1916 2586 ἐκεῖνοι.
1945 2549 2012 2586 Διά
2034 2549 2141 2585 τοῦτο
2164 2547 2321 2584 ποικίλοι
2345 2548 2408 2583 καὶ
2427 2547 2554 2592 διάφο-

1421 2627 1477 2664 ροι
1496 2613 1570 2650 τῶν
1589 2613 1778 2662 μαστίγων
1793 2613 1826 2648 οῖ
1847 2611 1991 2659 τρόποι,
2012 2610 2076 2646 καὶ
2097 2611 2115 2646 ό
2135 2609 2202 2657 μὲν
2235 2607 2329 2656 νόσῳ
2358 2607 2552 2654 δοκιμάζε-

1418 2687 1478 2712 ται
1503 2675 1642 2722 μακρᾷ,
1665 2673 1685 2709 ὁ
1701 2673 1738 2708 δέ
1757 2671 1944 2720 βαρυτάτῃ
1968 2669 2088 2718 πενίᾳ,
2110 2669 2162 2717 τῷ
2184 2667 2374 2716 βιάζεσθαι
2398 2667 2461 2704 καὶ
2477 2667 2554 2702 ἀδι-

1420 2737 1562 2774 κεῖσθαι
1589 2733 1762 2784 ἐτεροςί,
1797 2733 1902 2776 ἄλλος
1935 2732 1988 2779 τῷ
2022 2733 2186 2779 συνεχεῖς
2225 2731 2287 2766 καὶ
2320 2729 2552 2777 ἐπαλλήλους

1419 2797 1599 2838 θανάτους
1619 2795 1682 2832 καὶ
1701 2793 1839 2830 παίδων
1859 2793 1922 2828 καὶ
1946 2791 2020 2828 τῶν
2037 2791 2137 2838 αὐτῷ
2161 2789 2421 2838 προσηκόντων
2444 2789 2550 2824 ἰδεῖν·

1419 2857 1484 2892 καὶ
1503 2850 1608 2898 οὗτος
1633 2854 1698 2902 μέν
1720 2852 1772 2901 τῷ
1792 2851 1894 2901 παρὰ
1909 2852 2055 2888 πάντων
2075 2848 2368 2898 ἀπορρίπτεσθαι
2388 2849 2452 2884 καὶ
2471 2849 2554 2896 μηδ’

1420 2915 1500 2958 ἐνὸς
1522 2913 1712 2956 ἀξιοῦσθαι
1746 2911 1870 2958 λόγου,
1891 2912 2031 2953 ἐκεῖνος
2062 2909 2100 2946 δὲ
2133 2908 2186 2956 τῷ
2211 2907 2470 2944 διαϐάλλεσθαι
2496 2906 2558 2953 ἐφ’

1420 2973 1474 3020 οἷς
1493 2975 1594 3012 οὐδὲν
1613 2971 1734 3020 ἐαυτῷ
1755 2971 1910 3014 σύνοιδε,
1939 2970 2004 3007 καὶ
2027 2970 2192 3017 πονηρᾶς
2220 2967 2327 3016 δόξης
2361 2966 2555 3014 ἀνέχεσθαι

1423 3037 1548 3085 βάρος,
1568 3035 1630 3070 καὶ
1649 3034 1755 3075 ἄλλος
1777 3031 1914 3074 ἄλλως·
1939 3030 2021 3066 οὐδέ
2041 3029 2115 3078 γὰρ
2133 3028 2284 3065 δυνατὸν
2304 3027 2449 3064 ἅπαντα
2465 3027 2556 3075 μετὰ

1421 3094 1613 3144 ἀκριϐείας
1631 3091 1949 3142 ἐξαριθμήσασθαι
1970 3089 2047 3126 νῦν.
2065 3088 2210 3125 Τούτων
2229 3087 2267 3123 δὲ
2285 3087 2438 3124 ’ἑκαστον
2459 3085 2558 3122 δοκεί

1425 3157 1506 3206 μὲν,
1531 3155 1614 3191 ὅσον
1633 3153 1724 3202 πρὸς
1743 3153 1810 3200 τὴν
1825 3152 1898 3189 τῶν
1915 3151 1988 3187 σῶν
2010 3149 2214 3198 παράθεσιν
2238 3148 2455 3196 συμφορῶν,
2471 3147 2557 3183 κοῦ-

1424 3227 1490 3263 φον
1513 3212 1606 3250 εἶναι
1637 3214 1700 3250 καὶ
1727 3211 1852 3248 οὐδέν·
1887 3212 1920 3247 εἰ
1949 3211 1988 3246 δέ
2022 3211 2061 3246 ἐν
2097 3209 2209 3257 πείρᾳ
2231 3208 2414 3256 κατέστης
2435 3207 2558 3244 αὐτῶν

1423 3274 1560 3324 ἔμαθες
1580 3273 1624 3310 ἂν
1651 3273 1706 3309 ὅτι
1723 3271 1830 3308 τοῦτο
1843 3271 1899 3318 ἐφ’
1916 3266 1946 3317 ᾧ
1967 3271 2010 3307 σὺ
2029 3269 2093 3306 νῦν
2112 3269 2248 3312 ἀλύεις,
2266 3267 2418 3304 ἐκείνων
2439 3266 2558 3312 πολλῷ

1425 3334 1683 3384 φορητὸτερον.
1703 3332 1798 3368 Εἱδέ
1812 3333 1876 3368 καὶ
1889 3331 1960 3368 εἰσί
1979 3341 2076 3374 τινες
2097 3329 2244 3366 ἔλαττον
2265 3327 2372 3376 ήμῶν
2387 3325 2556 3362 παιδευό-

1427 3383 1544 3445 μενοι,
1564 3394 1614 3442 μὴ
1635 3390 1964 3439 σκανδαλιζώμεθα
1979 3391 2040 3426 ἐπὶ
2055 3389 2171 3438 τούτῳ
2185 3401 2193 3409 ·
2215 3389 2238 3436 ὴ
2255 3387 2328 3435 γὰρ
2342 3386 2414 3422 τῶν
2437 3383 2558 3418 πόνων

1425 3441 1613 3498 ἐπίτασις
1631 3453 1771 3502 μισθῶν
1800 3451 1969 3494 ἐπίτασίς
1994 3452 2072 3486 ἐστι
2110 3449 2174 3486 καὶ
2205 3447 2362 3496 ἔρεισμα
2393 3441 2556 3487 ἀσφαλὲς

1425 3517 1519 3567 πρὸς
1546 3516 1588 3552 τὺ
1619 3500 1754 3564 μηκέτι
1783 3513 1934 3554 ἐκόντας
1955 3511 1977 3558 ἢ
2006 3511 2162 3550 ἄκοντας
2188 3505 2358 3542 ἐκπεσεῖν
2374 3513 2382 3521 ·
2402 3500 2557 3547 καὶγὰρ

1424 3562 1539 3625 τῦφον
1564 3562 1818 3617 καταστέλλει,
1834 3573 1898 3610 καὶ
1922 3570 2105 3619 ρᾳθυμίαν
2127 3563 2364 3611 ἀποστρέφει,
2383 3562 2447 3596 καὶ
2468 3571 2557 3609 φρο-

1470 3689 1483 3706 °
1509 3686 1566 3720 Sic
1587 3685 1680 3721 (2011).
1700 3688 1735 3718 et
1747 3685 1846 3718 Snvil.
1867 3682 1908 3714 Al
1925 3677 2039 3721 Morel.
2057 3673 2244 3721 ἐπιστρέψῃ.

1466 3727 1484 3755 δ
1847 3721 1963 3756 Mnrel.
1979 3720 2032 3762 καὶ
2045 3717 2102 3762 τὰς
2117 3714 2244 3762 ἐκεῖθεν.

1473 3753 1674 3804 iiiéréflb
1684 3753 1964 3802 ξδιῖῦτὸῦςί’⁷Ιιιΐι·ε
1980 3761 2013 3792 in
2036 3757 2155 3790 eodem
2171 3755 2243 3787 solo
2257 3756 2330 3796 post
2357 3753 2558 3795 ἐπανῃρημέ-

1427 3825 1496 3851 νους
1512 3813 1638 3854 ὶθςὶωι·
1652 3811 1733 3854 ἐμοί.
1761 3851 1768 3854 _
1790 3849 1815 3854 μ
1859 3847 1873 3853 ⁴
1899 3846 1916 3854 ,,
1939 3843 1980 3854 ,ι
1999 3843 2055 3854 ΔΨ
2145 3839 2315 3854 ,,,,,,τ,,,,,
2331 3839 2345 3854 2

1471 3836 1496 3851 υ,
1515 3836 1631 3854 ...δην
1652 3836 1733 3852 η.-.-
1859 3847 1873 3853 ⁴
1939 3843 1948 3854 ,
2116 3840 2123 3848 .
2230 3839 2244 3846 η
2332 3839 2345 3846 .,

1471 3854 1482 3880 ί
1503 3854 1617 3888 Morel.
1635 3853 1735 3894 πενίᾳε
1754 3851 1772 3881 ό
1788 3849 1821 3880 δὲ
1834 3858 1879 3888 τῳ
1899 3843 2058 3887 βιάζεσθαι
2073 3851 2126 3873 και
2143 3839 2318 3872 διακεισθαι
2331 3836 2556 3880 ετιροςηυειο.
