2726 4358
199 207 258 245 ibi

197 282 402 331 gligentiam
433 281 577 324 avertit,
609 277 930 326 prudentioresque
955 283 999 311 ac
1025 270 1267 318 religiosiores

197 343 318 382 efficit.
349 343 443 381 Sane
460 343 490 380 si
509 341 588 389 quis
614 339 735 376 omnia
753 346 968 388 enumerare
997 334 1094 376 velit,
1113 332 1266 380 plurima

198 407 431 444 tentationum
449 403 686 442 emolumenta
705 400 876 447 reperiet,
891 397 1078 444 nullusque
1095 403 1266 441 umquam

197 468 316 512 exiis,
337 467 396 514 qui
427 467 498 502 Deo
523 463 762 510 acceptabiles
791 459 948 503 fuerunt,
979 459 1058 496 sine
1087 455 1266 504 pressuris

197 529 298 572 vixit,
321 527 460 565 etiamsi
480 535 550 563 non
572 525 621 562 ita
641 524 746 560 nobis
767 522 942 559 videatur.

245 607 280 642 7.
303 603 506 650 Exemplum
523 601 628 639 Pauli
647 597 965 648 apostoli.—Nam
981 597 1010 633 si
1030 596 1156 633 beatus
1171 595 1266 632 Pau-

197 667 252 704 lus
269 673 405 703 tantum
425 664 556 712 negotii
579 662 764 706 sustinuit,
785 661 904 698 nullus
919 668 1007 696 vero
1021 657 1133 695 Paulo
1151 656 1267 704 major

196 735 264 772 est,
284 734 346 764 aut
369 727 477 764 etiam
503 725 676 772 zequalis:
699 733 767 770 qua
789 721 932 758 tandem
957 720 1096 756 ratione
1116 719 1166 755 illi
1185 728 1261 755 cre-

195 789 326 825 dantur
342 787 549 834 hujusmodi
569 785 700 822 auxilio
721 794 791 820 non
811 781 1038 834 indiguisse?
1057 780 1122 817 Sin
1140 786 1259 816 autem

195 849 338 897 quidam
359 859 403 886 ex
431 848 508 884 istis
534 845 826 884 tribulationibus
855 842 1035 880 emendati
1068 852 1140 878 non
1167 846 1263 884 sunt,

197 923 268 948 non
299 911 370 948 hoc
389 911 438 947 illi
458 909 705 956 imputandum
725 914 796 952 est,
815 907 876 954 qui
895 905 1185 942 emendationem
1213 905 1267 940 in-

199 974 291 1018 tulit,
307 973 369 1010 scd
389 972 530 1008 illorum
551 971 672 1018 potius
691 968 930 1016 negligentiae.
948 966 1038 1004 Nam
1057 967 1087 1004 si
1105 966 1177 1003 illis
1195 976 1266 1002 non

198 1033 324 1070 fuisset
349 1032 547 1069 adhibitum
572 1031 875 1068 medicamentum
893 1055 902 1071 ,
922 1038 988 1076 per
1014 1028 1264 1074 negligentiam

198 1094 348 1142 periisse
363 1093 574 1130 viderentur
591 1105 601 1128 :
621 1101 714 1128 nunc
731 1101 817 1128 vero
834 1101 904 1127 non
920 1099 1044 1137 parum
1061 1094 1180 1125 actum
1196 1095 1264 1131 est,

197 1165 278 1191 cum
295 1164 401 1191 nemo
415 1153 595 1190 medicum
613 1161 784 1189 accusare
804 1151 931 1198 possit,
954 1149 1018 1186 sed
1033 1156 1190 1197 aegrotos
1205 1160 1266 1196 po-

199 1217 268 1254 tius
288 1217 518 1264 ipsorumque
533 1214 721 1251 incuriam.
741 1214 779 1251 Si
795 1213 856 1260 qui
871 1222 958 1250 vero
975 1218 1166 1258 antequam
1189 1217 1266 1248 ten-

199 1286 373 1324 tarentur,
401 1279 607 1327 gradientes
625 1284 726 1314 recte
739 1305 749 1322 ,
771 1283 852 1324 post
871 1277 1104 1313 tentationcm
1122 1285 1269 1311 corrue-

197 1347 295 1386 runt,
315 1341 446 1388 aliique
463 1351 544 1378 cum
572 1339 738 1376 omnibus
763 1345 884 1376 essent
912 1337 1072 1385 peccatis
1092 1337 1236 1372 obnoxii
1254 1364 1265 1380 ,

200 1404 298 1441 nulla
316 1403 544 1440 tribulatione
558 1401 677 1440 vexati
689 1407 782 1444 sunt,
801 1400 860 1436 alii
875 1409 960 1436 vero
977 1409 997 1436 a
1013 1399 1127 1446 prima
1146 1399 1266 1435 statim

197 1472 304 1502 actate
337 1475 452 1512 usque
477 1464 521 1501 ad
556 1463 722 1500 ultimum
753 1463 835 1498 vita:
865 1461 1030 1508 Spiritum
1067 1459 1268 1496 innumeris

197 1526 459 1562 calamitatibus
494 1525 636 1562 contriti
665 1529 812 1568 sunt,a
849 1523 944 1559 nulla
985 1521 1189 1568 hujusmodi
1226 1531 1266 1558 re

197 1587 406 1634 dejiciamur
449 1593 510 1623 aut
550 1585 819 1632 perturbemur.
865 1583 1010 1620 Etenim
1049 1583 1078 1619 si
1121 1593 1265 1619 omnem

199 1647 431 1694 providentia:
447 1647 542 1683 illius
556 1645 860 1694 dispensationem
874 1645 968 1681 scire
987 1644 1192 1680 valeremus
1206 1650 1266 1680 aut

197 1709 425 1752 deberemus,
440 1709 505 1745 ista
517 1708 738 1756 ignorantes,
752 1706 918 1744 maeroris
929 1716 972 1742 ac
989 1705 1267 1752 perturbationis

197 1780 268 1806 non
284 1769 463 1806 immerito
483 1779 628 1806 causam
645 1768 778 1805 habere
795 1767 1000 1804 videremur
1018 1779 1027 1802 :
1046 1766 1101 1802 sin
1121 1775 1207 1802 vero
1222 1765 1263 1809 is,

195 1832 255 1877 qui
275 1835 454 1866 tantorum
473 1839 686 1866 arcanorum
703 1829 896 1876 particeps,
917 1827 962 1864 ad
983 1827 1126 1863 tertium
1138 1827 1264 1864 caelum

193 1897 320 1939 raptus
337 1891 466 1936 fuerat,
497 1890 542 1927 ad
571 1889 665 1926 hanc
687 1896 806 1926 tamen
832 1889 1001 1937 abyssum
1021 1888 1163 1925 haerens
1181 1889 1268 1924 sub-

193 1953 298 1996 stitit,
318 1951 587 1999 inspicieusque
608 1951 642 1988 in
663 1949 877 1998 profundum
893 1950 1100 1986 divitiarum
1118 1949 1264 1996 sapien-

179 2015 252 2050 ‘tia:
268 2024 310 2050 ac
327 2015 487 2051 scientiae
506 2014 583 2058 Dei,
602 2012 786 2060 obstupuit
803 2012 936 2055 solum,
957 2018 1065 2058 atque
1079 2011 1164 2048 inde
1179 2011 1265 2048 resi-

193 2077 270 2113 liit:
291 2075 374 2122 quid
395 2085 459 2112 nos
478 2075 574 2122 ipsos
591 2075 724 2117 frustra
739 2074 973 2116 concidimus,
997 2079 1265 2121 perscrutantes

193 2138 452 2184 inscrutabilia,
472 2145 580 2185 atque
593 2137 852 2184 investigabilia
864 2137 1006 2173 curiose
1017 2136 1265 2182 inquirentes?

195 2200 301 2238 Certe
313 2211 394 2238 cum
409 2200 571 2237 medicus
581 2199 762 2235 contraria
776 2198 818 2234 iis
829 2208 909 2244 qua:
923 2197 1026 2234 nobis
1041 2197 1195 2234 salubria
1213 2198 1266 2234 vi-

191 2263 322 2300 dentur
352 2261 538 2309 praecipit,
569 2261 645 2297 sive
674 2259 800 2306 algens
823 2259 1026 2295 membrum
1057 2257 1146 2294 fonti
1176 2258 1265 2294 sub-

189 2323 300 2372 jicere
325 2321 470 2370 'jubeat,
504 2321 580 2359 sive
607 2321 677 2358 alia
699 2319 903 2367 hujusmodi
937 2320 1181 2366 inexspectata
1211 2320 1266 2356 fa-

191 2386 274 2430 ciat,
309 2394 504 2432 numquam
537 2383 779 2427 reluctamur;
818 2382 882 2420 sed
915 2391 996 2418 cum
1031 2382 1134 2420 nobis
1159 2388 1264 2418 antea

192 2446 475 2494 persnaserimus
493 2444 580 2482 artis
600 2443 699 2480 illum
726 2443 866 2480 ratione
891 2443 925 2480 id
953 2442 1082 2487 facere,
1099 2450 1266 2490 prompte

193 2517 235 2543 ac
251 2507 404 2544 libenter
422 2506 596 2550 cedimus,
616 2516 699 2542 cum
721 2511 842 2542 tamen
865 2504 924 2541 ille
942 2504 1072 2551 smpius
1093 2504 1262 2542 fallatur:

194 2569 305 2605 Deum
334 2579 434 2615 vero,
461 2569 520 2616 qui
549 2573 686 2605 tantum
706 2568 740 2604 in
763 2567 932 2604 omnibus
961 2577 980 2602 a
1011 2566 1114 2603 nobis
1139 2566 1262 2612 distat,

195 2630 255 2677 qui
283 2636 338 2666 est
366 2631 442 2677 ipsa
485 2631 657 2676 sapientia
676 2659 686 2675 ,
719 2630 1001 2678 qui'numquam
1029 2629 1100 2666 falli
1130 2635 1262 2676 potest,

195 2702 320 2738 magna
335 2692 540 2730 curiositate
553 2693 853 2739 perscrutabimur
863 2693 878 2729 ?
889 2692 1052 2740 Cumque
1064 2692 1114 2728 illi
1125 2692 1264 2740 simpli-

195 2755 284 2792 citer
303 2754 515 2798 credamus,
545 2765 564 2790 a
596 2765 667 2801 quo
697 2754 780 2791 facti
810 2757 984 2794 rationem
1015 2756 1160 2802 exigere
1182 2755 1264 2803 jure

195 2825 397 2862 possemus,
419 2815 466 2851 ab
493 2815 567 2859 illo,
586 2815 642 2852 cui
663 2817 778 2852 solum
797 2817 1017 2854 credendum
1039 2822 1108 2862 est,
1136 2827 1262 2855 eorum

193 2887 274 2923 qua:
289 2877 442 2924 gesserit
466 2887 594 2914 causas
621 2887 663 2914 ac
692 2880 850 2915 rationes
879 2879 1103 2926 requiremus
1119 2909 1128 2923 ,
1156 2886 1264 2928 atque

194 2938 402 2985 hujusmodi
431 2939 669 2987 ignorantiam
708 2939 852 2985 indigne
883 2940 1066 2978 feremus?
1097 2942 1263 2980 llmcciue

193 3006 276 3036 sunt
294 3000 470 3048 religiosae
489 3001 620 3038 mentis
639 3011 682 3038 ac
698 3001 788 3048 piae?
806 3000 871 3044 Ne,
888 3012 1010 3049 quaeso
1027 3013 1070 3040 ac
1083 3004 1260 3052 supplico,

195 3071 239 3097 ne
255 3061 300 3098 ad
319 3068 452 3099 tantam
479 3063 664 3100 vesaniam
687 3063 974 3110 progrediamur,
997 3065 1060 3102 sed
1089 3067 1124 3102 in
1145 3067 1261 3104 omui-
1317 3099 1320 3101 λ

195 3122 323 3166 bus,in
349 3125 476 3171 quibus
508 3126 736 3173 ambigimus,
759 3125 844 3162 illud
866 3126 1026 3164 dicamus
1043 3128 1182 3166 Judicia
1201 3135 1262 3165 tua

193 3183 333 3231 abyssus
343 3188 448 3223 ιηιιῑια
457 3187 572 3232 (Ρεαι.
585 3189 700 3234 35.7).
713 3188 800 3225 Nam
811 3190 923 3226 ethoc
936 3191 1066 3238 ipsum,
1077 3192 1171 3239 quod
1189 3203 1259 3230 non

195 3247 312 3282 omnia
327 3255 447 3294 aperte
465 3251 610 3294 scimus,
633 3251 762 3288 divina:
775 3253 960 3300 sapientia:
989 3253 1150 3301 profecto
1164 3260 1233 3292 est.

244 3308 310 3346 Ubi
317 3310 402 3356 ﬁdes
413 3311 529 3349 habeat
540 3314 796 3352 meritum—Si
809 3316 904 3352 enim
913 3318 1070 3354 omnium
1080 3329 1159 3365 quae
1171 3317 1260 3356 fiunt

193 3381 301 3410 causa
319 3379 356 3408 et
376 3373 514 3411 ratione
533 3377 686 3424 cognita,
705 3377 754 3414 ita
773 3377 918 3414 demum
938 3379 1012 3416 Deo
1032 3390 1256 3426 pareremus,

193 3447 264 3472 non
284 3445 412 3482 magna
432 3447 568 3474 merces
581 3446 692 3483 esset,
708 3451 825 3488 neque
846 3441 928 3478 ﬁdei
949 3443 1124 3481 exhibitio
1139 3455 1182 3482 ea
1197 3455 1257 3483 res

193 3497 378 3534 videretur
398 3509 406 3534 :
429 3508 510 3534 cum
528 3511 615 3536 vero
633 3503 721 3540 nihil
742 3505 870 3540 horum
887 3505 1030 3551 penitus
1050 3513 1254 3553 noscentes,

193 3559 239 3595 ita
255 3569 398 3607 queque
421 3571 559 3597 summa
589 3562 775 3602 alTectione
793 3565 972 3603 mandatis
989 3567 1068 3613 ejus
1088 3569 1257 3608 omnibus

192 3620 368 3664 cedimus,
395 3631 440 3658 ex
461 3621 616 3669 legitima
629 3624 831 3664 obcdientia
863 3627 1005 3674 ﬁdeque
1023 3628 1252 3677 integerrima

193 3683 349 3720 maxima
369 3683 558 3720 animabus
593 3687 724 3723 nostris
745 3688 986 3726 emolumenta
1007 3691 1254 3730 conciliamus.

193 3743 268 3782 lloc
293 3744 390 3782 enim
421 3745 537 3782 solum
559 3745 662 3784 nobis
687 3749 904 3794 persuadere
923 3750 1118 3797 debemus,
1137 3755 1256 3792 omnia

192 3807 294 3845 nobis
313 3807 448 3846 utiliter
467 3817 488 3846 a
517 3809 590 3846 Deo
609 3808 758 3856 inferri,
774 3811 919 3848 modum
939 3823 1010 3850 non
1031 3815 1182 3862 amplius
1199 3817 1257 3854 in-

191 3869 388 3916 quirentes,
404 3880 523 3918 neque
539 3869 643 3919 hujus
658 3869 916 3918 ignorationem
933 3874 1088 3922 graviter
1103 3877 1159 3915 vel
1177 3887 1257 3918 cum

769 201 830 238 AD
855 195 1105 238 STAGIRIUM
1134 194 1162 232 Δ
1192 190 1398 231 ΒΑΞΜΟΝΕ
1425 189 1664 228 VEXATUM.
1695 188 1780 226 LIB.
1807 187 1837 224 1.

2344 177 2414 216 412

1342 276 1498 304 maerore
1514 267 1682 304 ferentes.
1698 265 1822 312 Neque
1839 263 1932 301 enim
1952 262 2123 310 possibile
2140 268 2195 300 est
2215 262 2281 300 ista
2301 263 2408 306 scire.

1341 339 1458 376 neque
1469 329 1577 365 utile:
1602 327 1690 365 illud
1702 328 1784 374 quia
1797 326 1966 364 mortales
1983 335 2130 368 sumus;
2144 325 2226 368 hoc,
2239 326 2321 372 quia
2338 327 2410 362 cito

1341 390 1375 426 in
1393 389 1632 437 arrogantiam
1651 389 1874 426 extollimur.
1889 387 2049 424 Plurima
2068 397 2132 423 nos
2150 385 2314 430 facimus,
2331 397 2410 432 qua:

1338 461 1421 488 cum
1448 450 1570 488 liberis
1593 450 1730 487 nostris
1751 450 1857 486 noxia
1878 459 1960 485 esse
1981 447 2185 492 videantur,
2206 447 2304 483 utilia
2328 453 2412 482 sunt

1339 521 1458 552 tamen
1479 525 1488 550 :
1509 523 1661 560 quorum
1677 523 1793 560 neque
1812 512 1863 548 illi
1879 521 2008 548 causas
2025 516 2192 558 quaerunt
2207 509 2408 554 addiscere,

1339 586 1455 624 neque
1475 585 1540 611 nos
1558 575 1630 611 illis
1649 580 1752 611 antea
1773 572 1990 620 persuadere
2009 572 2194 608 studemus
2211 599 2221 615 ,
2245 571 2278 607 id
2298 581 2408 618 expe-

1337 637 1415 676 dire
1437 637 1532 685 quod
1557 637 1732 680 iacimus;
1754 636 1817 672 sed
1837 635 1906 672 hoc
1925 635 2040 672 solum
2060 635 2140 670 illos
2159 633 2410 677 admonemus,

1337 706 1376 736 ut
1395 701 1428 736 in
1455 699 1624 736 omnibus
1639 699 1770 736 cedant
1789 707 2024 745 quwcumque
2042 699 2280 743 praeceperint
2292 703 2412 742 patres

1338 763 1497 808 nihilque
1521 761 1672 798 ulterius
1694 759 1889 807 inquirant.
1919 758 2022 804 Quod
2049 758 2079 794 si
2096 757 2316 804 ,pareutibus
2348 766 2413 792 no-

1337 826 1434 870 stris,
1449 824 1510 872 qui
1529 824 1692 872 ejusdem
1712 829 1818 870 atque
1829 831 1894 858 nos
1912 827 2046 858 natum:
2059 827 2157 866 sunt,
2177 821 2224 856 ita
2243 819 2411 866 morigeri

1336 897 1473 933 Sumus,
1493 897 1607 934 neque
1639 887 1710 923 ulla
1739 885 1878 922 ratione
1900 885 2141 931 indignamur,
2162 883 2285 920 Deoue
2313 882 2410 918 indi-

1336 949 1526 997 gnabimur
1541 947 1636 996 quod
1653 957 1724 984 non
1745 947 1840 983 illius
1859 945 1980 982 omnia
2002 944 2104 980 nobis
2123 943 2306 990 explorata
2323 943 2410 988 sint,

1337 1011 1395 1057 qui
1424 1016 1519 1047 tanta
1543 1009 1755 1046 excellentia
1775 1007 1878 1044 nobis
1899 1005 2073 1054 prmcellit
2089 1032 2098 1049 ,
2128 1009 2298 1052 quantum
2319 1005 2413 1040 inter

1338 1074 1449 1110 Deum
1467 1080 1504 1110 et
1528 1072 1692 1108 homines
1709 1071 1902 1107 discrimen
1921 1067 2136 1106 intercedit?
2165 1067 2210 1104 Et
2227 1067 2314 1115 quid
2330 1066 2413 1102 huic

1339 1135 1511 1182 impietati
1533 1145 1598 1180 par
1619 1132 1750 1169 fuerit?

1387 1194 1505 1243 Figuli
1525 1193 1678 1241 exentplo
1697 1193 1865 1228 utitur.—
1877 1191 2060 1228 Adversus
2075 1190 2278 1237 hujusmodi
2293 1190 2410 1226 homi-

1339 1268 1403 1294 nes
1419 1267 1506 1294 sane
1527 1256 1653 1293 beatus
1674 1255 1804 1291 Paulus
1833 1253 2021 1300 indignans
2034 1251 2177 1288 dicebat
2197 1263 2205 1286 :
2235 1251 2410 1299 Alioquin,

1339 1331 1358 1355 ο
1379 1319 1491 1360 homo,
1507 1323 1542 1353 tu
1566 1317 1641 1363 quis
1657 1327 1692 1352 es
1714 1316 1771 1362 qui
1792 1315 1998 1362 respoudcas
2015 1313 2112 1349 Deo?
2125 1311 2305 1360 Numquid
2326 1313 2413 1348 dicet

1339 1383 1536 1430 ﬁgmentum
1562 1379 1685 1428 {actori
1707 1389 1783 1422 suo,
1797 1377 1866 1415 Cur
1893 1387 1946 1412 me
1965 1377 2014 1412 ita
2032 1376 2140 1422 fecisti
2153 1374 2412 1424 (Rom.9.20)?.

1340 1443 1513 1492 Equidem
1545 1442 1698 1478 filiorum
1717 1439 1901 1485 exemplar
1925 1447 2205 1484 proposueram;
2229 1437 2306 1484 ipse
2327 1446 2412 1472 vero

1339 1507 1452 1543 multo
1470 1505 1586 1550 majus
1606 1503 1740 1550 posuit,
1761 1501 1857 1548 ﬁguli
1875 1500 2026 1542 scilicet,
2045 1505 2152 1546 atque
2166 1499 2210 1534 ab
2223 1509 2268 1534 eo
2286 1499 2320 1534 in
2340 1497 2414 1535 for-

1339 1579 1434 1604 mam
1455 1566 1590 1604 redacti
1609 1565 1685 1601 luti.
1708 1564 1808 1601 Sicut
1836 1563 1932 1599 enim
1954 1562 2066 1598 lutum
2087 1571 2314 1608 quocumque
2334 1571 2414 1598 ma-

1340 1638 1406 1665 nus
1425 1639 1463 1664 se
1483 1626 1670 1663 l‘ormantis
1689 1624 1833 1661 duxerit
1850 1622 2026 1670 sequitur,
2047 1623 2094 1658 ita
2115 1621 2298 1658 hominem
2316 1632 2416 1669 qua:-

1339 1701 1492 1738 cumque
1512 1690 1605 1726 Deus
1621 1688 1768 1736 jusserit
1793 1697 1834 1724 ea
1859 1686 1986 1732 sequi,
2011 1691 2046 1722 et
2065 1695 2144 1732 qua:
2174 1685 2234 1722 ille
2256 1685 2415 1722 intulerit

1338 1761 1440 1802 grato
1453 1753 1574 1789 animo
1591 1751 1748 1797 perferre
1763 1749 1947 1790 convenit,
1969 1747 2059 1784 nihil
2075 1747 2223 1783 omnino
2236 1747 2415 1784 reluctan-

1338 1817 1397 1860 do,
1420 1816 1476 1852 vel
1500 1815 1642 1852 curiose
1656 1813 1842 1850 addiscere
1857 1811 2066 1858 quaerendo.
2087 1809 2212 1858 Neque
2231 1811 2328 1848 enim
2348 1821 2416 1847 no-

1337 1879 1393 1915 bis
1410 1878 1496 1915 solis
1515 1877 1581 1914 ista
1603 1876 1767 1922 ambigua
1788 1881 1884 1917 sunt,
1906 1885 2029 1911 verum
2053 1879 2089 1910 et
2109 1873 2152 1909 iis
2169 1873 2228 1920 qui
2245 1881 2329 1910 ante
2349 1883 2416 1910 nos

1337 1941 1508 1980 luerunt.
1535 1944 1670 1975 sanctis
1700 1938 1769 1973 illis
1791 1947 1834 1974 ac
1866 1935 2089 1973 mirabilibus
2119 1935 2218 1972 viris.
2241 1935 2413 1972 Aitenim

1335 2003 1403 2040 Job
1442 2015 1452 2040 :
1483 2001 1529 2039 Ut
1561 2001 1643 2048 quid
1673 1999 1771 2048 impii
1806 1999 1946 2041 uiuunt,
1975 1998 2164 2044 divitiisque
2205 2004 2414 2034 veterascunt

1337 2065 1419 2113 (Job
1437 2065 1497 2100 21.
1515 2063 1579 2112 7)?
1600 2063 1730 2100 Beatus
1765 2067 1883 2098 autem
1909 2059 2036 2102 David,
2065 2058 2181 2103 Pwnc,
2201 2058 2328 2105 inquit,
2359 2057 2414 2105 ef-

1337 2127 1406 2175 fusi
1419 2132 1498 2162 sunt
1508 2135 1643 2173 gressus
1665 2123 1744 2165 mei,
1761 2124 1842 2168 quia
1867 2121 1974 2158 zelavi
1994 2131 2097 2167 super
2110 2120 2244 2166 iniquos
2262 2147 2271 2163 ,
2295 2130 2414 2166 pacem

1337 2195 1551 2237 peccatorum
1594 2187 1710 2222 videns
1741 2196 1754 2222 :
1791 2185 1873 2232 quia
1909 2194 1977 2220 non
2012 2188 2060 2219 est
2103 2188 2277 2229 respectus
2309 2183 2414 2218 morti

1337 2262 1467 2295 eorum,
1496 2257 1527 2286 ct
1551 2251 1810 2294 ﬁrmamentum
1830 2248 1866 2283 in
1881 2246 1984 2293 plaga
2012 2255 2156 2282 eorum:
2183 2245 2218 2280 in
2241 2244 2414 2282 laboribus

1337 2314 1510 2350 hominum
1529 2323 1596 2348 non
1613 2318 1706 2354 sunt,
1727 2317 1842 2346 etcum
1857 2308 2049 2344 hominibus
2066 2319 2132 2343 non
2144 2307 2414 2354 ﬂagellabuntur

1337 2376 1457 2424 (Psal;
1473 2374 1532 2411 72.
1549 2373 1664 2420 2.-5).
1681 2373 1765 2408 Post
1779 2371 1875 2407 hunc
1891 2369 2066 2406 Jeremias
2085 2379 2228 2415 quoque
2247 2369 2410 2406 diccbat:

1335 2439 1459 2475 Justus
1475 2449 1524 2481 es,
1556 2435 1715 2478 Domine,
1749 2440 1976 2470 verumtamen
1993 2431 2128 2478 judicia
2148 2431 2270 2478 loquar
2290 2433 2337 2468 ad
2366 2440 2410 2468 te.

1339 2501 1432 2546 Quid
1453 2506 1502 2536 est
1519 2499 1610 2547 quod
1621 2499 1675 2534 via
1689 2502 1903 2544 peccatorum
1919 2498 2140 2541 prosperatur
2154 2491 2244 2541 (Jer.
2260 2493 2319 2528 12.
2341 2494 2376 2540 1)
2394 2495 2410 2530 ‘l

1336 2563 1577 2611 Ambigebant
1589 2561 1646 2597 isti
1661 2559 1804 2606 quidem
1825 2563 1931 2604 atque
1941 2555 2182 2601 inquirebant,
2197 2554 2258 2590 sed
2274 2565 2345 2591 non
2365 2555 2412 2592 ita

1336 2633 1374 2664 ut
1405 2625 1542 2663 faciunt
1569 2623 1695 2669 impii:
1729 2631 1844 2667 neque
1860 2619 1956 2656 enim
1972 2617 2188 2654 accusabant
2213 2616 2340 2660 Deum,
2361 2627 2408 2654 ex

1337 2689 1378 2726 iis
1399 2697 1478 2735 quae
1498 2685 1600 2730 fiunt,
1623 2684 1722 2720 illum
1742 2682 1894 2728 injustim
1912 2679 2108 2726 arguebant
2126 2689 2136 2722 ;
2153 2677 2216 2714 sed
2230 2677 2321 2714 alius
2335 2679 2413 2725 qui-

1335 2750 1418 2787 dem
1435 2748 1554 2786 aiebat
1577 2758 1585 2782 :
1605 2745 1748 2782 Justitia
1765 2751 1822 2780 tua
1839 2743 1926 2779 sicut
1948 2746 2074 2777 montes
2093 2739 2171 2783 Dei,
2194 2739 2330 2787 judicia
2353 2747 2413 2776 tua

1335 2813 1476 2860 abyssus
1491 2809 1598 2846 multa
1617 2807 1696 2857 (Ps.
1719 2807 1778 2843 55.
1803 2805 1853 2851 7).
1882 2805 1931 2840 De
1948 2803 2033 2845 alio,
2053 2812 2135 2838 cum
2159 2807 2255 2837 tanta
2283 2811 2413 2848 passus

1335 2879 1444 2916 esset,
1476 2871 1647 2918 scriptum
1679 2873 1734 2905 est
1763 2879 1772 2903 :
1809 2865 1891 2902 Non
1933 2865 2024 2900 dedit
2069 2863 2300 2910 insipientiam
2341 2863 2413 2900 Deo

1335 2935 1417 2984 (Job
1440 2936 1474 2972 1.
1493 2934 1572 2981 22).
1597 2933 1640 2968 Et
1669 2931 1704 2968 in
1731 2929 1860 2966 eodem
1887 2927 1978 2964 libro
2005 2925 2410 2973 incomprehensibilem

1334 2997 1546 3045 sapientiam
1569 2994 1662 3031 illius
1679 2999 1716 3030 et
1733 2991 2038 3038 dispensationem
2059 2997 2247 3032 enarrans,
2267 2997 2349 3024 cum
2365 2987 2411 3024 de

1333 3062 1516 3098 creatione
1529 3057 1760 3095 disseruisset
1777 3067 1786 3092 :
1809 3053 1898 3090 Ecce
1915 3053 1991 3089 ista:
2005 3059 2086 3088 sum
2100 3057 2212 3097 partes
2232 3050 2296 3086 vice
2322 3050 2410 3098 ejus,

1333 3131 1364 3161 et
1379 3123 1424 3160 ad
1441 3123 1617 3159 humorem
1635 3119 1724 3156 verbi
1744 3117 1920 3154 audiemus
1938 3115 1973 3151 in
1998 3125 2037 3152 eo
2057 3113 2137 3162 (Job
2171 3113 2230 3151 26.
2259 3113 2334 3160 14).
2355 3113 2412 3150 ld-

1333 3189 1450 3235 ipsum
1480 3194 1623 3234 quoque
1649 3182 1826 3222 Jeremias
1857 3177 2048 3227 providens
2066 3188 2112 3214 ne
2135 3177 2215 3225 quis
2241 3187 2410 3225 umquam

1333 3250 1590 3298 suspicaretur,
1627 3243 1897 3292 interrogationi
1918 3241 2094 3289 judicium
2131 3249 2236 3277 suum
2269 3249 2412 3286 przepo-

1333 3314 1404 3351 suit
1417 3312 1542 3350 dicens
1563 3322 1572 3346 :
1591 3308 1712 3345 Justus
1725 3318 1773 3352 es,
1795 3304 1940 3342 Domine
1962 3313 1974 3340 :
1992 3303 2060 3340 hoc
2073 3308 2143 3347 est,
2163 3301 2246 3339 Seio
2266 3301 2411 3349 quidem

1332 3387 1352 3414 a
1369 3382 1404 3414 te
1419 3374 1536 3412 omnia
1557 3372 1631 3411 fieri
1644 3372 1754 3418 iuste,
1773 3368 1918 3406 modum
1937 3372 2058 3404 autem
2078 3366 2205 3413 ignoro
2219 3375 2290 3412 quo
2309 3365 2410 3400 fiunt.

1332 3439 1425 3487 Quid
1445 3437 1581 3487 igitur?
1599 3434 1804 3483 ampliusne
1824 3433 1876 3470 illi
1895 3428 2120 3468 didicerunt?
2141 3428 2278 3474 Nempe
2306 3425 2352 3462 de
2370 3426 2412 3462 iis

1333 3503 1470 3540 nullum
1487 3511 1698 3550 responsum
1719 3497 1924 3536 retulerunt
1942 3509 1951 3532 :
1973 3495 2068 3544 quod
2085 3495 2210 3532 beatus
2229 3490 2338 3528 David
2358 3489 2411 3524 in-

1331 3567 1440 3612 dicat,
1463 3576 1544 3602 cum
1559 3564 1648 3602 dicit
1669 3575 1678 3600 :
1700 3563 1745 3600 Et
1765 3560 1998 3599 existimabant
2012 3564 2049 3594 ut
2063 3563 2312 3604 cognoscerent,
2329 3551 2411 3598 quia

1333 3629 1396 3666 Itoc
1421 3629 1516 3665 labor
1545 3633 1593 3664 est
1616 3633 1695 3664 ante
1729 3625 1811 3674 mc(
1825 3623 1925 3661 Psal.
1945 3619 2098 3666 72.16).
2123 3615 2258 3653 Idcirco
2287 3618 2408 3650 autem

1333 3702 1505 3740 responsa
1533 3701 1642 3738 super
1673 3689 1730 3726 his
1748 3699 1820 3726 non
1839 3687 2078 3731 acceperunt,
2094 3685 2134 3716 ιιι
2150 3675 2410 3740 Ροεξεγῖοτίῢαε

1334 3736 1474 3790 sarculis
1497 3736 1636 3790 futuros
1656 3751 1820 3789 homines
1843 3747 2016 3784 docerent
2033 3741 2142 3778 etiam
2164 3736 2232 3785 ipsi
2251 3736 2410 3774 interro-

1332 3817 1478 3865 gatione
1513 3816 1709 3853 abstinere.
1737 3813 1854 3858 Atque
1887 3807 1938 3844 illi
1966 3802 2110 3852 quidem
2130 3810 2242 3838 unum
2271 3804 2408 3836 tantum

1335 3868 1578 3927 inquirebant,
1595 3887 1660 3914 cur
1673 3873 1810 3912 scilicet
1829 3867 1925 3915 impii
1943 3867 1976 3904 in
1994 3865 2096 3914 copia
2109 3874 2230 3902 rerum
2246 3865 2406 3903 omnium
