2726 4358
338 224 409 263 ιω

339 310 374 338 ct
390 297 626 348 prosperitate
643 293 824 336 viverent,
837 296 874 327 et
891 299 938 326 ne
955 287 1008 326 sic
1031 285 1176 335 quidem
1189 285 1392 323 didicerunt
1408 295 1418 320 :

341 374 376 399 at
399 371 482 398 vero
501 359 558 396 isti
580 358 686 403 longe
707 354 809 402 plura
841 362 949 400 quam
971 351 1022 388 illi
1040 351 1184 388 curiose
1199 353 1420 386 scrutantur.

336 426 390 462 Ea
425 423 521 460 enim
561 430 641 467 quae
675 427 772 454 ltllllc
807 421 1073 464 proponuntur,
1109 413 1223 450 multo
1256 413 1422 460 graviora

337 492 434 522 sunt.
455 483 578 530 Itaque
599 479 788 517 manifesta
810 479 939 514 horum
969 477 1062 513 ratio
1092 475 1143 513 illi
1173 475 1420 524 permittatur,

337 547 398 595 qui
421 545 520 582 novit
538 543 661 582 omnia
678 549 871 589 antequam
884 540 983 576 fiant.

388 609 424 648 8.
447 608 517 646 Cur
533 607 614 644 boni
650 606 848 654 afﬂigantur
879 602 1104 651 querendum
1140 612 1208 638 non
1244 605 1304 637 est.
1321 618 1369 627 ——
1385 597 1423 636 Si

337 679 459 710 tamen
474 680 566 718 opus
583 669 629 706 sit
648 679 718 706 nos
737 678 783 705 ex
806 667 864 712 iis,
879 677 962 714 quze
982 665 1057 712 jam
1077 669 1162 700 nota
1178 663 1284 700 nobis
1309 667 1392 700 sunt
1412 688 1422 706 ,

338 735 556 772 solutionem
591 730 828 779 qumsitorum
853 735 890 766 et
904 725 1192 765 eonsolatiooem
1219 724 1428 772 excogitare

340 802 488 844 propter
517 804 581 831 eos
599 793 672 841 qui-
692 797 766 830 tam
792 791 937 828 curiose
962 789 1022 827 illa
1051 789 1306 833 sciscitantur,
1337 785 1426 824 illud

339 859 492 898 dixerim
509 887 519 904 ,
538 858 724 905 indignum
754 866 837 894 esse
863 865 1028 902 quaerere
1051 864 1117 891 cur
1135 853 1221 890 boni
1256 853 1292 889 in
1323 861 1427 899 pres-

340 921 435 959 suris
449 949 460 966 ,
481 921 567 957 mali
585 927 711 956 contra
733 919 768 955 in
807 918 931 966 requie
952 918 1166 964 persismnt,
1187 915 1325 952 caelesti
1351 914 1427 962 jam

341 983 501 1020 revelato
529 993 642 1029 regno
659 1010 668 1026 ,
691 979 876 1028 futurique
893 979 1016 1016 smculi
1039 979 1190 1026 praemio
1224 977 1329 1014 nobis
1364 986 1426 1014 os-

343 1051 460 1083 tenso.
482 1043 572 1081 Nam
585 1054 667 1080 cum
690 1044 725 1080 in
747 1043 806 1079 illa
832 1042 904 1078 vita
931 1041 1063 1088 singuli
1083 1041 1189 1088 digna
1209 1040 1284 1077 suis
1312 1039 1426 1076 meri-

342 1110 390 1146 tis
409 1108 614 1154 recipiant,
638 1106 724 1154 quid
739 1106 813 1154 jam
832 1105 886 1142 eis
911 1105 1020 1141 rebus
1047 1103 1302 1150 perturbamur
1317 1130 1326 1146 ,
1347 1112 1429 1149 quas

348 1173 408 1209 hic
427 1171 534 1208 bonis
553 1177 614 1207 aut
637 1169 742 1207 malis
771 1167 1015 1216 contingunt?
1036 1167 1132 1204 Deus
1153 1166 1249 1202 enim
1274 1173 1338 1202 eos
1369 1165 1431 1212 qui

345 1235 415 1272 sibi
438 1233 641 1276 adhaerent,
665 1231 774 1268 veluti
797 1230 1015 1268 fortissimos
1033 1229 1202 1273 athletas,
1218 1225 1430 1274 hujusmodi

351 1297 538 1334 laboribus
555 1301 716 1339 exercet,
739 1293 998 1331 imbecilliores
1027 1303 1114 1329 vero
1132 1302 1174 1328 ac
1195 1289 1374 1327 tardiores
1393 1289 1428 1334 ί,

347 1367 384 1398 et
417 1361 478 1408 qui
513 1359 604 1397 nihil
639 1359 813 1395 durorum
851 1357 1016 1394 laborum
1055 1356 1222 1403 perferre
1255 1359 1430 1400 possunt,

351 1424 451 1470 prius
497 1422 542 1459 ad
585 1421 680 1458 booa
715 1431 828 1468 opera
866 1419 1044 1456 hortatur.
1080 1417 1184 1463 Quod
1234 1417 1266 1454 si
1306 1423 1431 1454 contra

349 1494 623 1532 nonnumquam
652 1482 796 1526 evenit,
820 1481 1038 1529 plurimique
1056 1480 1144 1528 justi
1164 1480 1222 1516 hic
1241 1479 1278 1516 in
1303 1478 1431 1525 requie

348 1549 458 1584 vitam
472 1557 554 1584 cum
573 1545 711 1582 honore
729 1551 852 1592 agunt,
870 1543 954 1580 mali
967 1543 1100 1580 veroin
1117 1541 1313 1590 ignominia
1331 1549 1433 1576 sum-

349 1609 490 1656 misque
502 1607 782 1645 adversitalibus
797 1606 1012 1654 perdurant,
1025 1605 1170 1641 interim
1179 1603 1324 1652 quidem
1336 1603 1434 1649 prior

348 1672 408 1708 illa
439 1671 596 1717 objectio
614 1699 624 1715 ,
657 1680 737 1718 qua:
761 1669 872 1716 affligi
893 1668 1025 1713 bonos,
1052 1667 1168 1703 malos
1190 1675 1279 1702 vero
1301 1665 1436 1712 jugitcr

353 1743 435 1770 esse
465 1734 500 1768 iu
523 1733 663 1769 deliciis
683 1733 976 1778 conquerebatur
995 1759 1004 1775 ,
1036 1730 1104 1767 hac
1138 1730 1279 1766 ratione
1308 1738 1434 1766 eversa

349 1791 576 1840 profligatur.
597 1792 662 1828 Sin
677 1797 798 1828 autem
819 1799 855 1828 et
883 1792 989 1837 hujus
1006 1792 1058 1828 rei
1082 1801 1229 1827 causam
1252 1791 1436 1837 inquirere

349 1854 504 1890 velimus
519 1880 529 1896 ,
551 1852 586 1889 id
622 1852 786 1900 profecto
815 1852 970 1888 dixerim
992 1879 1001 1894 ,
1025 1853 1138 1888 Deum
1155 1857 1278 1887 nostra
1311 1851 1434 1888 omnia

348 1926 422 1952 non
456 1925 529 1951 uno
549 1914 656 1950 modo
675 1913 819 1950 solitum
851 1923 933 1950 esse
969 1913 1167 1960 disponere
1185 1939 1196 1957 ,
1217 1911 1281 1948 sed
1312 1922 1434 1948 rerum

351 1977 455 2024 copia
475 1977 706 2020 instructum,
737 1976 860 2023 plures
880 1975 987 2012 nobis
1005 1974 1050 2011 ad
1070 1975 1224 2011 salutem
1244 1974 1322 2011 vias
1342 1980 1436 2011 ster-

354 2048 454 2075 nere.
473 2039 564 2074 Cum
599 2039 719 2086 itaque
737 2038 861 2085 plures
897 2038 970 2074 sint
985 2066 996 2081 ,
1017 2037 1078 2084 qui
1111 2037 1219 2073 futuri
1238 2036 1360 2074 saeculi
1393 2047 1437 2074 ac

351 2103 631 2139 resurrectionis
661 2102 862 2138 doctrinam
889 2102 1080 2138 admittere
1109 2101 1343 2149 pertinaciter
1373 2111 1434 2138 re-

351 2172 478 2210 nuant,
497 2165 608 2202 veluti
632 2165 666 2201 in
686 2165 784 2202 brevi
805 2165 924 2200 tabula
946 2165 1004 2200 hic
1021 2164 1146 2211 judicii
1177 2163 1287 2200 futuri
1307 2164 1436 2212 imagi-

352 2237 435 2264 nem
455 2226 640 2269 ostendit,
659 2236 740 2263 cum
760 2227 862 2273 punit
895 2226 1010 2264 malos
1031 2253 1040 2270 ,
1063 2226 1182 2263 bonos
1212 2233 1434 2264 remunerat.

352 2289 457 2336 Quod
475 2299 557 2326 cum
581 2290 614 2325 in
631 2289 767 2336 judicio
780 2289 840 2326 illo
855 2300 1025 2336 supremo
1039 2290 1259 2337 generaliter
1277 2290 1434 2327 futurum

356 2354 428 2398 sit,
447 2353 556 2390 etiam
579 2363 676 2390 nunc
689 2363 732 2390 ex
755 2358 856 2400 parte
875 2353 994 2400 aliqua
1016 2353 1098 2390 ideo
1119 2353 1158 2388 fit
1173 2380 1184 2397 ,
1204 2359 1242 2389 ut
1263 2354 1322 2400 qui
1341 2354 1436 2390 circa

354 2417 592 2466 longinquum
612 2417 698 2454 illud
714 2416 888 2464 judicium
908 2426 972 2464 spe
989 2417 1077 2463 lapsi
1095 2423 1176 2453 sunt
1191 2445 1202 2462 ,
1222 2417 1279 2453 vel
1296 2417 1339 2453 iis
1356 2427 1436 2464 qua:

363 2482 401 2518 in
423 2481 492 2518 hoc
511 2479 642 2518 sacculo
661 2480 874 2527 contingunt
891 2479 1080 2522 admOnili,
1102 2478 1368 2516 mansuetiores
1383 2483 1440 2515 at-

357 2553 428 2592 que
441 2543 610 2580 meliores
623 2541 721 2578 ﬁant.
731 2542 768 2579 Si
781 2542 876 2578 enim
889 2541 1009 2578 nullus
1020 2541 1078 2578 hic
1090 2541 1238 2578 omnino
1250 2541 1438 2588 puniretur

355 2605 487 2650 malus,
510 2605 701 2651 nullu5qne
719 2605 960 2640 honoraretur
979 2604 1112 2648 bonus,
1135 2601 1280 2650 plurimi
1309 2613 1356 2640 ex
1393 2601 1438 2639 iis

355 2669 416 2716 qui
449 2668 756 2705 resurrectionem
793 2675 865 2702 non
897 2665 1082 2709 credunt,
1117 2666 1292 2703 virtutem
1328 2665 1437 2702 veluti

356 2729 533 2766 malorum
555 2739 701 2770 causam
725 2727 920 2775 fugerent,
953 2727 1190 2764 vitiositatem
1209 2738 1298 2765 vero
1325 2727 1438 2764 veluti

356 2793 534 2829 bonorum
569 2801 715 2828 causam
749 2797 1053 2838 persequerentur
1086 2803 1096 2828 :
1131 2791 1160 2828 si
1196 2801 1342 2828 rursum
1381 2791 1440 2828 hic

358 2853 492 2900 singuli
523 2853 624 2900 juxta
661 2854 789 2890 merita
824 2855 1060 2900 reciperent,
1097 2855 1319 2902 superﬂuam
1364 2855 1438 2902 jam

356 2915 558 2963 falsamque
578 2916 969 2962 existimarentjudicii
1003 2917 1224 2954 doctrinam.
1248 2918 1374 2964 Itaque
1393 2927 1438 2954 ne

361 2979 447 3016 huic
479 2989 550 3015 non
587 2978 797 3016 crederetur
817 3007 826 3024 ,
845 2989 890 3016 ne
921 2979 1046 3026 ingens
1078 2979 1308 3026 vulgarisque
1335 2979 1438 3016 turba

355 3053 402 3079 ex
421 3047 630 3088 contemptu
652 3041 812 3078 deterior
845 3041 970 3086 fieret,
990 3042 1124 3080 multos
1145 3042 1203 3080 hic
1227 3049 1440 3090 peccatores

360 3105 558 3150 ulciscitur,
575 3105 824 3152 quosdamque
837 3116 904 3153 pro
923 3112 1022 3143 recte
1042 3106 1144 3144 factis
1161 3112 1384 3150 remunerat,
1401 3112 1440 3143 ut

357 3179 404 3204 ex
426 3178 470 3205 eo
495 3168 590 3215 quod
613 3178 684 3204 non
707 3168 742 3204 in
773 3169 942 3205 omnibus
973 3169 1008 3205 id
1038 3167 1124 3206 facit
1149 3169 1272 3216 judicii
1301 3174 1441 3206 asserat

365 3230 488 3273 fidem,
510 3242 553 3268 ex
573 3241 617 3268 eo
640 3241 729 3268 vero
747 3232 841 3278 quod
863 3239 946 3270 ante
958 3232 1132 3279 judicium
1161 3243 1305 3280 quoque
1326 3232 1440 3268 malos

358 3293 500 3339 aliquos
520 3294 706 3341 suppliciis
725 3294 836 3331 afficit
850 3323 860 3338 ,
882 3295 1166 3342 profundissimo
1186 3295 1288 3342 quasi
1309 3304 1439 3331 somno

359 3353 520 3400 sepultos
539 3355 684 3392 excitet.
705 3355 792 3391 Nam
812 3367 860 3392 ex
887 3357 1064 3394 malorum
1081 3357 1228 3404 quidem
1251 3357 1439 3404 punitione

361 3415 505 3460 plurimi
523 3415 651 3452 timore
669 3417 910 3464 corriguntur,
923 3430 969 3456 ne
983 3420 1165 3466 patiantur
1181 3418 1324 3462 eadem;
1337 3429 1382 3455 ex
1395 3427 1438 3454 eo

359 3483 480 3514 autem
501 3477 596 3524 quod
613 3489 682 3514 non
702 3480 872 3517 omnibus
891 3492 955 3528 pro
975 3484 1106 3520 merito
1126 3482 1184 3519 hic
1202 3482 1436 3520 retribuatur.

357 3539 519 3586 cogitare
553 3542 819 3588 compelluntur
854 3543 1060 3592 hujusmodi
1083 3544 1231 3592 prtemia
1267 3544 1303 3580 in
1339 3543 1435 3580 aliud

359 3607 502 3648 tempus
521 3612 604 3640 esse
623 3612 821 3642 reservata.

407 3663 479 3699 Cur
513 3676 582 3701 non
627 3678 745 3704 anmes
782 3668 836 3704 Itic
880 3668 971 3705 Deus
1002 3669 1203 3716 puniat.—
1235 3667 1466 3714 Numqmm-

358 3725 456 3762 enim
491 3727 649 3772 profecto
671 3757 681 3773 ,
715 3740 798 3767 cum
839 3731 957 3778 justus
988 3731 1036 3766 sit
1072 3730 1198 3774 Deus,
1251 3735 1304 3765 tot
1332 3739 1436 3775 sper-

362 3794 464 3824 neret
494 3788 571 3826 sive
607 3791 722 3828 malos
741 3792 936 3840 impunitos
969 3802 1015 3828 ex
1043 3791 1114 3827 vita
1149 3792 1324 3839 migrare,
1361 3791 1436 3828 sive

362 3845 478 3884 bonos
518 3849 577 3887 hic
607 3851 806 3891 innumeris
843 3853 1082 3891 incommodis
1116 3851 1212 3890 afﬁci
1233 3880 1243 3897 ,
1289 3853 1318 3889 si
1364 3862 1435 3889 non

406 3933 418 3956 ι
442 3938 578 3972 inSavil.
599 3945 631 3974 et
647 3942 732 3976 Coll».
748 3943 866 3978 desunt
885 3943 997 3984 verba,
1015 3951 1053 3976 ac
1069 3945 1240 3976 territans.

821 215 861 252 S.
885 209 1076 251 JOANNlS
1101 206 1424 249 CHRYSOSTOMI
1451 205 1668 244 ARCHIEP.
1694 203 2050 245 CONSTANTINOP.
2276 233 2278 237 .
2446 219 2498 260 ιη

1495 283 1657 331 utrisque
1685 282 1798 320 alium
1831 283 1868 320 in
1900 285 2016 322 futuro
2047 287 2174 326 saeculo
2207 295 2326 327 statum
2361 304 2500 340 ῃςη-θεεει,

1493 347 1668 394 Quocirca
1711 358 1785 386 non
1822 357 1949 394 omnes
2003 349 2060 386 vel
2110 352 2276 398 supplicio
2308 355 2356 392 vel
2396 357 2502 399 honore

1494 409 1619 455 afficit,
1640 409 1705 446 sed
1741 410 1930 458 quosdam,
1953 411 2044 448 sicut
2074 417 2111 449 et
2124 412 2157 448 iu
2177 413 2352 452 Persarum
2369 428 2460 467 rege,
2476 429 2504 460 et

1495 474 1532 512 in
1562 474 1716 511 Ezechia
1743 475 1916 522 contigit,
1949 485 2160 523 quamquam
2186 477 2309 516 fuerint
2336 481 2459 528 plurimi
2477 492 2504 522 et

1494 536 1645 584 Assyrio
1680 535 1890 584 impietate,
1919 543 1955 574 et
1989 537 2150 575 Ezechite
2181 539 2303 586 pietate
2335 552 2373 579 ac
2402 543 2505 584 virtute

1494 608 1614 646 pares.
1635 597 1708 636 Sed
1727 609 1798 635 non
1815 609 1899 646 erga
1918 609 2044 637 omnes
2063 599 2132 637 hoc
2147 601 2216 648 agit
2233 603 2318 640 Deus
2336 615 2344 640 :
2361 606 2447 652 cujus
2468 610 2504 645 rei

1495 671 1604 698 causa
1627 667 1704 706 est,
1727 668 1766 698 ut
1787 661 1887 706 dixi,
1916 662 2011 710 quod
2031 663 2182 701 nondum
2199 665 2287 702 adsit
2299 666 2408 713 judicii
2435 677 2506 706 tem-

1497 734 1580 771 pus.
1599 723 1704 770 Quod
1722 731 1842 762 autem
1875 725 1942 760 ista
1965 724 2126 762 doctrina
2157 737 2231 764 mea
2251 738 2316 766 non
2333 729 2372 766 sit
2387 756 2396 774 ,
2418 731 2455 768 ab
2473 743 2506 770 eo

1497 787 1558 834 qui
1579 797 1645 824 nos
1665 792 1750 824 tunc
1764 786 1992 832 judicaturus
2015 792 2070 824 est
2093 787 2196 824 modo
2213 788 2338 826 audies.
2355 790 2429 828 Nam
2445 803 2506 830 cum

1498 849 1654 898 profecti
1691 849 1736 887 ad
1767 859 1849 886 eum
1877 849 2021 897 quidam
2053 857 2200 888 mortem
2233 851 2360 889 illorum
2387 853 2436 901 qui
2458 855 2508 892 sub

1499 918 1600 949 turre
1618 911 1735 949 obruti
1768 911 1937 957 fuerant,
1960 911 2131 959 Pilatique
2148 914 2315 959 vesaniam
2339 917 2507 954 annuntias-

1499 982 1595 1022 sent,
1617 985 1724 1023 quam
1745 975 1780 1012 in
1798 985 1861 1012 eos
1877 975 1937 1022 qui
1959 975 2088 1012 mortui
2106 975 2239 1014 fuerant
2254 976 2412 1016 ostendit.
2425 979 2508 1015 sacri-

1500 1038 1592 1076 ficiis
1613 1038 1755 1075 illorum
1773 1038 1986 1086 sanguinem
2009 1037 2188 1076 miscendo
2203 1067 2213 1084 ,
2232 1045 2302 1077 tum
2318 1039 2382 1077 ait:
2404 1039 2508 1078 Putatis

1499 1100 1590 1148 quod
1615 1100 1652 1136 lii
1672 1099 1808 1138 Gatilwi
1839 1108 2031 1147 peccatores
2063 1111 2134 1146 prie
2151 1103 2272 1138 ceteris
2309 1100 2438 1140 Galilei:
2453 1105 2508 1149 {ae-

1500 1165 1570 1201 rint
1589 1192 1598 1208 ,
1621 1164 1680 1212 qui
1697 1164 1782 1201 talia
1799 1165 1892 1212 passi
1916 1165 2024 1201 sunt?
2043 1163 2122 1200 Non
2139 1192 2150 1209 ,
2169 1163 2240 1202 dico
2270 1164 2354 1201 vobis
2369 1193 2378 1209 ,
2394 1165 2442 1201 sed
2462 1165 2508 1200 nisi

1501 1228 1734 1277 pcenitentiam
1755 1228 1890 1276 egeritis
1905 1256 1916 1272 ,
1935 1239 2048 1264 omnes
2065 1227 2216 1265 similiter
2242 1227 2388 1274 peribitis.
2407 1227 2458 1263 Aut
2472 1227 2508 1263 illi

1501 1294 1617 1330 decem
1639 1299 1670 1330 et
1685 1299 1760 1330 octo
1778 1303 1883 1339 super
1904 1303 1986 1338 quos
2009 1291 2124 1327 cecidit
2148 1291 2246 1326 turris
2258 1290 2354 1333 Siloa,
2379 1296 2405 1326 ct
2421 1290 2508 1326 occidit

1501 1355 1604 1400 illos,
1638 1355 1766 1403 putatis
1796 1355 1888 1403 quod
1917 1354 1984 1401 ipsi
2017 1363 2087 1401 pra:
2117 1352 2286 1396 omnibus,
2311 1353 2362 1399 qui
2393 1351 2508 1388 habitant

1500 1416 1718 1461 Jerusalem,
1739 1416 1904 1452 debitores
1919 1414 2068 1462 fuerint?
2084 1413 2173 1457 Non,
2194 1413 2265 1450 dico
2281 1413 2381 1458 vobis,
2396 1412 2444 1448 sed
2461 1411 2506 1448 nisi

1504 1479 1736 1526 penitentiam
1769 1479 1906 1526 egeritis
1923 1506 1934 1523 ,
1969 1489 2082 1514 omnes
2113 1476 2260 1513 similiter
2286 1473 2502 1524 peribitisﬂatc.

1505 1542 1564 1579 15.
1599 1541 1669 1579 2-5
1689 1542 1716 1589 ).
1755 1540 1842 1578 Hice
1873 1539 2055 1578 dilationis
2085 1548 2189 1576 causa
2229 1543 2292 1574 est.
2324 1536 2437 1573 Idcirco
2458 1545 2507 1572 non

1503 1613 1632 1641 omnes
1665 1602 1728 1651 qui
1761 1602 1900 1640 eisdem
1933 1601 2117 1650 suppliciis
2141 1607 2221 1638 sunt
2235 1600 2324 1648 digni
2341 1609 2400 1635 una
2418 1598 2510 1644 punire

1503 1667 1706 1711 consuevit,
1724 1671 1763 1704 ut
1783 1665 1909 1713 reliqui
1925 1675 2050 1704 eorum
2065 1665 2202 1702 casibus
2215 1662 2370 1700 admoniti
2385 1660 2513 1698 meliori-5

1505 1730 1607 1766 fiant.
1638 1729 1758 1776 Atque
1786 1728 1854 1766 ista
1873 1727 2018 1776 quidem
2057 1726 2196 1764 interim
2227 1725 2362 1762 solvisse
2385 1721 2512 1761 sufﬁciat.

1504 1793 1576 1830 Sed
1607 1792 1706 1830 enim
1735 1799 1774 1830 tu
1809 1791 1974 1829 fortassis
2009 1801 2052 1828 ea
2084 1790 2214 1832 etiam,
2240 1797 2314 1835 qua:
2337 1785 2426 1834 paulo
2455 1789 2514 1820 ante

1507 1856 1787 1902 proposuimus,
1808 1855 1924 1892 multo
1957 1853 2064 1890 etiam
2086 1850 2298 1900 perplexiora
2313 1877 2322 1893 ,
2341 1855 2374 1885 ut
2389 1845 2516 1883 similiter

1505 1917 1720 1962 enodenius,
1741 1917 1906 1966 inquiris.
1929 1917 2001 1954 Sed
2017 1926 2096 1953 cum
2113 1915 2229 1963 priora
2248 1922 2308 1961 pro
2319 1910 2432 1948 viribus
2445 1913 2515 1955 pate-

1505 1980 1713 2027 fecerimus,
1728 1981 1773 2018 ad
1791 1981 1850 2018 illa
1862 1981 1970 2018 etiam
1991 1978 2157 2018 solvenda
2171 1976 2380 2015 fundamenta
2391 1970 2514 2020 quaedam

1503 2044 1600 2092 jacla
1618 2043 1732 2082 fuisse
1751 2045 1981 2082 arbitramur.

1555 2120 1626 2158 Cur
1659 2121 1759 2158 multi
1788 2127 1860 2158 tota
1885 2121 1954 2158 vita
1973 2119 2172 2168 afﬂigantur.
2195 2135 2241 2143 —
2263 2112 2345 2159 Quid
2364 2119 2436 2157 ergo
2455 2105 2516 2144 illud

1506 2189 1575 2227 est,
1598 2183 1633 2220 in
1655 2193 1726 2231 quo
1752 2183 1871 2220 haeres
1891 2188 1928 2219 et
1951 2179 2128 2218 ﬂuctuas?
2146 2178 2243 2224 Quod
2263 2174 2389 2224 plurimi
2405 2183 2441 2209 ex
2465 2169 2518 2216 pri-

1505 2247 1656 2284 mordiis
1675 2247 1792 2284 aetatis
1823 2246 1869 2282 ad
1899 2247 2007 2282 finem
2035 2253 2148 2291 usque
2177 2241 2278 2277 variis
2309 2232 2518 2274 calamitatibus

1509 2309 1583 2344 sint
1617 2308 1750 2346 affecti.
1785 2307 1864 2356 Ego
1891 2314 1928 2344 et
1945 2307 1990 2344 de
2010 2307 2064 2342 his
2092 2311 2127 2342 et
2145 2303 2186 2340 de
2207 2300 2370 2350 prioribus
2389 2292 2518 2336 dixerim.

1509 2371 1691 2419 przecipue
1712 2355 1858 2418 quidem
1887 2370 1967 2406 illos
1987 2369 2034 2406 ob
2052 2367 2192 2416 propria
2210 2365 2287 2400 vitia
2305 2359 2424 2410 puniri,
2441 2355 2521 2393 dein-

1507 2445 1594 2482 ceps
1614 2445 1714 2478 vero,
1738 2435 1848 2472 utalii
1866 2443 2010 2481 quoque
2035 2432 2176 2468 illorum
2196 2425 2348 2472 exemplo
2363 2419 2521 2482 emendch

1509 2479 1578 2534 tur.
1611 2498 1716 2543 Quod
1750 2497 1779 2534 si
1808 2479 1885 2534 non?
1901 2497 1935 2534 in
1950 2479 2124 2532 omnibus
2144 2493 2177 2530 id
2205 2491 2252 2534 tu,
2279 2487 2356 2526 nihil
2377 2489 2424 2523 est
2448 2479 2521 2543 (μιοᾲ

1508 2541 1654 2598 mireris
1678 2573 1687 2598 :
1710 2559 1869 2596 nondum
1887 2561 1984 2596 enim
2006 2557 2128 2606 judicii
2148 2561 2281 2602 tempus
2297 2548 2429 2588 advenit.
2451 2541 2521 2590 Quid

1507 2634 1594 2670 ergo
1613 2623 1659 2661 de
1680 2624 1750 2660 illis
1764 2624 1874 2666 dices,
1908 2622 2039 2670 inquis,
2061 2621 2119 2669 qui
2145 2625 2322 2665 antequam
2340 2621 2396 2660 per
2409 2613 2520 2646 :etalem

1508 2687 1600 2722 bona
1623 2687 1677 2723 vel
1694 2687 1785 2722 mala
1801 2686 2008 2723 discernere
2028 2684 2177 2732 possint,
2193 2679 2287 2728 quasi
2307 2675 2440 2714 maxime
2457 2677 2520 2717 pec-

1507 2749 1684 2793 caverint,
1705 2748 1892 2794 suppliciis
1908 2746 2137 2784 afliciuntur?
2153 2743 2259 2790 Hujus
2271 2739 2399 2787 quidem
2411 2734 2452 2771 rei
2470 2739 2522 2767 ιιοη

1508 2821 1578 2847 una
1593 2819 1648 2848 est
1666 2820 1787 2855 causa,
1820 2810 1884 2847 sed
1898 2809 2062 2858 plurimae
2080 2818 2122 2844 ac
2143 2806 2258 2842 variae.
2277 2802 2357 2839 Nam
2377 2804 2408 2835 et
2423 2805 2459 2832 ex

1509 2879 1650 2909 rentum
1669 2872 1960 2919 intemperantia,
1983 2877 2018 2908 et
2036 2881 2079 2908 ex
2101 2867 2319 2906 nutritiorum
2338 2855 2522 2922 negligentis.

1507 2941 1544 2972 et
1563 2945 1607 2972 ex
1623 2934 1839 2980 intemperie
1855 2941 1963 2981 atque
1977 2932 2214 2980 inaequalitate
2230 2927 2316 2964 aeris
2328 2951 2337 2968 ,
2356 2927 2388 2960 et
2413 2929 2450 2957 ex
2465 2915 2524 2952 aliis

1509 2997 1674 3044 plurimis
1707 2995 1912 3043 hujusmodi
1947 2996 2090 3032 casibus
2130 2993 2164 3030 id
2200 2989 2392 3034 contingere
2422 2981 2522 3028 ροιοειι

1509 3061 1688 3098 Przeterea
1735 3070 1817 3096 cum
1867 3059 2041 3106 plurimos
2075 3057 2216 3094 illorum
2249 3053 2375 3089 futuros
2404 3047 2523 3106 Milium

1509 3123 1735 3172 praesciverit
1754 3123 1848 3160 Deus
1862 3151 1872 3166 ,
1893 3132 1956 3160 eos
1971 3122 2078 3159 veluti
2101 3115 2324 3164 compedibus
2349 3102 2522 3172 quibusdalrtl

1509 3186 1715 3233 hujusmodi
1735 3185 1912 3232 supplicio
1931 3191 2087 3222 coercet.
2106 3171 2246 3219 Arinen
2267 3175 2358 3212 vides
2369 3179 2400 3208 et

1509 3259 1635 3285 corum
1652 3248 1827 3294 plurimos
1847 3247 1942 3284 inter
1959 3255 2142 3293 pressuras
2161 3243 2252 3289 ipsas
2269 3243 2304 3274 et
2319 3234 2476 3294 angustias
2485 3234 2525 3294 In:

1509 3321 1656 3348 numera
1671 3316 1925 3356 perpetrantes
1941 3310 2094 3353 scelera,
2108 3313 2252 3354 quorum
2275 3307 2380 3337 tamen
2399 3293 2524 3359 omni-lin:

1507 3383 1616 3409 causa
1636 3383 1706 3408 non
1723 3371 1875 3408 afﬂictio
1893 3371 2110 3418 paupertatis
2127 3375 2194 3411 est,
2215 3364 2276 3402 sed
2298 3361 2366 3398 sola
2383 3345 2526 3420 nequi‘lla?

1508 3435 1641 3472 Audivi
1673 3445 1740 3483 ego
1756 3416 1932 3483 quosdam
1953 3416 2144 3482 aliquando
2162 3439 2240 3467 cum
2258 3427 2404 3463 dicerent
2428 3416 2525 3483 hujus-

1508 3497 1604 3534 modi
1624 3497 1789 3534 homines
1825 3497 2014 3534 mulierem
2036 3492 2222 3542 quamdam
2239 3490 2408 3524 honestam
2424 3483 2454 3514 et
2468 3473 2525 3542 for-

1509 3570 1568 3596 ma
1587 3559 1730 3596 liberali
1753 3559 1788 3596 in
1810 3558 2005 3596 solitudine
2025 3562 2160 3599 nactos,
2178 3553 2209 3590 ei
2229 3549 2388 3586 violenter
2401 3549 2438 3606 ac

1508 3622 1624 3658 lantcr
1643 3621 1815 3658 illusisse.
1837 3621 1943 3668 Atqui
1962 3629 2030 3667 qua
2044 3617 2264 3657 necessitate,
2284 3619 2346 3658 qua
2363 3601 2526 3668 calamitate

1506 3683 1549 3720 ad
1567 3684 1634 3720 hoc
1649 3684 1783 3721 inducti
1805 3683 1916 3721 sunt?
1936 3693 2014 3729 quae
2029 3680 2085 3717 isti
2098 3679 2228 3716 scelera
2243 3685 2308 3711 non
2321 3663 2524 3732 admisifscnh

1506 3747 1535 3783 si
1552 3756 1622 3783 non
1635 3747 1838 3794 hujusmodi
1853 3746 1950 3793 quasi
1965 3743 2114 3780 vinculis
2128 3730 2406 3778 centiuerentur?
2422 3727 2526 3794 50f“?

1505 3819 1592 3846 vero
1610 3810 1670 3856 qui
1694 3810 1899 3846 carceribus
1927 3807 2050 3844 inclusi
2071 3810 2153 3842 sunt
2171 3801 2246 3849 quis
2263 3796 2358 3835 facile
2377 3790 2525 3856 vesania?l

1505 3880 1540 3910 et
1556 3874 1693 3910 rabiem
1716 3873 1876 3921 perferre
1897 3870 2028 3919 possit?
2045 3870 2088 3905 At
2109 3868 2130 3904 ii
2157 3863 2212 3912 qui
2231 3874 2248 3899 a
2263 3861 2414 3896 (lmnionc
2435 3855 2524 3921 cori”

1509 3935 1655 3983 piantur
1669 3914 1782 3974 nihilo
1801 3914 1940 3974 minora
1962 3933 2016 3971 his
2036 3930 2190 3970 faciunt:
2208 3933 2276 3963 non
2295 3924 2403 3958 autem
2416 3921 2451 3951 ea
2465 3914 2526 3946 199'
