2726 4358
75 211 146 248 N3

73 287 223 336 εὐθηνίᾳ
243 286 306 323 καὶ
333 285 492 332 πλούτῳ,
521 283 584 320 καὶ
611 283 692 318 οὐδὲ
712 281 830 324 οὕτως
857 281 1082 329 ἐμάνθανον·
1106 279 1139 314 οἱ
1160 278 1199 314 δέ

74 351 137 389 νῦν
163 349 284 398 πολλῷ
319 350 470 386 πλείονα
499 348 651 384 ἐκείνων
681 346 1054 395 πολυπραγμονοῦσι·
1083 343 1201 380 ταῦτα

73 417 146 465 γὰρ
161 417 207 452 τὰ
231 415 294 452 νῦν
321 415 566 462 προτιθέμενα
585 411 708 460 πολλῷ
731 411 880 465 πλείονα
913 411 1064 446 ἐκείνων
1084 409 1198 446 ἐστίν.

84 459 207 530 ίο-μέν
223 478 285 517 οὖν
303 459 420 528 σαίρὴς
443 459 548 524 λόγος
572 459 711 514 τούτων
731 459 990 524 ἐπιτετράφθω
1010 475 1062 524 τῷ
1079 474 1200 510 πάντα

74 547 182 584 εἰδότι
207 547 294 594 πρὶν
318 545 496 592 γενέσεως
515 542 652 578 αὐτῶν.

121 641 166 690 η’.
208 643 250 683 El
267 641 304 677 δὲ
332 641 402 690 χρὴ
425 639 490 676 καὶ
515 637 650 680 αὐτοὺς
675 638 718 673 ἐκ
747 635 821 672 τῶν
848 635 915 684 ἤδη
945 633 1202 679 γεγενημένων

73 701 269 750 γνωρίμων
290 702 378 748 ἡμῖν
412 699 606 745 ἐπινοῆσαι
639 697 742 732 λύσιν
769 695 834 731 καὶ
865 691 1104 741 παραμυθίαν
1125 693 1201 733 τοῖς

75 749 313 809 ζητουμένοις
341 758 439 802 τινὰ,
458 757 518 794 διὰ
545 759 630 799 τοὺς
655 755 794 803 σφόδρα
815 753 930 790 ταῦτα
957 749 1204 809 περιεργαζο-

77 807 222 868 μένους,
255 818 374 854 ἐκεῖνό
398 829 514 864 φημι,
543 817 598 852 ὅτι
624 815 666 851 τὸ
693 814 761 862 μὲν
781 813 868 854 τοὺς
886 810 1050 850 δικαίους
1070 811 1108 844 ἐν
1129 807 1203 843 θλί-

73 879 177 925 ψεσιν
197 875 306 921 εἶναι,
325 878 366 912 ἐν
385 877 509 912 ἀνέσει
530 875 568 910 δέ
588 875 674 916 τοὺς
695 871 892 919 πονηροὺς,
917 869 999 905 οὺδέ
1014 868 1202 914 ζητήσεως

73 936 173 980 ἀξιον
206 937 346 980 λοιπὸν,
370 935 437 982 τῆς
465 933 653 982 βασιλείας
676 929 1017 976 ἀποκαλυφθείσης,
1049 927 1110 963 καὶ
1137 926 1204 973 τῆς

74 997 170 1033 κατὰ
191 997 253 1032 τὸν
287 995 462 1044 μέλλοντα
486 995 602 1031 αἰῶνα
625 992 843 1034 ἀντιδόσεως
866 989 1074 1036 δειχθείσης
1100 989 1202 1034 ἡμῖν.

74 1057 146 1092 Τοῦ
177 1057 251 1105 γὰρ
286 1056 367 1092 κατ’
399 1056 504 1100 ἀξίαν
541 1056 620 1090 ἐκεῖ
657 1054 828 1102 μένοντος
865 1051 1034 1092 ἕκαστον,
1067 1048 1102 1085 τί
1135 1048 1206 1096 χρὴ

73 1115 318 1162 ταράττεσθαι
345 1117 420 1158 τοῖς
448 1114 655 1162 γινομένοις
689 1112 815 1149 ἐνθάδε
845 1110 970 1152 καλοῖς
1000 1109 1022 1156 ἢ
1055 1110 1204 1152 κακοῖςς

75 1175 168 1218 Τοὺς
193 1175 259 1222 μὲν
280 1175 354 1223 γὰρ
379 1174 479 1222 αὑτῷ
503 1173 751 1222 προσέχοντας
768 1173 787 1206 ὁ
805 1169 909 1214 Θεὸς,
930 1169 995 1205 ἆτε
1018 1167 1208 1214 γενναίους

75 1233 248 1280 ἀθλητὰς,
268 1234 410 1276 τούτοις
441 1232 623 1281 γυμνάζει
653 1233 730 1274 τοῖς
755 1231 901 1272 πόνοις,
929 1229 1014 1270 τοὺς
1031 1228 1070 1263 δέ
1097 1228 1207 1263 ἀσθε-

75 1293 266 1342 νεστέρους
299 1293 362 1328 καὶ
383 1291 624 1340 βραδυτέρους
639 1297 652 1310 ⁸
677 1291 739 1326 καὶ
761 1288 874 1336 μηδὲν
899 1287 972 1322 τῶν
995 1287 1209 1334 βαρυτέρων

75 1353 296 1400 δυναμένους
321 1353 485 1397 ἐνεγκεῖν
509 1351 688 1398 πρότερον
720 1347 821 1397 [174]
852 1349 904 1390 είς
931 1347 997 1394 τὴν
1019 1346 1092 1382 τῶν
1118 1347 1210 1392 ἀγα-

77 1411 148 1447 θῶν
189 1413 310 1460 ἔργων
341 1412 466 1457 ἐνάγει
501 1409 728 1458 προτροπὴν.
753 1409 796 1444 Εἰ
827 1408 864 1444 δὲ
893 1407 958 1442 καὶ
999 1405 1208 1442 τούναντίον

78 1471 270 1518 συμϐαίνει
301 1471 499 1516 πολλάκις,
529 1471 594 1506 καὶ
633 1469 758 1504 πολλοὶ
785 1468 851 1514 μὲν
883 1466 955 1502 τῶν
985 1465 1138 1502 δικαίων
1170 1466 1208 1500 ἐν

76 1529 200 1566 ἀνέσει
219 1530 385 1576 διάγουσι
415 1531 478 1565 καὶ
503 1531 616 1576 τιμῇ,
637 1528 711 1564 τῶν
741 1527 780 1562 δέ
808 1525 979 1574 πονηρῶν
1009 1527 1048 1560 ἐν
1077 1522 1210 1571 ἀτιμίᾳ⁹

77 1590 142 1624 καὶ
163 1591 240 1632 τοῖς
271 1589 439 1636 ἐσχάτοις
468 1589 619 1632 κακοῖς,
651 1587 744 1629 τέως
781 1585 847 1632 μὲν
875 1585 964 1632 ἡμῖν
997 1585 1020 1631 ἡ
1047 1584 1210 1632 προτέρα

77 1647 282 1690 ἀντίθεσις,
313 1649 336 1696 ὴ
362 1647 518 1693 λέγουσα
554 1646 758 1683 κακοῦσθαι
801 1645 867 1692 μὲν
901 1643 986 1685 τοὺς
1026 1642 1208 1684 δικαίους,

78 1710 161 1750 τοὺς
183 1708 221 1742 δὲ
258 1707 405 1750 ἀδίκους
428 1709 584 1756 τρυφᾷν,
605 1706 852 1754 ἀνατρέπεται
875 1704 928 1752 τῷ
966 1704 1077 1750 λόγῳ.
1103 1704 1145 1738 Ei
1172 1703 1210 1738 δέ

78 1768 142 1804 καὶ
169 1767 308 1814 ταύτην
336 1767 578 1802 ἐπιλύσασθαι
609 1767 676 1809 δεῖ,
725 1767 843 1802 ἐκεῖνο
882 1765 927 1800 ἂν
959 1765 1124 1810 εἴποιμι,
1155 1764 1210 1803 ὅτι

77 1827 142 1873 οὐχ
161 1827 216 1861 ἐνὶ
241 1827 368 1874 τρόπῳ
389 1826 434 1861 τὰ
463 1826 546 1861 καθ’
571 1827 670 1873 ἡμᾶς
689 1825 896 1870 οἰκονομεῖν
919 1824 938 1858 ὁ
956 1822 1045 1864 Θεὸς
1065 1820 1208 1865 εἴωθεν,

78 1886 155 1921 ἀλλ’
181 1885 338 1934 εὔπορος
372 1885 423 1921 ὢν
457 1885 592 1928 πολλὰς
625 1886 712 1932 ἡμῖν
746 1884 874 1930 τέμνει
909 1882 976 1924 τὰς
1013 1881 1104 1929 πρὸς
1139 1891 1214 1919 σωτ

77 1945 206 1994 τηρίαν
233 1945 350 1989 ὁδούς.
377 1947 525 1994 Ἐπειδὴ
553 1944 627 1993 γὰρ
651 1943 776 1981 πολλοὶ
809 1943 870 1978 τὸν
899 1943 990 1994 περὶ
1017 1941 1090 1976 τῶν
1118 1940 1206 1988 μελ-

78 2006 209 2042 λόντων
233 2005 294 2042 καὶ
333 2006 398 2054 τῆς
426 2005 662 2047 ἀναστάσεως
697 2003 766 2039 οὐκ
807 1991 999 2050 ἀνέχονται
1033 2000 1207 2044 δέξασθαι

77 2065 193 2110 λόγον,
211 2066 271 2102 διὰ
290 2065 395 2101 τοῦτο
413 2067 452 2101 ἐν
488 2065 618 2114 βραχεί
644 2065 712 2111 τῆς
733 2063 891 2110 κρίσεως
910 2061 976 2107 τὴν
999 2060 1125 2096 εἰκόνα
1153 2061 1210 2096 ἐν-

79 2125 160 2160 θάδε
189 2125 386 2168 δείκνυσιν,
415 2125 501 2160 ὅταν
525 2123 662 2170 κολάζῃ
692 2123 758 2170 μὲν
781 2121 866 2162 τοὺς
885 2121 1082 2167 πονηροὺς,
1102 2120 1209 2167 εὐερ-

77 2189 164 2235 γετῇ
184 2186 222 2222 δέ
241 2188 326 2228 τοὺς
345 2186 542 2234 χρηστούς.
564 2184 680 2220 Τοῦτο
701 2182 775 2229 γάρ
795 2181 998 2228 ὁλοσχερῶς
1021 2180 1087 2228 μὲν
1108 2181 1146 2216 ἐν
1163 2183 1208 2228 τῇ

79 2250 195 2298 κρίσει
225 2249 380 2297 γ’ίνεται,
411 2253 454 2284 ἐκ
479 2249 614 2296 μέρους
643 2246 682 2282 δέ
705 2246 770 2282 καὶ
802 2243 961 2281 ἐνταῦθα
989 2243 1068 2287 νῦν,
1094 2243 1154 2280 ἵνα
1177 2246 1209 2280 οί

78 2313 167 2360 πρὸς
197 2314 258 2350 τὸν
280 2314 421 2362 μακρὸν
457 2313 596 2348 ἐκεῖνον
628 2307 937 2349 ἀναπεπτωκότες
969 2305 1096 2354 χρόνον
1133 2308 1211 2350 τοῖς

78 2375 164 2420 γοῦν
190 2377 227 2412 ἐν
245 2376 298 2425 τῷ
318 2377 472 2424 παρόντι
493 2373 696 2423 δρωμένοις
719 2371 990 2418 ἐπιεικέστεροι
1009 2370 1205 2416 γένωνται.

79 2439 162 2476 Εἴτε
191 2441 264 2488 γὰρ
286 2440 410 2488 μηδεὶς
437 2439 530 2481 ὅλως
561 2435 757 2480 ἐκολάζετο
792 2433 866 2470 τῶν
893 2432 1081 2480 πονηρῶν,
1118 2433 1210 2480 μηδὲ

81 2503 230 2550 ἐτιμᾶτο
260 2502 332 2540 τῶν
365 2502 550 2551 χρηστῶν,
584 2499 708 2536 πολλοὶ
730 2497 802 2534 τῶν
835 2496 1124 2534 διαπιστούντων
1157 2495 1210 2544 τῷ

80 2561 146 2608 τῆς
161 2562 392 2604 ἀναστάσεως
417 2563 512 2609 λόγῳ
528 2560 594 2608 τὴν
621 2560 686 2608 μὲν
709 2559 845 2608 ἀρετὴν
867 2557 920 2599 ὡς
939 2556 1066 2593 κακῶν
1086 2556 1210 2592 αἰτίαν

81 2621 248 2668 ἔφευγον,
265 2622 330 2670 τὴν
353 2623 391 2658 δέ
410 2622 586 2670 πονηρίαν
605 2621 655 2664 ὡς
673 2619 822 2666 ἀγαθῶν
841 2617 1018 2667 πρόξενον
1036 2618 1206 2654 ἐδίωκον·

81 2683 154 2718 εἴτε
188 2683 296 2719 πάλιν
329 2683 486 2719 ἐνταῦθα
509 2682 551 2718 τὸ
585 2683 666 2718 κατ’
699 2681 805 2724 ἀξίαν
845 2681 1007 2723 ἅπαντες
1038 2679 1210 2727 ἀπελάμ-

82 2745 204 2786 ϐανον,
231 2743 402 2791 περιττὸν
431 2742 474 2778 ἂν
505 2742 690 2790 ἡγήσαντο
709 2738 800 2776 εἶναι
836 2742 896 2778 καὶ
915 2740 1029 2787 ψευδῆ
1049 2739 1110 2775 τὸν
1142 2741 1210 2788 τῆς

81 2802 238 2850 κρίσεως
266 2801 385 2848 λόγον.
409 2801 471 2838 Ἵν⁹
489 2798 550 2836 οὖν
581 2803 670 2848 μήτε
703 2795 806 2841 οὗτος
833 2799 1082 2848 διαπιστῆται,
1115 2802 1208 2847 μήτε

81 2862 100 2896 ὁ
125 2861 237 2904 πολὺς
264 2863 326 2898 καὶ
358 2862 503 2910 χυδαῖος
537 2860 622 2903 λαὸς
646 2860 866 2908 φαυλότερος
903 2860 1051 2908 γίνηται
1091 2871 1208 2896 κατα-

81 2922 236 2970 φρονῶν,
271 2923 510 2972 ἐπεξέρχεται
537 2922 600 2957 καὶ
636 2919 794 2956 ἐνταῦθα
825 2919 899 2956 τῶν
923 2917 1208 2969 ἁμαρτανόντων

81 2984 245 3030 πολλοὺς,
278 2985 342 3020 καὶ
379 2983 574 3031 ἀμείϐεται
597 2981 670 3017 τῶν
699 2979 978 3028 κατορθούντων
1000 2980 1132 3024 ἐνίους,
1153 2981 1208 3030 τῷ

83 3043 149 3091 μὲν
173 3043 222 3091 μὴ
249 3045 299 3086 είς
330 3045 469 3085 πάντας
495 3042 602 3078 τοῦτο
626 3043 756 3082 ποιεῖν,
783 3040 844 3076 τὸν
873 3040 941 3088 τῆς
963 3041 1121 3088 κρίσεως
1145 3052 1207 3076 πι-

85 3103 278 3152 στούμενος
298 3105 416 3151 λόγον,
436 3103 486 3152 τῷ
506 3105 544 3140 δέ
566 3103 630 3139 καὶ
659 3102 730 3152 πρὸ
761 3101 828 3148 τῆς
857 3101 1014 3150 κρίσεως
1039 3101 1208 3146 κολάζειν

81 3164 197 3208 τινὰς,
227 3165 311 3208 τοὺς
335 3165 445 3200 πολὺν
474 3163 586 3200 ὕπνον
613 3161 854 3204 καθεύδοντας
887 3162 1090 3211 διεγείρων.
1118 3164 1208 3200 Ἀπὸ

83 3226 149 3273 μὲν
182 3224 252 3272 γὰρ
278 3224 340 3260 τοῦ
364 3224 603 3272 τιμωρεῖσθαι
633 3222 716 3264 τοὺς
745 3221 927 3269 πονηροὺς
957 3222 1208 3260 διανίστανται

82 3284 206 3320 πολλοὶ
223 3283 275 3332 τῷ
295 3284 395 3332 φόϐῳ
415 3285 476 3320 τοῦ
500 3284 548 3331 μὴ
566 3283 612 3320 τὰ
629 3281 724 3318 αὐτὰ
750 3281 879 3318 παθεῖν
892 3293 901 3303 ·
921 3282 994 3318 ἀπὸ
1013 3283 1051 3318 δὲ
1067 3283 1132 3319 τοῦ
1156 3283 1207 3332 μὴ

82 3345 221 3388 πάντας
240 3343 398 3381 ἐνταῦθα
422 3345 469 3380 τὰ
489 3347 568 3382 κατ’
587 3343 692 3387 ἀξίαν
713 3342 912 3392 ἀπολαϐεῖν
933 3344 1208 3390 ἀναγκάζονται

82 3403 290 3452 λογίζεσθαι
307 3406 363 3441 ὅτι
389 3405 442 3446 εἰς
461 3404 584 3453 ἕτερόν
605 3403 824 3447 τινα,τοῦτο
854 3404 1090 3452 τεταμίευται
1124 3416 1208 3440 και-

85 3466 160 3513 ρόν.

129 3561 178 3596 0'3
205 3559 278 3608 γὰρ
305 3559 351 3596 ἂν
384 3558 501 3606 δήπου
529 3558 666 3602 δίκαιος
696 3559 746 3595 ὣν
774 3560 793 3595 ὁ
817 3559 907 3601 Θεὸς
936 3559 1096 3606 περιεῖδε
1125 3572 1210 3596 τοσ-

83 3621 209 3664 ούτους
240 3622 304 3658 καὶ¹
325 3619 398 3656 τῶν
431 3618 556 3654 κακῶν
589 3620 844 3669 ἀτιμωρήτους
873 3619 1118 3663 ἀπελθόντας,
1146 3623 1210 3658 καὶ

81 3681 154 3718 τῶν
177 3681 329 3728 ἀγαθῶν
359 3681 503 3729 μυρίοις
531 3680 772 3726 κολασθέντας
793 3682 938 3725 δεινοῖς,
962 3683 994 3717 εί
1021 3681 1071 3730 μὴ
1097 3683 1209 3731 ἄλλην

82 3743 163 3781 τινὰ
199 3743 331 3786 αἰῶνος
363 3743 554 3792 ἑκατέροις
583 3743 854 3790 παρεσκευάκει
879 3744 1118 3782 κατάστασιν.
1149 3747 1209 3781 Διὸ

123 3890 141 3911 ⁸
156 3889 218 3925 Καὶ
232 3891 440 3934 βραδυτέρους
454 3889 548 3923 deest
569 3887 602 3923 in
620 3887 719 3923 SaVil.
745 3893 778 3923 el
794 3887 884 3923 Colb.

681 209 744 241 Al)
777 200 1026 240 STAGIHIUM
1051 200 1082 237 Α
1105 199 1312 238 ΒᾹΞΜΟΝΕ
1341 199 1584 238 νΕΧΑΤυΜ.
1610 199 1697 236 LIB.
1725 199 1758 236 I’.

2331 192 2405 230 μθ

1269 278 1310 314 οὗ
1347 279 1500 321 πάντας,
1529 278 1605 314 ἀλλ’
1634 278 1753 320 ἐνίους
1785 275 1932 320 κολάζει
1953 276 2018 311 καὶ
2041 274 2147 321 τιμᾷ,
2179 271 2308 320 ὥσπερ
2337 271 2404 308 ἐπὶ

1267 339 1331 376 τοῦ
1353 339 1510 388 Πέρσου,
1527 339 1656 388 ὥσπερ
1675 340 1738 376 ἐπὶ
1758 339 1820 375 τοῦ
1848 338 2031 382 Ἐζεκίου·
2053 337 2170 372 καίτοι
2193 334 2318 370 πολλοὶ
2337 333 2404 370 καὶ

1267 405 1320 453 τῷ
1345 405 1525 452 Ἀσσυρίῳ
1555 405 1748 450 γεγόνασιν
1775 404 1815 449 ἐξ
1839 405 1920 452 ίσης
1944 403 2105 445 ἀσεϐεῖς,
2134 403 2197 438 καὶ
2225 400 2318 437 κατὰ
2338 400 2401 436 τὸν

1277 465 1444 509 Ἐζεκίαν
1475 465 1656 512 ἐνάρετοι,
1692 465 1770 502 ἀλλ’
1803 466 1871 500 οὐκ
1909 466 1973 500 ἐπὶ
2013 464 2162 500 πάντων
2197 462 2305 498 τοῦτο
2337 471 2402 496 πε-

1268 529 1419 576 ποίηκε·
1439 529 1479 565 τὸ
1501 530 1540 564 δέ
1559 529 1690 572 αἴτιον,
1709 531 1802 578 ὅπερ
1831 529 1937 577 ἔφην,
1960 529 2040 564 ἐστὶ
2064 527 2103 563 τὸ
2129 527 2281 574 μηδέπω
2307 535 2402 572 παρ-

1269 597 1362 629 εῖναι
1395 595 1462 640 τῆς
1490 595 1648 642 κρίσεως
1673 595 1734 630 τὸν
1759 595 1900 642 καιρόν.
1925 593 1995 628 Καὶ
2013 593 2066 628 ὅτι
2092 593 2160 627 οὐκ
2179 592 2267 638 ἐμὸς
2298 584 2402 631 οὗτος

1269 661 1288 695 ὁ
1313 659 1434 705 λόγος,
1462 661 1574 696 αὐτοῦ
1600 661 1663 696 τοῦ
1686 661 1822 709 κρίνειν
1848 661 1946 708 ἡμᾶς
1965 659 2048 694 τότε
2081 657 2271 705 μέλλοντος
2298 656 2404 692 ἄκου-

1272 737 1346 762 σον.
1376 726 1523 774 Ἐπειδὴ
1542 726 1614 775 γὰρ
1637 725 1844 774 προσῆλθον
1867 724 1969 772 αὐτῷ
1987 725 2018 759 οἱ
2039 723 2107 770 τὴν
2127 720 2302 768 τελευτὴν
2330 719 2403 756 τῶν

1272 791 1343 827 ὑπὸ
1368 791 1431 828 τοῦ
1463 792 1606 840 πύργου
1639 791 1952 839 καταχωσθέντων
1974 790 2036 825 καὶ
2059 788 2125 836 τὴν
2153 787 2216 822 τοῦ
2246 785 2402 822 Πιλάτου

1275 861 1406 907 μανίαν
1427 861 1742 908 ἀπαγγέλλοντες,
1764 861 1809 908 ἢν
1838 861 1890 901 είς
1913 859 1998 900 τοὺς
2025 856 2290 901 τελευτηκότας
2337 857 2406 890 ἐπ-

1274 926 1446 971 εδείξατο,
1465 929 1544 970 ταῖς
1565 927 1709 968 θυσίαις
1725 925 1846 962 αὐτῶν
1862 923 2045 970 ἀναμίξας
2063 921 2104 958 τὸ
2115 919 2222 968 αἷμα,
2235 920 2270 955 τί
2291 930 2380 966 φησι
2395 930 2404 963 ;

1274 993 1429 1031 Δοκεῖτε
1461 993 1522 1030 ὅτι
1557 996 1593 1030 οι
1629 991 1838 1029 Γαλιλαῖοι
1878 989 1990 1028 οὗτοι
2029 988 2254 1036 ἁμαρτωλοὶ
2300 987 2407 1033 παρὰ

1275 1060 1431 1104 πάντας
1478 1059 1575 1103 τοὺς
1611 1058 1861 1102 Γαλιλαίους
1904 1056 2108 1103 ἐγένοντο,
2150 1053 2210 1090 ὅτι
2244 1052 2409 1089 τοιαῦτα

1276 1125 1549 1168 πεπόνθασιν;
1575 1124 1694 1170 Οὐχί,
1719 1123 1824 1168 λέγω
1853 1121 1963 1167 ὑμῖν,
1985 1121 2078 1156 ἀλλ’
2105 1119 2178 1155 ἐὰν
2207 1117 2264 1164 μὴ
2288 1129 2408 1163 μετα-

1275 1187 1476 1233 νοήσητε,
1512 1186 1661 1231 πάντες
1691 1187 1836 1232 ὁμοίως
1861 1183 2094 1221 ἀπολεῖσθε.
2129 1183 2174 1220 Ἡ
2197 1181 2342 1216 ἐκεῖνοι
2372 1183 2409 1216 οἱ

1276 1253 1374 1290 δέκα
1405 1253 1471 1289 καί
1505 1252 1623 1298 ὀκτὼ,
1651 1252 1713 1298 ἐφ’
1747 1251 1820 1296 οὓς
1851 1251 2003 1287 ἔπεσεν·
2041 1253 2061 1285 ὁ
2095 1250 2248 1295 πίιργος
2279 1247 2326 1282 ἐν
2355 1245 2409 1289 τῷ

1277 1323 1436 1369 Σιλωὰμ
1462 1322 1529 1358 καὶ
1552 1321 1792 1358 ἀπέκτεινεν
1827 1319 1992 1364 αὐτοὺς,
2022 1317 2176 1354 δοκεῖτε
2203 1316 2262 1352 ὅτι
2293 1315 2408 1352 αὐτοὶ

1277 1387 1482 1435 ὀφειλέται
1505 1386 1696 1434 ἐγένοντο
1718 1386 1827 1433 παρὰ
1861 1385 2014 1429 πάντας
2045 1383 2139 1426 τοὺς
2170 1381 2409 1418 κατοικοῦν-

1278 1467 1348 1500 τας
1373 1453 1474 1504 [I75]
1499 1453 1790 1502 Ἰερουσανίήμ;
1819 1453 1931 1501 Οὐχὶ,
1953 1452 2056 1499 ,λέγω
2078 1451 2188 1499 ὑμῖν,
2209 1450 2302 1486 ἀλλ’
2337 1449 2412 1485 ἐὰν

1273 1520 1332 1566 μὴ
1349 1519 1644 1566 μετανοήσητε,
1670 1517 1822 1562 ,πάντες
1841 1519 2034 1560 ὡσαύτως
2054 1515 2294 1552 ἁπολεῖσθει.
2309 1513 2409 1562 Αὕτη

1277 1590 1343 1637 τῆς
1361 1588 1581 1636 ἀναϐολῆςὴ
1607 1588 1720 1624 αἰτία.
1741 1588 1809 1624 Διὰ
1829 1587 1935 1623 τοῦτο
1949 1587 2032 1628 τοὺς
2050 1585 2123 1622 τῶν
2143 1583 2265 1620 αὐτῶν
2289 1583 2412 1627 ἀξίους

1277 1660 1344 1706 οὺχ
1383 1657 1474 1706 ὁμοῦ
1508 1659 1649 1700 πάντας
1681 1657 1850 1700 κολάζειν
1875 1657 2018 1702 εἴωθεν,
2054 1656 2112 1692 ἵνα
2139 1657 2171 1691 οί
2201 1655 2412 1702 λειπόμενοι

1279 1727 1442 1776 βελτίους
1466 1729 1548 1770 ταῖς
1573 1727 1724 1762 ἐκείνων
1752 1725 1931 1772 γένωνται
1953 1725 2174 1771 συμφοραῖς.
2200 1724 2275 1758 Καὶ
2297 1722 2414 1758 ταῦτα

1281 1795 1346 1842 μὲν
1373 1796 1460 1841 ἡμῖν
1495 1793 1612 1836 οὕτως
1645 1792 1886 1828 ἐπιλελύσθω.
1916 1792 1963 1827 Σὺ
1993 1791 2031 1826 δέ
2065 1791 2153 1833 ἴσως
2185 1791 2250 1826 καὶ
2272 1790 2318 1826 τὰ
2349 1789 2413 1827 νῦν

1277 1859 1526 1908 προτιθέμενα
1557 1858 1695 1906 ζητεῖς,
1716 1857 1740 1894 δι
1763 1857 1885 1906 πολλῷ
1903 1857 2042 1894 τούτων
2061 1858 2159 1893 ἐστὶν
2177 1855 2410 1904 ἀπορώτερα.

1281 1926 1378 1974 Πλὴν
1409 1925 1500 1962 ἀλλὰ
1527 1925 1665 1962 τούτων
1689 1927 1778 1974 ἡμῖν
1806 1926 1902 1961 κατά
1923 1924 2077 1972 δύναμιν
2109 1924 2320 1970 γενομένων
2344 1935 2415 1970 qm.-

1278 1997 1409 2042 νερῶν,
1433 1997 1495 2032 καὶ
1515 1997 1582 2044 τῆς
1601 1995 1754 2032 ἐκείνων
1773 1995 1913 2038 λύσεως
1942 1991 2048 2042 οἶμαί
2067 2005 2150 2029 τινα
2185 1992 2417 2041 προκαταϐε-

1279 2065 1436 2114 ϐλῆσθαι
1467 2065 1528 2101 διὰ
1545 2065 1684 2101 τούτων
1703 2065 1838 2113 ἀρχήν.

1327 2171 1370 2206 Τί
1397 2167 1459 2206 οὖν
1479 2172 1578 2206 ἐστιν
1604 2171 1695 2218 ὅπερ
1737 2170 1912 2217 ἀπορεῖς;
1947 2168 2030 2204 ’Ὁτι
2063 2166 2190 2202 πολλοὶ
2223 2166 2334 2215 μέχρι
2355 2177 2416 2202 τε·

1279 2241 1409 2288 λευτῆς
1449 2241 1493 2276 ἐκ
1533 2239 1684 2288 πρώτης
1731 2239 1878 2287 ἡλικίας
1917 2237 2067 2280 πολλαῖς
2109 2236 2416 2285 προσεπάλαισαν

1281 2309 1502 2356 συμφοραῖς.
1525 2309 1620 2354 Ἐγὼ
1649 2309 1687 2344 δὲ
1716 2309 1780 2344 καὶ
1815 2309 1903 2354 περὶ
1934 2294 2074 2342 τούτων
2117 2306 2260 2353 εἴποιμι
2287 2305 2331 2340 ἂν
2352 2305 2419 2341 καὶ

1280 2377 1458 2425 περὶτῶν
1486 2377 1690 2426 προτέρων,
1717 2376 1770 2411 ὅτι
1795 2374 2082 2422 προηγουμένως
2105 2373 2172 2421 μὲν
2197 2373 2258 2408 διὰ
2283 2372 2348 2420 τὴν
2369 2374 2418 2408 οἰ-

1279 2447 1384 2484 κείαν
1417 2447 1550 2488 αὐτοὺς
1591 2444 1738 2488 κολάζει
1778 2443 1978 2491 πονηρίαν·
2011 2441 2140 2476 ἔπειτα
2174 2440 2212 2476 δέ
2249 2440 2309 2475 ἵνα
2351 2440 2418 2476 καὶ

1279 2515 1398 2562 ἕτεροι
1417 2513 1642 2564 κερδάνωσιν
1661 2513 1704 2548 ἐκ
1723 2511 1796 2548 τῶν
1818 2511 1958 2554 τούτοις
1983 2509 2254 2558 συμϐαινόντων
2275 2507 2415 2545 κακῶν.

1279 2585 1322 2620 Et
1344 2583 1382 2619 δὲ
1417 2583 1466 2631 μὴ
1487 2581 1550 2618 ἐπὶ
1576 2581 1722 2618 πάντων
1745 2579 1852 2616 τοῦτο
1870 2579 2024 2626 γίνεται,
2045 2576 2148 2614 οὔπω
2169 2577 2235 2624 τῆς
2259 2577 2418 2623 κρίσεως

1278 2653 1297 2688 ὁ
1320 2653 1464 2700 καιρός.
1490 2651 1534 2686 Τί
1561 2647 1638 2693 οὖν,
1663 2649 1789 2697 φησὶν,
1812 2648 1898 2684 ὅταν
1923 2647 2011 2695 πρὶν
2042 2645 2157 2682 ἐλθεῖν
2177 2646 2230 2687 εἰς
2251 2644 2317 2692 τὴν
2339 2644 2418 2692 ἡλι-

1279 2722 1362 2759 κίαν
1379 2721 1446 2770 τὴν
1469 2717 1738 2766 διαγνωστικὴν
1761 2717 1834 2752 τῶν
1851 2715 1971 2752 καλῶν
1988 2715 2051 2750 καὶ
2073 2713 2146 2750 τῶν
2164 2713 2205 2748 οὔ
2226 2711 2415 2754 τοιούτων,

1277 2791 1329 2834 ῶς
1361 2789 1504 2839 μεγάλα
1537 2787 1759 2836 ἠδικηκότες
1785 2785 1880 2828 τινὲς
1913 2783 2154 2828 κολάζονται;
2183 2781 2319 2816 Τούτου
2351 2780 2416 2828 μὲν

1278 2859 1320 2894 οὑ
1345 2858 1412 2906 μία
1433 2856 1490 2899 τίς
1514 2857 1614 2892 ἐστιν
1639 2854 1754 2898 αἰτία,
1777 2851 1870 2889 ἀλλὰ
1893 2851 2024 2888 πολλα)⁵
2052 2851 2117 2886 καὶ
2142 2849 2322 2897 διάφοροι.
2343 2847 2417 2882 Καὶ

1278 2930 1352 2978 γὰρ
1371 2928 1473 2976 παρᾶ
1506 2927 1570 2976 τὴν
1589 2925 1662 2962 τῶν
1692 2923 1974 2972 γεννησαμένων
1999 2921 2202 2970 ἀκρασίαν,
2225 2917 2288 2954 καὶ
2315 2917 2418 2966 παρά

1277 3003 1344 3052 τὴν
1367 3002 1440 3038 τῶν
1463 3000 1675 3049 θρεψάντων
1693 2997 1896 3046 ρᾳθυμίαν,
1915 2996 1980 3032 καὶ
2001 2994 2103 3042 παρά
2121 2993 2189 3040 τὴν
2204 2992 2276 3027 τῶν
2297 2991 2416 3037 ἀέρων

1279 3071 1494 3120 ἀνωμαλίαν
1511 3099 1520 3114 ,
1556 3069 1620 3106 καὶ
1647 3068 1749 3116 παρὰ
1773 3066 1889 3102 πολλά
1918 3065 2027 3114 ἕτερα
2057 3062 2212 3099 τοιαῦτα
2242 3057 2417 3108 συμπτώ-

1281 3153 1380 3189 ματα
1401 3140 1508 3176 τοῦτο
1535 3139 1667 3186 γένοιτ’
1693 3137 1751 3174 ἄν.
1776 3136 1872 3184 Πρὸς
1891 3135 1930 3170 δέ
1950 3133 2095 3174 τούτοις
2117 3129 2273 3172 πολλοὺς
2296 3126 2418 3164 αὐτῶν

1277 3209 1372 3250 οἶδεν
1389 3212 1408 3247 ὁ
1423 3210 1512 3254 Θεὸς
1528 3208 1724 3258 ἐσομένους
1743 3205 1944 3254 πονηρούς·
1962 3201 2042 3240 εἶτα
2055 3202 2156 3238 ὥσπε
2163 3213 2184 3250 ρ
2199 3201 2276 3235 τισὶ⁸
2291 3199 2418 3241 πέδαις

1279 3277 1502 3328 προκατέχει
1519 3277 1601 3318 ταῖς
1621 3273 1819 3322 τιμωρίαις
1841 3271 1995 3314 ταύταις
2015 3268 2162 3312 αὐτούς.
2178 3267 2226 3303 Ἦ
2243 3267 2310 3314 οὐχ
2329 3267 2419 3314 ὁρᾷς

1278 3346 1342 3382 καὶ
1361 3344 1434 3380 τῶν
1461 3343 1624 3379 ἐπαιτῶν
1646 3341 1802 3382 πολλοὺς
1823 3339 1886 3376 καὶ
1910 3339 1948 3375 ἐν
1974 3338 2066 3384 αὐτῇ
2087 3337 2130 3384 τῇ
2165 3334 2284 3381 θλίψει
2305 3333 2418 3381 μυρία

1278 3411 1552 3461 ἐργαζομένους
1581 3408 1694 3453 δεινὰ,
1715 3409 1756 3443 ού
1779 3406 1838 3442 διὰ
1855 3406 1922 3454 τὴν
1941 3403 2076 3451 θλῖψιν,
2096 3401 2178 3438 οὑδέ
2198 3400 2258 3436 διὰ
2283 3399 2342 3434 τὸν
2365 3397 2420 3432 λι-

1281 3479 1363 3528 μὸν,
1391 3477 1484 3514 ἀλλὰ
1505 3477 1566 3512 διὰ
1589 3477 1657 3523 τὴν
1680 3474 1820 3510 οἰκείαν
1847 3473 2027 3520 πονηρίαν
2050 3469 2182 3517 μόνον;
2213 3464 2308 3510 Ἐγὼ
2343 3461 2418 3508 γὰρ
2457 3504 2460 3505 ν

1278 3545 1422 3595 ἤκουσά
1437 3555 1545 3580 τινων
1563 3542 1742 3589 λεγόντων
1763 3541 1864 3584 ποτέ,
1883 3540 1937 3575 ὅτι
1955 3538 2115 3584 γυναῖκα
2138 3529 2334 3576 ἐλευθέραν
2353 3525 2418 3562 καὶ

1279 3611 1438 3660 κοσμίαν
1479 3609 1728 3651 ἀπολαϐόντες
1769 3607 1826 3642 ἐπ’
1859 3604 2019 3654 ἐρημίας
2049 3599 2259 3645 ἐνύϐρισαν.
2284 3591 2417 3660 Καίτοι

1279 3679 1388 3721 ποίας
1418 3677 1526 3714 τοῦτο
1544 3675 1724 3723 ἀνάγκης,
1751 3673 1859 3716 ποίας
1884 3669 2042 3715 θλίψεως
2067 3665 2198 3712 ἕργον;
2227 3659 2271 3694 Τί
2293 3657 2330 3693 δὲ
2349 3656 2418 3691 οὐκ

1279 3747 1322 3784 ἂν
1355 3745 1520 3796 ἔπραξαν
1552 3741 1652 3781 οὗτοι
1685 3741 1823 3784 δεινὸν,
1858 3738 1891 3773 εί
1929 3737 1979 3782 μὴ
2007 3728 2169 3774 τοσούτῳ
2204 3722 2419 3770 κατείχοντο

1278 3813 1426 3862 δεσμῴ;
1451 3811 1534 3848 Τῶν
1553 3812 1591 3848 δέ
1617 3810 1659 3846 τὸ
1687 3805 1938 3854 δεσμωτήριον
1963 3796 2159 3835 οἰκούντων
2188 3793 2254 3841 τὴν
2285 3789 2417 3838 μανίαν

1282 3883 1346 3919 καὶ
1376 3882 1441 3928 τὴν
1465 3880 1598 3917 λύτταν
1623 3879 1678 3919 τίς
1705 3875 1748 3912 ἂν
1772 3872 1913 3917 ἐνέγκοι
1937 3864 2094 3914 ῥᾳδίως
2127 3860 2202 3899 Καὶ
2223 3860 2254 3896 c'
2284 3857 2420 3906 δαιμο-
