2726 4358
133 255 200 291 445

128 330 174 366 do
189 339 351 367 memoro
377 339 458 377 qua:
477 335 559 366 tunc
583 335 704 374 agunt,
726 339 807 365 cum
826 339 846 365 a
863 329 1027 366 dzemone
1057 338 1188 375 appre-

129 391 346 435 henduntur,
366 391 428 429 sed
444 402 522 438 quae
542 397 772 438 posteaquam
797 391 854 427 illa
871 392 1011 427 vexatio
1027 400 1190 427 cessave-

128 452 187 488 rit.
227 452 316 489 Nam
353 459 389 490 et
421 453 631 490 edacitatem
651 458 873 499 sequuntur,
895 460 931 490 et
957 452 1134 495 furantur,
1153 457 1190 488 et

128 512 362 557 inebriantur,
381 519 418 549 et
436 513 586 560 plurima
609 512 664 548 his
681 514 788 549 etiam
806 514 962 560 turpiora
982 513 1186 549 admittunt.

129 573 289 620 Denique
309 574 400 610 sicut
420 573 690 610 malefactorum
714 574 885 620 pluritnos
905 585 1086 611 carcerem
1111 574 1172 610 diu

128 635 293 671 tissime‘
314 635 470 671 incolere
503 635 677 680 permittit
693 635 816 680 judex,
847 635 936 672 adeo
971 642 1009 671 ut
1040 635 1191 682 plerum-

127 707 196 743 que
219 697 326 732 vitam
347 697 420 733 illic
441 697 576 740 [inizntt,
598 702 636 733 ut
654 708 734 733 cum
754 707 799 734 ex
820 696 942 733 multis
961 696 1100 743 aliquos
1127 706 1191 742 pu-

128 757 193 793 niri
213 757 302 800 vult,
321 768 430 793 unum
451 768 493 794 ex
517 758 586 794 illis
603 785 613 801 ,
635 764 696 794 aut
714 758 820 794 etiam
841 758 934 794 duos
960 758 1190 794 eminentiori

128 818 204 854 loco
223 824 384 855 statuens
399 845 410 861 ,
431 818 746 856 circumstantibus
765 819 931 855 omnibus
947 846 957 863 ,
979 819 1028 854 ita
1048 818 1190 854 demum

127 878 170 914 ad
188 886 340 916 mortem
361 879 441 915 duci
469 879 648 926 prircipit,
668 890 783 926 neque
811 879 856 916 ad
878 886 1053 916 terrorem
1081 886 1190 916 cxte-

129 950 250 976 rorum
289 941 341 977 sic
373 941 486 977 malos
513 951 638 978 omnes
660 941 786 986 punire
818 951 965 977 necesse
986 941 1092 976 habet
1113 952 1120 974 :
1145 940 1192 976 ita

131 1001 224 1038 Deus
242 1012 382 1048 quoque
402 1013 482 1038 cum
496 1012 562 1038 nos
577 1001 769 1038 emendare
790 1001 878 1045 vult,
899 1012 970 1037 non
989 1011 1113 1037 omnes
1125 1011 1193 1036 una

129 1063 242 1099 malos
261 1063 386 1109 punire
405 1063 648 1100 necessarium
667 1063 865 1107 existimat,
887 1063 949 1099 sed
969 1063 1106 1110 aliquos
1137 1073 1194 1098 ra-

131 1124 231 1169 piens
247 1134 291 1160 ex
304 1123 356 1159 eis
373 1133 462 1170 quos
476 1134 666 1169 numquam
687 1123 918 1170 corrigendos
936 1124 1049 1167 novit,
1071 1131 1195 1169 poten-

129 1188 213 1223 tiam
232 1193 338 1234 atque
359 1186 446 1221 iram
467 1186 622 1222 ostendit
639 1196 738 1222 suam
753 1215 762 1228 ,
785 1186 934 1232 plurima
951 1196 995 1222 ex
1014 1185 1081 1222 hoc
1098 1185 1194 1221 utilia

129 1248 334 1296 perficiens.
363 1247 500 1294 Quippe
529 1253 564 1283 et
584 1248 696 1283 malos
716 1247 758 1283 ad
777 1247 987 1290 deserenda,
1016 1247 1044 1282 si
1063 1246 1192 1288 velint,

129 1310 212 1344 vitia
233 1309 412 1352 hortatur,
431 1315 467 1344 et
485 1308 596 1345 bonos
615 1309 792 1345 cautiores
812 1308 920 1345 efficit
934 1336 943 1351 ,
965 1314 1001 1344 et
1032 1308 1192 1354 longani-

131 1370 288 1406 mitatem
303 1369 458 1406 ostendit
477 1379 593 1414 suam,
613 1370 954 1416 resurrectionisque
973 1369 1170 1406 doctrinam
1182 1397 1191 1413 ,

131 1437 169 1467 ut
197 1437 278 1467 ante
306 1431 476 1474 diximus,
497 1431 665 1467 omnibus
684 1431 852 1467 insinuat.
882 1430 973 1475 Quid
992 1441 1078 1477 ergo
1096 1429 1193 1475 haec,

132 1493 285 1539 inquies,
308 1493 352 1529 ad
372 1504 449 1538 eos,
464 1495 524 1540 qui
545 1504 564 1530 a
584 1494 696 1539 prima
711 1492 856 1529 infantia
876 1493 999 1529 nutriti
1035 1493 1069 1530 in
1100 1493 1197 1530 cala-

130 1553 333 1596 mitatibus,
354 1555 557 1601 priusquam
580 1555 670 1591 bona
694 1555 748 1590 vel
769 1555 860 1590 mala
883 1565 946 1601 per
963 1561 1103 1591 aetatem
1122 1555 1196 1592 dis-

131 1623 280 1650 cernere
306 1614 456 1660 possint,
476 1624 496 1650 e
517 1614 586 1650 vita
602 1614 780 1660 migrant?
795 1614 932 1661 thuid
950 1615 1048 1660 mali,
1061 1625 1195 1662 qumso,

132 1674 189 1710 isti
211 1675 404 1721 patiuntur,
423 1675 484 1721 qui
509 1675 659 1711 necdum
691 1674 775 1722 quid
813 1676 989 1721 patiantur
1026 1676 1195 1716 sentiunt,

132 1747 248 1782 neque
265 1735 386 1772 dolere
411 1743 471 1772 aut
497 1736 652 1782 gaudere
669 1735 891 1773 didicerunt?
910 1737 985 1783 Ego
1009 1747 1094 1773 vero
1127 1746 1196 1772 non

133 1796 200 1832 hoc
228 1797 342 1832 solum
363 1807 428 1843 pro
446 1796 648 1842 bnjusmodi
669 1797 837 1834 solvenda
867 1798 1064 1843 qumstione
1097 1797 1198 1834 dixe-

136 1857 216 1900 rim,
235 1867 357 1893 verum
378 1864 542 1903 parentes
564 1859 658 1904 ipsos
675 1859 782 1894 etiam
805 1865 838 1895 et
855 1858 981 1895 fratres
1003 1864 1039 1894 et
1053 1858 1197 1904 propin-

132 1928 222 1965 quos
242 1918 445 1965 bnjnsmodi
467 1919 658 1955 liberorum
680 1919 841 1956 cladibus
858 1919 1068 1956 emendatos
1096 1918 1194 1955 novi.

131 1981 166 2017 ld
183 1991 266 2017 vero
284 1990 352 2016 nou
374 1980 509 2016 minimi
529 1980 615 2017 lucri
633 1987 699 2024 est,
720 1990 766 2017 ex
783 1980 840 2024 iis,
865 1980 994 2027 quibus
1012 1989 1117 2016 nemo
1135 1979 1196 2016 lae-

130 2043 238 2087 ditur,
259 2043 347 2078 alios
367 2044 556 2079 maximam
575 2044 763 2080 utilitatem
783 2042 970 2089 consequi.
991 2043 1192 2080 Verisimile

129 2109 246 2140 autent
277 2109 332 2140 est
356 2104 505 2140 etaliam
535 2114 615 2141 esse
641 2114 785 2140 causam
814 2103 1060 2147 secretiorem,
1089 2114 1194 2151 quam

133 2166 232 2202 solus
250 2165 348 2202 novit
368 2176 486 2202 rerum
503 2165 621 2212 opifex
637 2165 746 2202 Deus.

176 2227 213 2264 9.
241 2225 310 2262 Cur
338 2233 412 2273 post
435 2227 646 2274 afflictione»:
676 2225 816 2272 quidam
836 2231 983 2272 peccent.
999 2245 1058 2277 —-.
1077 2224 1194 2262 Unttm

132 2289 306 2336 reliquum
321 2295 377 2326 est
396 2288 661 2335 explicandum,
673 2298 780 2335 quam
793 2288 928 2325 scilicet
941 2287 987 2324 ob
997 2297 1140 2324 causam
1156 2287 1193 2331 ii,

130 2351 189 2398 qui
226 2357 323 2388 recte
357 2351 562 2398 priusquam
600 2357 822 2387 tentarentur
856 2349 1082 2395 incedebant,
1115 2356 1197 2397 post

133 2413 361 2450 tentationem
380 2414 468 2461 lapsi
487 2413 570 2450 sint.
592 2412 692 2458 Quis,
712 2422 776 2449 oro
790 2440 800 2457 ,
816 2412 920 2459 plane
939 2412 1036 2448 novit
1055 2411 1114 2459 qui
1132 2422 1195 2448 re-

134 2473 192 2504 cte
213 2469 396 2512 incedant,
414 2469 483 2505 nisi
497 2469 558 2515 qui
581 2469 692 2505 corda
710 2476 836 2506 nostra
856 2471 1000 2517 singula
1016 2470 1133 2514 finxit,
1152 2470 1206 2508 in-

136 2531 340 2577 telligitque
355 2532 479 2568 omnia
490 2543 601 2580 opera
617 2538 743 2569 nostra
765 2533 842 2579 (Ps.
860 2533 920 2570 52.
937 2533 994 2575 l5)
1006 2533 1022 2569 ?
1035 2532 1093 2569 Fit
1105 2533 1203 2571 enim

135 2593 283 2638 sapius,
297 2597 336 2627 ut
349 2593 496 2640 plurimi
509 2605 552 2630 ex
566 2595 611 2630 iis
625 2595 686 2641 qui
701 2595 787 2630 honi
801 2605 883 2632 esse
896 2594 1084 2635 videntur.
1103 2595 1204 2643 pejo-

135 2663 193 2689 res
211 2653 384 2689 omnihus
399 2654 495 2698 sint;
512 2661 622 2701 atque
641 2655 676 2691 id
693 2656 841 2702 quidem
862 2662 899 2694 et
918 2656 954 2693 in
973 2657 1042 2694 hoc
1063 2657 1203 2694 saeculo

133 2713 435 2767 deprehenditur,
447 2715 510 2753 sed
522 2716 559 2752 in
576 2718 763 2755 nonnullis
774 2728 863 2755 casu
878 2719 1003 2767 aliquo
1018 2730 1060 2756 ac
1076 2729 1204 2756 neces-

133 2777 242 2813 sitate
258 2777 466 2824 ingruente.
479 2778 569 2815 Cum
586 2789 671 2815 vero
687 2780 718 2816 is
738 2780 800 2827 qui
812 2781 924 2816 eorda
945 2787 981 2818 et
995 2792 1102 2819 renes
1115 2791 1203 2828 pro-

134 2840 210 2882 bat,
233 2840 338 2877 vivus
353 2846 388 2877 et
401 2840 544 2884 eflicax,
557 2847 595 2878 et
613 2842 755 2878 acutior
771 2844 871 2879 omni
890 2844 1013 2891 gladio
1030 2845 1200 2892 ancipiti,

144 2903 355 2950 pertingens
378 2914 492 2950 usque
513 2903 558 2940 ad
581 2903 798 2942 divisionem
819 2906 949 2942 anima:
963 2912 999 2944 et
1017 2909 1198 2955 corporis,

84 2961 95 2973 ⁸
139 2973 284 3002 artuum
300 2974 336 3003 et
346 2967 604 3012 medullarum,
618 2968 800 3006 discretOr
814 2969 1077 3016 cogitationum
1098 2977 1135 3008 et
1148 2972 1201 3008 in-

136 3027 340 3064 tentionum
357 3028 481 3074 (Hebr.
499 3031 535 3067 4.
556 3031 629 3075 12),
646 3030 822 3075 judicans
839 3031 989 3073 sederit,
1001 3036 1090 3068 tunc
1107 3043 1200 3071 vero

133 3086 204 3112 non
223 3088 354 3123 paucos
373 3091 416 3116 ex
437 3082 613 3127 pluribus,
631 3084 695 3120 sed
715 3094 840 3122 omnes
862 3092 985 3134 aperte
1017 3089 1158 3127 videbis
1178 3103 1188 3126 :

131 3145 252 3198 neque
265 3143 347 3175 tunc
362 3142 464 3178 ovina
483 3143 586 3189 pellis
605 3143 744 3191 lupum,
766 3157 882 3195 neque
912 3151 1066 3198 sepulcri
1093 3153 1191 3190 deal-

130 3195 416 3259 batiointernam
435 3202 716 3250 inquinationem
737 3209 919 3250 occultare
939 3195 1081 3259 poterit.
1104 3214 1190 3252 Nul-

130 3255 162 3322 la
179 3257 279 3322 enim
297 3266 457 3299 creatura
486 3271 539 3300 est
560 3265 748 3305 invisibilis
777 3279 896 3308 coram
926 3255 983 3317 eo,
1009 3276 1068 3322 qui
1104 3282 1188 3314 tunc

129 3316 349 3364 indicaturus
369 3327 436 3364 est,
455 3324 516 3360 sed
543 3326 634 3363 nuda
656 3333 692 3364 et
711 3336 833 3376 aperta
861 3339 944 3370 sunt
959 3316 1076 3373 omnia
1097 3347 1186 3374 ocu-

128 3379 171 3415 lis
188 3379 265 3426 ejus
282 3392 290 3415 :
312 3381 406 3427 quod
430 3383 558 3423 Paulus
578 3388 709 3427 indicat
725 3401 805 3427 cum
827 3392 1017 3433 Corinthiis
1035 3400 1183 3437 scrihit:

125 3439 248 3488 Itaque
272 3444 387 3505 nolite;
401 3452 480 3481 ante
501 3453 628 3492 tempus
649 3452 828 3500 quicquam
858 3455 1027 3501 judicare,
1053 3462 1186 3505 quoad-

125 3513 228 3548 usque
241 3505 350 3540 veniat
364 3503 544 3551 Dominus,
557 3511 613 3555 qui
627 3517 655 3547 et
669 3513 871 3551 itluminnbit
881 3503 1077 3555 abscondito
1095 3527 1186 3558 tene-

123 3565 272 3629 orarum,
295 3571 326 3600 et
341 3568 567 3629 manifestabit
583 3574 723 3610 consilia
737 3577 891 3613 cordium
909 3577 960 3626 (1.
979 3579 1060 3616 Cor.
1078 3583 1114 3618 4.
1130 3584 1182 3629 5).

124 3623 168 3662 Ut
187 3634 320 3670 autem,
345 3628 540 3676 hypocritis
557 3635 698 3672 omissis
711 3664 721 3679 ,
741 3638 784 3674 ad
803 3650 866 3676 eos
885 3623 1027 3678 tandem
1047 3633 1106 3691 qui
1125 3623 1183 3683 re-

121 3694 177 3724 ete
205 3699 330 3725 revera
360 3691 528 3729 incedunt
547 3695 742 3740 veniamus,
780 3700 874 3738 unde
909 3702 1013 3740 nobis
1045 3715 1184 3746 constat

120 3749 230 3795 quod,
251 3751 392 3788 etiamsi
422 3753 516 3790 bona
537 3756 670 3803 reliqua
690 3760 840 3806 egerint,
862 3772 1041 3802 summum
1064 3773 1182 3807 tamen

121 3811 279 3848 omnium
301 3813 472 3852 virtutum
493 3817 650 3862 culmen,
676 3818 910 3861 humilitatem
924 3853 934 3864 .
956 3838 1025 3864 neu
1060 3830 1181 3878 negie-

164 3890 174 3908 ⁸
200 3894 278 3932 \‘ox,
293 3889 486 3933 mone,
500 3891 531 3925 in
545 3893 632 3929 Coll).
652 3901 685 3930 et
701 3898 792 3932 Savil.
810 3899 915 3936 deest.

699 253 758 290 AD
783 252 1031 291 STAGIRIUM
1059 253 1087 289 A
1116 249 1317 288 DEMONE
1345 253 1585 291 VEXATUM.
1613 253 1698 290 LIB.
1727 253 1753 290 1.

2259 253 2328 290 446

1261 329 1408 365 xerint?
1431 328 1566 366 Idcirco
1583 335 1702 365 autem
1720 329 1853 366 dimisit
1884 329 1963 365 illos
1985 329 2076 366 Deus
2090 358 2099 373 ,
2119 335 2157 365 ιιι
2191 329 2329 366 discant

1261 389 1320 425 illa
1341 400 1382 426 se
1399 401 1469 426 non
1487 392 1627 436 propria
1650 391 1792 433 virtute,
1817 391 1877 426 sed
1899 391 1959 426 Dei
1980 391 2089 437 gratia
2105 391 2327 437 prmstitissc.

1260 450 1362 494 Quod
1379 451 1408 486 si
1429 451 1524 487 dicat
1543 452 1623 498 quis
1649 452 1778 488 melius
1798 452 1906 488 fuisse
1927 452 2006 488 illos
2033 463 2113 488 cum
2134 459 2230 488 recte
2246 462 2329 498 ageo

1261 518 1344 548 rent
1362 513 1497 555 extolli,
1517 523 1621 560 quam
1643 521 1723 560 post
1744 514 1879 560 lapsum
1897 513 2088 554 humiliari.
2107 515 2135 550 is
2154 514 2239 550 tnihi
2253 524 2330 550 ma-

1260 575 1356 611 xime
1371 574 1512 611 videtur
1525 575 1707 621 jactantixe
1735 575 1946 611 dctrimcnta
1977 581 2082 621 atque
2120 575 2328 612 humilitatis

1261 633 1358 671 lucra
1375 635 1552 682 ignorare.
1574 635 1674 672 Nosti
1691 637 1786 672 enim
1803 636 1906 683 plane
1926 636 2104 672 hominem
2121 643 2327 683 arroganter

1262 695 1352 732 bona
1372 703 1594 742 operantem,
1615 697 1644 733 si
1661 703 1778 733 tamen
1801 698 1890 733 houa
1923 696 2038 733 facere
2055 706 2224 743 arrogans
2245 707 2329 743 pos-

1261 757 1322 800 sit,
1343 757 1605 804 quamprimum
1624 757 1658 793 in
1679 767 1854 793 summam
1875 758 2067 804 perniciem
2081 757 2278 802 lapsurutn.
2300 757 2330 792 Is

1262 827 1347 852 vero
1365 817 1424 864 qui
1443 817 1510 853 labi
1527 818 1720 864 permissus
1738 818 1866 861 fuerit,
1890 825 1995 863 atque
2013 827 2055 854 ex
2086 818 2189 854 ruina
2211 817 2328 853 humi-

1264 877 1340 914 liari
1359 878 1537 922 didicerit,
1559 885 1736 926 resurget,
1759 889 1800 916 ac
1814 880 1842 915 si
1863 880 2005 926 quidem
2023 879 2189 924 voluerit,
2210 880 2331 926 lapsus

1263 939 1316 974 sui
1336 939 1463 974 damna
1482 940 1554 976 cito
1573 939 1764 986 reparabit.
1803 939 1914 976 Porro
1935 940 1964 976 is
1983 940 2042 986 qui
2061 950 2142 976 eum
2158 939 2328 986 jactantia

1263 1006 1360 1036 recte
1383 1006 1526 1046 putatur
1543 1002 1683 1048 operari
1701 1029 1710 1044 ,
1736 1001 1822 1038 nihil
1843 1002 1981 1047 patiens
1998 1001 2137 1039 adversi
2155 1029 2162 1042 ,
2184 1012 2228 1037 ne
2246 1011 2331 1038 sen-

1263 1069 1342 1096 sum
1371 1061 1513 1106 quidem
1534 1062 1645 1098 ullum
1674 1063 1826 1108 propria:
1848 1063 2042 1109 iniquitatis
2072 1062 2218 1109 recipiet
2251 1073 2331 1098 um-

1264 1131 1369 1168 quam
1384 1149 1393 1165 ,
1416 1122 1478 1158 sed
1498 1123 1640 1168 augebit
1661 1123 1816 1166 malum,
1833 1129 1940 1168 atque
1959 1123 2042 1159 dum
2063 1124 2198 1159 nesciet
2215 1152 2223 1166 ,
2248 1123 2341 1159 hinc-

1265 1193 1397 1219 vacuus
1423 1184 1668 1230 proficiscetur
1688 1196 1696 1219 :
1719 1185 1823 1221 sicuti
1853 1184 2055 1220 Pharisreus
2075 1185 2134 1220 ille
2152 1184 2251 1232 (an.
2270 1185 2329 1227 18,

1267 1244 1328 1292 10)
1346 1246 1405 1292 qui
1425 1246 1586 1282 ascendit
1604 1246 1639 1281 in
1658 1246 1842 1291 templum,
1855 1253 1981 1292 putans
1996 1256 2036 1282 se
2054 1246 2334 1282 houismnnihus

1265 1317 1346 1344 esse
1354 1308 1774 1355 locupletem,descendit
1786 1319 1870 1344 vero
1883 1308 2072 1354 publicano
2085 1309 2331 1355 pauperiorem

1266 1370 1404 1406 meritis
1427 1381 1466 1406 se
1485 1380 1566 1407 esse
1581 1370 1793 1416 percipiens.
1817 1370 1880 1406 Est
1909 1377 1941 1405 et
1963 1370 2030 1406 alia
2052 1370 2189 1415 species
2208 1369 2332 1416 pestis,

1265 1443 1345 1479 quze
1363 1432 1552 1478 plurimum
1572 1432 1712 1468 roboris
1733 1432 1837 1468 habet
1864 1431 1907 1467 ad
1927 1431 2130 1468 evacuanda
2148 1431 2239 1467 bona
2271 1441 2334 1465 nu-

1266 1499 1352 1534 stra,
1389 1503 1468 1539 qua:
1496 1499 1594 1528 muto
1629 1492 1759 1529 sudore
1788 1493 2012 1539 colligimus,
2041 1499 2167 1528 ventus
2197 1491 2334 1527 scilicet

1267 1553 1385 1590 inanis
1414 1553 1550 1600 glorize.
1569 1553 1656 1589 Nam
1677 1563 1801 1590 revera
1822 1554 1917 1589 venti
1948 1554 2058 1588 instar
2077 1554 2236 1600 ingressa
2258 1551 2333 1588 the-

1268 1627 1394 1653 sauros
1411 1627 1538 1653 omnes
1558 1617 1700 1653 virtutis
1721 1617 1900 1652 exsulilat.
1934 1616 1986 1652 En
2005 1623 2042 1652 et
2059 1615 2213 1652 secunda
2231 1615 2335 1652 nobis

1267 1678 1409 1714 occasio
1429 1677 1550 1725 lapsus
1567 1683 1664 1714 recte
1681 1677 1934 1725 gradientium,
1958 1683 1994 1713 ut
2015 1684 2050 1713 tu
2069 1677 2226 1713 dicebas.
2247 1676 2334 1712 Plu-

1267 1739 1348 1774 rimi
1367 1740 1462 1775 enim
1477 1750 1522 1776 ex
1544 1740 1587 1776 iis
1607 1740 1666 1786 qui
1693 1739 1786 1786 apud
1807 1749 1872 1775 nos
1891 1740 2052 1786 ingentes
2081 1739 2246 1774 videntur
2265 1738 2336 1774 vir~

1268 1800 1352 1834 tutis
1368 1809 1474 1835 causa
1491 1799 1662 1836 tolerasse
1680 1800 1837 1843 labores,
1854 1809 1895 1836 ac
1915 1810 2039 1836 revera
2061 1799 2231 1843 tolerant,
2253 1809 2335 1836 eum

1266 1861 1384 1897 omnia
1401 1860 1444 1896 ad
1467 1861 1640 1898 honorem
1657 1861 1855 1903 hominum,
1876 1872 1946 1897 non
1969 1872 2032 1908 pro
2055 1861 2114 1897 Dei
2135 1862 2260 1907 gloria,
2279 1861 2335 1897 fa-

1265 1929 1401 1962 cerent.
1425 1923 1587 1969 permissi
1602 1929 1684 1958 sunt
1700 1923 1736 1959 in
1757 1923 1990 1959 tentationem
2014 1923 2096 1964 labi,
2117 1928 2154 1958 nt
2173 1923 2336 1958 multitu-

1265 1984 1359 2020 dinis
1375 1984 1486 2031 gloria
1513 1985 1649 2028 nudati,
1671 1991 1818 2032 propter
1844 1995 1949 2031 quam
1970 1985 2185 2021 detrimenta
2213 1984 2333 2020 omnia

1265 2047 1424 2092 perpessi
1444 2053 1540 2091 sunt,
1561 2047 1709 2094 ejusque
1737 2047 1860 2094 gloriae
1881 2053 2044 2083 naturam
2067 2047 2100 2082 in
2123 2047 2220 2082 nullo
2247 2045 2336 2082 flore

1265 2107 1350 2144 fumi
1365 2118 1446 2144 esse
1465 2109 1650 2146 meliorem
1669 2108 1910 2152 addiscentes,
1929 2108 2002 2155 jam
2023 2109 2094 2145 Deo
2111 2108 2178 2144 soli
2193 2113 2334 2148 vacent,

1265 2174 1371 2214 atque
1389 2169 1500 2214 ipsius
1514 2179 1621 2206 causa
1641 2169 1771 2206 faciant
1799 2170 1933 2206 omnia.
1965 2169 2056 2206 Sunt
2093 2175 2266 2215 prmterea
2296 2175 2335 2204 et

1265 2228 1343 2265 alia:
1363 2239 1480 2266 causa!
1499 2236 1606 2276 atque
1621 2231 1790 2275 rationes,
1807 2231 1994 2277 etquidem
2012 2230 2115 2277 longe
2129 2230 2184 2266 his
2198 2230 2332 2277 plures,

1265 2297 1448 2334 caeterum,
1466 2298 1505 2327 ut
1519 2292 1606 2334 dixi,
1625 2293 1942 2340 nobisincognitm,
1961 2293 2024 2329 sed
2039 2293 2199 2328 omnium
2213 2292 2332 2338 opiﬁci

1266 2352 1341 2390 Deo
1352 2353 1443 2390 bene
1459 2360 1567 2389 nota}.
1591 2353 1642 2390 Ne
1659 2355 1767 2400 igitur
1784 2355 1818 2390 in
1848 2354 1890 2390 iis
1909 2365 1988 2401 quae
2003 2354 2214 2400 contingunt
2243 2354 2336 2389 indi-

1264 2423 1428 2460 gnemur,
1447 2413 1511 2450 sed
1531 2415 1663 2461 gratias
1683 2424 1830 2461 agamus
1853 2425 1861 2449 :
1891 2413 1958 2449 hoc
1977 2414 2070 2450 enim
2091 2421 2274 2460 gratorum
2296 2415 2335 2450 ft-

1265 2475 1472 2522 deliumque
1492 2485 1677 2512 servorum
1702 2481 1770 2512 est.
1801 2476 1846 2511 At
1863 2485 1951 2511 vero
1970 2481 2006 2510 tu
2021 2503 2030 2519 ,
2047 2475 2130 2510 dum
2147 2475 2335 2510 admiraris

1263 2547 1328 2574 cur
1341 2547 1411 2573 non
1431 2543 1535 2573 antea
1554 2537 1683 2584 potius,
1707 2546 1789 2573 cum
1809 2536 1963 2573 delicate
1979 2536 2118 2572 viveres
2145 2540 2253 2582 atque
2274 2535 2332 2570 illa

1263 2599 1384 2635 stt-culi
1412 2609 1541 2646 pompa
1574 2599 1725 2645 stipatus
1758 2598 1957 2640 incedercs,
1975 2597 2038 2634 sed
2071 2608 2164 2633 nunc
2188 2597 2332 2644 quando

1262 2659 1423 2707 abjecisti
1445 2660 1503 2696 illa
1524 2661 1658 2704 omnia,
1679 2669 1721 2696 ac
1741 2661 1892 2707 teipsum
1915 2665 2027 2696 totum
2046 2659 2118 2695 Deo
2136 2659 2331 2701 devovisti,

1262 2721 1441 2767 pessimus
1461 2728 1495 2758 te
1512 2721 1572 2758 ille
1591 2720 1730 2757 dwmon
1750 2721 1892 2765 invasit,
1914 2721 2007 2757 idem
2027 2730 2173 2767 prorsus
2192 2719 2279 2756 facis
2293 2730 2335 2756 ac

1263 2783 1294 2819 si
1311 2781 1502 2818 admireris
1519 2792 1584 2818 cur
1604 2782 1868 2829 spectatoribus
1883 2783 2001 2818 nullus
2031 2782 2204 2818 molestus
2222 2787 2332 2821 esset.

1261 2844 1325 2881 sed
1346 2845 1406 2892 qui
1426 2845 1460 2881 in
1479 2845 1638 2892 pugilum
1655 2855 1806 2882 numero
1823 2845 2026 2892 adscriptus
2043 2845 2334 2891 exercitatusque

1260 2907 1295 2942 in
1314 2913 1496 2944 certamen
1513 2907 1773 2952 descendisset,
1797 2907 1891 2944 hunc
1929 2908 2046 2944 solum
2083 2918 2127 2945 ex
2159 2907 2328 2945 omnibus

1258 2969 1472 3005 eolluctator
1517 2975 1730 3016 expeteret,
1766 2969 1972 3016 percutiens
1999 2976 2104 3017 caput
2133 2969 2332 3018 faetcmque

1259 3030 1466 3067 concidens.
1499 3030 1576 3068 Non
1597 3031 1664 3068 hoc
1683 3041 1770 3079 ergo
1801 3037 1862 3068 aut
1887 3032 2062 3068 miraculo
2081 3038 2142 3068 aut
2171 3042 2330 3069 mcerore

1257 3092 1406 3140 dignum
1423 3098 1491 3136 est,
1511 3093 1542 3131 si
1565 3104 1630 3130 nos
1649 3093 1710 3130 ille
1728 3093 1824 3141 pugil
1845 3093 1993 3130 adortus
2013 3093 2146 3141 premit
2159 3101 2194 3131 et
2212 3100 2330 3142 urget,

1257 3155 1392 3200 quippe
1419 3155 1484 3190 ista
1506 3160 1560 3191 est
1579 3155 1810 3202 pugnantium
1841 3154 1898 3192 lex
1921 3166 1931 3190 :
1952 3165 2077 3192 verum
2108 3155 2138 3191 si
2158 3155 2217 3192 ille
2238 3156 2330 3203 deji—

1257 3216 1328 3252 ciat
1346 3222 1452 3262 atque
1472 3221 1700 3264 prosternat,
1716 3227 1757 3254 ac
1779 3218 1924 3264 przemia
1941 3216 2104 3254 laborum
2125 3217 2239 3262 tollat,
2263 3218 2331 3254 hoc

1257 3288 1365 3324 grave
1391 3285 1460 3316 est.
1479 3278 1658 3324 Quamdiu
1680 3289 1766 3317 vero
1794 3291 1863 3316 non
1887 3279 2070 3326 praevalet,
2104 3290 2186 3316 non-
2213 3280 2330 3317 solum

1259 3339 1362 3376 nobis
1381 3339 1470 3376 nihil
1492 3341 1628 3384 nocuit,
1666 3341 1730 3378 sed
1762 3340 1896 3388 profuit
1924 3340 2134 3388 plurimum,
2163 3341 2333 3378 conflicut

1259 3401 1321 3438 illo
1336 3412 1404 3439 suo
1421 3407 1561 3440 summa
1581 3405 1684 3441 nobis
1705 3409 1915 3440 ornamenta
1934 3403 2147 3441 concilians.
2170 3403 2331 3450 Namque

1256 3470 1294 3501 et
1311 3464 1346 3501 in
1363 3465 1492 3502 castris
1516 3465 1576 3502 ille
1595 3472 1768 3512 pra-stare
1785 3467 1928 3504 caeteris
1956 3473 2124 3514 putatur,
2141 3465 2203 3513 qui
2227 3466 2326 3511 plura

1255 3527 1405 3565 vulnera
1426 3538 1500 3574 prae
1516 3537 1556 3564 se
1576 3529 1669 3565 ferre
1695 3533 1827 3575 potest,
1846 3539 1888 3566 ac
1915 3528 2107 3576 singularia
2129 3524 2326 3562 certamina

1254 3589 1426 3628 adversus
1444 3591 1623 3638 quoslibet
1640 3590 1796 3627 hostium
1811 3589 2032 3635 fortissimos
2043 3587 2237 3631 suscipere.
2255 3583 2325 3620 Eos

1254 3653 1377 3692 itidem
1393 3653 1546 3691 athletas
1563 3653 1719 3690 maxime
1735 3652 1990 3699 miramur,qni
2008 3661 2088 3687 cum
2107 3650 2328 3695 inexpugna-

1254 3716 1386 3753 bilibus
1413 3716 1479 3762 (sic
1511 3716 1607 3753 enim
1633 3716 1816 3764 appellant
1844 3712 2144 3751 contentiosiores
2163 3720 2327 3757 quosque

1254 3778 1502 3826 antagonistas
1519 3779 1531 3826 )
1549 3779 1702 3816 viriliter
1718 3776 2012 3824 congrediuntur.
2033 3771 2103 3809 Sed
2125 3778 2161 3807 et
2180 3776 2328 3807 venator

1255 3839 1314 3878 ille
1332 3840 1489 3878 maxime
1504 3841 1681 3888 pmcellit
1695 3868 1705 3885 ,
1725 3839 1785 3887 qui
1809 3835 2050 3874 ferocissimas
2068 3832 2204 3869 belluas
2224 3833 2326 3868 exci-

1255 3905 1318 3951 pit.
1354 3903 1546 3950 Impudens
1566 3909 1619 3940 est
1647 3910 1752 3948 atque
1774 3897 2040 3945 imperterritus
2076 3895 2131 3932 hic
2157 3894 2318 3932 d.rmou:
