  <div class='ocr_page' id='page_1' title='image "/cluster/home/n/w/nwhite01/storage/ocr_20150623/47/hvd.32044073501884/409.png"; bbox 0 0 2726 4358; ppageno 0'>
   <div class='ocr_carea' id='block_1_1' title="bbox 429 258 498 296">
    <p class='ocr_par' dir='ltr' id='par_1_1' title="bbox 429 258 498 296">
     <span class='ocr_line' id='line_1_1' title="bbox 429 258 498 296; baseline -0.043 0"><span class='ocrx_word' id='word_1_1' title='bbox 429 258 498 296; x_wconf 65' lang='lat' dir='ltr'><strong>M7</strong></span> 
     </span>
    </p>
   </div>
   <div class='ocr_carea' id='block_1_2' title="bbox 436 321 1518 378">
    <p class='ocr_par' dir='ltr' id='par_1_2' title="bbox 436 321 1518 378">
     <span class='ocr_line' id='line_1_2' title="bbox 436 321 1518 378; baseline -0.009 -10"><span class='ocrx_word' id='word_1_2' title='bbox 436 340 473 368; x_wconf 84' lang='lat' dir='ltr'><strong>at</strong></span> <span class='ocrx_word' id='word_1_3' title='bbox 485 341 551 378; x_wconf 79' lang='lat' dir='ltr'><strong>ego</strong></span> <span class='ocrx_word' id='word_1_4' title='bbox 565 336 754 377; x_wconf 87' lang='lat' dir='ltr'><strong>propterea</strong></span> <span class='ocrx_word' id='word_1_5' title='bbox 769 333 802 364; x_wconf 92' lang='lat' dir='ltr'><strong>te</strong></span> <span class='ocrx_word' id='word_1_6' title='bbox 816 326 940 364; x_wconf 90' lang='lat' dir='ltr'><strong>mirari</strong></span> <span class='ocrx_word' id='word_1_7' title='bbox 952 336 994 362; x_wconf 92' lang='lat' dir='ltr'><strong>ac</strong></span> <span class='ocrx_word' id='word_1_8' title='bbox 1008 332 1154 372; x_wconf 85' lang='lat' dir='ltr'><strong>stupere</strong></span> <span class='ocrx_word' id='word_1_9' title='bbox 1170 334 1241 361; x_wconf 91' lang='lat' dir='ltr'><strong>non</strong></span> <span class='ocrx_word' id='word_1_10' title='bbox 1265 323 1408 367; x_wconf 83' lang='lat' dir='ltr'><strong>desino,</strong></span> <span class='ocrx_word' id='word_1_11' title='bbox 1421 321 1518 370; x_wconf 88' lang='lat' dir='ltr'><strong>quod</strong></span> 
     </span>
    </p>
   </div>
   <div class='ocr_carea' id='block_1_3' title="bbox 431 383 1520 438">
    <p class='ocr_par' dir='ltr' id='par_1_3' title="bbox 431 383 1520 438">
     <span class='ocr_line' id='line_1_3' title="bbox 431 383 1520 438; baseline -0.006 -11"><span class='ocrx_word' id='word_1_12' title='bbox 431 389 636 438; x_wconf 85' lang='lat' dir='ltr'><strong>huiusmodi</strong></span> <span class='ocrx_word' id='word_1_13' title='bbox 668 389 916 426; x_wconf 85' lang='lat' dir='ltr'><strong>adversarium</strong></span> <span class='ocrx_word' id='word_1_14' title='bbox 943 393 1070 424; x_wconf 91' lang='lat' dir='ltr'><strong>nactus</strong></span> <span class='ocrx_word' id='word_1_15' title='bbox 1089 392 1160 422; x_wconf 87' lang='lat' dir='ltr'><strong>tam</strong></span> <span class='ocrx_word' id='word_1_16' title='bbox 1181 385 1379 422; x_wconf 88' lang='lat' dir='ltr'><strong>violentum</strong></span> <span class='ocrx_word' id='word_1_17' title='bbox 1397 383 1520 432; x_wconf 84' lang='lat' dir='ltr'><strong>lapsus</strong></span> 
     </span>
    </p>
   </div>
   <div class='ocr_carea' id='block_1_4' title="bbox 430 445 1520 498">
    <p class='ocr_par' dir='ltr' id='par_1_4' title="bbox 430 445 1520 498">
     <span class='ocr_line' id='line_1_4' title="bbox 430 445 1520 498; baseline -0.007 -10"><span class='ocrx_word' id='word_1_18' title='bbox 430 465 498 488; x_wconf 83' lang='lat' dir='ltr'><strong>nun</strong></span> <span class='ocrx_word' id='word_1_19' title='bbox 513 462 566 494; x_wconf 89' lang='lat' dir='ltr'><strong>cs,</strong></span> <span class='ocrx_word' id='word_1_20' title='bbox 579 461 696 498; x_wconf 89' lang='lat' dir='ltr'><strong>neque</strong></span> <span class='ocrx_word' id='word_1_21' title='bbox 707 451 742 486; x_wconf 92' lang='lat' dir='ltr'><strong>in</strong></span> <span class='ocrx_word' id='word_1_22' title='bbox 754 450 973 487; x_wconf 89' lang='lat' dir='ltr'><strong>deditionem</strong></span> <span class='ocrx_word' id='word_1_23' title='bbox 988 447 1110 484; x_wconf 77' lang='lat' dir='ltr'><strong>Venire</strong></span> <span class='ocrx_word' id='word_1_24' title='bbox 1123 445 1301 489; x_wconf 85' lang='lat' dir='ltr'><strong>tolerasti,</strong></span> <span class='ocrx_word' id='word_1_25' title='bbox 1315 445 1380 482; x_wconf 89' lang='lat' dir='ltr'><strong>sed</strong></span> <span class='ocrx_word' id='word_1_26' title='bbox 1393 445 1520 482; x_wconf 85' lang='lat' dir='ltr'><strong>firmus</strong></span> 
     </span>
    </p>
   </div>
   <div class='ocr_carea' id='block_1_5' title="bbox 428 507 1516 562">
    <p class='ocr_par' dir='ltr' id='par_1_5' title="bbox 428 507 1516 562">
     <span class='ocr_line' id='line_1_5' title="bbox 428 507 1516 562; baseline -0.009 -10"><span class='ocrx_word' id='word_1_27' title='bbox 428 515 638 562; x_wconf 86' lang='lat' dir='ltr'><strong>perstitisti,</strong></span> <span class='ocrx_word' id='word_1_28' title='bbox 672 514 766 550; x_wconf 87' lang='lat' dir='ltr'><strong>nulla</strong></span> <span class='ocrx_word' id='word_1_29' title='bbox 801 523 846 550; x_wconf 80' lang='lat' dir='ltr'><strong>ex</strong></span> <span class='ocrx_word' id='word_1_30' title='bbox 879 517 980 559; x_wconf 88' lang='lat' dir='ltr'><strong>parte</strong></span> <span class='ocrx_word' id='word_1_31' title='bbox 1007 510 1104 547; x_wconf 90' lang='lat' dir='ltr'><strong>illius</strong></span> <span class='ocrx_word' id='word_1_32' title='bbox 1122 507 1340 556; x_wconf 85' lang='lat' dir='ltr'><strong>improbitati</strong></span> <span class='ocrx_word' id='word_1_33' title='bbox 1367 507 1516 545; x_wconf 78' lang='lat' dir='ltr'><strong>cedens.</strong></span> 
     </span>
    </p>
   </div>
   <div class='ocr_carea' id='block_1_6' title="bbox 479 569 1520 624">
    <p class='ocr_par' dir='ltr' id='par_1_6' title="bbox 479 569 1520 624">
     <span class='ocr_line' id='line_1_6' title="bbox 479 569 1520 624; baseline -0.008 -10"><span class='ocrx_word' id='word_1_34' title='bbox 479 577 539 614; x_wconf 76' lang='grc'><strong>10.</strong></span> <span class='ocrx_word' id='word_1_35' title='bbox 567 577 684 614; x_wconf 88' lang='lat' dir='ltr'><strong>Porro</strong></span> <span class='ocrx_word' id='word_1_36' title='bbox 711 575 807 624; x_wconf 89' lang='lat' dir='ltr'><strong>quod</strong></span> <span class='ocrx_word' id='word_1_37' title='bbox 840 585 912 612; x_wconf 90' lang='lat' dir='ltr'><strong>non</strong></span> <span class='ocrx_word' id='word_1_38' title='bbox 947 571 1156 610; x_wconf 78' lang='lat' dir='ltr'><strong>aSSentandi</strong></span> <span class='ocrx_word' id='word_1_39' title='bbox 1186 571 1306 608; x_wconf 88' lang='lat' dir='ltr'><strong>studio</strong></span> <span class='ocrx_word' id='word_1_40' title='bbox 1334 579 1433 607; x_wconf 88' lang='lat' dir='ltr'><strong>nunc</strong></span> <span class='ocrx_word' id='word_1_41' title='bbox 1451 569 1520 606; x_wconf 84' lang='lat' dir='ltr'><strong>ista</strong></span> 
     </span>
    </p>
   </div>
   <div class='ocr_carea' id='block_1_7' title="bbox 429 632 1521 688">
    <p class='ocr_par' dir='ltr' id='par_1_7' title="bbox 429 632 1521 688">
     <span class='ocr_line' id='line_1_7' title="bbox 429 632 1521 688; baseline -0.007 -12"><span class='ocrx_word' id='word_1_42' title='bbox 429 641 570 688; x_wconf 90' lang='lat' dir='ltr'><strong>loquar,</strong></span> <span class='ocrx_word' id='word_1_43' title='bbox 587 639 650 677; x_wconf 90' lang='lat' dir='ltr'><strong>sed</strong></span> <span class='ocrx_word' id='word_1_44' title='bbox 663 639 758 686; x_wconf 88' lang='lat' dir='ltr'><strong>quod</strong></span> <span class='ocrx_word' id='word_1_45' title='bbox 774 649 859 676; x_wconf 89' lang='lat' dir='ltr'><strong>vere</strong></span> <span class='ocrx_word' id='word_1_46' title='bbox 871 637 1028 674; x_wconf 90' lang='lat' dir='ltr'><strong>maxima</strong></span> <span class='ocrx_word' id='word_1_47' title='bbox 1045 646 1091 673; x_wconf 78' lang='lat' dir='ltr'><strong>ex</strong></span> <span class='ocrx_word' id='word_1_48' title='bbox 1105 633 1310 682; x_wconf 83' lang='lat' dir='ltr'><strong>huiusmodi</strong></span> <span class='ocrx_word' id='word_1_49' title='bbox 1325 632 1521 676; x_wconf 80' lang='lat' dir='ltr'><strong>afflictione</strong></span> 
     </span>
    </p>
   </div>
   <div class='ocr_carea' id='block_1_8' title="bbox 429 695 1522 754">
    <p class='ocr_par' dir='ltr' id='par_1_8' title="bbox 429 695 1522 754">
     <span class='ocr_line' id='line_1_8' title="bbox 429 695 1522 754; baseline -0.008 -15"><span class='ocrx_word' id='word_1_50' title='bbox 429 703 572 749; x_wconf 78' lang='lat' dir='ltr'><strong>eeperis</strong></span> <span class='ocrx_word' id='word_1_51' title='bbox 593 702 854 754; x_wconf 85' lang='lat' dir='ltr'><strong>emolumenta,</strong></span> <span class='ocrx_word' id='word_1_52' title='bbox 887 707 1028 748; x_wconf 86' lang='lat' dir='ltr'><strong>patere,</strong></span> <span class='ocrx_word' id='word_1_53' title='bbox 1047 708 1186 746; x_wconf 77' lang='lat' dir='ltr'><strong>quaeso,</strong></span> <span class='ocrx_word' id='word_1_54' title='bbox 1205 707 1274 733; x_wconf 90' lang='lat' dir='ltr'><strong>nos</strong></span> <span class='ocrx_word' id='word_1_55' title='bbox 1292 695 1420 732; x_wconf 89' lang='lat' dir='ltr'><strong>liducia</strong></span> <span class='ocrx_word' id='word_1_56' title='bbox 1443 701 1522 730; x_wconf 83' lang='lat' dir='ltr'><strong>tan-</strong></span> 
     </span>
    </p>
   </div>
   <div class='ocr_carea' id='block_1_9' title="bbox 431 755 1522 812">
    <p class='ocr_par' dir='ltr' id='par_1_9' title="bbox 431 755 1522 812">
     <span class='ocr_line' id='line_1_9' title="bbox 431 755 1522 812; baseline -0.007 -10"><span class='ocrx_word' id='word_1_57' title='bbox 431 765 544 812; x_wconf 76' lang='lat' dir='ltr'><strong>tisper</strong></span> <span class='ocrx_word' id='word_1_58' title='bbox 560 766 595 801; x_wconf 94' lang='lat' dir='ltr'><strong>in</strong></span> <span class='ocrx_word' id='word_1_59' title='bbox 628 763 810 812; x_wconf 91' lang='lat' dir='ltr'><strong>loquendo</strong></span> <span class='ocrx_word' id='word_1_60' title='bbox 827 765 876 800; x_wconf 92' lang='lat' dir='ltr'><strong>uti</strong></span> <span class='ocrx_word' id='word_1_61' title='bbox 898 776 907 800; x_wconf 87' lang='lat'><strong>:</strong></span> <span class='ocrx_word' id='word_1_62' title='bbox 927 773 1044 810; x_wconf 86' lang='lat' dir='ltr'><strong>neque</strong></span> <span class='ocrx_word' id='word_1_63' title='bbox 1073 761 1170 798; x_wconf 87' lang='lat' dir='ltr'><strong>enim</strong></span> <span class='ocrx_word' id='word_1_64' title='bbox 1195 760 1300 796; x_wconf 90' lang='lat' dir='ltr'><strong>aliter</strong></span> <span class='ocrx_word' id='word_1_65' title='bbox 1331 758 1440 805; x_wconf 85' lang='lat' dir='ltr'><strong>hujus</strong></span> <span class='ocrx_word' id='word_1_66' title='bbox 1467 755 1522 794; x_wconf 87' lang='lat' dir='ltr'><strong>rei</strong></span> 
     </span>
    </p>
   </div>
   <div class='ocr_carea' id='block_1_10' title="bbox 429 819 1520 872">
    <p class='ocr_par' dir='ltr' id='par_1_10' title="bbox 429 819 1520 872">
     <span class='ocr_line' id='line_1_10' title="bbox 429 819 1520 872; baseline -0.008 -8"><span class='ocrx_word' id='word_1_67' title='bbox 429 828 646 864; x_wconf 87' lang='lat' dir='ltr'><strong>documenta</strong></span> <span class='ocrx_word' id='word_1_68' title='bbox 679 827 810 864; x_wconf 81' lang='lat' dir='ltr'><strong>ail&#39;errs</strong></span> <span class='ocrx_word' id='word_1_69' title='bbox 841 835 998 872; x_wconf 89' lang='lat' dir='ltr'><strong>possem.</strong></span> <span class='ocrx_word' id='word_1_70' title='bbox 1033 823 1135 861; x_wconf 88' lang='lat' dir='ltr'><strong>Nosti</strong></span> <span class='ocrx_word' id='word_1_71' title='bbox 1161 833 1250 860; x_wconf 88' lang='lat' dir='ltr'><strong>sane</strong></span> <span class='ocrx_word' id='word_1_72' title='bbox 1279 831 1322 858; x_wconf 88' lang='lat' dir='ltr'><strong>ac</strong></span> <span class='ocrx_word' id='word_1_73' title='bbox 1345 819 1520 857; x_wconf 81' lang='lat' dir='ltr'><strong>memoria</strong></span> 
     </span>
    </p>
   </div>
   <div class='ocr_carea' id='block_1_11' title="bbox 434 883 1520 938">
    <p class='ocr_par' dir='ltr' id='par_1_11' title="bbox 434 883 1520 938">
     <span class='ocr_line' id='line_1_11' title="bbox 434 883 1520 938; baseline -0.007 -10"><span class='ocrx_word' id='word_1_74' title='bbox 434 897 536 928; x_wconf 86' lang='lat' dir='ltr'><strong>tenes</strong></span> <span class='ocrx_word' id='word_1_75' title='bbox 551 891 709 938; x_wconf 86' lang='lat' dir='ltr'><strong>priorem</strong></span> <span class='ocrx_word' id='word_1_76' title='bbox 725 896 822 927; x_wconf 88' lang='lat' dir='ltr'><strong>tuam</strong></span> <span class='ocrx_word' id='word_1_77' title='bbox 841 890 1172 929; x_wconf 86' lang='lat' dir='ltr'><strong>conversationem,</strong></span> <span class='ocrx_word' id='word_1_78' title='bbox 1195 897 1266 934; x_wconf 88' lang='lat' dir='ltr'><strong>qua</strong></span> <span class='ocrx_word' id='word_1_79' title='bbox 1287 892 1370 922; x_wconf 83' lang='lat' dir='ltr'><strong>ante</strong></span> <span class='ocrx_word' id='word_1_80' title='bbox 1393 883 1520 931; x_wconf 84' lang='lat' dir='ltr'><strong>liuius-</strong></span> 
     </span>
    </p>
   </div>
   <div class='ocr_carea' id='block_1_12' title="bbox 432 947 1520 1000">
    <p class='ocr_par' dir='ltr' id='par_1_12' title="bbox 432 947 1520 1000">
     <span class='ocr_line' id='line_1_12' title="bbox 432 947 1520 1000; baseline -0.007 -10"><span class='ocrx_word' id='word_1_81' title='bbox 432 954 531 990; x_wconf 90' lang='lat' dir='ltr'><strong>modi</strong></span> <span class='ocrx_word' id='word_1_82' title='bbox 565 954 799 990; x_wconf 88' lang='lat' dir='ltr'><strong>tentationcm</strong></span> <span class='ocrx_word' id='word_1_83' title='bbox 829 952 1000 1000; x_wconf 83' lang='lat' dir='ltr'><strong>degehas.</strong></span> <span class='ocrx_word' id='word_1_84' title='bbox 1029 951 1128 988; x_wconf 89' lang='lat' dir='ltr'><strong>llanc</strong></span> <span class='ocrx_word' id='word_1_85' title='bbox 1150 950 1270 996; x_wconf 94' lang='lat' dir='ltr'><strong>itaque</strong></span> <span class='ocrx_word' id='word_1_86' title='bbox 1295 948 1402 984; x_wconf 85' lang='lat' dir='ltr'><strong>velim</strong></span> <span class='ocrx_word' id='word_1_87' title='bbox 1436 947 1520 984; x_wconf 89' lang='lat' dir='ltr'><strong>dili-</strong></span> 
     </span>
    </p>
   </div>
   <div class='ocr_carea' id='block_1_13' title="bbox 428 1013 1522 1064">
    <p class='ocr_par' dir='ltr' id='par_1_13' title="bbox 428 1013 1522 1064">
     <span class='ocr_line' id='line_1_13' title="bbox 428 1013 1522 1064; baseline -0.007 -11"><span class='ocrx_word' id='word_1_88' title='bbox 428 1023 558 1064; x_wconf 83' lang='lat' dir='ltr'><strong>genter</strong></span> <span class='ocrx_word' id='word_1_89' title='bbox 583 1016 786 1060; x_wconf 83' lang='lat' dir='ltr'><strong>examines,</strong></span> <span class='ocrx_word' id='word_1_90' title='bbox 806 1025 848 1052; x_wconf 89' lang='lat' dir='ltr'><strong>ac</strong></span> <span class='ocrx_word' id='word_1_91' title='bbox 875 1015 1045 1062; x_wconf 72' lang='lat' dir='ltr'><strong>prmsenti</strong></span> <span class='ocrx_word' id='word_1_92' title='bbox 1065 1023 1134 1061; x_wconf 88' lang='lat' dir='ltr'><strong>qua</strong></span> <span class='ocrx_word' id='word_1_93' title='bbox 1151 1023 1245 1049; x_wconf 89' lang='lat' dir='ltr'><strong>nunc</strong></span> <span class='ocrx_word' id='word_1_94' title='bbox 1263 1013 1352 1048; x_wconf 81' lang='lat' dir='ltr'><strong>vivis</strong></span> <span class='ocrx_word' id='word_1_95' title='bbox 1369 1020 1522 1057; x_wconf 84' lang='lat' dir='ltr'><strong>compo-</strong></span> 
     </span>
    </p>
   </div>
   <div class='ocr_carea' id='block_1_14' title="bbox 430 1071 1522 1126">
    <p class='ocr_par' dir='ltr' id='par_1_14' title="bbox 430 1071 1522 1126">
     <span class='ocr_line' id='line_1_14' title="bbox 430 1071 1522 1126; baseline -0.006 -11"><span class='ocrx_word' id='word_1_96' title='bbox 430 1090 496 1115; x_wconf 89' lang='lat' dir='ltr'><strong>nas</strong></span> <span class='ocrx_word' id='word_1_97' title='bbox 521 1091 528 1114; x_wconf 90' lang='lat'><strong>:</strong></span> <span class='ocrx_word' id='word_1_98' title='bbox 547 1078 688 1116; x_wconf 86' lang='lat' dir='ltr'><strong>videbis</strong></span> <span class='ocrx_word' id='word_1_99' title='bbox 709 1077 871 1126; x_wconf 86' lang='lat' dir='ltr'><strong>profecto</strong></span> <span class='ocrx_word' id='word_1_100' title='bbox 889 1082 1062 1124; x_wconf 88' lang='lat' dir='ltr'><strong>quauttun</strong></span> <span class='ocrx_word' id='word_1_101' title='bbox 1085 1075 1173 1110; x_wconf 87' lang='lat' dir='ltr'><strong>lucri</strong></span> <span class='ocrx_word' id='word_1_102' title='bbox 1191 1085 1235 1110; x_wconf 85' lang='lat' dir='ltr'><strong>ex</strong></span> <span class='ocrx_word' id='word_1_103' title='bbox 1255 1073 1324 1109; x_wconf 89' lang='lat' dir='ltr'><strong>isto</strong></span> <span class='ocrx_word' id='word_1_104' title='bbox 1349 1071 1522 1109; x_wconf 84' lang='lat' dir='ltr'><strong>conflictu</strong></span> 
     </span>
    </p>
   </div>
   <div class='ocr_carea' id='block_1_15' title="bbox 426 1133 1520 1187">
    <p class='ocr_par' dir='ltr' id='par_1_15' title="bbox 426 1133 1520 1187">
     <span class='ocr_line' id='line_1_15' title="bbox 426 1133 1520 1187; baseline -0.008 -9"><span class='ocrx_word' id='word_1_105' title='bbox 426 1147 680 1187; x_wconf 85' lang='lat' dir='ltr'><strong>consequutus</strong></span> <span class='ocrx_word' id='word_1_106' title='bbox 695 1140 758 1177; x_wconf 90' lang='lat' dir='ltr'><strong>sis.</strong></span> <span class='ocrx_word' id='word_1_107' title='bbox 776 1139 880 1177; x_wconf 86' lang='lat' dir='ltr'><strong>Nunc</strong></span> <span class='ocrx_word' id='word_1_108' title='bbox 899 1139 995 1175; x_wconf 90' lang='lat' dir='ltr'><strong>enim</strong></span> <span class='ocrx_word' id='word_1_109' title='bbox 1013 1136 1175 1184; x_wconf 88' lang='lat' dir='ltr'><strong>ieiuniis,</strong></span> <span class='ocrx_word' id='word_1_110' title='bbox 1191 1135 1338 1182; x_wconf 74' lang='lat' dir='ltr'><strong>vigiliis,</strong></span> <span class='ocrx_word' id='word_1_111' title='bbox 1359 1133 1520 1178; x_wconf 91' lang='lat' dir='ltr'><strong>lectioni,</strong></span> 
     </span>
    </p>
   </div>
   <div class='ocr_carea' id='block_1_16' title="bbox 431 1197 1520 1250">
    <p class='ocr_par' dir='ltr' id='par_1_16' title="bbox 431 1197 1520 1250">
     <span class='ocr_line' id='line_1_16' title="bbox 431 1197 1520 1250; baseline -0.006 -11"><span class='ocrx_word' id='word_1_112' title='bbox 431 1204 731 1250; x_wconf 80' lang='lat' dir='ltr'><strong>orationibusque</strong></span> <span class='ocrx_word' id='word_1_113' title='bbox 786 1202 970 1250; x_wconf 86' lang='lat' dir='ltr'><strong>perpetuis</strong></span> <span class='ocrx_word' id='word_1_114' title='bbox 1017 1199 1256 1238; x_wconf 86' lang='lat' dir='ltr'><strong>intentissime</strong></span> <span class='ocrx_word' id='word_1_115' title='bbox 1307 1197 1520 1242; x_wconf 89' lang='lat' dir='ltr'><strong>incumbis,</strong></span> 
     </span>
    </p>
   </div>
   <div class='ocr_carea' id='block_1_17' title="bbox 429 1263 1522 1314">
    <p class='ocr_par' dir='ltr' id='par_1_17' title="bbox 429 1263 1522 1314">
     <span class='ocr_line' id='line_1_17' title="bbox 429 1263 1522 1314; baseline -0.006 -11"><span class='ocrx_word' id='word_1_116' title='bbox 429 1267 719 1314; x_wconf 75' lang='lat' dir='ltr'><strong>gravitatemque</strong></span> <span class='ocrx_word' id='word_1_117' title='bbox 742 1271 779 1302; x_wconf 92' lang='lat' dir='ltr'><strong>et</strong></span> <span class='ocrx_word' id='word_1_118' title='bbox 808 1265 1046 1302; x_wconf 86' lang='lat' dir='ltr'><strong>humilitatem</strong></span> <span class='ocrx_word' id='word_1_119' title='bbox 1075 1263 1298 1300; x_wconf 76' lang='lat' dir='ltr'><strong>exeollenter</strong></span> <span class='ocrx_word' id='word_1_120' title='bbox 1317 1271 1522 1308; x_wconf 89' lang='lat' dir='ltr'><strong>consequu-</strong></span> 
     </span>
    </p>
   </div>
   <div class='ocr_carea' id='block_1_18' title="bbox 433 1322 1522 1368">
    <p class='ocr_par' dir='ltr' id='par_1_18' title="bbox 433 1322 1522 1368">
     <span class='ocr_line' id='line_1_18' title="bbox 433 1322 1522 1368; baseline -0.007 -2"><span class='ocrx_word' id='word_1_121' title='bbox 433 1335 493 1366; x_wconf 91' lang='lat' dir='ltr'><strong>tus</strong></span> <span class='ocrx_word' id='word_1_122' title='bbox 517 1339 557 1366; x_wconf 89' lang='lat' dir='ltr'><strong>es</strong></span> <span class='ocrx_word' id='word_1_123' title='bbox 575 1341 583 1365; x_wconf 94' lang='lat'>:</span> <span class='ocrx_word' id='word_1_124' title='bbox 603 1334 708 1365; x_wconf 78' lang='lat' dir='ltr'><strong>antea</strong></span> <span class='ocrx_word' id='word_1_125' title='bbox 729 1328 826 1366; x_wconf 87' lang='lat' dir='ltr'><strong>nulla</strong></span> <span class='ocrx_word' id='word_1_126' title='bbox 861 1327 922 1364; x_wconf 84' lang='lat' dir='ltr'><strong>tibi</strong></span> <span class='ocrx_word' id='word_1_127' title='bbox 955 1327 1126 1363; x_wconf 82' lang='lat' dir='ltr'><strong>libroruin</strong></span> <span class='ocrx_word' id='word_1_128' title='bbox 1149 1324 1256 1368; x_wconf 83' lang='lat' dir='ltr'><strong>ratio,</strong></span> <span class='ocrx_word' id='word_1_129' title='bbox 1276 1323 1342 1360; x_wconf 86' lang='lat' dir='ltr'><strong>sed</strong></span> <span class='ocrx_word' id='word_1_130' title='bbox 1362 1322 1522 1359; x_wconf 90' lang='lat' dir='ltr'><strong>studium</strong></span> 
     </span>
    </p>
   </div>
   <div class='ocr_carea' id='block_1_19' title="bbox 437 1385 1522 1438">
    <p class='ocr_par' dir='ltr' id='par_1_19' title="bbox 437 1385 1522 1438">
     <span class='ocr_line' id='line_1_19' title="bbox 437 1385 1522 1438; baseline -0.005 -12"><span class='ocrx_word' id='word_1_131' title='bbox 437 1401 548 1428; x_wconf 85' lang='lat' dir='ltr'><strong>omne</strong></span> <span class='ocrx_word' id='word_1_132' title='bbox 577 1397 612 1428; x_wconf 90' lang='lat' dir='ltr'><strong>et</strong></span> <span class='ocrx_word' id='word_1_133' title='bbox 632 1391 792 1427; x_wconf 80' lang='lat' dir='ltr'><strong>laborem</strong></span> <span class='ocrx_word' id='word_1_134' title='bbox 813 1389 965 1438; x_wconf 85' lang='lat' dir='ltr'><strong>pomarii</strong></span> <span class='ocrx_word' id='word_1_135' title='bbox 990 1387 1182 1424; x_wconf 80' lang='lat' dir='ltr'><strong>arboribus</strong></span> <span class='ocrx_word' id='word_1_136' title='bbox 1202 1385 1415 1422; x_wconf 89' lang='lat' dir='ltr'><strong>devoveras.</strong></span> <span class='ocrx_word' id='word_1_137' title='bbox 1445 1387 1522 1421; x_wconf 83' lang='lat' dir='ltr'><strong>Au-</strong></span> 
     </span>
    </p>
   </div>
   <div class='ocr_carea' id='block_1_20' title="bbox 432 1450 1522 1500">
    <p class='ocr_par' dir='ltr' id='par_1_20' title="bbox 432 1450 1522 1500">
     <span class='ocr_line' id='line_1_20' title="bbox 432 1450 1522 1500; baseline -0.006 -10"><span class='ocrx_word' id='word_1_138' title='bbox 432 1453 506 1490; x_wconf 89' lang='lat' dir='ltr'><strong>divi</strong></span> <span class='ocrx_word' id='word_1_139' title='bbox 524 1463 592 1500; x_wconf 77' lang='lat' dir='ltr'><strong>ege</strong></span> <span class='ocrx_word' id='word_1_140' title='bbox 611 1459 696 1490; x_wconf 89' lang='lat' dir='ltr'><strong>tunc</strong></span> <span class='ocrx_word' id='word_1_141' title='bbox 714 1454 902 1500; x_wconf 82' lang='lat' dir='ltr'><strong>plurimos,</strong></span> <span class='ocrx_word' id='word_1_142' title='bbox 935 1451 994 1499; x_wconf 87' lang='lat' dir='ltr'><strong>qui</strong></span> <span class='ocrx_word' id='word_1_143' title='bbox 1019 1457 1052 1488; x_wconf 89' lang='lat' dir='ltr'><strong>te</strong></span> <span class='ocrx_word' id='word_1_144' title='bbox 1077 1450 1324 1498; x_wconf 84' lang='lat' dir='ltr'><strong>obiurgantes,</strong></span> <span class='ocrx_word' id='word_1_145' title='bbox 1346 1458 1522 1496; x_wconf 85' lang='lat' dir='ltr'><strong>arrogan-</strong></span> 
     </span>
    </p>
   </div>
   <div class='ocr_carea' id='block_1_21' title="bbox 435 1513 1524 1562">
    <p class='ocr_par' dir='ltr' id='par_1_21' title="bbox 435 1513 1524 1562">
     <span class='ocr_line' id='line_1_21' title="bbox 435 1513 1524 1562; baseline -0.002 -12"><span class='ocrx_word' id='word_1_146' title='bbox 435 1521 506 1559; x_wconf 77' lang='lat' dir='ltr'><strong>tem</strong></span> <span class='ocrx_word' id='word_1_147' title='bbox 545 1525 588 1552; x_wconf 85' lang='lat' dir='ltr'><strong>ac</strong></span> <span class='ocrx_word' id='word_1_148' title='bbox 623 1515 820 1562; x_wconf 83' lang='lat' dir='ltr'><strong>superbum</strong></span> <span class='ocrx_word' id='word_1_149' title='bbox 863 1514 1054 1559; x_wconf 83' lang='lat' dir='ltr'><strong>dicerent,</strong></span> <span class='ocrx_word' id='word_1_150' title='bbox 1097 1519 1206 1560; x_wconf 83' lang='lat' dir='ltr'><strong>atque</strong></span> <span class='ocrx_word' id='word_1_151' title='bbox 1241 1513 1276 1548; x_wconf 91' lang='lat' dir='ltr'><strong>in</strong></span> <span class='ocrx_word' id='word_1_152' title='bbox 1319 1513 1386 1548; x_wconf 92' lang='lat' dir='ltr'><strong>hac</strong></span> <span class='ocrx_word' id='word_1_153' title='bbox 1422 1517 1524 1559; x_wconf 86' lang='lat' dir='ltr'><strong>parte</strong></span> 
     </span>
    </p>
   </div>
   <div class='ocr_carea' id='block_1_22' title="bbox 437 1572 1524 1625">
    <p class='ocr_par' dir='ltr' id='par_1_22' title="bbox 437 1572 1524 1625">
     <span class='ocr_line' id='line_1_22' title="bbox 437 1572 1524 1625; baseline -0.003 -12"><span class='ocrx_word' id='word_1_154' title='bbox 437 1577 664 1615; x_wconf 75' lang='lat' dir='ltr'><strong>nobilitatem</strong></span> <span class='ocrx_word' id='word_1_155' title='bbox 684 1578 844 1625; x_wconf 76' lang='lat' dir='ltr'><strong>generis,</strong></span> <span class='ocrx_word' id='word_1_156' title='bbox 880 1576 1066 1624; x_wconf 80' lang='lat' dir='ltr'><strong>patrisque</strong></span> <span class='ocrx_word' id='word_1_157' title='bbox 1083 1575 1354 1619; x_wconf 80' lang='lat' dir='ltr'><strong>claritudinem,</strong></span> <span class='ocrx_word' id='word_1_158' title='bbox 1373 1579 1409 1610; x_wconf 88' lang='lat' dir='ltr'><strong>et</strong></span> <span class='ocrx_word' id='word_1_159' title='bbox 1427 1572 1524 1621; x_wconf 84' lang='lat' dir='ltr'><strong>quod</strong></span> 
     </span>
    </p>
   </div>
   <div class='ocr_carea' id='block_1_23' title="bbox 434 1637 1522 1688">
    <p class='ocr_par' dir='ltr' id='par_1_23' title="bbox 434 1637 1522 1688">
     <span class='ocr_line' id='line_1_23' title="bbox 434 1637 1522 1688; baseline -0.003 -11"><span class='ocrx_word' id='word_1_160' title='bbox 434 1641 470 1677; x_wconf 92' lang='lat' dir='ltr'><strong>in</strong></span> <span class='ocrx_word' id='word_1_161' title='bbox 492 1641 620 1687; x_wconf 86' lang='lat' dir='ltr'><strong>opibus</strong></span> <span class='ocrx_word' id='word_1_162' title='bbox 653 1641 816 1688; x_wconf 89' lang='lat' dir='ltr'><strong>plurimis</strong></span> <span class='ocrx_word' id='word_1_163' title='bbox 837 1640 964 1677; x_wconf 88' lang='lat' dir='ltr'><strong>fuisses</strong></span> <span class='ocrx_word' id='word_1_164' title='bbox 990 1639 1178 1684; x_wconf 89' lang='lat' dir='ltr'><strong>educatus,</strong></span> <span class='ocrx_word' id='word_1_165' title='bbox 1198 1643 1434 1676; x_wconf 88' lang='lat' dir='ltr'><strong>causarentur</strong></span> <span class='ocrx_word' id='word_1_166' title='bbox 1457 1650 1465 1674; x_wconf 87' lang='lat'><strong>:</strong></span> <span class='ocrx_word' id='word_1_167' title='bbox 1487 1637 1522 1674; x_wconf 90' lang='lat' dir='ltr'><strong>in</strong></span> 
     </span>
    </p>
   </div>
   <div class='ocr_carea' id='block_1_24' title="bbox 432 1701 1524 1752">
    <p class='ocr_par' dir='ltr' id='par_1_24' title="bbox 432 1701 1524 1752">
     <span class='ocr_line' id='line_1_24' title="bbox 432 1701 1524 1752; baseline 0 -14"><span class='ocrx_word' id='word_1_168' title='bbox 432 1705 564 1750; x_wconf 76' lang='lat' dir='ltr'><strong>vigiliis</strong></span> <span class='ocrx_word' id='word_1_169' title='bbox 581 1715 668 1741; x_wconf 88' lang='lat' dir='ltr'><strong>vero</strong></span> <span class='ocrx_word' id='word_1_170' title='bbox 685 1714 793 1752; x_wconf 85' lang='lat' dir='ltr'><strong>quam</strong></span> <span class='ocrx_word' id='word_1_171' title='bbox 816 1709 900 1740; x_wconf 91' lang='lat' dir='ltr'><strong>tunc</strong></span> <span class='ocrx_word' id='word_1_172' title='bbox 921 1703 1107 1750; x_wconf 81' lang='lat' dir='ltr'><strong>negligens</strong></span> <span class='ocrx_word' id='word_1_173' title='bbox 1126 1703 1252 1745; x_wconf 85' lang='lat' dir='ltr'><strong>fueris,</strong></span> <span class='ocrx_word' id='word_1_174' title='bbox 1285 1703 1363 1749; x_wconf 89' lang='lat' dir='ltr'><strong>ipse</strong></span> <span class='ocrx_word' id='word_1_175' title='bbox 1395 1701 1524 1738; x_wconf 91' lang='lat' dir='ltr'><strong>melius</strong></span> 
     </span>
    </p>
   </div>
   <div class='ocr_carea' id='block_1_25' title="bbox 435 1764 1524 1812">
    <p class='ocr_par' dir='ltr' id='par_1_25' title="bbox 435 1764 1524 1812">
     <span class='ocr_line' id='line_1_25' title="bbox 435 1764 1524 1812; baseline -0.003 -11"><span class='ocrx_word' id='word_1_176' title='bbox 435 1766 544 1802; x_wconf 86' lang='lat' dir='ltr'><strong>nosti.</strong></span> <span class='ocrx_word' id='word_1_177' title='bbox 567 1765 673 1812; x_wconf 64' lang='lat' dir='ltr'><strong>Saepe</strong></span> <span class='ocrx_word' id='word_1_178' title='bbox 692 1767 788 1802; x_wconf 90' lang='lat' dir='ltr'><strong>enim</strong></span> <span class='ocrx_word' id='word_1_179' title='bbox 810 1766 890 1802; x_wconf 89' lang='lat' dir='ltr'><strong>aliis</strong></span> <span class='ocrx_word' id='word_1_180' title='bbox 913 1765 1086 1811; x_wconf 87' lang='lat' dir='ltr'><strong>profunda</strong></span> <span class='ocrx_word' id='word_1_181' title='bbox 1119 1771 1226 1802; x_wconf 91' lang='lat' dir='ltr'><strong>nocte</strong></span> <span class='ocrx_word' id='word_1_182' title='bbox 1255 1764 1377 1800; x_wconf 80' lang='lat' dir='ltr'><strong>statim</strong></span> <span class='ocrx_word' id='word_1_183' title='bbox 1397 1774 1524 1800; x_wconf 85' lang='lat' dir='ltr'><strong>exsur-</strong></span> 
     </span>
    </p>
   </div>
   <div class='ocr_carea' id='block_1_26' title="bbox 437 1825 1522 1873">
    <p class='ocr_par' dir='ltr' id='par_1_26' title="bbox 437 1825 1522 1873">
     <span class='ocr_line' id='line_1_26' title="bbox 437 1825 1522 1873; baseline -0.002 -10"><span class='ocrx_word' id='word_1_184' title='bbox 437 1826 604 1872; x_wconf 83' lang='lat' dir='ltr'><strong>gentibus</strong></span> <span class='ocrx_word' id='word_1_185' title='bbox 620 1826 696 1872; x_wconf 89' lang='lat' dir='ltr'><strong>ipse</strong></span> <span class='ocrx_word' id='word_1_186' title='bbox 712 1828 812 1873; x_wconf 85' lang='lat' dir='ltr'><strong>gravi</strong></span> <span class='ocrx_word' id='word_1_187' title='bbox 831 1837 960 1863; x_wconf 86' lang='lat' dir='ltr'><strong>somno</strong></span> <span class='ocrx_word' id='word_1_188' title='bbox 985 1836 1126 1862; x_wconf 84' lang='lat' dir='ltr'><strong>mersus</strong></span> <span class='ocrx_word' id='word_1_189' title='bbox 1142 1825 1365 1871; x_wconf 89' lang='lat' dir='ltr'><strong>dormiebas,</strong></span> <span class='ocrx_word' id='word_1_190' title='bbox 1387 1831 1424 1862; x_wconf 90' lang='lat' dir='ltr'><strong>et</strong></span> <span class='ocrx_word' id='word_1_191' title='bbox 1440 1835 1522 1862; x_wconf 92' lang='lat' dir='ltr'><strong>cum</strong></span> 
     </span>
    </p>
   </div>
   <div class='ocr_carea' id='block_1_27' title="bbox 437 1887 1523 1935">
    <p class='ocr_par' dir='ltr' id='par_1_27' title="bbox 437 1887 1523 1935">
     <span class='ocr_line' id='line_1_27' title="bbox 437 1887 1523 1935; baseline 0.001 -12"><span class='ocrx_word' id='word_1_192' title='bbox 437 1894 473 1924; x_wconf 90' lang='lat' dir='ltr'><strong>te</strong></span> <span class='ocrx_word' id='word_1_193' title='bbox 511 1887 571 1924; x_wconf 82' lang='lat' dir='ltr'><strong>alii</strong></span> <span class='ocrx_word' id='word_1_194' title='bbox 609 1887 811 1924; x_wconf 86' lang='lat' dir='ltr'><strong>excitarent</strong></span> <span class='ocrx_word' id='word_1_195' title='bbox 843 1887 1102 1935; x_wconf 78' lang='lat' dir='ltr'><strong>indignabaris.</strong></span> <span class='ocrx_word' id='word_1_196' title='bbox 1146 1888 1195 1925; x_wconf 83' lang='lat' dir='ltr'><strong>At</strong></span> <span class='ocrx_word' id='word_1_197' title='bbox 1240 1898 1336 1924; x_wconf 90' lang='lat' dir='ltr'><strong>nunc</strong></span> <span class='ocrx_word' id='word_1_198' title='bbox 1372 1899 1417 1926; x_wconf 80' lang='lat' dir='ltr'><strong>ex</strong></span> <span class='ocrx_word' id='word_1_199' title='bbox 1451 1899 1523 1935; x_wconf 91' lang='lat' dir='ltr'><strong>quo</strong></span> 
     </span>
    </p>
   </div>
   <div class='ocr_carea' id='block_1_28' title="bbox 438 1947 1523 1996">
    <p class='ocr_par' dir='ltr' id='par_1_28' title="bbox 438 1947 1523 1996">
     <span class='ocr_line' id='line_1_28' title="bbox 438 1947 1523 1996; baseline 0.003 -12"><span class='ocrx_word' id='word_1_200' title='bbox 438 1948 571 1985; x_wconf 87' lang='lat' dir='ltr'><strong>bellum</strong></span> <span class='ocrx_word' id='word_1_201' title='bbox 601 1947 670 1984; x_wconf 90' lang='lat' dir='ltr'><strong>hoc</strong></span> <span class='ocrx_word' id='word_1_202' title='bbox 697 1954 734 1985; x_wconf 90' lang='lat' dir='ltr'><strong>et</strong></span> <span class='ocrx_word' id='word_1_203' title='bbox 770 1959 922 1996; x_wconf 81' lang='lat' dir='ltr'><strong>pugnam</strong></span> <span class='ocrx_word' id='word_1_204' title='bbox 961 1949 1126 1992; x_wconf 85' lang='lat' dir='ltr'><strong>subiisti,</strong></span> <span class='ocrx_word' id='word_1_205' title='bbox 1161 1948 1222 1985; x_wconf 86' lang='lat' dir='ltr'><strong>illa</strong></span> <span class='ocrx_word' id='word_1_206' title='bbox 1250 1949 1371 1986; x_wconf 84' lang='lat' dir='ltr'><strong>omnia</strong></span> <span class='ocrx_word' id='word_1_207' title='bbox 1406 1950 1523 1987; x_wconf 87' lang='lat' dir='ltr'><strong>soluta</strong></span> 
     </span>
    </p>
   </div>
   <div class='ocr_carea' id='block_1_29' title="bbox 437 2009 1524 2057">
    <p class='ocr_par' dir='ltr' id='par_1_29' title="bbox 437 2009 1524 2057">
     <span class='ocr_line' id='line_1_29' title="bbox 437 2009 1524 2057; baseline 0.004 -13"><span class='ocrx_word' id='word_1_208' title='bbox 437 2015 534 2054; x_wconf 87' lang='lat' dir='ltr'><strong>sunt,</strong></span> <span class='ocrx_word' id='word_1_209' title='bbox 554 2015 662 2056; x_wconf 88' lang='lat' dir='ltr'><strong>atque</strong></span> <span class='ocrx_word' id='word_1_210' title='bbox 681 2011 714 2046; x_wconf 93' lang='lat' dir='ltr'><strong>in</strong></span> <span class='ocrx_word' id='word_1_211' title='bbox 731 2009 860 2046; x_wconf 88' lang='lat' dir='ltr'><strong>melius</strong></span> <span class='ocrx_word' id='word_1_212' title='bbox 878 2015 1028 2046; x_wconf 75' lang='lat' dir='ltr'><strong>mutata.</strong></span> <span class='ocrx_word' id='word_1_213' title='bbox 1051 2009 1154 2055; x_wconf 85' lang='lat' dir='ltr'><strong>Quod</strong></span> <span class='ocrx_word' id='word_1_214' title='bbox 1183 2011 1212 2047; x_wconf 89' lang='lat' dir='ltr'><strong>si</strong></span> <span class='ocrx_word' id='word_1_215' title='bbox 1245 2020 1386 2057; x_wconf 67' lang='lat' dir='ltr'><strong>quaeras</strong></span> <span class='ocrx_word' id='word_1_216' title='bbox 1405 2021 1450 2047; x_wconf 80' lang='lat' dir='ltr'><strong>ex</strong></span> <span class='ocrx_word' id='word_1_217' title='bbox 1465 2021 1524 2048; x_wconf 88' lang='lat' dir='ltr'><strong>me</strong></span> 
     </span>
    </p>
   </div>
   <div class='ocr_carea' id='block_1_30' title="bbox 434 2071 1524 2118">
    <p class='ocr_par' dir='ltr' id='par_1_30' title="bbox 434 2071 1524 2118">
     <span class='ocr_line' id='line_1_30' title="bbox 434 2071 1524 2118; baseline 0.004 -12"><span class='ocrx_word' id='word_1_218' title='bbox 434 2071 691 2118; x_wconf 88' lang='lat' dir='ltr'><strong>quatuohrem,</strong></span> <span class='ocrx_word' id='word_1_219' title='bbox 721 2082 803 2108; x_wconf 91' lang='lat' dir='ltr'><strong>cum</strong></span> <span class='ocrx_word' id='word_1_220' title='bbox 824 2072 858 2108; x_wconf 92' lang='lat' dir='ltr'><strong>in</strong></span> <span class='ocrx_word' id='word_1_221' title='bbox 879 2071 1018 2108; x_wconf 88' lang='lat' dir='ltr'><strong>deliciis</strong></span> <span class='ocrx_word' id='word_1_222' title='bbox 1038 2081 1180 2117; x_wconf 83' lang='lat' dir='ltr'><strong>ageres,</strong></span> <span class='ocrx_word' id='word_1_223' title='bbox 1210 2082 1253 2108; x_wconf 84' lang='lat' dir='ltr'><strong>ac</strong></span> <span class='ocrx_word' id='word_1_224' title='bbox 1273 2073 1396 2108; x_wconf 90' lang='lat' dir='ltr'><strong>mundi</strong></span> <span class='ocrx_word' id='word_1_225' title='bbox 1417 2073 1524 2110; x_wconf 89' lang='lat' dir='ltr'><strong>rebus</strong></span> 
     </span>
    </p>
   </div>
   <div class='ocr_carea' id='block_1_31' title="bbox 437 2134 1522 2177">
    <p class='ocr_par' dir='ltr' id='par_1_31' title="bbox 437 2134 1522 2177">
     <span class='ocr_line' id='line_1_31' title="bbox 437 2134 1522 2177; baseline 0.002 -7"><span class='ocrx_word' id='word_1_226' title='bbox 437 2134 586 2171; x_wconf 87' lang='lat' dir='ltr'><strong>Omnino</strong></span> <span class='ocrx_word' id='word_1_227' title='bbox 623 2135 783 2171; x_wconf 89' lang='lat' dir='ltr'><strong>intentus</strong></span> <span class='ocrx_word' id='word_1_228' title='bbox 815 2145 939 2177; x_wconf 88' lang='lat' dir='ltr'><strong>esses,</strong></span> <span class='ocrx_word' id='word_1_229' title='bbox 974 2145 1046 2171; x_wconf 91' lang='lat' dir='ltr'><strong>non</strong></span> <span class='ocrx_word' id='word_1_230' title='bbox 1093 2141 1180 2172; x_wconf 93' lang='lat' dir='ltr'><strong>tunc</strong></span> <span class='ocrx_word' id='word_1_231' title='bbox 1211 2135 1274 2171; x_wconf 89' lang='lat' dir='ltr'><strong>tibi</strong></span> <span class='ocrx_word' id='word_1_232' title='bbox 1318 2137 1522 2173; x_wconf 69' lang='lat' dir='ltr'><strong>dremonem</strong></span> 
     </span>
    </p>
   </div>
   <div class='ocr_carea' id='block_1_32' title="bbox 438 2195 1526 2244">
    <p class='ocr_par' dir='ltr' id='par_1_32' title="bbox 438 2195 1526 2244">
     <span class='ocr_line' id='line_1_32' title="bbox 438 2195 1526 2244; baseline 0.005 -13"><span class='ocrx_word' id='word_1_233' title='bbox 438 2197 546 2232; x_wconf 85' lang='lat' dir='ltr'><strong>istum</strong></span> <span class='ocrx_word' id='word_1_234' title='bbox 579 2195 771 2232; x_wconf 87' lang='lat' dir='ltr'><strong>immiserit</strong></span> <span class='ocrx_word' id='word_1_235' title='bbox 802 2197 910 2240; x_wconf 88' lang='lat' dir='ltr'><strong>Deus,</strong></span> <span class='ocrx_word' id='word_1_236' title='bbox 947 2196 1034 2233; x_wconf 93' lang='lat' dir='ltr'><strong>illud</strong></span> <span class='ocrx_word' id='word_1_237' title='bbox 1069 2207 1136 2243; x_wconf 76' lang='lat' dir='ltr'><strong>ego</strong></span> <span class='ocrx_word' id='word_1_238' title='bbox 1165 2197 1420 2244; x_wconf 88' lang='lat' dir='ltr'><strong>respondebo,</strong></span> <span class='ocrx_word' id='word_1_239' title='bbox 1456 2199 1526 2236; x_wconf 88' lang='lat' dir='ltr'><strong>hoc</strong></span> 
     </span>
    </p>
   </div>
   <div class='ocr_carea' id='block_1_33' title="bbox 437 2257 1524 2306">
    <p class='ocr_par' dir='ltr' id='par_1_33' title="bbox 437 2257 1524 2306">
     <span class='ocr_line' id='line_1_33' title="bbox 437 2257 1524 2306; baseline 0.006 -15"><span class='ocrx_word' id='word_1_240' title='bbox 437 2267 582 2304; x_wconf 88' lang='lat' dir='ltr'><strong>quoque</strong></span> <span class='ocrx_word' id='word_1_241' title='bbox 601 2257 696 2294; x_wconf 90' lang='lat' dir='ltr'><strong>illius</strong></span> <span class='ocrx_word' id='word_1_242' title='bbox 715 2264 836 2295; x_wconf 88' lang='lat' dir='ltr'><strong>actum</strong></span> <span class='ocrx_word' id='word_1_243' title='bbox 866 2269 948 2296; x_wconf 89' lang='lat' dir='ltr'><strong>esse</strong></span> <span class='ocrx_word' id='word_1_244' title='bbox 980 2260 1220 2306; x_wconf 88' lang='lat' dir='ltr'><strong>providentia.</strong></span> <span class='ocrx_word' id='word_1_245' title='bbox 1253 2259 1398 2298; x_wconf 88' lang='lat' dir='ltr'><strong>Sciebat</strong></span> <span class='ocrx_word' id='word_1_246' title='bbox 1427 2261 1524 2298; x_wconf 87' lang='lat' dir='ltr'><strong>enim</strong></span> 
     </span>
    </p>
   </div>
   <div class='ocr_carea' id='block_1_34' title="bbox 439 2319 1526 2369">
    <p class='ocr_par' dir='ltr' id='par_1_34' title="bbox 439 2319 1526 2369">
     <span class='ocr_line' id='line_1_34' title="bbox 439 2319 1526 2369; baseline 0.006 -14"><span class='ocrx_word' id='word_1_247' title='bbox 439 2324 525 2356; x_wconf 91' lang='lat' dir='ltr'><strong>tunc</strong></span> <span class='ocrx_word' id='word_1_248' title='bbox 546 2326 581 2356; x_wconf 88' lang='lat' dir='ltr'><strong>te</strong></span> <span class='ocrx_word' id='word_1_249' title='bbox 617 2319 852 2365; x_wconf 83' lang='lat' dir='ltr'><strong>imbecillum,</strong></span> <span class='ocrx_word' id='word_1_250' title='bbox 881 2323 1127 2369; x_wconf 88' lang='lat' dir='ltr'><strong>superandum</strong></span> <span class='ocrx_word' id='word_1_251' title='bbox 1160 2323 1276 2368; x_wconf 85' lang='lat' dir='ltr'><strong>facile,</strong></span> <span class='ocrx_word' id='word_1_252' title='bbox 1316 2334 1360 2362; x_wconf 86' lang='lat' dir='ltr'><strong>ac</strong></span> <span class='ocrx_word' id='word_1_253' title='bbox 1386 2331 1526 2362; x_wconf 85' lang='lat' dir='ltr'><strong>mature</strong></span> 
     </span>
    </p>
   </div>
   <div class='ocr_carea' id='block_1_35' title="bbox 442 2382 1525 2430">
    <p class='ocr_par' dir='ltr' id='par_1_35' title="bbox 442 2382 1525 2430">
     <span class='ocr_line' id='line_1_35' title="bbox 442 2382 1525 2430; baseline 0.008 -16"><span class='ocrx_word' id='word_1_254' title='bbox 442 2382 655 2426; x_wconf 82' lang='lat' dir='ltr'><strong>periturum.</strong></span> <span class='ocrx_word' id='word_1_255' title='bbox 676 2384 796 2430; x_wconf 87' lang='lat' dir='ltr'><strong>Atque</strong></span> <span class='ocrx_word' id='word_1_256' title='bbox 821 2383 902 2421; x_wconf 89' lang='lat' dir='ltr'><strong>ideo</strong></span> <span class='ocrx_word' id='word_1_257' title='bbox 919 2395 992 2420; x_wconf 91' lang='lat' dir='ltr'><strong>non</strong></span> <span class='ocrx_word' id='word_1_258' title='bbox 1026 2386 1148 2422; x_wconf 84' lang='lat' dir='ltr'><strong>statim</strong></span> <span class='ocrx_word' id='word_1_259' title='bbox 1186 2385 1231 2423; x_wconf 92' lang='lat' dir='ltr'><strong>ad</strong></span> <span class='ocrx_word' id='word_1_260' title='bbox 1265 2385 1360 2423; x_wconf 87' lang='lat' dir='ltr'><strong>hanc</strong></span> <span class='ocrx_word' id='word_1_261' title='bbox 1391 2387 1525 2424; x_wconf 83' lang='lat' dir='ltr'><strong>laetam</strong></span> 
     </span>
    </p>
   </div>
   <div class='ocr_carea' id='block_1_36' title="bbox 439 2443 1526 2491">
    <p class='ocr_par' dir='ltr' id='par_1_36' title="bbox 439 2443 1526 2491">
     <span class='ocr_line' id='line_1_36' title="bbox 439 2443 1526 2491; baseline 0.007 -13"><span class='ocrx_word' id='word_1_262' title='bbox 439 2443 594 2486; x_wconf 82' lang='lat' dir='ltr'><strong>vocavit,</strong></span> <span class='ocrx_word' id='word_1_263' title='bbox 626 2454 708 2481; x_wconf 89' lang='lat' dir='ltr'><strong>eum</strong></span> <span class='ocrx_word' id='word_1_264' title='bbox 729 2445 776 2482; x_wconf 86' lang='lat' dir='ltr'><strong>ad</strong></span> <span class='ocrx_word' id='word_1_265' title='bbox 797 2446 1058 2484; x_wconf 83' lang='lat' dir='ltr'><strong>monachorum</strong></span> <span class='ocrx_word' id='word_1_266' title='bbox 1081 2447 1190 2484; x_wconf 88' lang='lat' dir='ltr'><strong>vitam</strong></span> <span class='ocrx_word' id='word_1_267' title='bbox 1206 2448 1438 2491; x_wconf 86' lang='lat' dir='ltr'><strong>accessisses,</strong></span> <span class='ocrx_word' id='word_1_268' title='bbox 1461 2447 1526 2486; x_wconf 88' lang='lat' dir='ltr'><strong>sed</strong></span> 
     </span>
    </p>
   </div>
   <div class='ocr_carea' id='block_1_37' title="bbox 439 2505 1524 2558">
    <p class='ocr_par' dir='ltr' id='par_1_37' title="bbox 439 2505 1524 2558">
     <span class='ocr_line' id='line_1_37' title="bbox 439 2505 1524 2558; baseline 0.005 -16"><span class='ocrx_word' id='word_1_269' title='bbox 439 2505 603 2542; x_wconf 78' lang='lat' dir='ltr'><strong>exerceri</strong></span> <span class='ocrx_word' id='word_1_270' title='bbox 624 2507 723 2554; x_wconf 91' lang='lat' dir='ltr'><strong>prius</strong></span> <span class='ocrx_word' id='word_1_271' title='bbox 742 2513 775 2543; x_wconf 91' lang='lat' dir='ltr'><strong>te</strong></span> <span class='ocrx_word' id='word_1_272' title='bbox 797 2508 973 2554; x_wconf 87' lang='lat' dir='ltr'><strong>permisit,</strong></span> <span class='ocrx_word' id='word_1_273' title='bbox 1004 2519 1048 2546; x_wconf 88' lang='lat' dir='ltr'><strong>ac</strong></span> <span class='ocrx_word' id='word_1_274' title='bbox 1069 2509 1213 2556; x_wconf 82' lang='lat' dir='ltr'><strong>longum</strong></span> <span class='ocrx_word' id='word_1_275' title='bbox 1235 2520 1344 2557; x_wconf 86' lang='lat' dir='ltr'><strong>agere</strong></span> <span class='ocrx_word' id='word_1_276' title='bbox 1361 2515 1524 2558; x_wconf 87' lang='lat' dir='ltr'><strong>tempus;</strong></span> 
     </span>
    </p>
   </div>
   <div class='ocr_carea' id='block_1_38' title="bbox 438 2569 1525 2617">
    <p class='ocr_par' dir='ltr' id='par_1_38' title="bbox 438 2569 1525 2617">
     <span class='ocr_line' id='line_1_38' title="bbox 438 2569 1525 2617; baseline 0.007 -17"><span class='ocrx_word' id='word_1_277' title='bbox 438 2572 672 2614; x_wconf 76' lang='lat' dir='ltr'><strong>posteaquam</strong></span> <span class='ocrx_word' id='word_1_278' title='bbox 695 2579 780 2606; x_wconf 89' lang='lat' dir='ltr'><strong>vero</strong></span> <span class='ocrx_word' id='word_1_279' title='bbox 794 2569 1069 2607; x_wconf 87' lang='lat' dir='ltr'><strong>robustissimus</strong></span> <span class='ocrx_word' id='word_1_280' title='bbox 1099 2570 1214 2608; x_wconf 88' lang='lat' dir='ltr'><strong>factus</strong></span> <span class='ocrx_word' id='word_1_281' title='bbox 1235 2582 1289 2617; x_wconf 87' lang='lat' dir='ltr'><strong>es,</strong></span> <span class='ocrx_word' id='word_1_282' title='bbox 1307 2579 1394 2610; x_wconf 91' lang='lat' dir='ltr'><strong>tunc</strong></span> <span class='ocrx_word' id='word_1_283' title='bbox 1407 2572 1451 2609; x_wconf 88' lang='lat' dir='ltr'><strong>ad</strong></span> <span class='ocrx_word' id='word_1_284' title='bbox 1470 2573 1525 2610; x_wconf 90' lang='lat' dir='ltr'><strong>la-</strong></span> 
     </span>
    </p>
   </div>
   <div class='ocr_carea' id='block_1_39' title="bbox 438 2628 1526 2682">
    <p class='ocr_par' dir='ltr' id='par_1_39' title="bbox 438 2628 1526 2682">
     <span class='ocr_line' id='line_1_39' title="bbox 438 2628 1526 2682; baseline 0.007 -18"><span class='ocrx_word' id='word_1_285' title='bbox 438 2629 623 2665; x_wconf 84' lang='lat' dir='ltr'><strong>boriosum</strong></span> <span class='ocrx_word' id='word_1_286' title='bbox 640 2628 708 2666; x_wconf 89' lang='lat' dir='ltr'><strong>hoe</strong></span> <span class='ocrx_word' id='word_1_287' title='bbox 735 2629 892 2668; x_wconf 88' lang='lat' dir='ltr'><strong>stadium</strong></span> <span class='ocrx_word' id='word_1_288' title='bbox 913 2633 1100 2678; x_wconf 80' lang='lat' dir='ltr'><strong>pertraxit.</strong></span> <span class='ocrx_word' id='word_1_289' title='bbox 1131 2633 1258 2671; x_wconf 80' lang='lat' dir='ltr'><strong>Adhuc</strong></span> <span class='ocrx_word' id='word_1_290' title='bbox 1276 2634 1382 2682; x_wconf 81' lang='lat' dir='ltr'><strong>igitur</strong></span> <span class='ocrx_word' id='word_1_291' title='bbox 1399 2644 1526 2672; x_wconf 89' lang='lat' dir='ltr'><strong>eorum</strong></span> 
     </span>
    </p>
   </div>
   <div class='ocr_carea' id='block_1_40' title="bbox 437 2690 1526 2745">
    <p class='ocr_par' dir='ltr' id='par_1_40' title="bbox 437 2690 1526 2745">
     <span class='ocr_line' id='line_1_40' title="bbox 437 2690 1526 2745; baseline 0.01 -21"><span class='ocrx_word' id='word_1_292' title='bbox 437 2691 498 2737; x_wconf 83' lang='lat' dir='ltr'><strong>qui</strong></span> <span class='ocrx_word' id='word_1_293' title='bbox 537 2697 622 2728; x_wconf 89' lang='lat' dir='ltr'><strong>sunt</strong></span> <span class='ocrx_word' id='word_1_294' title='bbox 655 2690 690 2728; x_wconf 92' lang='lat' dir='ltr'><strong>in</strong></span> <span class='ocrx_word' id='word_1_295' title='bbox 723 2692 856 2729; x_wconf 74' lang='lat' dir='ltr'><strong>saeculo</strong></span> <span class='ocrx_word' id='word_1_296' title='bbox 885 2700 1104 2731; x_wconf 86' lang='lat' dir='ltr'><strong>mentionem</strong></span> <span class='ocrx_word' id='word_1_297' title='bbox 1137 2694 1248 2740; x_wconf 86' lang='lat' dir='ltr'><strong>facis,</strong></span> <span class='ocrx_word' id='word_1_298' title='bbox 1281 2696 1526 2745; x_wconf 85' lang='lat' dir='ltr'><strong>famulumque</strong></span> 
     </span>
    </p>
   </div>
   <div class='ocr_carea' id='block_1_41' title="bbox 439 2754 1527 2808">
    <p class='ocr_par' dir='ltr' id='par_1_41' title="bbox 439 2754 1527 2808">
     <span class='ocr_line' id='line_1_41' title="bbox 439 2754 1527 2808; baseline 0.01 -21"><span class='ocrx_word' id='word_1_299' title='bbox 439 2759 538 2789; x_wconf 89' lang='lat' dir='ltr'><strong>tuum</strong></span> <span class='ocrx_word' id='word_1_300' title='bbox 569 2754 606 2790; x_wconf 93' lang='lat' dir='ltr'><strong>in</strong></span> <span class='ocrx_word' id='word_1_301' title='bbox 637 2754 795 2792; x_wconf 90' lang='lat' dir='ltr'><strong>medium</strong></span> <span class='ocrx_word' id='word_1_302' title='bbox 829 2755 980 2794; x_wconf 88' lang='lat' dir='ltr'><strong>adducis</strong></span> <span class='ocrx_word' id='word_1_303' title='bbox 1002 2769 1012 2794; x_wconf 90' lang='lat'><strong>:</strong></span> <span class='ocrx_word' id='word_1_304' title='bbox 1031 2758 1132 2795; x_wconf 90' lang='lat' dir='ltr'><strong>illum</strong></span> <span class='ocrx_word' id='word_1_305' title='bbox 1153 2760 1249 2796; x_wconf 90' lang='lat' dir='ltr'><strong>enim</strong></span> <span class='ocrx_word' id='word_1_306' title='bbox 1272 2765 1307 2798; x_wconf 85' lang='lat' dir='ltr'><strong>te</strong></span> <span class='ocrx_word' id='word_1_307' title='bbox 1323 2760 1527 2808; x_wconf 82' lang='lat' dir='ltr'><strong>significare</strong></span> 
     </span>
    </p>
   </div>
   <div class='ocr_carea' id='block_1_42' title="bbox 439 2817 1524 2869">
    <p class='ocr_par' dir='ltr' id='par_1_42' title="bbox 439 2817 1524 2869">
     <span class='ocr_line' id='line_1_42' title="bbox 439 2817 1524 2869; baseline 0.008 -18"><span class='ocrx_word' id='word_1_308' title='bbox 439 2817 596 2854; x_wconf 87' lang='lat' dir='ltr'><strong>voluisse</strong></span> <span class='ocrx_word' id='word_1_309' title='bbox 615 2829 712 2864; x_wconf 87' lang='lat' dir='ltr'><strong>reor,</strong></span> <span class='ocrx_word' id='word_1_310' title='bbox 733 2829 816 2856; x_wconf 91' lang='lat' dir='ltr'><strong>cum</strong></span> <span class='ocrx_word' id='word_1_311' title='bbox 833 2819 977 2858; x_wconf 86' lang='lat' dir='ltr'><strong>diceres</strong></span> <span class='ocrx_word' id='word_1_312' title='bbox 1009 2821 1184 2868; x_wconf 87' lang='lat' dir='ltr'><strong>plurimos</strong></span> <span class='ocrx_word' id='word_1_313' title='bbox 1204 2823 1398 2861; x_wconf 77' lang='lat' dir='ltr'><strong>sreeulares</strong></span> <span class='ocrx_word' id='word_1_314' title='bbox 1413 2823 1524 2869; x_wconf 89' lang='lat' dir='ltr'><strong>viros,</strong></span> 
     </span>
    </p>
   </div>
   <div class='ocr_carea' id='block_1_43' title="bbox 441 2879 1527 2932">
    <p class='ocr_par' dir='ltr' id='par_1_43' title="bbox 441 2879 1527 2932">
     <span class='ocr_line' id='line_1_43' title="bbox 441 2879 1527 2932; baseline 0.007 -18"><span class='ocrx_word' id='word_1_315' title='bbox 441 2888 523 2916; x_wconf 91' lang='lat' dir='ltr'><strong>cum</strong></span> <span class='ocrx_word' id='word_1_316' title='bbox 549 2879 585 2916; x_wconf 91' lang='lat' dir='ltr'><strong>in</strong></span> <span class='ocrx_word' id='word_1_317' title='bbox 605 2880 701 2918; x_wconf 91' lang='lat' dir='ltr'><strong>hunc</strong></span> <span class='ocrx_word' id='word_1_318' title='bbox 719 2881 884 2918; x_wconf 83' lang='lat' dir='ltr'><strong>morbum</strong></span> <span class='ocrx_word' id='word_1_319' title='bbox 904 2882 1129 2929; x_wconf 85' lang='lat' dir='ltr'><strong>incidissent,</strong></span> <span class='ocrx_word' id='word_1_320' title='bbox 1147 2884 1314 2922; x_wconf 90' lang='lat' dir='ltr'><strong>celeriter</strong></span> <span class='ocrx_word' id='word_1_321' title='bbox 1329 2891 1439 2932; x_wconf 88' lang='lat' dir='ltr'><strong>atque</strong></span> <span class='ocrx_word' id='word_1_322' title='bbox 1468 2885 1527 2922; x_wconf 92' lang='lat' dir='ltr'><strong>in-</strong></span> 
     </span>
    </p>
   </div>
   <div class='ocr_carea' id='block_1_44' title="bbox 441 2941 1527 2990">
    <p class='ocr_par' dir='ltr' id='par_1_44' title="bbox 441 2941 1527 2990">
     <span class='ocr_line' id='line_1_44' title="bbox 441 2941 1527 2990; baseline 0.006 -14"><span class='ocrx_word' id='word_1_323' title='bbox 441 2941 634 2988; x_wconf 79' lang='lat' dir='ltr'><strong>tegerrime</strong></span> <span class='ocrx_word' id='word_1_324' title='bbox 660 2943 770 2980; x_wconf 88' lang='lat' dir='ltr'><strong>fuisse</strong></span> <span class='ocrx_word' id='word_1_325' title='bbox 798 2943 982 2980; x_wconf 85' lang='lat' dir='ltr'><strong>liberatos.</strong></span> <span class='ocrx_word' id='word_1_326' title='bbox 1017 2944 1152 2982; x_wconf 81' lang='lat' dir='ltr'><strong>Verum</strong></span> <span class='ocrx_word' id='word_1_327' title='bbox 1183 2944 1339 2984; x_wconf 88' lang='lat' dir='ltr'><strong>famulus</strong></span> <span class='ocrx_word' id='word_1_328' title='bbox 1371 2953 1468 2990; x_wconf 91' lang='lat' dir='ltr'><strong>tuus,</strong></span> <span class='ocrx_word' id='word_1_329' title='bbox 1504 2955 1527 2982; x_wconf 93' lang='grc' dir='ltr'></span> 
     </span>
    </p>
   </div>
   <div class='ocr_carea' id='block_1_45' title="bbox 439 3004 1526 3053">
    <p class='ocr_par' dir='ltr' id='par_1_45' title="bbox 439 3004 1526 3053">
     <span class='ocr_line' id='line_1_45' title="bbox 439 3004 1526 3053; baseline 0.006 -16"><span class='ocrx_word' id='word_1_330' title='bbox 439 3004 703 3048; x_wconf 84' lang='lat' dir='ltr'><strong>amantissime,</strong></span> <span class='ocrx_word' id='word_1_331' title='bbox 726 3011 764 3042; x_wconf 91' lang='lat' dir='ltr'><strong>et</strong></span> <span class='ocrx_word' id='word_1_332' title='bbox 787 3011 964 3052; x_wconf 86' lang='lat' dir='ltr'><strong>quotquot</strong></span> <span class='ocrx_word' id='word_1_333' title='bbox 984 3007 1132 3049; x_wconf 82' lang='lat' dir='ltr'><strong>eosdem</strong></span> <span class='ocrx_word' id='word_1_334' title='bbox 1151 3007 1296 3046; x_wconf 86' lang='lat' dir='ltr'><strong>subiere</strong></span> <span class='ocrx_word' id='word_1_335' title='bbox 1311 3018 1431 3053; x_wconf 84' lang='lat' dir='ltr'><strong>casus,</strong></span> <span class='ocrx_word' id='word_1_336' title='bbox 1453 3019 1526 3044; x_wconf 92' lang='lat' dir='ltr'><strong>non</strong></span> 
     </span>
    </p>
   </div>
   <div class='ocr_carea' id='block_1_46' title="bbox 930 243 2159 294">
    <p class='ocr_par' dir='ltr' id='par_1_46' title="bbox 930 243 2159 294">
     <span class='ocr_line' id='line_1_46' title="bbox 930 243 2159 294; baseline 0.007 -8"><span class='ocrx_word' id='word_1_337' title='bbox 930 249 968 286; x_wconf 89' lang='lat' dir='ltr'><strong>S.</strong></span> <span class='ocrx_word' id='word_1_338' title='bbox 997 246 1185 286; x_wconf 69' lang='lat' dir='ltr'><strong>JOANNlS</strong></span> <span class='ocrx_word' id='word_1_339' title='bbox 1211 243 1534 284; x_wconf 71' lang='lat' dir='ltr'><strong>CllRYSOSTOMl</strong></span> <span class='ocrx_word' id='word_1_340' title='bbox 1560 245 1776 289; x_wconf 76' lang='lat' dir='ltr'><strong>ARClllEP.</strong></span> <span class='ocrx_word' id='word_1_341' title='bbox 1803 252 2159 294; x_wconf 83' lang='lat' dir='ltr'><strong>CONSTANTINOP.</strong></span> 
     </span>
    </p>
   </div>
   <div class='ocr_carea' id='block_1_47' title="bbox 2516 269 2562 306">
    <p class='ocr_par' dir='ltr' id='par_1_47' title="bbox 2516 269 2562 306">
     <span class='ocr_line' id='line_1_47' title="bbox 2516 269 2562 306; baseline 0.043 -2"><span class='ocrx_word' id='word_1_342' title='bbox 2516 269 2562 306; x_wconf 65' lang='grc' dir='ltr'><strong></strong></span> 
     </span>
    </p>
   </div>
   <div class='ocr_carea' id='block_1_48' title="bbox 1591 326 2562 394">
    <p class='ocr_par' dir='ltr' id='par_1_48' title="bbox 1591 326 2562 394">
     <span class='ocr_line' id='line_1_48' title="bbox 1591 326 2562 394; baseline 0.019 -30"><span class='ocrx_word' id='word_1_343' title='bbox 1591 326 1719 366; x_wconf 87' lang='lat' dir='ltr'><strong>eadem</strong></span> <span class='ocrx_word' id='word_1_344' title='bbox 1735 340 1778 367; x_wconf 82' lang='lat' dir='ltr'><strong>ex</strong></span> <span class='ocrx_word' id='word_1_345' title='bbox 1793 340 1899 370; x_wconf 86' lang='lat' dir='ltr'><strong>causa</strong></span> <span class='ocrx_word' id='word_1_346' title='bbox 1917 343 1996 370; x_wconf 92' lang='lat' dir='ltr'><strong>cum</strong></span> <span class='ocrx_word' id='word_1_347' title='bbox 2013 335 2207 382; x_wconf 71' lang='lat' dir='ltr'><strong>huiusmodi</strong></span> <span class='ocrx_word' id='word_1_348' title='bbox 2224 339 2310 376; x_wconf 77' lang='lat' dir='ltr'><strong>malo</strong></span> <span class='ocrx_word' id='word_1_349' title='bbox 2330 341 2486 382; x_wconf 70' lang='lat' dir='ltr'><strong>conict-nti</strong></span> <span class='ocrx_word' id='word_1_350' title='bbox 2499 357 2562 394; x_wconf 62' lang='lat' dir='ltr'><strong>sum,</strong></span> 
     </span>
    </p>
   </div>
   <div class='ocr_carea' id='block_1_49' title="bbox 1592 394 2562 450">
    <p class='ocr_par' dir='ltr' id='par_1_49' title="bbox 1592 394 2562 450">
     <span class='ocr_line' id='line_1_49' title="bbox 1592 394 2562 450; baseline 0.022 -23"><span class='ocrx_word' id='word_1_351' title='bbox 1592 401 1662 438; x_wconf 88' lang='lat' dir='ltr'><strong>qua</strong></span> <span class='ocrx_word' id='word_1_352' title='bbox 1693 399 1728 428; x_wconf 90' lang='lat' dir='ltr'><strong>tu</strong></span> <span class='ocrx_word' id='word_1_353' title='bbox 1747 394 1884 430; x_wconf 85' lang='lat' dir='ltr'><strong>modo.</strong></span> <span class='ocrx_word' id='word_1_354' title='bbox 1918 395 1969 432; x_wconf 89' lang='lat' dir='ltr'><strong>Illi</strong></span> <span class='ocrx_word' id='word_1_355' title='bbox 2003 398 2098 435; x_wconf 90' lang='lat' dir='ltr'><strong>enim</strong></span> <span class='ocrx_word' id='word_1_356' title='bbox 2115 409 2156 436; x_wconf 87' lang='lat' dir='ltr'><strong>ac</strong></span> <span class='ocrx_word' id='word_1_357' title='bbox 2171 403 2302 438; x_wconf 68' lang='lat' dir='ltr'><strong>caeteris</strong></span> <span class='ocrx_word' id='word_1_358' title='bbox 2330 405 2474 444; x_wconf 85' lang='lat' dir='ltr'><strong>similibus</strong></span> <span class='ocrx_word' id='word_1_359' title='bbox 2487 411 2562 450; x_wconf 85' lang='lat' dir='ltr'><strong>solum</strong></span> 
     </span>
    </p>
   </div>
   <div class='ocr_carea' id='block_1_50' title="bbox 1596 455 2562 510">
    <p class='ocr_par' dir='ltr' id='par_1_50' title="bbox 1596 455 2562 510">
     <span class='ocr_line' id='line_1_50' title="bbox 1596 455 2562 510; baseline 0.019 -19"><span class='ocrx_word' id='word_1_360' title='bbox 1596 455 1754 493; x_wconf 88' lang='lat' dir='ltr'><strong>terrendi</strong></span> <span class='ocrx_word' id='word_1_361' title='bbox 1771 467 1890 502; x_wconf 81' lang='lat' dir='ltr'><strong>causa,</strong></span> <span class='ocrx_word' id='word_1_362' title='bbox 1910 465 1948 494; x_wconf 87' lang='lat' dir='ltr'><strong>ut</strong></span> <span class='ocrx_word' id='word_1_363' title='bbox 1960 469 2002 496; x_wconf 85' lang='lat' dir='ltr'><strong>ex</strong></span> <span class='ocrx_word' id='word_1_364' title='bbox 2021 459 2217 507; x_wconf 87' lang='lat' dir='ltr'><strong>huiusmodi</strong></span> <span class='ocrx_word' id='word_1_365' title='bbox 2234 463 2349 502; x_wconf 87' lang='lat' dir='ltr'><strong>timore</strong></span> <span class='ocrx_word' id='word_1_366' title='bbox 2375 468 2505 508; x_wconf 81' lang='lat' dir='ltr'><strong>meliores</strong></span> <span class='ocrx_word' id='word_1_367' title='bbox 2524 472 2562 510; x_wconf 79' lang='lat' dir='ltr'><strong>lie-</strong></span> 
     </span>
    </p>
   </div>
   <div class='ocr_carea' id='block_1_51' title="bbox 1595 517 2562 578">
    <p class='ocr_par' dir='ltr' id='par_1_51' title="bbox 1595 517 2562 578">
     <span class='ocr_line' id='line_1_51' title="bbox 1595 517 2562 578; baseline 0.017 -25"><span class='ocrx_word' id='word_1_368' title='bbox 1595 523 1688 562; x_wconf 88' lang='lat' dir='ltr'><strong>rent,</strong></span> <span class='ocrx_word' id='word_1_369' title='bbox 1703 517 1795 555; x_wconf 86' lang='lat' dir='ltr'><strong>hanc</strong></span> <span class='ocrx_word' id='word_1_370' title='bbox 1806 518 1960 556; x_wconf 85' lang='lat' dir='ltr'><strong>belluam</strong></span> <span class='ocrx_word' id='word_1_371' title='bbox 1975 521 2120 558; x_wconf 88' lang='lat' dir='ltr'><strong>immisit</strong></span> <span class='ocrx_word' id='word_1_372' title='bbox 2131 524 2236 568; x_wconf 90' lang='lat' dir='ltr'><strong>Deus;</strong></span> <span class='ocrx_word' id='word_1_373' title='bbox 2252 527 2307 562; x_wconf 89' lang='lat' dir='ltr'><strong>tibi</strong></span> <span class='ocrx_word' id='word_1_374' title='bbox 2319 538 2392 564; x_wconf 84' lang='lat' dir='ltr'><strong>vero</strong></span> <span class='ocrx_word' id='word_1_375' title='bbox 2402 536 2434 566; x_wconf 88' lang='lat' dir='ltr'><strong>ut</strong></span> <span class='ocrx_word' id='word_1_376' title='bbox 2446 540 2562 578; x_wconf 76' lang='lat' dir='ltr'><strong>pugnares</strong></span> 
     </span>
    </p>
   </div>
   <div class='ocr_carea' id='block_1_52' title="bbox 1594 579 2562 644">
    <p class='ocr_par' dir='ltr' id='par_1_52' title="bbox 1594 579 2562 644">
     <span class='ocr_line' id='line_1_52' title="bbox 1594 579 2562 644; baseline 0.02 -27"><span class='ocrx_word' id='word_1_377' title='bbox 1594 579 1738 620; x_wconf 79' lang='lat' dir='ltr'><strong>fortiter</strong></span> <span class='ocrx_word' id='word_1_378' title='bbox 1767 589 1803 619; x_wconf 91' lang='lat' dir='ltr'><strong>et</strong></span> <span class='ocrx_word' id='word_1_379' title='bbox 1830 590 1977 622; x_wconf 87' lang='lat' dir='ltr'><strong>strenue</strong></span> <span class='ocrx_word' id='word_1_380' title='bbox 1994 597 2036 624; x_wconf 87' lang='lat' dir='ltr'><strong>ac</strong></span> <span class='ocrx_word' id='word_1_381' title='bbox 2051 587 2220 633; x_wconf 86' lang='lat' dir='ltr'><strong>vinceres,</strong></span> <span class='ocrx_word' id='word_1_382' title='bbox 2249 601 2457 641; x_wconf 87' lang='lat' dir='ltr'><strong>coronamque</strong></span> <span class='ocrx_word' id='word_1_383' title='bbox 2472 600 2562 644; x_wconf 81' lang='lat' dir='ltr'><strong>patien-</strong></span> 
     </span>
    </p>
   </div>
   <div class='ocr_carea' id='block_1_53' title="bbox 1595 643 2562 707">
    <p class='ocr_par' dir='ltr' id='par_1_53' title="bbox 1595 643 2562 707">
     <span class='ocr_line' id='line_1_53' title="bbox 1595 643 2562 707; baseline 0.017 -28"><span class='ocrx_word' id='word_1_384' title='bbox 1595 643 1654 680; x_wconf 67' lang='lat' dir='ltr'><strong>tiae</strong></span> <span class='ocrx_word' id='word_1_385' title='bbox 1675 645 1842 684; x_wconf 88' lang='lat' dir='ltr'><strong>referres.</strong></span> <span class='ocrx_word' id='word_1_386' title='bbox 1878 647 1992 686; x_wconf 86' lang='lat' dir='ltr'><strong>Porro</strong></span> <span class='ocrx_word' id='word_1_387' title='bbox 2020 650 2163 687; x_wconf 90' lang='lat' dir='ltr'><strong>victoria</strong></span> <span class='ocrx_word' id='word_1_388' title='bbox 2197 657 2274 689; x_wconf 85' lang='lat' dir='ltr'><strong>tunc</strong></span> <span class='ocrx_word' id='word_1_389' title='bbox 2289 659 2350 698; x_wconf 87' lang='lat' dir='ltr'><strong>est,</strong></span> <span class='ocrx_word' id='word_1_390' title='bbox 2368 666 2427 692; x_wconf 88' lang='lat' dir='ltr'><strong>non</strong></span> <span class='ocrx_word' id='word_1_391' title='bbox 2442 668 2503 694; x_wconf 91' lang='lat' dir='ltr'><strong>cum</strong></span> <span class='ocrx_word' id='word_1_392' title='bbox 2515 662 2562 707; x_wconf 69' lang='lat' dir='ltr'><strong>quis</strong></span> 
     </span>
    </p>
   </div>
   <div class='ocr_carea' id='block_1_54' title="bbox 1593 706 2562 763">
    <p class='ocr_par' dir='ltr' id='par_1_54' title="bbox 1593 706 2562 763">
     <span class='ocr_line' id='line_1_54' title="bbox 1593 706 2562 763; baseline 0.018 -21"><span class='ocrx_word' id='word_1_393' title='bbox 1593 706 1712 744; x_wconf 81' lang='lat' dir='ltr'><strong>adhuc</strong></span> <span class='ocrx_word' id='word_1_394' title='bbox 1727 708 1868 747; x_wconf 88' lang='lat' dir='ltr'><strong>theatro</strong></span> <span class='ocrx_word' id='word_1_395' title='bbox 1885 717 2084 757; x_wconf 86' lang='lat' dir='ltr'><strong>constante,</strong></span> <span class='ocrx_word' id='word_1_396' title='bbox 2101 713 2258 752; x_wconf 91' lang='lat' dir='ltr'><strong>luctando</strong></span> <span class='ocrx_word' id='word_1_397' title='bbox 2271 717 2405 763; x_wconf 87' lang='lat' dir='ltr'><strong>seipsum</strong></span> <span class='ocrx_word' id='word_1_398' title='bbox 2422 706 2562 760; x_wconf 68' lang='lat' dir='ltr'><strong>adversario</strong></span> 
     </span>
    </p>
   </div>
   <div class='ocr_carea' id='block_1_55' title="bbox 1595 769 2562 829">
    <p class='ocr_par' dir='ltr' id='par_1_55' title="bbox 1595 769 2562 829">
     <span class='ocr_line' id='line_1_55' title="bbox 1595 769 2562 829; baseline 0.017 -24"><span class='ocrx_word' id='word_1_399' title='bbox 1595 769 1762 808; x_wconf 76' lang='lat' dir='ltr'><strong>Subducit</strong></span> <span class='ocrx_word' id='word_1_400' title='bbox 1778 800 1788 815; x_wconf 98' lang='lat'><strong>,</strong></span> <span class='ocrx_word' id='word_1_401' title='bbox 1824 773 1889 810; x_wconf 89' lang='lat' dir='ltr'><strong>sed</strong></span> <span class='ocrx_word' id='word_1_402' title='bbox 1921 784 2002 810; x_wconf 90' lang='lat' dir='ltr'><strong>cum</strong></span> <span class='ocrx_word' id='word_1_403' title='bbox 2026 784 2065 812; x_wconf 90' lang='lat' dir='ltr'><strong>se</strong></span> <span class='ocrx_word' id='word_1_404' title='bbox 2089 776 2132 813; x_wconf 86' lang='lat' dir='ltr'><strong>ad</strong></span> <span class='ocrx_word' id='word_1_405' title='bbox 2165 779 2434 825; x_wconf 83' lang='lat' dir='ltr'><strong>congrediendum</strong></span> <span class='ocrx_word' id='word_1_406' title='bbox 2456 789 2562 829; x_wconf 77' lang='lat' dir='ltr'><strong>paratum</strong></span> 
     </span>
    </p>
   </div>
   <div class='ocr_carea' id='block_1_56' title="bbox 1596 831 2561 886">
    <p class='ocr_par' dir='ltr' id='par_1_56' title="bbox 1596 831 2561 886">
     <span class='ocr_line' id='line_1_56' title="bbox 1596 831 2561 886; baseline 0.018 -19"><span class='ocrx_word' id='word_1_407' title='bbox 1596 831 1764 870; x_wconf 90' lang='lat' dir='ltr'><strong>luctatori</strong></span> <span class='ocrx_word' id='word_1_408' title='bbox 1784 844 1928 882; x_wconf 89' lang='lat' dir='ltr'><strong>semper</strong></span> <span class='ocrx_word' id='word_1_409' title='bbox 1947 837 2072 881; x_wconf 86' lang='lat' dir='ltr'><strong>o&#39;ert,</strong></span> <span class='ocrx_word' id='word_1_410' title='bbox 2093 839 2152 886; x_wconf 89' lang='lat' dir='ltr'><strong>qui</strong></span> <span class='ocrx_word' id='word_1_411' title='bbox 2169 839 2374 880; x_wconf 85' lang='lat' dir='ltr'><strong>adversarius</strong></span> <span class='ocrx_word' id='word_1_412' title='bbox 2386 843 2561 884; x_wconf 67' lang='lat' dir='ltr'><strong>absurdam-</strong></span> 
     </span>
    </p>
   </div>
   <div class='ocr_carea' id='block_1_57' title="bbox 1595 895 2562 955">
    <p class='ocr_par' dir='ltr' id='par_1_57' title="bbox 1595 895 2562 955">
     <span class='ocr_line' id='line_1_57' title="bbox 1595 895 2562 955; baseline 0.017 -25"><span class='ocrx_word' id='word_1_413' title='bbox 1595 895 1787 942; x_wconf 83' lang='lat' dir='ltr'><strong>gitationes</strong></span> <span class='ocrx_word' id='word_1_414' title='bbox 1803 897 1813 919; x_wconf 91' lang='grc'></span> <span class='ocrx_word' id='word_1_415' title='bbox 1831 909 1904 945; x_wconf 64' lang='lat' dir='ltr'><strong>pra</strong></span> <span class='ocrx_word' id='word_1_416' title='bbox 1919 910 2071 938; x_wconf 84' lang='lat' dir='ltr'><strong>mcerore</strong></span> <span class='ocrx_word' id='word_1_417' title='bbox 2084 911 2267 949; x_wconf 82' lang='lat' dir='ltr'><strong>suggerens</strong></span> <span class='ocrx_word' id='word_1_418' title='bbox 2279 905 2354 942; x_wconf 84' lang='lat' dir='ltr'><strong>nihii</strong></span> <span class='ocrx_word' id='word_1_419' title='bbox 2373 907 2505 953; x_wconf 83' lang='lat' dir='ltr'><strong>percere</strong></span> <span class='ocrx_word' id='word_1_420' title='bbox 2514 920 2562 955; x_wconf 72' lang='lat' dir='ltr'><strong>pos-</strong></span> 
     </span>
    </p>
   </div>
   <div class='ocr_carea' id='block_1_58' title="bbox 1595 957 2561 1018">
    <p class='ocr_par' dir='ltr' id='par_1_58' title="bbox 1595 957 2561 1018">
     <span class='ocr_line' id='line_1_58' title="bbox 1595 957 2561 1018; baseline 0.019 -26"><span class='ocrx_word' id='word_1_421' title='bbox 1595 959 1654 992; x_wconf 89' lang='lat' dir='ltr'><strong>sit.</strong></span> <span class='ocrx_word' id='word_1_422' title='bbox 1676 957 1779 1003; x_wconf 84' lang='lat' dir='ltr'><strong>Quod</strong></span> <span class='ocrx_word' id='word_1_423' title='bbox 1803 970 1890 997; x_wconf 89' lang='lat' dir='ltr'><strong>vero</strong></span> <span class='ocrx_word' id='word_1_424' title='bbox 1917 971 1974 998; x_wconf 85' lang='lat' dir='ltr'><strong>res</strong></span> <span class='ocrx_word' id='word_1_425' title='bbox 1999 962 2045 998; x_wconf 86' lang='lat' dir='ltr'><strong>ita</strong></span> <span class='ocrx_word' id='word_1_426' title='bbox 2069 973 2107 1000; x_wconf 93' lang='lat' dir='ltr'><strong>se</strong></span> <span class='ocrx_word' id='word_1_427' title='bbox 2136 964 2269 1009; x_wconf 87' lang='lat' dir='ltr'><strong>haheat,</strong></span> <span class='ocrx_word' id='word_1_428' title='bbox 2296 966 2342 1004; x_wconf 87' lang='lat' dir='ltr'><strong>sic</strong></span> <span class='ocrx_word' id='word_1_429' title='bbox 2364 969 2453 1015; x_wconf 79' lang='lat' dir='ltr'><strong>probe</strong></span> <span class='ocrx_word' id='word_1_430' title='bbox 2471 971 2561 1018; x_wconf 77' lang='lat' dir='ltr'><strong>colligo.</strong></span> 
     </span>
    </p>
   </div>
   <div class='ocr_carea' id='block_1_59' title="bbox 1595 1017 2562 1078">
    <p class='ocr_par' dir='ltr' id='par_1_59' title="bbox 1595 1017 2562 1078">
     <span class='ocr_line' id='line_1_59' title="bbox 1595 1017 2562 1078; baseline 0.016 -23"><span class='ocrx_word' id='word_1_431' title='bbox 1595 1017 1748 1056; x_wconf 88' lang='lat' dir='ltr'><strong>Constat</strong></span> <span class='ocrx_word' id='word_1_432' title='bbox 1769 1022 1928 1068; x_wconf 89' lang='lat' dir='ltr'><strong>profecto</strong></span> <span class='ocrx_word' id='word_1_433' title='bbox 1947 1025 2123 1070; x_wconf 86' lang='lat' dir='ltr'><strong>omnibus,</strong></span> <span class='ocrx_word' id='word_1_434' title='bbox 2141 1028 2380 1074; x_wconf 85' lang='lat' dir='ltr'><strong>quantumlibet</strong></span> <span class='ocrx_word' id='word_1_435' title='bbox 2395 1037 2424 1066; x_wconf 90' lang='lat' dir='ltr'><strong>lu</strong></span> <span class='ocrx_word' id='word_1_436' title='bbox 2433 1036 2460 1066; x_wconf 83' lang='lat' dir='ltr'><strong>te</strong></span> <span class='ocrx_word' id='word_1_437' title='bbox 2471 1042 2516 1078; x_wconf 87' lang='lat' dir='ltr'><strong>per</strong></span> <span class='ocrx_word' id='word_1_438' title='bbox 2526 1017 2562 1070; x_wconf 78' lang='lat' dir='ltr'><strong>liu-</strong></span> 
     </span>
    </p>
   </div>
   <div class='ocr_carea' id='block_1_60' title="bbox 1597 1082 2561 1140">
    <p class='ocr_par' dir='ltr' id='par_1_60' title="bbox 1597 1082 2561 1140">
     <span class='ocr_line' id='line_1_60' title="bbox 1597 1082 2561 1140; baseline 0.015 -23"><span class='ocrx_word' id='word_1_439' title='bbox 1597 1082 1784 1120; x_wconf 88' lang='lat' dir='ltr'><strong>militatem</strong></span> <span class='ocrx_word' id='word_1_440' title='bbox 1803 1084 1962 1131; x_wconf 81' lang='lat' dir='ltr'><strong>dejieias,</strong></span> <span class='ocrx_word' id='word_1_441' title='bbox 1994 1097 2014 1123; x_wconf 92' lang='lat' dir='ltr'><strong>a</strong></span> <span class='ocrx_word' id='word_1_442' title='bbox 2046 1090 2136 1125; x_wconf 89' lang='lat' dir='ltr'><strong>servi</strong></span> <span class='ocrx_word' id='word_1_443' title='bbox 2167 1089 2213 1125; x_wconf 92' lang='lat' dir='ltr'><strong>tui</strong></span> <span class='ocrx_word' id='word_1_444' title='bbox 2233 1089 2297 1126; x_wconf 88' lang='lat' dir='ltr'><strong>vita</strong></span> <span class='ocrx_word' id='word_1_445' title='bbox 2323 1097 2406 1128; x_wconf 84' lang='lat' dir='ltr'><strong>tuam</strong></span> <span class='ocrx_word' id='word_1_446' title='bbox 2425 1093 2561 1140; x_wconf 81' lang='lat' dir='ltr'><strong>longissime</strong></span> 
     </span>
    </p>
   </div>
   <div class='ocr_carea' id='block_1_61' title="bbox 1596 1144 2560 1202">
    <p class='ocr_par' dir='ltr' id='par_1_61' title="bbox 1596 1144 2560 1202">
     <span class='ocr_line' id='line_1_61' title="bbox 1596 1144 2560 1202; baseline 0.012 -22"><span class='ocrx_word' id='word_1_447' title='bbox 1596 1144 1754 1188; x_wconf 73' lang='lat' dir='ltr'><strong>differre,</strong></span> <span class='ocrx_word' id='word_1_448' title='bbox 1776 1156 1819 1184; x_wconf 85' lang='lat' dir='ltr'><strong>ac</strong></span> <span class='ocrx_word' id='word_1_449' title='bbox 1829 1157 1913 1184; x_wconf 79' lang='lat' dir='ltr'><strong>eSSe</strong></span> <span class='ocrx_word' id='word_1_450' title='bbox 1929 1149 2134 1187; x_wconf 88' lang='lat' dir='ltr'><strong>meliorem:</strong></span> <span class='ocrx_word' id='word_1_451' title='bbox 2149 1151 2218 1188; x_wconf 86' lang='lat' dir='ltr'><strong>Deo</strong></span> <span class='ocrx_word' id='word_1_452' title='bbox 2231 1153 2339 1200; x_wconf 87' lang='lat' dir='ltr'><strong>itaque</strong></span> <span class='ocrx_word' id='word_1_453' title='bbox 2352 1154 2446 1200; x_wconf 87' lang='lat' dir='ltr'><strong>maior</strong></span> <span class='ocrx_word' id='word_1_454' title='bbox 2455 1157 2560 1202; x_wconf 82' lang='lat' dir='ltr'><strong>tuiquam</strong></span> 
     </span>
    </p>
   </div>
   <div class='ocr_carea' id='block_1_62' title="bbox 1597 1206 2561 1263">
    <p class='ocr_par' dir='ltr' id='par_1_62' title="bbox 1597 1206 2561 1263">
     <span class='ocr_line' id='line_1_62' title="bbox 1597 1206 2561 1263; baseline 0.012 -22"><span class='ocrx_word' id='word_1_455' title='bbox 1597 1206 1692 1243; x_wconf 89' lang='lat' dir='ltr'><strong>illius</strong></span> <span class='ocrx_word' id='word_1_456' title='bbox 1713 1217 1800 1244; x_wconf 87' lang='lat' dir='ltr'><strong>cura</strong></span> <span class='ocrx_word' id='word_1_457' title='bbox 1815 1209 1862 1244; x_wconf 92' lang='lat' dir='ltr'><strong>sit</strong></span> <span class='ocrx_word' id='word_1_458' title='bbox 1881 1219 2030 1247; x_wconf 87' lang='lat' dir='ltr'><strong>necesse</strong></span> <span class='ocrx_word' id='word_1_459' title='bbox 2046 1217 2112 1248; x_wconf 89' lang='lat' dir='ltr'><strong>est.</strong></span> <span class='ocrx_word' id='word_1_460' title='bbox 2131 1212 2200 1249; x_wconf 91' lang='lat' dir='ltr'><strong>lloc</strong></span> <span class='ocrx_word' id='word_1_461' title='bbox 2214 1223 2288 1250; x_wconf 90' lang='lat' dir='ltr'><strong>cum</strong></span> <span class='ocrx_word' id='word_1_462' title='bbox 2300 1215 2401 1262; x_wconf 90' lang='lat' dir='ltr'><strong>palam</strong></span> <span class='ocrx_word' id='word_1_463' title='bbox 2415 1216 2462 1259; x_wconf 86' lang='lat' dir='ltr'><strong>sit,</strong></span> <span class='ocrx_word' id='word_1_464' title='bbox 2476 1216 2499 1252; x_wconf 84' lang='lat' dir='ltr'><strong>id</strong></span> <span class='ocrx_word' id='word_1_465' title='bbox 2511 1228 2561 1263; x_wconf 84' lang='lat' dir='ltr'><strong>quo-</strong></span> 
     </span>
    </p>
   </div>
   <div class='ocr_carea' id='block_1_63' title="bbox 1596 1269 2561 1325">
    <p class='ocr_par' dir='ltr' id='par_1_63' title="bbox 1596 1269 2561 1325">
     <span class='ocr_line' id='line_1_63' title="bbox 1596 1269 2561 1325; baseline 0.011 -21"><span class='ocrx_word' id='word_1_466' title='bbox 1596 1278 1667 1314; x_wconf 89' lang='lat' dir='ltr'><strong>que</strong></span> <span class='ocrx_word' id='word_1_467' title='bbox 1681 1269 1850 1308; x_wconf 89' lang='lat' dir='ltr'><strong>similiter</strong></span> <span class='ocrx_word' id='word_1_468' title='bbox 1867 1272 2043 1309; x_wconf 90' lang='lat' dir='ltr'><strong>constabit</strong></span> <span class='ocrx_word' id='word_1_469' title='bbox 2061 1285 2068 1310; x_wconf 95' lang='lat'>:</span> <span class='ocrx_word' id='word_1_470' title='bbox 2086 1284 2208 1322; x_wconf 88' lang='lat' dir='ltr'><strong>nempe</strong></span> <span class='ocrx_word' id='word_1_471' title='bbox 2222 1275 2249 1312; x_wconf 90' lang='lat' dir='ltr'><strong>si</strong></span> <span class='ocrx_word' id='word_1_472' title='bbox 2267 1283 2352 1313; x_wconf 89' lang='lat' dir='ltr'><strong>esset</strong></span> <span class='ocrx_word' id='word_1_473' title='bbox 2365 1277 2424 1314; x_wconf 89' lang='lat' dir='ltr'><strong>odii</strong></span> <span class='ocrx_word' id='word_1_474' title='bbox 2441 1280 2561 1325; x_wconf 73' lang='lat' dir='ltr'><strong>permissio</strong></span> 
     </span>
    </p>
   </div>
   <div class='ocr_carea' id='block_1_64' title="bbox 1597 1330 2560 1387">
    <p class='ocr_par' dir='ltr' id='par_1_64' title="bbox 1597 1330 2560 1387">
     <span class='ocr_line' id='line_1_64' title="bbox 1597 1330 2560 1387; baseline 0.011 -21"><span class='ocrx_word' id='word_1_475' title='bbox 1597 1330 1670 1375; x_wconf 79' lang='lat' dir='ltr'><strong>illa,</strong></span> <span class='ocrx_word' id='word_1_476' title='bbox 1693 1343 1890 1380; x_wconf 85' lang='lat' dir='ltr'><strong>numquam</strong></span> <span class='ocrx_word' id='word_1_477' title='bbox 1905 1335 2066 1383; x_wconf 87' lang='lat' dir='ltr'><strong>profecto</strong></span> <span class='ocrx_word' id='word_1_478' title='bbox 2088 1337 2118 1374; x_wconf 91' lang='lat' dir='ltr'><strong>ei</strong></span> <span class='ocrx_word' id='word_1_479' title='bbox 2137 1348 2236 1384; x_wconf 87' lang='lat' dir='ltr'><strong>quem</strong></span> <span class='ocrx_word' id='word_1_480' title='bbox 2255 1339 2492 1387; x_wconf 80' lang='lat' dir='ltr'><strong>magisdiligeret</strong></span> <span class='ocrx_word' id='word_1_481' title='bbox 2505 1342 2560 1377; x_wconf 69' lang='lat' dir='ltr'><strong>illam</strong></span> 
     </span>
    </p>
   </div>
   <div class='ocr_carea' id='block_1_65' title="bbox 1595 1393 2561 1447">
    <p class='ocr_par' dir='ltr' id='par_1_65' title="bbox 1595 1393 2561 1447">
     <span class='ocr_line' id='line_1_65' title="bbox 1595 1393 2561 1447; baseline 0.01 -19"><span class='ocrx_word' id='word_1_482' title='bbox 1595 1393 1770 1438; x_wconf 84' lang='lat' dir='ltr'><strong>auxisset,</strong></span> <span class='ocrx_word' id='word_1_483' title='bbox 1792 1401 1981 1443; x_wconf 87' lang='lat' dir='ltr'><strong>postquam</strong></span> <span class='ocrx_word' id='word_1_484' title='bbox 2000 1408 2079 1434; x_wconf 85' lang='lat' dir='ltr'><strong>eum</strong></span> <span class='ocrx_word' id='word_1_485' title='bbox 2097 1399 2154 1446; x_wconf 90' lang='lat' dir='ltr'><strong>qui</strong></span> <span class='ocrx_word' id='word_1_486' title='bbox 2171 1399 2268 1447; x_wconf 86' lang='lat' dir='ltr'><strong>longe</strong></span> <span class='ocrx_word' id='word_1_487' title='bbox 2281 1399 2383 1437; x_wconf 87' lang='lat' dir='ltr'><strong>fuerat</strong></span> <span class='ocrx_word' id='word_1_488' title='bbox 2395 1400 2561 1438; x_wconf 72' lang='lat' dir='ltr'><strong>deteriorum</strong></span> 
     </span>
    </p>
   </div>
   <div class='ocr_carea' id='block_1_66' title="bbox 1596 1455 2563 1508">
    <p class='ocr_par' dir='ltr' id='par_1_66' title="bbox 1596 1455 2563 1508">
     <span class='ocr_line' id='line_1_66' title="bbox 1596 1455 2563 1508; baseline 0.007 -16"><span class='ocrx_word' id='word_1_489' title='bbox 1596 1455 1668 1492; x_wconf 90' lang='lat' dir='ltr'><strong>cito</strong></span> <span class='ocrx_word' id='word_1_490' title='bbox 1688 1455 1846 1494; x_wconf 74' lang='lat' dir='ltr'><strong>dtemoni</strong></span> <span class='ocrx_word' id='word_1_491' title='bbox 1879 1459 2070 1506; x_wconf 88' lang='lat' dir='ltr'><strong>eripuerat.</strong></span> <span class='ocrx_word' id='word_1_492' title='bbox 2088 1460 2204 1508; x_wconf 82' lang='lat' dir='ltr'><strong>Neque</strong></span> <span class='ocrx_word' id='word_1_493' title='bbox 2220 1462 2306 1498; x_wconf 90' lang='lat' dir='ltr'><strong>enim</strong></span> <span class='ocrx_word' id='word_1_494' title='bbox 2325 1473 2363 1499; x_wconf 77' lang='lat' dir='ltr'><strong>ex</strong></span> <span class='ocrx_word' id='word_1_495' title='bbox 2379 1462 2434 1499; x_wconf 84' lang='lat' dir='ltr'><strong>hoc</strong></span> <span class='ocrx_word' id='word_1_496' title='bbox 2447 1464 2524 1499; x_wconf 85' lang='lat' dir='ltr'><strong>solum</strong></span> <span class='ocrx_word' id='word_1_497' title='bbox 2541 1464 2563 1499; x_wconf 82' lang='lat' dir='ltr'><strong>id</strong></span> 
     </span>
    </p>
   </div>
   <div class='ocr_carea' id='block_1_67' title="bbox 1596 1521 2562 1572">
    <p class='ocr_par' dir='ltr' id='par_1_67' title="bbox 1596 1521 2562 1572">
     <span class='ocr_line' id='line_1_67' title="bbox 1596 1521 2562 1572; baseline 0.005 -17"><span class='ocrx_word' id='word_1_498' title='bbox 1596 1521 1899 1565; x_wconf 86' lang='lat' dir='ltr'><strong>asseveraverim,</strong></span> <span class='ocrx_word' id='word_1_499' title='bbox 1914 1522 1977 1560; x_wconf 90' lang='lat' dir='ltr'><strong>sed</strong></span> <span class='ocrx_word' id='word_1_500' title='bbox 1993 1533 2035 1560; x_wconf 79' lang='lat' dir='ltr'><strong>ex</strong></span> <span class='ocrx_word' id='word_1_501' title='bbox 2051 1523 2176 1570; x_wconf 88' lang='lat' dir='ltr'><strong>quibus</strong></span> <span class='ocrx_word' id='word_1_502' title='bbox 2186 1535 2204 1561; x_wconf 89' lang='lat' dir='ltr'><strong>a</strong></span> <span class='ocrx_word' id='word_1_503' title='bbox 2222 1525 2288 1561; x_wconf 91' lang='lat' dir='ltr'><strong>Deo</strong></span> <span class='ocrx_word' id='word_1_504' title='bbox 2300 1531 2330 1562; x_wconf 90' lang='lat' dir='ltr'><strong>te</strong></span> <span class='ocrx_word' id='word_1_505' title='bbox 2337 1525 2478 1562; x_wconf 85' lang='lat' dir='ltr'><strong>desertum</strong></span> <span class='ocrx_word' id='word_1_506' title='bbox 2487 1531 2562 1572; x_wconf 80' lang='lat' dir='ltr'><strong>putas,</strong></span> 
     </span>
    </p>
   </div>
   <div class='ocr_carea' id='block_1_68' title="bbox 1597 1583 2563 1624">
    <p class='ocr_par' dir='ltr' id='par_1_68' title="bbox 1597 1583 2563 1624">
     <span class='ocr_line' id='line_1_68' title="bbox 1597 1583 2563 1624; baseline 0.003 -5"><span class='ocrx_word' id='word_1_507' title='bbox 1597 1593 1642 1619; x_wconf 79' lang='lat' dir='ltr'><strong>ex</strong></span> <span class='ocrx_word' id='word_1_508' title='bbox 1659 1583 1712 1620; x_wconf 90' lang='lat' dir='ltr'><strong>eis</strong></span> <span class='ocrx_word' id='word_1_509' title='bbox 1727 1584 1884 1622; x_wconf 87' lang='lat' dir='ltr'><strong>maxime</strong></span> <span class='ocrx_word' id='word_1_510' title='bbox 1904 1586 1954 1623; x_wconf 92' lang='lat' dir='ltr'><strong>illi</strong></span> <span class='ocrx_word' id='word_1_511' title='bbox 1981 1597 2100 1624; x_wconf 87' lang='lat' dir='ltr'><strong>curam</strong></span> <span class='ocrx_word' id='word_1_512' title='bbox 2120 1589 2166 1624; x_wconf 91' lang='lat' dir='ltr'><strong>tui</strong></span> <span class='ocrx_word' id='word_1_513' title='bbox 2193 1599 2354 1624; x_wconf 85' lang='lat' dir='ltr'><strong>summam</strong></span> <span class='ocrx_word' id='word_1_514' title='bbox 2376 1599 2442 1624; x_wconf 81' lang='lat' dir='ltr'><strong>esse</strong></span> <span class='ocrx_word' id='word_1_515' title='bbox 2465 1587 2563 1624; x_wconf 79' lang='lat' dir='ltr'><strong>conabor</strong></span> 
     </span>
    </p>
   </div>
   <div class='ocr_carea' id='block_1_69' title="bbox 1597 1647 2564 1689">
    <p class='ocr_par' dir='ltr' id='par_1_69' title="bbox 1597 1647 2564 1689">
     <span class='ocr_line' id='line_1_69' title="bbox 1597 1647 2564 1689; baseline 0.004 -7"><span class='ocrx_word' id='word_1_516' title='bbox 1597 1647 1806 1685; x_wconf 89' lang='lat' dir='ltr'><strong>ostendere.</strong></span> <span class='ocrx_word' id='word_1_517' title='bbox 1829 1648 1919 1685; x_wconf 90' lang='lat' dir='ltr'><strong>Nam</strong></span> <span class='ocrx_word' id='word_1_518' title='bbox 1936 1650 1966 1686; x_wconf 91' lang='lat' dir='ltr'><strong>si</strong></span> <span class='ocrx_word' id='word_1_519' title='bbox 1983 1661 2053 1687; x_wconf 94' lang='lat' dir='ltr'><strong>non</strong></span> <span class='ocrx_word' id='word_1_520' title='bbox 2069 1651 2314 1689; x_wconf 87' lang='lat' dir='ltr'><strong>studiosissime</strong></span> <span class='ocrx_word' id='word_1_521' title='bbox 2332 1659 2438 1689; x_wconf 84' lang='lat' dir='ltr'><strong>cuncta</strong></span> <span class='ocrx_word' id='word_1_522' title='bbox 2455 1651 2564 1687; x_wconf 77' lang='lat' dir='ltr'><strong>inuentis</strong></span> 
     </span>
    </p>
   </div>
   <div class='ocr_carea' id='block_1_70' title="bbox 1597 1709 2566 1760">
    <p class='ocr_par' dir='ltr' id='par_1_70' title="bbox 1597 1709 2566 1760">
     <span class='ocr_line' id='line_1_70' title="bbox 1597 1709 2566 1760; baseline 0.001 -15"><span class='ocrx_word' id='word_1_523' title='bbox 1597 1709 1748 1756; x_wconf 73' lang='lat' dir='ltr'><strong>egisses,</strong></span> <span class='ocrx_word' id='word_1_524' title='bbox 1771 1711 1800 1747; x_wconf 89' lang='lat' dir='ltr'><strong>si</strong></span> <span class='ocrx_word' id='word_1_525' title='bbox 1820 1722 1893 1748; x_wconf 92' lang='lat' dir='ltr'><strong>non</strong></span> <span class='ocrx_word' id='word_1_526' title='bbox 1910 1713 2211 1760; x_wconf 81' lang='lat' dir='ltr'><strong>peregrinationes</strong></span> <span class='ocrx_word' id='word_1_527' title='bbox 2229 1714 2424 1760; x_wconf 78' lang='lat' dir='ltr'><strong>longinquas,</strong></span> <span class='ocrx_word' id='word_1_528' title='bbox 2441 1719 2470 1749; x_wconf 87' lang='lat' dir='ltr'><strong>ut</strong></span> <span class='ocrx_word' id='word_1_529' title='bbox 2483 1713 2566 1748; x_wconf 79' lang='lat' dir='ltr'><strong>sanctis</strong></span> 
     </span>
    </p>
   </div>
   <div class='ocr_carea' id='block_1_71' title="bbox 1598 1771 2567 1824">
    <p class='ocr_par' dir='ltr' id='par_1_71' title="bbox 1598 1771 2567 1824">
     <span class='ocr_line' id='line_1_71' title="bbox 1598 1771 2567 1824; baseline 0.004 -16"><span class='ocrx_word' id='word_1_530' title='bbox 1598 1771 1670 1810; x_wconf 92' lang='lat' dir='ltr'><strong>illis</strong></span> <span class='ocrx_word' id='word_1_531' title='bbox 1689 1773 1775 1811; x_wconf 90' lang='lat' dir='ltr'><strong>viris</strong></span> <span class='ocrx_word' id='word_1_532' title='bbox 1794 1775 1840 1812; x_wconf 88' lang='lat' dir='ltr'><strong>ad</strong></span> <span class='ocrx_word' id='word_1_533' title='bbox 1865 1776 2040 1824; x_wconf 88' lang='lat' dir='ltr'><strong>ejusmodi</strong></span> <span class='ocrx_word' id='word_1_534' title='bbox 2067 1777 2230 1814; x_wconf 81' lang='lat' dir='ltr'><strong>Solvenda</strong></span> <span class='ocrx_word' id='word_1_535' title='bbox 2245 1777 2368 1814; x_wconf 80' lang='lat' dir='ltr'><strong>vincula</strong></span> <span class='ocrx_word' id='word_1_536' title='bbox 2388 1775 2567 1824; x_wconf 81' lang='lat' dir='ltr'><strong>potentissimis</strong></span> 
     </span>
    </p>
   </div>
   <div class='ocr_carea' id='block_1_72' title="bbox 1596 1836 2567 1886">
    <p class='ocr_par' dir='ltr' id='par_1_72' title="bbox 1596 1836 2567 1886">
     <span class='ocr_line' id='line_1_72' title="bbox 1596 1836 2567 1886; baseline 0.002 -16"><span class='ocrx_word' id='word_1_537' title='bbox 1596 1836 1882 1883; x_wconf 82' lang='lat' dir='ltr'><strong>eongredereris,</strong></span> <span class='ocrx_word' id='word_1_538' title='bbox 1917 1839 2147 1886; x_wconf 79' lang='lat' dir='ltr'><strong>suscepisses.</strong></span> <span class='ocrx_word' id='word_1_539' title='bbox 2179 1842 2299 1876; x_wconf 89' lang='lat' dir='ltr'><strong>merito</strong></span> <span class='ocrx_word' id='word_1_540' title='bbox 2326 1839 2452 1876; x_wconf 78' lang='lat' dir='ltr'><strong>fortasse</strong></span> <span class='ocrx_word' id='word_1_541' title='bbox 2475 1838 2567 1885; x_wconf 77' lang='lat' dir='ltr'><strong>quidam</strong></span> 
     </span>
    </p>
   </div>
   <div class='ocr_carea' id='block_1_73' title="bbox 1597 1897 2568 1950">
    <p class='ocr_par' dir='ltr' id='par_1_73' title="bbox 1597 1897 2568 1950">
     <span class='ocr_line' id='line_1_73' title="bbox 1597 1897 2568 1950; baseline 0 -16"><span class='ocrx_word' id='word_1_542' title='bbox 1597 1897 1835 1945; x_wconf 88' lang='lat' dir='ltr'><strong>dubitassent,</strong></span> <span class='ocrx_word' id='word_1_543' title='bbox 1857 1913 1937 1939; x_wconf 91' lang='lat' dir='ltr'><strong>eum</strong></span> <span class='ocrx_word' id='word_1_544' title='bbox 1956 1914 2025 1940; x_wconf 87' lang='lat' dir='ltr'><strong>non</strong></span> <span class='ocrx_word' id='word_1_545' title='bbox 2037 1904 2121 1940; x_wconf 90' lang='lat' dir='ltr'><strong>satis</strong></span> <span class='ocrx_word' id='word_1_546' title='bbox 2130 1912 2245 1950; x_wconf 82' lang='lat' dir='ltr'><strong>aperta</strong></span> <span class='ocrx_word' id='word_1_547' title='bbox 2257 1901 2414 1938; x_wconf 84' lang='lat' dir='ltr'><strong>videretur</strong></span> <span class='ocrx_word' id='word_1_548' title='bbox 2425 1909 2568 1940; x_wconf 73' lang='lat' dir='ltr'><strong>esset-ausa.</strong></span> 
     </span>
    </p>
   </div>
   <div class='ocr_carea' id='block_1_74' title="bbox 1597 1967 2569 2014">
    <p class='ocr_par' dir='ltr' id='par_1_74' title="bbox 1597 1967 2569 2014">
     <span class='ocr_line' id='line_1_74' title="bbox 1597 1967 2569 2014; baseline -0.003 -14"><span class='ocrx_word' id='word_1_549' title='bbox 1597 1973 1662 2005; x_wconf 77' lang='lat' dir='ltr'><strong>cur</strong></span> <span class='ocrx_word' id='word_1_550' title='bbox 1680 1971 1818 2002; x_wconf 89' lang='lat' dir='ltr'><strong>tantum</strong></span> <span class='ocrx_word' id='word_1_551' title='bbox 1844 1968 2014 2014; x_wconf 89' lang='lat' dir='ltr'><strong>temporis</strong></span> <span class='ocrx_word' id='word_1_552' title='bbox 2035 1973 2067 2004; x_wconf 89' lang='lat' dir='ltr'><strong>te</strong></span> <span class='ocrx_word' id='word_1_553' title='bbox 2086 1967 2261 2014; x_wconf 87' lang='lat' dir='ltr'><strong>reliquerit</strong></span> <span class='ocrx_word' id='word_1_554' title='bbox 2278 1977 2287 2003; x_wconf 92' lang='lat'>:</span> <span class='ocrx_word' id='word_1_555' title='bbox 2305 1971 2408 2012; x_wconf 89' lang='lat' dir='ltr'><strong>postea</strong></span> <span class='ocrx_word' id='word_1_556' title='bbox 2423 1971 2569 2007; x_wconf 76' lang='lat' dir='ltr'><strong>veroquam</strong></span> 
     </span>
    </p>
   </div>
   <div class='ocr_carea' id='block_1_75' title="bbox 1597 2021 2572 2076">
    <p class='ocr_par' dir='ltr' id='par_1_75' title="bbox 1597 2021 2572 2076">
     <span class='ocr_line' id='line_1_75' title="bbox 1597 2021 2572 2076; baseline -0.006 -14"><span class='ocrx_word' id='word_1_557' title='bbox 1597 2032 1795 2075; x_wconf 84' lang='lat' dir='ltr'><strong>martyrum</strong></span> <span class='ocrx_word' id='word_1_558' title='bbox 1821 2028 1898 2064; x_wconf 83' lang='lat' dir='ltr'><strong>loca</strong></span> <span class='ocrx_word' id='word_1_559' title='bbox 1917 2030 2083 2076; x_wconf 88' lang='lat' dir='ltr'><strong>frequens</strong></span> <span class='ocrx_word' id='word_1_560' title='bbox 2102 2028 2233 2071; x_wconf 88' lang='lat' dir='ltr'><strong>adiisti,</strong></span> <span class='ocrx_word' id='word_1_561' title='bbox 2267 2027 2320 2063; x_wconf 91' lang='lat' dir='ltr'><strong>ubi</strong></span> <span class='ocrx_word' id='word_1_562' title='bbox 2352 2024 2467 2073; x_wconf 88' lang='lat' dir='ltr'><strong>plurimi</strong></span> <span class='ocrx_word' id='word_1_563' title='bbox 2495 2033 2524 2059; x_wconf 78' lang='lat' dir='ltr'><strong>ex</strong></span> <span class='ocrx_word' id='word_1_564' title='bbox 2546 2021 2572 2056; x_wconf 83' lang='lat' dir='ltr'><strong>iis</strong></span> 
     </span>
    </p>
   </div>
   <div class='ocr_carea' id='block_1_76' title="bbox 1597 2085 2571 2137">
    <p class='ocr_par' dir='ltr' id='par_1_76' title="bbox 1597 2085 2571 2137">
     <span class='ocr_line' id='line_1_76' title="bbox 1597 2085 2571 2137; baseline -0.001 -14"><span class='ocrx_word' id='word_1_565' title='bbox 1597 2098 1755 2136; x_wconf 85' lang='lat' dir='ltr'><strong>quoque,</strong></span> <span class='ocrx_word' id='word_1_566' title='bbox 1777 2091 1838 2137; x_wconf 91' lang='lat' dir='ltr'><strong>qui</strong></span> <span class='ocrx_word' id='word_1_567' title='bbox 1858 2090 2022 2128; x_wconf 85' lang='lat' dir='ltr'><strong>homines</strong></span> <span class='ocrx_word' id='word_1_568' title='bbox 2037 2091 2262 2133; x_wconf 83' lang='lat' dir='ltr'><strong>devorabam,</strong></span> <span class='ocrx_word' id='word_1_569' title='bbox 2281 2099 2366 2135; x_wconf 62' lang='lat' dir='ltr'><strong>sape</strong></span> <span class='ocrx_word' id='word_1_570' title='bbox 2391 2085 2480 2122; x_wconf 82' lang='lat' dir='ltr'><strong>sanati</strong></span> <span class='ocrx_word' id='word_1_571' title='bbox 2503 2089 2571 2122; x_wconf 83' lang='lat' dir='ltr'><strong>sunt.</strong></span> 
     </span>
    </p>
   </div>
   <div class='ocr_carea' id='block_1_77' title="bbox 1599 2148 2573 2202">
    <p class='ocr_par' dir='ltr' id='par_1_77' title="bbox 1599 2148 2573 2202">
     <span class='ocr_line' id='line_1_77' title="bbox 1599 2148 2573 2202; baseline -0.002 -16"><span class='ocrx_word' id='word_1_572' title='bbox 1599 2150 1866 2200; x_wconf 87' lang='lat' dir='ltr'><strong>plurimumque</strong></span> <span class='ocrx_word' id='word_1_573' title='bbox 1897 2155 2067 2201; x_wconf 87' lang='lat' dir='ltr'><strong>temporis</strong></span> <span class='ocrx_word' id='word_1_574' title='bbox 2083 2154 2174 2202; x_wconf 90' lang='lat' dir='ltr'><strong>apud</strong></span> <span class='ocrx_word' id='word_1_575' title='bbox 2194 2154 2284 2190; x_wconf 88' lang='lat' dir='ltr'><strong>viros</strong></span> <span class='ocrx_word' id='word_1_576' title='bbox 2313 2152 2386 2188; x_wconf 91' lang='lat' dir='ltr'><strong>illos</strong></span> <span class='ocrx_word' id='word_1_577' title='bbox 2403 2148 2537 2186; x_wconf 82' lang='lat' dir='ltr'><strong>mirabiles</strong></span> <span class='ocrx_word' id='word_1_578' title='bbox 2547 2156 2573 2182; x_wconf 76' lang='lat' dir='ltr'><strong>ac</strong></span> 
     </span>
    </p>
   </div>
   <div class='ocr_carea' id='block_1_78' title="bbox 1598 2214 2572 2266">
    <p class='ocr_par' dir='ltr' id='par_1_78' title="bbox 1598 2214 2572 2266">
     <span class='ocr_line' id='line_1_78' title="bbox 1598 2214 2572 2266; baseline -0.006 -15"><span class='ocrx_word' id='word_1_579' title='bbox 1598 2217 1886 2262; x_wconf 86' lang='lat' dir='ltr'><strong>strenuissimos,</strong></span> <span class='ocrx_word' id='word_1_580' title='bbox 1905 2219 1966 2266; x_wconf 91' lang='lat' dir='ltr'><strong>qui</strong></span> <span class='ocrx_word' id='word_1_581' title='bbox 1983 2219 2202 2256; x_wconf 90' lang='lat' dir='ltr'><strong>curatiouem</strong></span> <span class='ocrx_word' id='word_1_582' title='bbox 2223 2227 2394 2264; x_wconf 85' lang='lat' dir='ltr'><strong>numquam</strong></span> <span class='ocrx_word' id='word_1_583' title='bbox 2407 2214 2508 2251; x_wconf 85' lang='lat' dir='ltr'><strong>frustra</strong></span> <span class='ocrx_word' id='word_1_584' title='bbox 2523 2217 2572 2246; x_wconf 82' lang='lat' dir='ltr'><strong>lett-</strong></span> 
     </span>
    </p>
   </div>
   <div class='ocr_carea' id='block_1_79' title="bbox 1601 2271 2572 2329">
    <p class='ocr_par' dir='ltr' id='par_1_79' title="bbox 1601 2271 2572 2329">
     <span class='ocr_line' id='line_1_79' title="bbox 1601 2271 2572 2329; baseline -0.003 -15"><span class='ocrx_word' id='word_1_585' title='bbox 1601 2283 1776 2324; x_wconf 82' lang='lat' dir='ltr'><strong>laveraut,</strong></span> <span class='ocrx_word' id='word_1_586' title='bbox 1799 2280 1942 2328; x_wconf 84' lang='lat' dir='ltr'><strong>degisti,</strong></span> <span class='ocrx_word' id='word_1_587' title='bbox 1966 2281 2124 2329; x_wconf 89' lang='lat' dir='ltr'><strong>nihilque</strong></span> <span class='ocrx_word' id='word_1_588' title='bbox 2144 2281 2282 2318; x_wconf 78' lang='lat' dir='ltr'><strong>omnino</strong></span> <span class='ocrx_word' id='word_1_589' title='bbox 2299 2278 2440 2319; x_wconf 78' lang='lat' dir='ltr'><strong>omisisti,</strong></span> <span class='ocrx_word' id='word_1_590' title='bbox 2467 2272 2536 2322; x_wconf 83' lang='lat' dir='ltr'><strong>quod</strong></span> <span class='ocrx_word' id='word_1_591' title='bbox 2546 2271 2572 2306; x_wconf 73' lang='lat' dir='ltr'><strong>atl</strong></span> 
     </span>
    </p>
   </div>
   <div class='ocr_carea' id='block_1_80' title="bbox 1599 2335 2573 2390">
    <p class='ocr_par' dir='ltr' id='par_1_80' title="bbox 1599 2335 2573 2390">
     <span class='ocr_line' id='line_1_80' title="bbox 1599 2335 2573 2390; baseline -0.002 -14"><span class='ocrx_word' id='word_1_592' title='bbox 1599 2339 1693 2378; x_wconf 79' lang='lat' dir='ltr'><strong>hanc</strong></span> <span class='ocrx_word' id='word_1_593' title='bbox 1713 2343 1960 2380; x_wconf 87' lang='lat' dir='ltr'><strong>liberationem</strong></span> <span class='ocrx_word' id='word_1_594' title='bbox 1981 2343 2144 2381; x_wconf 88' lang='lat' dir='ltr'><strong>conferre</strong></span> <span class='ocrx_word' id='word_1_595' title='bbox 2164 2353 2262 2390; x_wconf 86' lang='lat' dir='ltr'><strong>posse</strong></span> <span class='ocrx_word' id='word_1_596' title='bbox 2277 2341 2339 2377; x_wconf 83' lang='lat' dir='ltr'><strong>ulla</strong></span> <span class='ocrx_word' id='word_1_597' title='bbox 2352 2339 2466 2376; x_wconf 87' lang='lat' dir='ltr'><strong>ratione</strong></span> <span class='ocrx_word' id='word_1_598' title='bbox 2483 2335 2573 2370; x_wconf 69' lang='lat' dir='ltr'><strong>\idert-</strong></span> 
     </span>
    </p>
   </div>
   <div class='ocr_carea' id='block_1_81' title="bbox 1599 2402 2574 2454">
    <p class='ocr_par' dir='ltr' id='par_1_81' title="bbox 1599 2402 2574 2454">
     <span class='ocr_line' id='line_1_81' title="bbox 1599 2402 2574 2454; baseline -0.005 -14"><span class='ocrx_word' id='word_1_599' title='bbox 1599 2409 1670 2448; x_wconf 88' lang='lat' dir='ltr'><strong>tur,</strong></span> <span class='ocrx_word' id='word_1_600' title='bbox 1696 2415 1935 2454; x_wconf 83' lang='lat' dir='ltr'><strong>reversusque</strong></span> <span class='ocrx_word' id='word_1_601' title='bbox 1947 2416 1988 2444; x_wconf 88' lang='lat' dir='ltr'><strong>es</strong></span> <span class='ocrx_word' id='word_1_602' title='bbox 2008 2406 2124 2444; x_wconf 82' lang='lat' dir='ltr'><strong>ferens</strong></span> <span class='ocrx_word' id='word_1_603' title='bbox 2143 2413 2252 2443; x_wconf 90' lang='lat' dir='ltr'><strong>tecum</strong></span> <span class='ocrx_word' id='word_1_604' title='bbox 2283 2403 2448 2443; x_wconf 88' lang='lat' dir='ltr'><strong>inimicum,</strong></span> <span class='ocrx_word' id='word_1_605' title='bbox 2465 2402 2574 2444; x_wconf 76' lang='lat' dir='ltr'><strong>apertum</strong></span> 
     </span>
    </p>
   </div>
   <div class='ocr_carea' id='block_1_82' title="bbox 1598 2457 2574 2522">
    <p class='ocr_par' dir='ltr' id='par_1_82' title="bbox 1598 2457 2574 2522">
     <span class='ocr_line' id='line_1_82' title="bbox 1598 2457 2574 2522; baseline -0.01 -20"><span class='ocrx_word' id='word_1_606' title='bbox 1598 2476 1642 2504; x_wconf 88' lang='lat' dir='ltr'><strong>ac</strong></span> <span class='ocrx_word' id='word_1_607' title='bbox 1676 2469 1918 2506; x_wconf 86' lang='lat' dir='ltr'><strong>certissimum</strong></span> <span class='ocrx_word' id='word_1_608' title='bbox 1947 2469 2076 2506; x_wconf 67' lang='lat' dir='ltr'><strong>divina:</strong></span> <span class='ocrx_word' id='word_1_609' title='bbox 2109 2469 2200 2506; x_wconf 87' lang='lat' dir='ltr'><strong>circa</strong></span> <span class='ocrx_word' id='word_1_610' title='bbox 2228 2474 2260 2504; x_wconf 88' lang='lat' dir='ltr'><strong>te</strong></span> <span class='ocrx_word' id='word_1_611' title='bbox 2287 2461 2482 2514; x_wconf 64' lang='lat' dir='ltr'><strong>providentizu</strong></span> <span class='ocrx_word' id='word_1_612' title='bbox 2507 2457 2574 2522; x_wconf 66' lang='lat' dir='ltr'><strong>duui-</strong></span> 
     </span>
    </p>
   </div>
   <div class='ocr_carea' id='block_1_83' title="bbox 1598 2526 2574 2585">
    <p class='ocr_par' dir='ltr' id='par_1_83' title="bbox 1598 2526 2574 2585">
     <span class='ocr_line' id='line_1_83' title="bbox 1598 2526 2574 2585; baseline -0.004 -19"><span class='ocrx_word' id='word_1_613' title='bbox 1598 2536 1762 2568; x_wconf 91' lang='lat' dir='ltr'><strong>mentum</strong></span> <span class='ocrx_word' id='word_1_614' title='bbox 1781 2531 1834 2568; x_wconf 90' lang='lat' dir='ltr'><strong>eis</strong></span> <span class='ocrx_word' id='word_1_615' title='bbox 1849 2542 1990 2579; x_wconf 87' lang='lat' dir='ltr'><strong>quoque</strong></span> <span class='ocrx_word' id='word_1_616' title='bbox 2010 2532 2069 2580; x_wconf 90' lang='lat' dir='ltr'><strong>qui</strong></span> <span class='ocrx_word' id='word_1_617' title='bbox 2091 2531 2190 2568; x_wconf 87' lang='lat' dir='ltr'><strong>valde</strong></span> <span class='ocrx_word' id='word_1_618' title='bbox 2208 2530 2391 2576; x_wconf 86' lang='lat' dir='ltr'><strong>insipientes</strong></span> <span class='ocrx_word' id='word_1_619' title='bbox 2402 2526 2574 2585; x_wconf 38' lang='lat' dir='ltr'><strong>suntmotti</strong></span> 
     </span>
    </p>
   </div>
   <div class='ocr_carea' id='block_1_84' title="bbox 1598 2589 2575 2644">
    <p class='ocr_par' dir='ltr' id='par_1_84' title="bbox 1598 2589 2575 2644">
     <span class='ocr_line' id='line_1_84' title="bbox 1598 2589 2575 2644; baseline -0.011 -15"><span class='ocrx_word' id='word_1_620' title='bbox 1598 2603 1705 2629; x_wconf 92' lang='lat' dir='ltr'><strong>cnum</strong></span> <span class='ocrx_word' id='word_1_621' title='bbox 1726 2594 1895 2631; x_wconf 84' lang='lat' dir='ltr'><strong>retulisti.</strong></span> <span class='ocrx_word' id='word_1_622' title='bbox 1913 2595 2116 2642; x_wconf 86' lang='lat' dir='ltr'><strong>Numquam</strong></span> <span class='ocrx_word' id='word_1_623' title='bbox 2146 2593 2237 2630; x_wconf 89' lang='lat' dir='ltr'><strong>enim</strong></span> <span class='ocrx_word' id='word_1_624' title='bbox 2265 2589 2405 2638; x_wconf 77' lang='lat' dir='ltr'><strong>proferto</strong></span> <span class='ocrx_word' id='word_1_625' title='bbox 2421 2590 2524 2621; x_wconf 83' lang='lat' dir='ltr'><strong>tantam</strong></span> <span class='ocrx_word' id='word_1_626' title='bbox 2536 2591 2575 2644; x_wconf 65' lang='lat' dir='ltr'><strong>uit-</strong></span> 
     </span>
    </p>
   </div>
   <div class='ocr_carea' id='block_1_85' title="bbox 1599 2645 2575 2709">
    <p class='ocr_par' dir='ltr' id='par_1_85' title="bbox 1599 2645 2575 2709">
     <span class='ocr_line' id='line_1_85' title="bbox 1599 2645 2575 2709; baseline -0.012 -17"><span class='ocrx_word' id='word_1_627' title='bbox 1599 2655 1796 2702; x_wconf 87' lang='lat' dir='ltr'><strong>pedivisset</strong></span> <span class='ocrx_word' id='word_1_628' title='bbox 1829 2657 1924 2694; x_wconf 90' lang='lat' dir='ltr'><strong>Deus</strong></span> <span class='ocrx_word' id='word_1_629' title='bbox 1951 2659 2116 2704; x_wconf 84' lang='lat' dir='ltr'><strong>gratiam,</strong></span> <span class='ocrx_word' id='word_1_630' title='bbox 2146 2662 2326 2702; x_wconf 88' lang='lat' dir='ltr'><strong>numquam</strong></span> <span class='ocrx_word' id='word_1_631' title='bbox 2353 2656 2456 2686; x_wconf 86' lang='lat' dir='ltr'><strong>servos</strong></span> <span class='ocrx_word' id='word_1_632' title='bbox 2478 2645 2575 2709; x_wconf 43' lang='lat' dir='ltr'><strong>sucini</strong></span> 
     </span>
    </p>
   </div>
   <div class='ocr_carea' id='block_1_86' title="bbox 1600 2705 2576 2767">
    <p class='ocr_par' dir='ltr' id='par_1_86' title="bbox 1600 2705 2576 2767">
     <span class='ocr_line' id='line_1_86' title="bbox 1600 2705 2576 2767; baseline -0.013 -12"><span class='ocrx_word' id='word_1_633' title='bbox 1600 2720 1736 2766; x_wconf 87' lang='lat' dir='ltr'><strong>pudore</strong></span> <span class='ocrx_word' id='word_1_634' title='bbox 1750 2719 1908 2756; x_wconf 83' lang='lat' dir='ltr'><strong>sull&#39;undi</strong></span> <span class='ocrx_word' id='word_1_635' title='bbox 1924 2730 2050 2767; x_wconf 87' lang='lat' dir='ltr'><strong>passus</strong></span> <span class='ocrx_word' id='word_1_636' title='bbox 2067 2725 2174 2762; x_wconf 90' lang='lat' dir='ltr'><strong>esset,</strong></span> <span class='ocrx_word' id='word_1_637' title='bbox 2191 2717 2252 2754; x_wconf 90' lang='lat' dir='ltr'><strong>nisi</strong></span> <span class='ocrx_word' id='word_1_638' title='bbox 2271 2716 2300 2752; x_wconf 89' lang='lat' dir='ltr'><strong>id</strong></span> <span class='ocrx_word' id='word_1_639' title='bbox 2320 2721 2379 2751; x_wconf 67' lang='lat' dir='ltr'><strong>tum</strong></span> <span class='ocrx_word' id='word_1_640' title='bbox 2395 2716 2425 2746; x_wconf 87' lang='lat' dir='ltr'><strong>et</strong></span> <span class='ocrx_word' id='word_1_641' title='bbox 2441 2705 2576 2767; x_wconf 66' lang='lat' dir='ltr'><strong>probam)</strong></span> 
     </span>
    </p>
   </div>
   <div class='ocr_carea' id='block_1_87' title="bbox 1599 2765 2577 2832">
    <p class='ocr_par' dir='ltr' id='par_1_87' title="bbox 1599 2765 2577 2832">
     <span class='ocr_line' id='line_1_87' title="bbox 1599 2765 2577 2832; baseline -0.013 -14"><span class='ocrx_word' id='word_1_642' title='bbox 1599 2765 1635 2818; x_wconf 83' lang='lat' dir='ltr'><strong>et</strong></span> <span class='ocrx_word' id='word_1_643' title='bbox 1656 2782 1797 2818; x_wconf 88' lang='lat' dir='ltr'><strong>utilitati</strong></span> <span class='ocrx_word' id='word_1_644' title='bbox 1819 2765 2054 2820; x_wconf 83' lang='lat' dir='ltr'><strong>vehementer</strong></span> <span class='ocrx_word' id='word_1_645' title='bbox 2081 2779 2246 2828; x_wconf 85' lang='lat' dir='ltr'><strong>expedire</strong></span> <span class='ocrx_word' id='word_1_646' title='bbox 2269 2773 2476 2823; x_wconf 81' lang='lat' dir='ltr'><strong>cognovisset.</strong></span> <span class='ocrx_word' id='word_1_647' title='bbox 2496 2765 2577 2832; x_wconf 37' lang='lat' dir='ltr'><strong>hall-li</strong></span> 
     </span>
    </p>
   </div>
   <div class='ocr_carea' id='block_1_88' title="bbox 1600 2824 2578 2891">
    <p class='ocr_par' dir='ltr' id='par_1_88' title="bbox 1600 2824 2578 2891">
     <span class='ocr_line' id='line_1_88' title="bbox 1600 2824 2578 2891; baseline -0.011 -12"><span class='ocrx_word' id='word_1_648' title='bbox 1600 2844 1695 2891; x_wconf 85' lang='lat' dir='ltr'><strong>quod</strong></span> <span class='ocrx_word' id='word_1_649' title='bbox 1731 2843 1862 2880; x_wconf 76' lang='lat' dir='ltr'><strong>divina:</strong></span> <span class='ocrx_word' id='word_1_650' title='bbox 1895 2843 2139 2881; x_wconf 88' lang='lat' dir='ltr'><strong>derelictionis</strong></span> <span class='ocrx_word' id='word_1_651' title='bbox 2177 2841 2310 2888; x_wconf 83' lang='lat' dir='ltr'><strong>signum</strong></span> <span class='ocrx_word' id='word_1_652' title='bbox 2334 2833 2473 2871; x_wconf 81' lang='lat' dir='ltr'><strong>videtur.</strong></span> <span class='ocrx_word' id='word_1_653' title='bbox 2495 2824 2520 2862; x_wconf 81' lang='lat' dir='ltr'><strong>id</strong></span> <span class='ocrx_word' id='word_1_654' title='bbox 2533 2830 2578 2869; x_wconf 66' lang='lat'><strong>81&#39;&quot;</strong></span> 
     </span>
    </p>
   </div>
   <div class='ocr_carea' id='block_1_89' title="bbox 1599 2898 2519 2946">
    <p class='ocr_par' dir='ltr' id='par_1_89' title="bbox 1599 2898 2519 2946">
     <span class='ocr_line' id='line_1_89' title="bbox 1599 2898 2519 2946; baseline -0.016 -4"><span class='ocrx_word' id='word_1_655' title='bbox 1599 2905 1730 2944; x_wconf 77' lang='lat' dir='ltr'><strong>Summi</strong></span> <span class='ocrx_word' id='word_1_656' title='bbox 1741 2905 1779 2943; x_wconf 89' lang='lat' dir='ltr'><strong>in</strong></span> <span class='ocrx_word' id='word_1_657' title='bbox 1791 2911 1826 2943; x_wconf 86' lang='lat' dir='ltr'><strong>te</strong></span> <span class='ocrx_word' id='word_1_658' title='bbox 1848 2906 1998 2944; x_wconf 70' lang='lat' dir='ltr'><strong>affectus</strong></span> <span class='ocrx_word' id='word_1_659' title='bbox 2017 2912 2054 2944; x_wconf 89' lang='lat' dir='ltr'><strong>et</strong></span> <span class='ocrx_word' id='word_1_660' title='bbox 2083 2903 2214 2942; x_wconf 85' lang='lat' dir='ltr'><strong>amoris</strong></span> <span class='ocrx_word' id='word_1_661' title='bbox 2235 2907 2286 2940; x_wconf 92' lang='lat' dir='ltr'><strong>est</strong></span> <span class='ocrx_word' id='word_1_662' title='bbox 2301 2898 2519 2946; x_wconf 79' lang='lat' dir='ltr'><strong>argumentum.</strong></span> 
     </span>
    </p>
   </div>
   <div class='ocr_carea' id='block_1_90' title="bbox 1643 2995 2528 3051">
    <p class='ocr_par' dir='ltr' id='par_1_90' title="bbox 1643 2995 2528 3051">
     <span class='ocr_line' id='line_1_90' title="bbox 1643 2995 2528 3051; baseline 0.001 -8"><span class='ocrx_word' id='word_1_663' title='bbox 1643 3012 1653 3032; x_wconf 81' lang='grc' dir='ltr'><strong><em></em></strong></span> <span class='ocrx_word' id='word_1_664' title='bbox 1672 3009 1768 3044; x_wconf 80' lang='lat' dir='ltr'><strong>savii.</strong></span> <span class='ocrx_word' id='word_1_665' title='bbox 1787 3014 1823 3045; x_wconf 87' lang='lat' dir='ltr'><strong>et</strong></span> <span class='ocrx_word' id='word_1_666' title='bbox 1835 3011 1926 3045; x_wconf 89' lang='lat' dir='ltr'><strong>Colb.</strong></span> <span class='ocrx_word' id='word_1_667' title='bbox 1943 3011 2080 3051; x_wconf 84' lang='lat' dir='ltr'><strong>habent,</strong></span> <span class='ocrx_word' id='word_1_668' title='bbox 2101 3004 2339 3044; x_wconf 65' lang='lat' dir='ltr'><strong>innumerabiles</strong></span> <span class='ocrx_word' id='word_1_669' title='bbox 2353 2995 2528 3044; x_wconf 71' lang='grc' dir='ltr'><strong></strong></span> 
     </span>
    </p>
   </div>
   <div class='ocr_carea' id='block_1_91' title="bbox 439 3083 2577 3118">
    <p class='ocr_par' dir='ltr' id='par_1_91' title="bbox 439 3083 2577 3118">
     <span class='ocr_line' id='line_1_91' title="bbox 439 3083 2577 3118; baseline 0.004 -30"><span class='ocrx_word' id='word_1_670' title='bbox 439 3083 2577 3118; x_wconf 61' lang='lat'><strong>___________________________,,_..</strong></span> 
     </span>
    </p>
   </div>
   <div class='ocr_carea' id='block_1_92' title="bbox 762 3151 2327 3246">
    <p class='ocr_par' dir='ltr' id='par_1_92' title="bbox 762 3151 2327 3246">
     <span class='ocr_line' id='line_1_92' title="bbox 762 3151 2327 3246; baseline -0.002 -16"><span class='ocrx_word' id='word_1_671' title='bbox 762 3153 1326 3232; x_wconf 78' lang='lat' dir='ltr'><strong>EJUSDEM</strong></span> <span class='ocrx_word' id='word_1_672' title='bbox 1375 3157 1550 3232; x_wconf 74' lang='grc' dir='ltr'><strong>)</strong></span> <span class='ocrx_word' id='word_1_673' title='bbox 1603 3151 2327 3246; x_wconf 73' lang='lat' dir='ltr'><strong>STAGIRIUM,</strong></span> 
     </span>
    </p>
   </div>
   <div class='ocr_carea' id='block_1_93' title="bbox 904 3253 2184 3305">
    <p class='ocr_par' dir='ltr' id='par_1_93' title="bbox 904 3253 2184 3305">
     <span class='ocr_line' id='line_1_93' title="bbox 904 3253 2184 3305; baseline -0.003 -7"><span class='ocrx_word' id='word_1_674' title='bbox 904 3255 1052 3305; x_wconf 87' lang='lat' dir='ltr'><strong>QUOD</strong></span> <span class='ocrx_word' id='word_1_675' title='bbox 1081 3257 1358 3300; x_wconf 83' lang='lat' dir='ltr'><strong>TRISTITIA</strong></span> <span class='ocrx_word' id='word_1_676' title='bbox 1386 3255 1632 3298; x_wconf 73' lang='lat' dir='ltr'><strong>DJEMONE</strong></span> <span class='ocrx_word' id='word_1_677' title='bbox 1663 3255 1782 3296; x_wconf 88' lang='lat' dir='ltr'>IPSO</span> <span class='ocrx_word' id='word_1_678' title='bbox 1810 3255 1894 3296; x_wconf 88' lang='lat' dir='ltr'><strong>SIT</strong></span> <span class='ocrx_word' id='word_1_679' title='bbox 1926 3253 2184 3297; x_wconf 78' lang='lat' dir='ltr'><strong>GRAVIOR.</strong></span> 
     </span>
    </p>
   </div>
   <div class='ocr_carea' id='block_1_94' title="bbox 1079 3322 2037 3396">
    <p class='ocr_par' dir='ltr' id='par_1_94' title="bbox 1079 3322 2037 3396">
     <span class='ocr_line' id='line_1_94' title="bbox 1079 3322 2037 3396; baseline -0.001 0"><span class='ocrx_word' id='word_1_680' title='bbox 1079 3323 1404 3396; x_wconf 84' lang='lat' dir='ltr'><strong>LIBER</strong></span> <span class='ocrx_word' id='word_1_681' title='bbox 1451 3322 2037 3395; x_wconf 79' lang='lat' dir='ltr'><strong>SECUNDUS.</strong></span> 
     </span>
    </p>
   </div>
   <div class='ocr_carea' id='block_1_95' title="bbox 494 3429 1530 3482">
    <p class='ocr_par' dir='ltr' id='par_1_95' title="bbox 494 3429 1530 3482">
     <span class='ocr_line' id='line_1_95' title="bbox 494 3429 1530 3482; baseline 0.004 -16"><span class='ocrx_word' id='word_1_682' title='bbox 494 3429 528 3466; x_wconf 80' lang='grc'><strong>1.</strong></span> <span class='ocrx_word' id='word_1_683' title='bbox 562 3429 606 3465; x_wconf 88' lang='lat' dir='ltr'><strong>Et</strong></span> <span class='ocrx_word' id='word_1_684' title='bbox 633 3430 700 3468; x_wconf 90' lang='lat' dir='ltr'><strong>ista</strong></span> <span class='ocrx_word' id='word_1_685' title='bbox 729 3432 875 3478; x_wconf 86' lang='lat' dir='ltr'><strong>quidem</strong></span> <span class='ocrx_word' id='word_1_686' title='bbox 905 3432 950 3470; x_wconf 88' lang='lat' dir='ltr'><strong>de</strong></span> <span class='ocrx_word' id='word_1_687' title='bbox 974 3434 1038 3471; x_wconf 88' lang='lat' dir='ltr'><strong>Dei</strong></span> <span class='ocrx_word' id='word_1_688' title='bbox 1062 3435 1305 3482; x_wconf 86' lang='lat' dir='ltr'><strong>providentia,</strong></span> <span class='ocrx_word' id='word_1_689' title='bbox 1336 3441 1446 3482; x_wconf 88' lang='lat' dir='ltr'><strong>utque</strong></span> <span class='ocrx_word' id='word_1_690' title='bbox 1469 3434 1530 3471; x_wconf 84' lang='lat' dir='ltr'><strong>ille</strong></span> 
     </span>
    </p>
   </div>
   <div class='ocr_carea' id='block_1_96' title="bbox 445 3497 1530 3544">
    <p class='ocr_par' dir='ltr' id='par_1_96' title="bbox 445 3497 1530 3544">
     <span class='ocr_line' id='line_1_96' title="bbox 445 3497 1530 3544; baseline 0.008 -19"><span class='ocrx_word' id='word_1_691' title='bbox 445 3501 516 3526; x_wconf 92' lang='lat' dir='ltr'><strong>non</strong></span> <span class='ocrx_word' id='word_1_692' title='bbox 543 3501 715 3528; x_wconf 82' lang='lat' dir='ltr'><strong>aversans</strong></span> <span class='ocrx_word' id='word_1_693' title='bbox 734 3499 771 3530; x_wconf 85' lang='lat' dir='ltr'><strong>et</strong></span> <span class='ocrx_word' id='word_1_694' title='bbox 791 3503 1000 3540; x_wconf 80' lang='lat' dir='ltr'><strong>exsecraris,</strong></span> <span class='ocrx_word' id='word_1_695' title='bbox 1024 3497 1090 3534; x_wconf 88' lang='lat' dir='ltr'><strong>sed</strong></span> <span class='ocrx_word' id='word_1_696' title='bbox 1111 3503 1146 3534; x_wconf 90' lang='lat' dir='ltr'><strong>et</strong></span> <span class='ocrx_word' id='word_1_697' title='bbox 1167 3497 1360 3534; x_wconf 90' lang='lat' dir='ltr'><strong>admodum</strong></span> <span class='ocrx_word' id='word_1_698' title='bbox 1375 3497 1530 3544; x_wconf 85' lang='lat' dir='ltr'><strong>diligens</strong></span> 
     </span>
    </p>
   </div>
   <div class='ocr_carea' id='block_1_97' title="bbox 443 3551 1530 3605">
    <p class='ocr_par' dir='ltr' id='par_1_97' title="bbox 443 3551 1530 3605">
     <span class='ocr_line' id='line_1_97' title="bbox 443 3551 1530 3605; baseline 0.008 -19"><span class='ocrx_word' id='word_1_699' title='bbox 443 3551 513 3589; x_wconf 90' lang='lat' dir='ltr'><strong>hoc</strong></span> <span class='ocrx_word' id='word_1_700' title='bbox 533 3558 567 3589; x_wconf 88' lang='lat' dir='ltr'><strong>te</strong></span> <span class='ocrx_word' id='word_1_701' title='bbox 586 3561 755 3590; x_wconf 83' lang='lat' dir='ltr'><strong>exerceat</strong></span> <span class='ocrx_word' id='word_1_702' title='bbox 771 3556 894 3602; x_wconf 86' lang='lat' dir='ltr'><strong>modo,</strong></span> <span class='ocrx_word' id='word_1_703' title='bbox 911 3557 1046 3596; x_wconf 84' lang='lat' dir='ltr'><strong>dixisse</strong></span> <span class='ocrx_word' id='word_1_704' title='bbox 1060 3558 1228 3596; x_wconf 82' lang='lat' dir='ltr'><strong>Sufficiat.</strong></span> <span class='ocrx_word' id='word_1_705' title='bbox 1249 3558 1425 3605; x_wconf 86' lang='lat' dir='ltr'><strong>Quoniam</strong></span> <span class='ocrx_word' id='word_1_706' title='bbox 1441 3569 1530 3595; x_wconf 88' lang='lat' dir='ltr'><strong>vero</strong></span> 
     </span>
    </p>
   </div>
   <div class='ocr_carea' id='block_1_98' title="bbox 443 3615 1527 3669">
    <p class='ocr_par' dir='ltr' id='par_1_98' title="bbox 443 3615 1527 3669">
     <span class='ocr_line' id='line_1_98' title="bbox 443 3615 1527 3669; baseline 0.008 -20"><span class='ocrx_word' id='word_1_707' title='bbox 443 3615 514 3650; x_wconf 88' lang='lat' dir='ltr'><strong>alia</strong></span> <span class='ocrx_word' id='word_1_708' title='bbox 535 3617 644 3653; x_wconf 88' lang='lat' dir='ltr'><strong>etiam</strong></span> <span class='ocrx_word' id='word_1_709' title='bbox 661 3627 706 3654; x_wconf 76' lang='lat' dir='ltr'><strong>ex</strong></span> <span class='ocrx_word' id='word_1_710' title='bbox 735 3624 836 3664; x_wconf 86' lang='lat' dir='ltr'><strong>parte</strong></span> <span class='ocrx_word' id='word_1_711' title='bbox 869 3619 1100 3658; x_wconf 81' lang='lat' dir='ltr'><strong>vehementer</strong></span> <span class='ocrx_word' id='word_1_712' title='bbox 1121 3627 1156 3658; x_wconf 91' lang='lat' dir='ltr'><strong>te</strong></span> <span class='ocrx_word' id='word_1_713' title='bbox 1182 3622 1263 3669; x_wconf 84' lang='lat' dir='ltr'><strong>angi</strong></span> <span class='ocrx_word' id='word_1_714' title='bbox 1293 3627 1442 3668; x_wconf 89' lang='lat' dir='ltr'><strong>questus</strong></span> <span class='ocrx_word' id='word_1_715' title='bbox 1473 3630 1527 3666; x_wconf 92' lang='lat' dir='ltr'><strong>es,</strong></span> 
     </span>
    </p>
   </div>
   <div class='ocr_carea' id='block_1_99' title="bbox 443 3676 1530 3732">
    <p class='ocr_par' dir='ltr' id='par_1_99' title="bbox 443 3676 1530 3732">
     <span class='ocr_line' id='line_1_99' title="bbox 443 3676 1530 3732; baseline 0.009 -22"><span class='ocrx_word' id='word_1_716' title='bbox 443 3676 539 3721; x_wconf 86' lang='lat' dir='ltr'><strong>quod</strong></span> <span class='ocrx_word' id='word_1_717' title='bbox 573 3689 823 3726; x_wconf 68' lang='lat' dir='ltr'><strong>smpenumero</strong></span> <span class='ocrx_word' id='word_1_718' title='bbox 857 3681 998 3720; x_wconf 65' lang='lat' dir='ltr'><strong>daemon</strong></span> <span class='ocrx_word' id='word_1_719' title='bbox 1035 3683 1092 3721; x_wconf 89' lang='lat' dir='ltr'><strong>vel</strong></span> <span class='ocrx_word' id='word_1_720' title='bbox 1126 3684 1278 3732; x_wconf 77' lang='lat' dir='ltr'><strong>pelago,</strong></span> <span class='ocrx_word' id='word_1_721' title='bbox 1312 3683 1368 3722; x_wconf 79' lang='lat' dir='ltr'><strong>vel</strong></span> <span class='ocrx_word' id='word_1_722' title='bbox 1399 3684 1530 3730; x_wconf 74' lang='grc' dir='ltr'><strong>-</strong></span> 
     </span>
    </p>
   </div>
   <div class='ocr_carea' id='block_1_100' title="bbox 446 3737 1529 3796">
    <p class='ocr_par' dir='ltr' id='par_1_100' title="bbox 446 3737 1529 3796">
     <span class='ocr_line' id='line_1_100' title="bbox 446 3737 1529 3796; baseline 0.008 -25"><span class='ocrx_word' id='word_1_723' title='bbox 446 3737 559 3782; x_wconf 82' lang='lat' dir='ltr'><strong>pilio,</strong></span> <span class='ocrx_word' id='word_1_724' title='bbox 593 3739 651 3776; x_wconf 83' lang='lat' dir='ltr'><strong>vel</strong></span> <span class='ocrx_word' id='word_1_725' title='bbox 687 3741 758 3778; x_wconf 92' lang='lat' dir='ltr'><strong>alio</strong></span> <span class='ocrx_word' id='word_1_726' title='bbox 791 3744 920 3790; x_wconf 88' lang='lat' dir='ltr'><strong>quovis</strong></span> <span class='ocrx_word' id='word_1_727' title='bbox 950 3745 1011 3796; x_wconf 82' lang='lat' dir='ltr'><strong>leti</strong></span> <span class='ocrx_word' id='word_1_728' title='bbox 1046 3755 1180 3791; x_wconf 82' lang='lat' dir='ltr'><strong>genere</strong></span> <span class='ocrx_word' id='word_1_729' title='bbox 1217 3745 1328 3781; x_wconf 80' lang='lat' dir='ltr'><strong>vitam</strong></span> <span class='ocrx_word' id='word_1_730' title='bbox 1359 3744 1422 3781; x_wconf 89' lang='lat' dir='ltr'><strong>tibi</strong></span> <span class='ocrx_word' id='word_1_731' title='bbox 1455 3745 1529 3781; x_wconf 90' lang='lat' dir='ltr'><strong>eri-</strong></span> 
     </span>
    </p>
   </div>
   <div class='ocr_carea' id='block_1_101' title="bbox 443 3801 1528 3854">
    <p class='ocr_par' dir='ltr' id='par_1_101' title="bbox 443 3801 1528 3854">
     <span class='ocr_line' id='line_1_101' title="bbox 443 3801 1528 3854; baseline 0.007 -21"><span class='ocrx_word' id='word_1_732' title='bbox 443 3807 530 3842; x_wconf 90' lang='lat' dir='ltr'><strong>pere</strong></span> <span class='ocrx_word' id='word_1_733' title='bbox 571 3801 743 3848; x_wconf 82' lang='lat' dir='ltr'><strong>suadeat,</strong></span> <span class='ocrx_word' id='word_1_734' title='bbox 777 3813 843 3852; x_wconf 77' lang='lat' dir='ltr'><strong>age</strong></span> <span class='ocrx_word' id='word_1_735' title='bbox 875 3805 919 3842; x_wconf 88' lang='lat' dir='ltr'><strong>de</strong></span> <span class='ocrx_word' id='word_1_736' title='bbox 955 3805 1164 3852; x_wconf 89' lang='lat' dir='ltr'><strong>huiusmodi</strong></span> <span class='ocrx_word' id='word_1_737' title='bbox 1207 3815 1352 3854; x_wconf 90' lang='lat' dir='ltr'><strong>quoque</strong></span> <span class='ocrx_word' id='word_1_738' title='bbox 1389 3806 1528 3853; x_wconf 77' lang='lat' dir='ltr'><strong>cogita-</strong></span> 
     </span>
    </p>
   </div>
   <div class='ocr_carea' id='block_1_102' title="bbox 446 3859 1530 3913">
    <p class='ocr_par' dir='ltr' id='par_1_102' title="bbox 446 3859 1530 3913">
     <span class='ocr_line' id='line_1_102' title="bbox 446 3859 1530 3913; baseline 0.012 -22"><span class='ocrx_word' id='word_1_739' title='bbox 446 3859 602 3897; x_wconf 79' lang='lat' dir='ltr'><strong>tionibus</strong></span> <span class='ocrx_word' id='word_1_740' title='bbox 642 3865 766 3909; x_wconf 60' lang='lat' dir='ltr'><strong>paucis</strong></span> <span class='ocrx_word' id='word_1_741' title='bbox 814 3867 1049 3904; x_wconf 72' lang='lat' dir='ltr'><strong>disseramus.</strong></span> <span class='ocrx_word' id='word_1_742' title='bbox 1105 3865 1228 3913; x_wconf 80' lang='lat' dir='ltr'><strong>Neque</strong></span> <span class='ocrx_word' id='word_1_743' title='bbox 1274 3868 1372 3904; x_wconf 86' lang='lat' dir='ltr'><strong>enim</strong></span> <span class='ocrx_word' id='word_1_744' title='bbox 1417 3868 1530 3905; x_wconf 85' lang='lat' dir='ltr'><strong>solius</strong></span> 
     </span>
    </p>
   </div>
   <div class='ocr_carea' id='block_1_103' title="bbox 447 3918 1526 3973">
    <p class='ocr_par' dir='ltr' id='par_1_103' title="bbox 447 3918 1526 3973">
     <span class='ocr_line' id='line_1_103' title="bbox 447 3918 1526 3973; baseline 0.009 -19"><span class='ocrx_word' id='word_1_745' title='bbox 447 3918 620 3961; x_wconf 67' lang='lat' dir='ltr'><strong>datmonis</strong></span> <span class='ocrx_word' id='word_1_746' title='bbox 648 3931 704 3963; x_wconf 87' lang='lat' dir='ltr'><strong>est</strong></span> <span class='ocrx_word' id='word_1_747' title='bbox 732 3927 817 3965; x_wconf 89' lang='lat' dir='ltr'><strong>illud</strong></span> <span class='ocrx_word' id='word_1_748' title='bbox 843 3929 1056 3973; x_wconf 87' lang='lat' dir='ltr'><strong>consilium,</strong></span> <span class='ocrx_word' id='word_1_749' title='bbox 1091 3927 1154 3965; x_wconf 87' lang='lat' dir='ltr'><strong>sed</strong></span> <span class='ocrx_word' id='word_1_750' title='bbox 1191 3929 1299 3966; x_wconf 85' lang='lat' dir='ltr'><strong>etiam</strong></span> <span class='ocrx_word' id='word_1_751' title='bbox 1331 3931 1526 3968; x_wconf 73' lang='lat' dir='ltr'><strong>mceroris:</strong></span> 
     </span>
    </p>
   </div>
   <div class='ocr_carea' id='block_1_104' title="bbox 1603 3415 2584 3480">
    <p class='ocr_par' dir='ltr' id='par_1_104' title="bbox 1603 3415 2584 3480">
     <span class='ocr_line' id='line_1_104' title="bbox 1603 3415 2584 3480; baseline 0.004 -11"><span class='ocrx_word' id='word_1_752' title='bbox 1603 3432 1675 3469; x_wconf 90' lang='lat' dir='ltr'><strong>imo</strong></span> <span class='ocrx_word' id='word_1_753' title='bbox 1695 3442 1783 3470; x_wconf 88' lang='lat' dir='ltr'><strong>vero</strong></span> <span class='ocrx_word' id='word_1_754' title='bbox 1803 3433 1880 3479; x_wconf 88' lang='lat' dir='ltr'><strong>plus</strong></span> <span class='ocrx_word' id='word_1_755' title='bbox 1901 3434 2067 3471; x_wconf 65' lang='lat' dir='ltr'><strong>maeroris</strong></span> <span class='ocrx_word' id='word_1_756' title='bbox 2081 3441 2184 3480; x_wconf 87' lang='lat' dir='ltr'><strong>quam</strong></span> <span class='ocrx_word' id='word_1_757' title='bbox 2201 3425 2376 3469; x_wconf 70' lang='lat' dir='ltr'><strong>daemonis.</strong></span> <span class='ocrx_word' id='word_1_758' title='bbox 2393 3415 2584 3480; x_wconf 23' lang='lat' dir='ltr'><strong>MSS???</strong></span> 
     </span>
    </p>
   </div>
   <div class='ocr_carea' id='block_1_105' title="bbox 1601 3471 2586 3546">
    <p class='ocr_par' dir='ltr' id='par_1_105' title="bbox 1601 3471 2586 3546">
     <span class='ocr_line' id='line_1_105' title="bbox 1601 3471 2586 3546; baseline -0.004 -16"><span class='ocrx_word' id='word_1_759' title='bbox 1601 3494 1770 3530; x_wconf 81' lang='lat' dir='ltr'><strong>maeroris</strong></span> <span class='ocrx_word' id='word_1_760' title='bbox 1785 3471 1910 3532; x_wconf 70' lang='lat' dir='ltr'><strong>solius.</strong></span> <span class='ocrx_word' id='word_1_761' title='bbox 1934 3495 1970 3530; x_wconf 94' lang='lat' dir='ltr'><strong>Id</strong></span> <span class='ocrx_word' id='word_1_762' title='bbox 1991 3505 2034 3532; x_wconf 82' lang='lat' dir='ltr'><strong>ex</strong></span> <span class='ocrx_word' id='word_1_763' title='bbox 2060 3471 2104 3530; x_wconf 78' lang='lat' dir='ltr'><strong>eo</strong></span> <span class='ocrx_word' id='word_1_764' title='bbox 2124 3490 2277 3540; x_wconf 89' lang='lat' dir='ltr'><strong>profecto</strong></span> <span class='ocrx_word' id='word_1_765' title='bbox 2301 3489 2437 3546; x_wconf 57' lang='lat' dir='ltr'><strong>constat.</strong></span> 
     </span>
    </p>
   </div>
   <div class='ocr_carea' id='block_1_106' title="bbox 1601 3530 2581 3606">
    <p class='ocr_par' dir='ltr' id='par_1_106' title="bbox 1601 3530 2581 3606">
     <span class='ocr_line' id='line_1_106' title="bbox 1601 3530 2581 3606; baseline -0.012 -14"><span class='ocrx_word' id='word_1_766' title='bbox 1601 3555 1684 3593; x_wconf 91' lang='lat' dir='ltr'><strong>rimi</strong></span> <span class='ocrx_word' id='word_1_767' title='bbox 1712 3556 1822 3594; x_wconf 88' lang='lat' dir='ltr'><strong>etiam</strong></span> <span class='ocrx_word' id='word_1_768' title='bbox 1842 3557 1888 3593; x_wconf 89' lang='lat' dir='ltr'><strong>ab</strong></span> <span class='ocrx_word' id='word_1_769' title='bbox 1918 3530 2132 3603; x_wconf 55' lang='lat' dir='ltr'><strong>huiusmodi.</strong></span> <span class='ocrx_word' id='word_1_770' title='bbox 2153 3550 2372 3590; x_wconf 87' lang='lat' dir='ltr'><strong>insectatione</strong></span> <span class='ocrx_word' id='word_1_771' title='bbox 2401 3530 2581 3606; x_wconf 76' lang='lat' dir='ltr'><strong>liberi</strong></span> 
     </span>
    </p>
   </div>
   <div class='ocr_carea' id='block_1_107' title="bbox 1601 3595 2585 3685">
    <p class='ocr_par' dir='ltr' id='par_1_107' title="bbox 1601 3595 2585 3685">
     <span class='ocr_line' id='line_1_107' title="bbox 1601 3595 2585 3685; baseline -0.005 -31"><span class='ocrx_word' id='word_1_772' title='bbox 1601 3618 1680 3656; x_wconf 80' lang='lat' dir='ltr'><strong>lore</strong></span> <span class='ocrx_word' id='word_1_773' title='bbox 1697 3618 1777 3656; x_wconf 89' lang='lat' dir='ltr'><strong>solo</strong></span> <span class='ocrx_word' id='word_1_774' title='bbox 1804 3618 1882 3658; x_wconf 68' lang='lat' dir='ltr'><strong>haec</strong></span> <span class='ocrx_word' id='word_1_775' title='bbox 1899 3618 2112 3656; x_wconf 87' lang='lat' dir='ltr'><strong>deliberant.</strong></span> <span class='ocrx_word' id='word_1_776' title='bbox 2139 3615 2238 3685; x_wconf 64' lang='lat' dir='ltr'><strong>Hune</strong></span> <span class='ocrx_word' id='word_1_777' title='bbox 2263 3611 2361 3678; x_wconf 75' lang='lat' dir='ltr'><strong>igitur</strong></span> <span class='ocrx_word' id='word_1_778' title='bbox 2383 3599 2532 3685; x_wconf 40' lang='grc' dir='ltr'><strong></strong></span> 
     </span>
    </p>
   </div>
   <div class='ocr_carea' id='block_1_108' title="bbox 1601 3658 2589 3744">
    <p class='ocr_par' dir='ltr' id='par_1_108' title="bbox 1601 3658 2589 3744">
     <span class='ocr_line' id='line_1_108' title="bbox 1601 3658 2589 3744; baseline -0.004 -29"><span class='ocrx_word' id='word_1_779' title='bbox 1601 3679 1682 3728; x_wconf 79' lang='lat' dir='ltr'><strong>fuga</strong></span> <span class='ocrx_word' id='word_1_780' title='bbox 1701 3692 1742 3718; x_wconf 88' lang='lat' dir='ltr'><strong>ac</strong></span> <span class='ocrx_word' id='word_1_781' title='bbox 1761 3681 1905 3728; x_wconf 87' lang='lat' dir='ltr'><strong>penitus</strong></span> <span class='ocrx_word' id='word_1_782' title='bbox 1919 3679 2076 3724; x_wconf 87' lang='lat' dir='ltr'><strong>eiimiua,</strong></span> <span class='ocrx_word' id='word_1_783' title='bbox 2096 3688 2138 3715; x_wconf 87' lang='lat' dir='ltr'><strong>ac</strong></span> <span class='ocrx_word' id='word_1_784' title='bbox 2165 3675 2293 3714; x_wconf 89' lang='lat' dir='ltr'><strong>nullam</strong></span> <span class='ocrx_word' id='word_1_785' title='bbox 2315 3671 2378 3740; x_wconf 59' lang='lat' dir='ltr'><strong>vini</strong></span> <span class='ocrx_word' id='word_1_786' title='bbox 2397 3658 2589 3744; x_wconf 51' lang='grc' dir='ltr'><strong></strong></span> 
     </span>
    </p>
   </div>
   <div class='ocr_carea' id='block_1_109' title="bbox 1602 3721 2590 3815">
    <p class='ocr_par' dir='ltr' id='par_1_109' title="bbox 1602 3721 2590 3815">
     <span class='ocr_line' id='line_1_109' title="bbox 1602 3721 2590 3815; baseline -0.023 -35"><span class='ocrx_word' id='word_1_787' title='bbox 1602 3721 1852 3788; x_wconf 54' lang='grc' dir='ltr'><strong>,-</strong></span> <span class='ocrx_word' id='word_1_788' title='bbox 1871 3745 1986 3781; x_wconf 88' lang='lat' dir='ltr'><strong>solum</strong></span> <span class='ocrx_word' id='word_1_789' title='bbox 2007 3742 2050 3780; x_wconf 83' lang='lat' dir='ltr'><strong>ad</strong></span> <span class='ocrx_word' id='word_1_790' title='bbox 2067 3721 2343 3789; x_wconf 81' lang='lat' dir='ltr'><strong>persuadendum</strong></span> <span class='ocrx_word' id='word_1_791' title='bbox 2364 3732 2438 3772; x_wconf 83' lang='lat' dir='ltr'><strong>ista,</strong></span> <span class='ocrx_word' id='word_1_792' title='bbox 2454 3721 2590 3815; x_wconf 46' lang='lat'><strong>18:23::</strong></span> 
     </span>
     <span class='ocr_line' id='line_1_110' title="bbox 1636 3797 2488 3815; baseline -0.022 0"><span class='ocrx_word' id='word_1_793' title='bbox 1636 3807 1646 3815; x_wconf 93' lang='lat'><strong>.</strong></span> <span class='ocrx_word' id='word_1_794' title='bbox 1869 3807 1878 3815; x_wconf 90' lang='lat'><strong>.</strong></span> <span class='ocrx_word' id='word_1_795' title='bbox 2013 3805 2021 3814; x_wconf 92' lang='lat'><strong>.</strong></span> <span class='ocrx_word' id='word_1_796' title='bbox 2038 3805 2046 3815; x_wconf 95' lang='lat'><strong>.</strong></span> <span class='ocrx_word' id='word_1_797' title='bbox 2153 3803 2247 3815; x_wconf 42' lang='grc' dir='ltr'><strong>,</strong></span> <span class='ocrx_word' id='word_1_798' title='bbox 2275 3797 2394 3815; x_wconf 36' lang='lat' dir='ltr'><strong>dim</strong></span> <span class='ocrx_word' id='word_1_799' title='bbox 2420 3798 2488 3815; x_wconf 50' lang='lat' dir='ltr'><strong>mu</strong></span> 
     </span>
    </p>
   </div>
   <div class='ocr_carea' id='block_1_110' title="bbox 1601 3785 2590 3872">
    <p class='ocr_par' dir='ltr' id='par_1_110' title="bbox 1601 3785 2590 3872">
     <span class='ocr_line' id='line_1_111' title="bbox 1601 3785 2590 3872; baseline -0.009 -29"><span class='ocrx_word' id='word_1_800' title='bbox 1601 3807 1647 3844; x_wconf 87' lang='lat' dir='ltr'><strong>ad</strong></span> <span class='ocrx_word' id='word_1_801' title='bbox 1679 3785 1941 3856; x_wconf 77' lang='lat' dir='ltr'><strong>suggerendum</strong></span> <span class='ocrx_word' id='word_1_802' title='bbox 1962 3785 2120 3854; x_wconf 77' lang='lat' dir='ltr'><strong>quidem.</strong></span> <span class='ocrx_word' id='word_1_803' title='bbox 2151 3803 2249 3840; x_wconf 90' lang='lat' dir='ltr'><strong>Nunc</strong></span> <span class='ocrx_word' id='word_1_804' title='bbox 2272 3785 2590 3872; x_wconf 38' lang='lat' dir='ltr'><strong>quippofilfd&#39;zz:</strong></span> 
     </span>
    </p>
   </div>
   <div class='ocr_carea' id='block_1_111' title="bbox 1601 3855 2592 3931">
    <p class='ocr_par' dir='ltr' id='par_1_111' title="bbox 1601 3855 2592 3931">
     <span class='ocr_line' id='line_1_112' title="bbox 1601 3855 2592 3931; baseline -0.008 -25"><span class='ocrx_word' id='word_1_805' title='bbox 1601 3869 1689 3908; x_wconf 91' lang='lat' dir='ltr'><strong>dum</strong></span> <span class='ocrx_word' id='word_1_806' title='bbox 1706 3855 1736 3908; x_wconf 86' lang='lat' dir='ltr'><strong>ii</strong></span> <span class='ocrx_word' id='word_1_807' title='bbox 1753 3855 1820 3918; x_wconf 82' lang='lat' dir='ltr'><strong>qui</strong></span> <span class='ocrx_word' id='word_1_808' title='bbox 1853 3871 2006 3918; x_wconf 82' lang='lat' dir='ltr'><strong>parietes</strong></span> <span class='ocrx_word' id='word_1_809' title='bbox 2035 3865 2237 3905; x_wconf 71' lang='lat' dir='ltr'><strong>suifodiunt,</strong></span> <span class='ocrx_word' id='word_1_810' title='bbox 2259 3857 2365 3898; x_wconf 87' lang='lat' dir='ltr'><strong>noetis</strong></span> <span class='ocrx_word' id='word_1_811' title='bbox 2384 3855 2592 3931; x_wconf 49' lang='lat' dir='ltr'><strong>tenipomru;</strong></span> 
     </span>
    </p>
   </div>
   <div class='ocr_carea' id='block_1_112' title="bbox 1603 3907 2566 3980">
    <p class='ocr_par' dir='ltr' id='par_1_112' title="bbox 1603 3907 2566 3980">
     <span class='ocr_line' id='line_1_113' title="bbox 1603 3907 2566 3980; baseline 0.006 -10"><span class='ocrx_word' id='word_1_812' title='bbox 1603 3934 1736 3972; x_wconf 84' lang='lat' dir='ltr'><strong>stincto</strong></span> <span class='ocrx_word' id='word_1_813' title='bbox 1769 3907 1928 3980; x_wconf 72' lang='lat' dir='ltr'><strong>inmitte,</strong></span> <span class='ocrx_word' id='word_1_814' title='bbox 1955 3939 1990 3972; x_wconf 89' lang='lat' dir='ltr'><strong>et</strong></span> <span class='ocrx_word' id='word_1_815' title='bbox 2010 3930 2116 3970; x_wconf 86' lang='lat' dir='ltr'><strong>furari</strong></span> <span class='ocrx_word' id='word_1_816' title='bbox 2147 3937 2251 3974; x_wconf 69' lang='grc' dir='ltr'><strong></strong></span> <span class='ocrx_word' id='word_1_817' title='bbox 2283 3928 2314 3958; x_wconf 72' lang='grc' dir='ltr'><strong></strong></span> <span class='ocrx_word' id='word_1_818' title='bbox 2344 3923 2453 3956; x_wconf 57' lang='lat' dir='ltr'><strong>earum</strong></span> <span class='ocrx_word' id='word_1_819' title='bbox 2479 3907 2566 3945; x_wconf 67' lang='lat' dir='ltr'><strong>domm</strong></span> 
     </span>
    </p>
   </div>
  </div>
