2726 4358
149 247 218 284 44⁸1

153 323 254 369 οὗτος
275 327 294 362 ὁ
314 326 476 374 δαίμων;
509 327 567 362 διὰ
595 325 701 363 τοῦτό
731 338 770 362 σε
792 327 1083 375 ἐκπληττόμενος
1105 328 1168 363 καὶ
1191 327 1281 363 θαυ-

155 386 280 434 μάζων
310 387 351 422 ού
373 386 551 434 παύομαι,
569 387 624 422 ὅτι
658 387 750 435 πρὸς
775 387 936 423 τοιοῦτον
963 387 1165 436 κληρωθεὶς
1193 388 1281 423 ἀντ-

153 447 371 494 αγωνιστὴν,
393 447 434 482 οὐ
466 446 680 490 κατέπεσες,
699 447 780 482 οὐδὲ
806 447 988 491 ἐξέδωκας
1009 447 1160 483 σεαυτὸν
1173 473 1184 490 ,
1203 446 1281 484 ἀλλ’

152 504 304 553 ἔμεινας
325 505 475 552 ἀκλινὴς
501 505 712 553 μηδαμόθεν
734 507 1060 554 περιτρεπόμενος.

201 563 237 600 ι’.
260 565 332 600 Καὶ
345 565 398 600 ὅτι
418 575 456 600 σε
478 565 518 600 ού
539 565 745 601 κολακεύων
763 567 881 601 ταῦτα
890 566 990 611 λέγω
1000 565 1076 608 νῦν,
1089 566 1180 602 ἀλλὰ
1193 565 1282 614 ἀλη-

152 622 226 665 θῶς
247 623 292 659 τὰ
327 623 485 669 μέγιστα
513 624 585 659 ἀπὸ
606 625 671 672 τῆς
705 623 861 671 θλίψεως
889 625 1026 672 ταύτης
1057 625 1281 672 ἐκαρπώσω,

151 681 308 727 ἀνάσχου
331 681 430 728 μετὰ
450 682 662 730 παρρησίας
683 683 862 728 λεγόντων
885 681 990 730 ἡμῶν
1009 693 1018 701 ⁸
1041 682 1122 730 ούδὲ
1141 683 1216 731 γὰρ
1237 683 1283 719 ἂν

151 739 266 782 ἄλλως
285 739 464 788 δυναίμην
489 741 618 777 τούτου
644 742 848 789 παρασχεῖν
869 741 936 789 τὴν
955 741 1153 785 ἀπόδειξιν.
1168 739 1284 778 Οἷσθά

153 809 220 833 που
237 799 302 834 καὶ
321 799 508 848 μέμνησαι
527 801 593 848 τὴν
607 799 790 849 προτέραν
812 811 875 836 σου
896 800 1098 848 διαγωγὴν,
1122 800 1188 848 τὴν
1211 801 1283 848 πρὸ

149 857 278 893 τούτου
295 858 391 905 λέγω
407 859 470 895 τοῦ
485 859 712 908 πειρασμοῦ·
727 859 830 908 [178]
845 860 976 896 οὐκοῦν
997 861 1166 905 ἐξέτασον
1186 861 1283 896 ἐκεί-

150 927 214 963 νην
246 917 381 960 καλῶς,
402 919 465 954 καὶ
487 920 634 962 ἀντίθες
653 921 697 967 τῇ
723 918 892 967 παρούσῃ
925 921 969 966 τῇ
996 919 1090 966 μετά
1122 919 1184 955 τὸν
1203 931 1278 956 πει·

153 975 311 1022 ρασμὸν,
339 977 402 1013 καὶ
421 977 502 1013 τότε
533 978 614 1024 ὄψει
641 979 682 1013 τὸ
705 978 832 1025 κέρδος
859 978 946 1013 ὅσον
969 977 1043 1014 ἀπὸ
1067 978 1204 1026 ταύτης
1227 991 1284 1016 σοι

150 1033 281 1079 γέγονε
309 1035 376 1082 τῆς
405 1036 634 1084 συμπλοκῆς.
658 1035 734 1072 Νῦν
753 1037 817 1084 μὲν
843 1036 916 1084 γὰρ
939 1037 1002 1072 καὶ
1029 1039 1068 1073 ἐν
1099 1038 1284 1085 νηστείαις

149 1095 214 1130 καὶ
237 1095 446 1142 παννυχίσι,
468 1097 532 1132 καὶ
549 1098 592 1144 τῇ
614 1097 701 1144 περ)⁸
724 1095 790 1143 τὴν
813 1095 1019 1142 ἀνάγνωσιν
1040 1097 1197 1144 σπουδῇ,
1219 1097 1284 1132 καὶ

148 1155 192 1201 τῇ
213 1153 298 1202 περὶ
319 1154 384 1196 τὰς
404 1154 514 1202 εὐχὰς
533 1155 724 1203 καρτερίᾳ,
748 1155 862 1202 πολλὴ
883 1155 1036 1200 γέγονεν
1054 1157 1076 1202 ἡ
1099 1155 1281 1200 ἐπίτασις,

149 1215 212 1249 καὶ
234 1212 274 1248 τὸ
305 1213 498 1260 ἀδιάχυτον
525 1214 563 1250 δὲ
597 1215 662 1250 καὶ
682 1215 853 1250 ταπεινὸν
878 1215 958 1262 μεθ’
989 1215 1198 1262 ὑπερϐολῆς
1229 1227 1285 1252 σοι

148 1270 408 1319 κατώρθωται·
435 1272 614 1320 πρότερον
637 1273 676 1308 δέ
699 1285 755 1308 σοι
779 1272 930 1320 βιϐλίων
952 1273 1056 1319 λόγος
1076 1271 1122 1321 ἦν
1153 1273 1282 1317 οὐδεὶς,

149 1331 250 1365 πᾶσα
282 1330 320 1366 δέ
343 1342 398 1366 σοι
419 1332 568 1378 φροντὶς
591 1331 654 1367 καὶ
677 1333 785 1374 πόνος
813 1333 867 1375 εἰς
888 1332 955 1380 τὴν
985 1333 1200 1379 ἐπιμέλειαν
1219 1333 1285 1368 άν-

145 1388 318 1435 ηλίσκετο
349 1390 424 1426 τῶν
457 1391 496 1426 ἐν
531 1389 584 1438 τῷ
607 1391 820 1439 παραδείσῳ
843 1391 980 1437 φυτῶν.
1002 1391 1149 1428 Πολλῶν
1174 1392 1212 1428 δέ
1244 1404 1284 1428 σε

149 1448 214 1483 καὶ
237 1448 289 1490 είς
307 1449 483 1486 ἀπόνοιαν
503 1450 744 1486 σκωπτόντων
780 1451 914 1498 ἢκουον
945 1451 1051 1494 τότε,
1075 1451 1140 1488 καὶ
1167 1451 1284 1502 ταύτῃ

147 1505 212 1554 τὴν
235 1506 300 1542 τοῦ
324 1508 453 1552 γένους
487 1509 716 1556 αἰτιωμένων
737 1509 981 1558 λαμπρότητα
996 1537 1006 1552 ,
1041 1511 1106 1546 καὶ
1127 1511 1194 1558 τὴν
1219 1513 1284 1548 τοῦ

147 1564 286 1611 πατρὸς
302 1564 423 1608 δόξαν,
450 1566 515 1602 καὶ
536 1567 578 1602 τὸ
597 1568 635 1602 ἐν
661 1567 808 1616 πλούτῳ
828 1568 1031 1616 τετράφθαι
1052 1568 1173 1616 πολλῷ
1189 1581 1198 1590 ·
1217 1571 1286 1618 τὴν

146 1621 184 1656 δὲ
209 1623 248 1657 ἐν
272 1625 354 1665 ταῖς
379 1624 571 1672 παννυχίσι
593 1625 778 1673 ρᾳθυμίαν
800 1627 864 1662 καί⁵
887 1626 999 1669 αὐτὸς
1021 1623 1120 1669 οἶδας
1144 1627 1283 1673 σαφῶς.

149 1680 331 1724 Πολλάκις
353 1682 427 1730 γὰρ
443 1683 562 1720 ἄλλων
581 1685 674 1732 μετά
697 1685 762 1734 τὴν
786 1686 936 1733 βαθεῖαν
953 1687 1114 1734 ἑσπέραν
1135 1687 1286 1723 ἀνιστα-

149 1739 269 1786 μένων
301 1740 451 1784 εύθέως,
477 1743 586 1786 αὐτὸς
618 1743 748 1790 ἔμενες
775 1743 878 1792 ὕπνῳ
901 1745 1144 1793 κατεχόμενος
1165 1745 1283 1792 βαθεῖ,

145 1798 209 1834 καὶ
241 1799 334 1846 πρὸς
368 1800 454 1842 τοὺς
485 1800 731 1848 διεγείροντας
768 1802 1037 1850 ἐδυσχέραινες.
1077 1803 1186 1839 Ἀλλά
1221 1804 1284 1840 νῦν

145 1856 264 1893 πάντα
297 1857 442 1894 λέλυται
478 1859 625 1901 ἐκεῖνα,
661 1861 726 1897 καὶ
762 1862 854 1910 πρὸς
886 1862 926 1897 τὸ
955 1861 1094 1909 βέλτιον
1126 1863 1285 1910 μεταϐέ-

143 1915 294 1963 ϐληται,
323 1917 363 1960 ἐξ
395 1913 436 1954 οὗ
466 1919 534 1966 τὴν
573 1919 694 1966 μάχην
725 1921 788 1956 καὶ
827 1921 888 1956 τὸν
923 1921 1084 1968 πόλεμον
1126 1923 1284 1966 ἀνεδέξω

141 1974 280 2012 τοῦτον.
307 1976 349 2012 Εἰ
380 1977 418 2012 δὲ
449 1976 546 2025 έροιό
583 1989 644 2026 με,
677 1979 712 2014 τί
735 1979 870 2028 δήποτέ
906 1991 961 2016 σοι
999 1981 1186 2030 τρυφῶντι
1219 1983 1284 2020 καὶ

142 2034 234 2080 πρὸς
265 2035 310 2071 τὰ
345 2035 408 2071 τοῦ
447 2037 585 2085 κόσμου
624 2039 827 2086 πράγματα
864 2040 1088 2089 ἐπτοημένῳ
1125 2043 1166 2078 ού
1201 2053 1286 2078 συν-

142 2092 327 2141 εχώρησεν
353 2095 568 2142 ἀντιστῆναι
592 2097 652 2132 τὸν
673 2097 830 2145 δαίμονα
850 2099 978 2134 τοῦτον
996 2101 1015 2135 ό
1035 2099 1138 2142 Θεὸς,
1165 2101 1285 2138 ἐκεῖνο

143 2152 187 2188 ἂν
207 2154 478 2202 ἀποκρινοίμην
503 2155 599 2202 ἐγὼ,
624 2157 680 2193 ὅτι
702 2157 767 2192 καὶ¹
793 2157 902 2194 τοῦτο
931 2159 997 2206 τῆς
1029 2159 1140 2197 αὑτοῦ
1173 2161 1283 2208 κηδε-

143 2213 270 2260 μονίας
303 2212 376 2262 ἦν’
411 2215 490 2262 ᾔδει
521 2217 596 2264 γὰρ
629 2217 684 2252 ὅτι
717 2229 758 2254 σε
781 2218 863 2254 τότε
883 2219 1204 2266 εὐκαταγώνιστον
1221 2221 1284 2256 εύ-

141 2273 214 2320 ρὼν
237 2275 380 2321 ταχέως
399 2275 542 2312 ἀπολεῖ.
559 2277 626 2312 Διά
649 2277 757 2314 τοῦτο
774 2278 855 2314 ούδέ
874 2278 1014 2322 εὐθέως
1031 2279 1096 2316 ἐπὶ
1117 2279 1179 2315 τὸν
1209 2280 1283 2317 τῶν

143 2333 309 2380 μοναχῶν
329 2333 480 2371 ἐλθόντα
501 2335 578 2383 βίον
593 2337 685 2384 πρὸς
702 2336 768 2385 τὴν
790 2337 910 2386 πάλην
931 2337 1073 2384 ταύτην
1092 2338 1280 2383 ἐκάλεσεν,

141 2391 216 2426 ἀλλ’
249 2393 391 2439 ἀφῆκεν
419 2396 722 2444 ἐγγυμνασθῆναι
745 2399 808 2434 καὶ
831 2397 962 2446 χρόνον
987 2399 1185 2446 ἀναμεῖναι
1207 2411 1280 2446 μα-

141 2450 244 2496 κρὸν,
263 2447 329 2486 εἷθ’
350 2453 408 2488 ὅτε
430 2455 749 2504 καρτερικώτατος
767 2458 938 2504 γέγονας,
958 2458 1163 2506 τηνικαῦτα
1187 2458 1282 2506 πρὸς

141 2507 182 2543 τὺ
223 2510 392 2548 ἐπίπονον
423 2513 530 2551 τοῦτο
560 2515 705 2553 στάδιον
730 2517 914 2555 εἵλκυσεν.
939 2519 1022 2554 Ἔτι
1047 2515 1110 2554 οὖν
1136 2518 1210 2554 τῶν
1241 2519 1280 2554 ἐν

143 2563 195 2624 τῷ
215 2565 341 2614 κόσμῳ
363 2571 622 2618 στρεφομένων
641 2575 826 2624 μεμνήσῃ,
847 2576 910 2611 καὶ
927 2575 989 2611 τὸν
1009 2575 1158 2622 οἰκέτην
1177 2573 1278 2618 ἄξεις

144 2623 196 2665 εἰς
219 2624 328 2670 μέσον
356 2627 414 2662 τὸν
448 2629 531 2664 σόν·
553 2633 694 2668 ἐκεῖνον
729 2623 888 2683 μὲνγὰρ
913 2647 954 2671 σε
975 2632 1080 2683 οἶμαι
1119 2635 1278 2672 αἰνίττε-

145 2682 243 2727 σθαι,
279 2685 364 2720 ὅταν
403 2687 516 2738 λέγῃς
549 2691 604 2726 ὅτι
637 2693 760 2729 πολλοὶ
797 2695 869 2731 τῶν
913 2694 1095 2742 βιωτικῶν
1135 2694 1278 2742 ἀνδρῶν

143 2741 260 2792 ταύτῃ
283 2748 546 2792 περιπεσόντες
570 2751 614 2798 τῇ
635 2751 729 2799 νόσῳ
746 2741 922 2803 ταχίστης
948 2755 1012 2790 καὶ
1037 2755 1178 2798 τελείας
1197 2741 1278 2790 ἔτυ-

757 249 818 286 Αἰ)
845 249 1098 287 STAGIBIUM
1125 250 1154 286 Α
1181 248 1389 288 ῡίΕΜΟΝΕ
1418 248 1660 288 νΕχΑτυΜ.
1691 251 1778 288 LIB.
1809 253 1853 289 ιι.

248 2927 2406 2956 ——.____.___.______________________

2423 255 2491 294 I48

1355 339 1416 374 χον
1433 327 1664 376 ἀπαλλαγῆς.
1697 329 1790 365 Ἀλλ’
1814 330 1833 364 ὁ
1855 331 2019 380 οἰκέτης,
2043 332 2074 368 ὦ
2103 333 2266 379 φίλτατε,
2299 335 2318 369 ό
2349 333 2410 378 εδς
2427 337 2492 372 καὶ

1351 387 1429 422 ὅσοι
1471 387 1544 422 τῶν
1573 388 1696 423 αὐτῶν
1717 388 1845 436 ἔτυχον
1879 391 2025 438 ἐκείνῳ,
2054 393 2122 428 οὐκ
2156 393 2218 428 ἐπὶ
2264 396 2339 436 τοῖς
2369 388 2506 438 αὐτοῖς’

1352 444 1452 492 αὐτῷ
1481 447 1808 495 προσεπλάκησαν,
1835 445 1968 498 οἷσπερ
2001 451 2065 487 καὶ
2093 453 2135 488 σὺ
2162 452 2226 488 νῦν
2245 463 2254 472 ·
2275 453 2406 501 ἐκείνῳ
2427 454 2492 502 μὲν

1351 504 1426 552 γὰρ
1445 505 1507 540 καὶ
1528 507 1604 547 τοῖς
1623 507 1797 549 τοιούτοις
1818 508 1914 556 ὑπὲρ
1936 509 1998 545 τοῦ
2019 511 2178 558 φοϐῆσαι
2205 512 2328 559 μόνον,
2355 514 2418 548 καὶ.
2438 514 2492 562 τῷ

1353 561 1454 608 φόὸῳ
1489 561 1642 608 ποιῆσαι
1679 561 1856 608 βελτίους,
1892 564 2000 600 τοῦτο
2034 567 2207 614 ἐπαφῆκε
2235 568 2277 604 τὺ
2313 569 2440 617 θηρίον
2471 561 2492 606 ό

1353 620 1444 662 Θεός
1461 631 1469 639 ·
1491 621 1548 655 σοι
1570 620 1622 664 δὲ,
1645 619 1740 657 ὥστε
1768 623 2022 668 ἀγωνίσασθαι
2045 627 2236 672 γενναίως,
2262 629 2326 664 καὶ
2343 631 2492 678 νικῆσαι

1351 677 1550 726 λαμπρῶς,
1573 680 1637 716 καί.
1659 679 1720 716 τὸν
1742 681 1810 728 τῆς
1847 683 2034 730 ὑπομονῆς
2069 685 2320 732 ἀναδήσασθαι
2357 689 2489 736 στέφα-

1351 749 1425 774 νον.
1457 739 1556 786 Νίκη
1573 739 1611 774 δέ
1641 740 1754 783 ἐστιν,
1775 741 1841 789 οὐχ
1860 743 1946 778 ὅταν
1971 755 2040 786 τις,
2065 745 2128 780 τοῦ
2149 745 2304 794 θεάτρου
2336 747 2390 783 ἔτι
2409 759 2494 785 συν-

1351 795 1526 840 εστῶτος,
1555 797 1755 834 παλαίοντα
1785 801 1894 836 αὑτὸν
1933 802 2092 844 ἐλκύσας
2115 804 2292 852 ἀπαγάγῃ
2317 805 2380 842 τοῦ
2410 808 2494 843 άντ-

1351 857 1579 903 αγωνιστοῦ,
1615 858 1694 893 ἀλλ’
1740 859 1827 896 ὅταν
1863 862 1938 909 ἀφῇ
1983 863 2246 912 συμπλακῆναι
2281 865 2494 910 διαπαντὸς,

1351 913 1431 952 εἷτα
1455 917 1622 953 παλαίων
1642 917 1704 952 καὶ
1726 917 1785 954 διὰ
1801 919 1870 966 τῆς
1889 920 2052 968 ἀθυμίας
2073 923 2126 962 είς
2140 923 2359 970 ἐνθυμήσεις
2376 933 2394 952 ι
2411 925 2495 960 ἀτό-

1351 987 1442 1018 πους
1460 975 1560 1021 ἄγων
1579 976 1711 1024 ἰσχύσῃ
1733 977 1860 1025 μηδέν.
1880 979 1953 1014 Καὶ
1968 980 2023 1015 ὅτι
2045 979 2142 1016 οὕτω
2158 982 2262 1017 ταῦτ’
2281 982 2371 1029 ἔχει,
2401 985 2496 1019 ἐκεῖ·

1352 1033 1413 1071 θεν
1447 1034 1706 1082 συλλογιοῦμαι
1741 1036 1877 1079 καλῶς.
1909 1038 2026 1074 Παντί
2057 1051 2128 1075 που
2159 1040 2266 1087 δῆλόν
2309 1043 2400 1086 ἐστι,
2425 1043 2495 1078 κᾶν

1351 1093 1462 1135 αὐτὸς
1495 1093 1707 1140 μετριάζειν
1742 1095 1885 1143 ἐθέλῃς,
1917 1098 2002 1133 ὅσον
2024 1099 2092 1146 τῆς
2127 1099 2190 1134 τοῦ
2219 1101 2363 1136 οἰκέτου
2397 1101 2497 1149 ζωῆς

1357 1150 1508 1197 βελτίων
1528 1153 1550 1198 ὴ
1573 1151 1620 1198 σὴ
1639 1152 1859 1200 διενήνοχεν.
1883 1155 2024 1191 Οὐκοῦν
2043 1160 2107 1193 καὶ
2128 1158 2235 1204 λόγος
2257 1160 2320 1196 σοῦ
2345 1160 2397 1208 τῷ
2417 1161 2498 1208 Θεῷ

1355 1210 1490 1246 πλείων
1519 1212 1582 1248 καὶ
1611 1213 1774 1258 φροντὶς,
1797 1214 1819 1261 ἢ
1848 1213 2004 1250 ἐκείνου.
2028 1216 2166 1252 Τούτου
2183 1218 2221 1254 δὲ
2251 1219 2352 1262 δντος
2371 1220 2496 1268 δήλου,

1354 1271 1504 1306 κάκεῖνο
1523 1271 1660 1317 ὁμοίως
1677 1271 1780 1308 ἔσται
1803 1273 1976 1322 φανερὸν,
1997 1275 2053 1310 ὄτι
2077 1277 2110 1311 εί
2137 1277 2266 1323 μίσους
2287 1278 2380 1326 αὕτη
2407 1291 2496 1326 συγ-

1354 1327 1518 1376 χώρησις
1537 1327 1597 1378 ἦν,
1622 1330 1689 1366 οὐκ
1717 1331 1762 1366 ἂν
1786 1332 1840 1374 είς
1865 1332 1906 1368 ὃν
1939 1334 2075 1382 μᾶλλον
2106 1337 2237 1382 ἠγάπα
2268 1337 2406 1386 ταύτην
2437 1339 2498 1382 ἐξ·

1353 1386 1483 1430 έτεινε,
1501 1387 1564 1422 τὸν
1599 1388 1734 1435 ἥττονα
1752 1389 1841 1426 πολὺ
1861 1390 1949 1427 ὅντα
1975 1392 2104 1429 τοῦτον
2122 1396 2264 1442 ταχέως
2283 1396 2348 1432 τοῦ
2367 1397 2498 1445 δαίμοο
2572 1429 2577 1433 ,

1353 1456 1412 1486 νος
1433 1445 1662 1492 ἐξαρπάσας.
1686 1447 1758 1483 Καὶ
1777 1448 1844 1484 ούκ
1879 1449 1953 1486 ἀπὸ
1969 1451 2098 1488 τούτου
2120 1453 2228 1500 μόνον
2252 1453 2360 1490 τοῦτο
2394 1456 2498 1502 ίσχυο

1357 1504 1531 1551 ρισαίμην
1561 1504 1605 1540 ἂν
1629 1505 1761 1552 ἔγωγε,
1787 1507 1880 1542 ἀλλά
1906 1509 1970 1545 καὶ
1993 1510 2032 1554 ἐξ
2056 1511 2194 1556 αὐτῶν,
2211 1507 2262 1548 ὧν
2295 1514 2497 1558 ἐγκαταλε-

1353 1561 1498 1608 λεῖφθαι
1521 1563 1654 1607 δοκεῖς,
1685 1565 1728 1600 ἐκ
1760 1566 1902 1602 τούτων
1935 1568 2108 1614 μάλιστα,
2133 1571 2188 1606 ὅτι
2221 1572 2358 1620 σφόδρα
2393 1573 2498 1621 μέλει

1353 1621 1406 1668 τῷ
1428 1621 1508 1668 Θεῷ
1527 1621 1602 1658 τῶν
1623 1623 1710 1666 σῶν,
1731 1625 1918 1669 ἀποδεῖξαι
1937 1629 2179 1676 πειράσομαι.
2205 1629 2247 1666 Εἰ
2264 1631 2330 1678 μὲν
2346 1632 2419 1679 γὰρ
2447 1633 2498 1680 μὴ

1355 1680 1490 1728 πολλὴν
1509 1682 1673 1730 ἐποιήσω
1696 1684 1870 1732 σπουδὴν,
1889 1686 1980 1734 μηδὲ
1999 1688 2208 1736 ἀποδημίας
2225 1690 2376 1725 ἐστείλω
2394 1690 2496 1740 [179]

1355 1740 1515 1786 μακρὰς,
1541 1740 1637 1777 ὥστε
1667 1743 1908 1789 συγγενέσθαι
1931 1745 2107 1793 ἀνδράσιν
2133 1747 2254 1793 ἁγίοις
2276 1749 2341 1784 καὶ
2361 1750 2499 1793 ἱκανοῖς

1352 1797 1398 1832 τὰ
1413 1797 1564 1834 τοιαῦτα
1579 1799 1678 1834 λύειν
1694 1801 1826 1848 δεσμὰ,
1837 1803 1926 1846 ἴσως
1937 1803 1982 1838 ἄν
1997 1816 2054 1847 τις
2069 1805 2236 1854 ἠπόρησε
2253 1807 2326 1844 τῶν
2339 1808 2496 1852 πολλῶν,

1351 1855 1393 1891 ού
1424 1856 1564 1904 σφόδρα
1595 1858 1661 1906 τῆς
1681 1859 1802 1903 αἰτίας
1832 1859 1945 1910 οὔσης
1966 1864 2160 1912 ἐναργοῦς,
2183 1865 2229 1901 δι’
2257 1867 2301 1915 ἣν
2322 1867 2498 1904 τοσοῦτον

1352 1915 1454 1951 εἴασε
1474 1917 1622 1964 χρόνον’
1641 1919 1768 1968 ἐπειδὴ
1789 1921 1828 1957 δὲ
1851 1923 1914 1958 καὶ
1942 1923 2077 1966 τόπους
2107 1925 2306 1974 μαρτύρων
2337 1928 2498 1964 καταλα-

1353 1973 1443 2019 ϐὼν,
1468 1975 1555 2012 ἔνθα
1579 1977 1704 2014 πολλοὶ
1735 1980 1799 2016 καὶ
1819 1981 1892 2016 τῶν
1923 1982 2141 2031 ἀνθρώπους
2163 1985 2359 2023 ἐσθιόντων
2393 1987 2498 2035 ἰάθη-

1354 2045 1434 2078 σαν,
1469 2036 1532 2072 καὶ
1565 2039 1642 2080 τοῖς
1673 2037 1898 2087 θαυμαστοῖς
1929 2044 1994 2079 καὶ
2021 2044 2205 2089 γενναίοις
2241 2046 2400 2089 ἐκείνοις
2434 2047 2498 2084 καὶ

1353 2095 1536 2156 μηδέποτε
1559 2097 1831 2149 διημαρτηκόσι
1870 2103 1984 2139 πολὺν
2005 2105 2101 2153 ὑπὲρ
2124 2107 2252 2142 τούτου
2277 2107 2497 2156 συνῴκησας

1351 2153 1498 2214 χρόνον,
1531 2157 1595 2192 καὶ
1623 2159 1724 2194 οὐδὲν
1755 2160 1849 2204 ὅλως
1876 2163 2096 2211 παραλιπὼν
2125 2165 2198 2200 τῶν
2231 2153 2422 2214 φερόντων.
2442 2168 2497 2212 εἰς

1351 2213 1417 2260 τὴν
1435 2211 1500 2248 τοῦ
1523 2214 1662 2259 πάθους
1685 2217 1920 2268 ἀπαλλαγὴν,
1941 2223 2147 2270 ἐπανῆλθες
2171 2211 2289 2260 πάλιν
2301 2226 2364 2261 τὸν
2389 2225 2498 2262 πολέ-

1353 2281 1440 2332 μιον
1457 2270 1552 2318 ἔχων
1577 2273 1671 2320 μετά
1699 2277 1849 2321 σαυτοῦ,
1875 2281 2040 2328 φανερὰν
2069 2283 2133 2318 καὶ
2161 2285 2299 2332 ἐναργῆ
2336 2285 2400 2320 καὶ
2422 2285 2498 2328 τοῖς

1356 2330 1512 2391 σφόδραὲ
1520 2332 1691 2391 ἀνοήτοις
1716 2336 1784 2382 τῆς
1809 2338 1896 2384 περὶ
1931 2339 1970 2374 σὲ
1997 2341 2088 2376 Θεοῦ
2121 2330 2298 2389 προνοίας
2317 2344 2498 2391 ἐκόμισας

1353 2387 1420 2448 τὴν
1440 2389 1641 2448 ἀπόδειξιν.
1667 2393 1758 2429 Οὐδὲ
1774 2394 1849 2442 γάρ
1875 2396 1920 2432 ἂν
1940 2399 2124 2446 τοσαύτην
2142 2387 2250 2448 χάριν
2271 2387 2495 2446 ἐνεπόδισεν,

1353 2447 1426 2483 οὐδ’
1447 2447 1491 2484 ἂν
1507 2449 1594 2492 τοὺς
1613 2451 1726 2487 αὐτοῦ
1748 2452 1898 2497 δούλους
1917 2457 2158 2516 αἰσχυνθῆναι
2179 2447 2367 2506 ἠνέσχετο,
2390 2463 2422 2496 εἰ
2445 2462 2496 2510 μὴ

1355 2506 1496 2566 σφόδρα
1515 2508 1608 2555 πρὸς
1628 2509 1696 2558 τὴν
1717 2511 1958 2561 εὐδοκίμησιν
1979 2516 2043 2552 καὶ
2069 2506 2340 2564 τῆν’ὠφέλειαν
2361 2506 2497 2566 μᾶλλον

1350 2565 1450 2613 ἐώρα
1483 2566 1550 2614 τὴν
1585 2567 1667 2614 σήν.
1704 2571 1806 2607 ”Ωσθ“
1845 2573 1938 2622 ὅπερ
1969 2574 2072 2610 δοκεῖ
2105 2577 2258 2623 σημεῖον
2295 2565 2392 2612 εἶναι
2429 2578 2497 2624 τῆς

1351 2625 1648 2674 ἐγκαταλείψεως
1665 2629 1729 2666 τοῦ
1761 2631 1869 2676 Θεοῦ,
1889 2633 1996 2670 τοῦτο
2013 2635 2081 2680 τῆς
2104 2635 2241 2684 πολλῆς
2275 2637 2386 2672 αὐτοῦ
2409 2639 2496 2686 περὶ

1351 2685 1392 2720 σέ
1417 2685 1678 2735 φιλοστοργίας
1697 2690 1762 2728 καὶ
1785 2693 1947 2740 σπουδῆς
1967 2695 2121 2743 σημεῖόν
2139 2696 2231 2731 ἐστι.

1395 2760 1413 2778 ³
1429 2757 1530 2792 Savil.
1549 2763 1585 2793 et
1600 2761 1692 2796 Colb.
1709 2765 1753 2802 εἰς
1769 2765 1882 2808 μυρίας
1896 2766 2092 2809 ἐνθυμήσεις.

516 3075 718 3155 ΤΟΥ
759 3079 1092 3161 ΑΥΤΟΥ
1146 3083 1428 3164 ΠΡΟΣ
1469 3082 2088 3161 ΣΤΑΓΕΙΡΙΟΝ

742 3212 824 3248 ΚΑΙ
846 3214 919 3250 ΟΤΙ
952 3216 984 3251 Η
1005 3215 1186 3253 ΑΘΥΜῙΑ
1208 3217 1524 3254 ΧΛΛΕΠΩΤΕΡΑ
1546 3217 1627 3252 ΚΑΙ
1649 3215 1902 3252 ΔΑΙΜΟΝΟΣ.

986 3316 1234 3376 ΛΟΓΟΣ
1269 3315 1672 3376 ΔΕΥΤΕΡΟΣ.

189 3423 236 3456 α’.
249 3417 374 3455 Ταῦτα
387 3419 452 3468 μὲν
463 3421 550 3469 ἡμῖν
561 3422 656 3472 ὑπὲρ
666 3423 804 3472 τῆςτοῦ
815 3422 906 3458 θεοῦ
920 3427 1091 3472 προνοίας
1099 3429 1180 3476 εἰρή
1187 3428 1275 3472 σθω,

143 3480 208 3517 καὶ
229 3481 285 3516 ὅτι
313 3481 379 3517 οὐκ
407 3481 727 3532 ἀποστρεφόμενος
745 3484 828 3520 οὐδὲ
859 3485 990 3532 μισῶν,
1011 3487 1102 3524 ἀλλὰ
1117 3489 1180 3524 καὶ
1194 3489 1276 3524 λίαν

143 3539 314 3586 ἀγαπῶν,
335 3540 453 3588 τούτῳ
467 3541 646 3588 γυμνάζει
661 3543 712 3592 τῷ
729 3544 867 3593 τρόπῳ.
890 3543 1037 3594 Ἐπειδὴ
1056 3546 1094 3582 δὲ
1115 3548 1178 3584 καὶ
1199 3549 1278 3584 ἐτέ-

145 3611 216 3648 po);
237 3600 375 3648 σφόδρα
398 3600 490 3648 ἔφης
501 3602 641 3648 ἀλγεῖν,
660 3604 710 3646 ὡς
730 3605 793 3641 καὶ
811 3604 986 3648 πολλάκις
1006 3617 1046 3641 σε
1063 3608 1276 3645 ἀναπείθειν

141 3659 202 3696 τὸν
225 3659 380 3704 δαίμονα
402 3661 454 3702 εἰς
471 3661 629 3706 πέλαγος
649 3663 780 3710 ἣκατά
797 3664 976 3713 κρημνῶν
992 3666 1167 3712 ἀφανίσαι
1188 3679 1276 3704 σαυ-

141 3718 217 3762 τὸν,
241 3718 264 3768 ἥ
291 3719 389 3767 ἄλλῳ
417 3720 490 3756 τινὶ
515 3721 666 3769 τοιούτῳ
690 3724 818 3771 τρόπῳ
850 3724 916 3772 τὴν
947 3725 1138 3773 παροῦσαν
1162 3739 1276 3766 κατα-

142 3778 249 3816 λῦσαι
271 3779 386 3829 ζωὴν,
409 3781 472 3817 καὶ
505 3781 600 3830 ὑπὲρ
624 3782 762 3818 τούτων
779 3784 895 3831 μικρά
922 3784 1154 3833 διαλεχθῆναι
1189 3785 1274 3834 βού-

139 3837 248 3885 λομαι
287 3839 362 3876 τῶν
405 3840 604 3889 λογισμῶν.
650 3842 700 3877 Ού
741 3842 814 3892 γὰρ
849 3843 992 3881 ἐκείνου
1029 3845 1133 3892 μόνον
1172 3847 1272 3883 ἐστὶν

141 3898 232 3945 αὕτη
255 3900 276 3947 ἡ
311 3901 511 3950 συμϐουλὴ,
539 3901 632 3938 ά).λά
665 3902 727 3938 καὶ
746 3902 812 3950 τῆς
833 3903 992 3952 ἀθυμίας
1013 3905 1079 3953 τῆς
1102 3905 1181 3954 σῆς,
1204 3907 1270 3944 καὶ

1351 3426 1490 3474 ταύτης
1515 3425 1650 3474 μᾶλλον
1673 3425 1696 3474 ἦ
1727 3425 1884 3469 ἐκείνου,
1915 3426 2011 3474 τάχα
2034 3425 2073 3462 δέ
2106 3427 2171 3463 καὶ
2199 3428 2314 3476 μόνης
2343 3427 2496 3474 ταύτης.

1348 3488 1423 3524 Καὶ
1442 3486 1550 3534 δῆλον
1577 3485 1618 3530 ἐξ
1640 3481 1691 3522 ὧν
1715 3485 1842 3522 πολλοὶ
1867 3487 1931 3523 καὶ
1951 3487 2026 3524 τῶν
2060 3487 2110 3536 μὴ
2133 3488 2392 3536 δαιμονῶντων
2421 3487 2497 3522 ἀπὸ

1347 3548 1410 3584 τοῦ
1441 3546 1639 3583 λυπεῖσθαι
1665 3545 1771 3594 μόνον
1798 3547 1953 3584 τοιαῦτα
1986 3547 2232 3594 βουλεύονται.
2261 3546 2408 3592 Ταύτην
2431 3542 2496 3582 οὖν

1347 3606 1478 3644 ἔκϐαλε
1501 3605 1567 3642 καὶ
1587 3605 1770 3642 ἀπέλασον
1792 3608 1860 3655 τῆς
1881 3605 2016 3654 ψυχῆς,
2041 3607 2104 3641 καὶ
2125 3604 2297 3650 οὐδεμίαν
2319 3603 2394 3646 ἕξει
2419 3603 2496 3640 λοι-

1347 3669 1414 3705 πὸν
1435 3669 1573 3711 ἐκεῖνος
1595 3667 1712 3716 ἰσχὺν,
1737 3667 1779 3704 οὐ
1801 3668 1910 3716 μόνον
1929 3667 2021 3714 πρὸς
2034 3665 2075 3700 τὺ
2098 3663 2238 3700 πείθειν
2257 3663 2304 3698 τὰ
2324 3663 2493 3708 τοιαῦτα,

1345 3729 1422 3766 ἀλλ’
1447 3728 1529 3764 οὐδὲ
1561 3728 1658 3776 πρδς
1690 3727 1732 3764 τὸ
1756 3728 1950 3776 παραινεῖν
1982 3724 2049 3772 τὴν
2067 3723 2200 3770 ἀρχὴν.
2224 3722 2302 3758 Νῦν
2324 3723 2392 3770 μὲν
2415 3724 2493 3773 γὰρ

1344 3788 1514 3835 καθάπερ
1533 3788 1567 3823 οἱ
1582 3788 1801 3836 τοιχωρύχοι
1818 3781 2178 3831 καταλαμβανούσης
2193 3781 2340 3824 νυκτὸς,
2357 3781 2400 3817 τδ
2415 3783 2494 3830 φῶς

1342 3847 1630 3891 ἀποσϐέσαντες,
1653 3847 1718 3883 καὶ
1741 3843 1938 3892 ὑφελέσθαι
1964 3841 2010 3877 τὰ
2031 3841 2133 3884 ὄντα,
2156 3841 2324 3884 καὶτοὺς
2348 3841 2490 3878 τούτων

1340 3908 1490 3956 κυρίους
1507 3906 1601 3956 μετὰ
1619 3905 1754 3952 πολλῆς
1767 3901 1976 3948 ἀποσράξαι
1994 3899 2062 3947 τῆς
2077 3899 2244 3942 εὐκολίας
2254 3899 2418 3937 δύναιντ’
2435 3902 2490 3938 ἂν·
