2726 4358
195 286 262 323 649

194 424 316 462 noctis
331 433 374 459 ae
390 421 621 458 tenebrarum
635 429 829 456 maerorem
845 419 1049 463 effundens.
1062 421 1253 468 cogitatio-

195 497 260 523 nes
277 495 418 528 omnes,
437 493 518 530 quae
533 482 578 519 ad
597 483 782 518 munimen
803 489 968 520 nostrum
987 495 1070 521 esse
1085 489 1252 530 possunt,

193 548 398 586 subducere
408 545 510 593 prius
527 555 569 582 ac
589 543 702 581 furari
719 546 862 589 nititur,
880 552 917 581 ut
931 545 1112 583 desertam
1126 552 1161 583 et
1176 546 1253 583 sine

194 609 380 657 atljutorio
411 609 571 645 animam
601 607 778 645 invadens
803 608 918 656 plagis
943 619 1022 645 eam
1050 610 1254 646 innumeris

193 671 394 709 eonfodiat.
420 671 465 706 At
486 681 572 708 vero
586 680 669 706 cum
684 671 767 717 quis
787 680 852 716 spe
868 671 903 707 in
925 670 1038 707 Deum
1057 671 1170 708 fultus
1190 672 1254 707 lias

194 735 369 770 tenebras
401 733 590 780 disjecerit
609 739 718 779 atque
737 733 782 771 ad
811 732 933 769 Solem
953 733 1107 777 iustitiae
1124 733 1254 769 confu-

193 785 312 842 giens.
331 795 428 831 illius
449 795 571 832 radios
591 795 627 830 in
643 795 765 830 anima
788 804 854 831 sua
874 795 1038 842 recipere
1057 795 1252 838 studuerit,

196 858 364 904 protinus
377 858 638 904 cogitationum
649 867 800 894 suarum
813 857 1009 894 tumultum
1026 857 1061 894 in
1075 858 1254 894 latronem

195 920 297 958 illum
321 920 568 958 transfundet.
591 919 682 956 Nam
699 926 734 957 et
751 921 814 967 qui
837 920 1000 956 facinora
1019 921 1106 956 talia
1127 931 1254 968 aggre-

195 980 362 1024 diuntur.
391 993 473 1019 cum
505 983 587 1029 quis
616 983 699 1020 illos
726 981 1030 1028 deprehenderit,
1058 992 1101 1019 ac
1134 983 1254 1020 lumen

196 1042 414 1080 ostenderit.
437 1048 614 1086 tremunt,
639 1043 820 1078 fluctuant
844 1048 952 1088 atque
977 1045 1254 1088 perturbantur.

187 1099 234 1136 Et
251 1098 449 1145 quomodo,
473 1099 624 1146 inquies,
637 1099 753 1146 possit
771 1099 850 1145 quis
869 1098 937 1134 hoe
956 1098 1080 1135 dolore
1099 1097 1258 1140 liberart.

187 1160 257 1196 nisi
277 1160 374 1208 prius
394 1161 566 1207 eripiatur
590 1171 610 1196 a
631 1161 796 1198 daemone
811 1161 1012 1208 agitatore?
1029 1161 1259 1197 Nondiemou

187 1229 242 1259 est
261 1223 323 1269 qui
355 1233 550 1260 mmrorem
583 1229 728 1267 movet,
751 1223 814 1260 sed
846 1233 980 1260 numer
1012 1223 1130 1270 potius
1167 1224 1260 1259 vires

187 1283 343 1320 dzemoni
363 1284 611 1329 administrat,
633 1286 941 1333 cogitationesque
961 1286 1073 1322 malas
1088 1287 1258 1332 suggerit.

187 1348 388 1384 Attestatur
415 1348 496 1385 huic
524 1349 653 1386 rationi
685 1356 817 1385 nostra:
849 1349 1078 1386 beatissimus
1098 1349 1259 1385 Paulus:

188 1421 258 1446 non
279 1411 374 1447 enim
390 1412 606 1455 dmmonem,
625 1412 689 1450 sed
710 1411 985 1449 immoderatum
1001 1411 1162 1448 dolorem
1184 1422 1261 1448 me-

188 1477 308 1512 tuens.
328 1473 523 1510 Corinthiis
539 1475 676 1519 scribit,
695 1480 734 1510 ut
755 1481 903 1521 parcant
919 1474 1064 1512 demum
1083 1474 1260 1522 peccanti,

190 1531 246 1569 Ne
260 1537 346 1580 forte
361 1534 599 1571 abundantiori
615 1535 752 1571 tristitia
765 1535 984 1572 absorbeatur
991 1536 1050 1584 qui
1063 1536 1141 1572 talis
1151 1542 1198 1572 est
1211 1535 1262 1583 (2.

189 1594 311 1631 Cani.
332 1595 381 1644 7),
409 1597 727 1643 inquit.C:eterum
743 1603 780 1634 ut
793 1597 1034 1634 concedamus
1063 1597 1263 1634 daemonem

189 1657 309 1694 acrius
326 1657 476 1702 instare,
495 1668 538 1694 ex
557 1659 678 1695 animo
695 1667 815 1696 autem
837 1665 898 1696 tuo
917 1659 1058 1706 pulsum
1076 1669 1157 1696 esse
1175 1669 1266 1696 ma:-

191 1728 326 1763 rorem,
350 1718 434 1766 quid
451 1719 525 1766 jam
543 1720 611 1756 erit
627 1730 670 1756 ex
691 1719 759 1756 hoc
775 1719 1108 1768 detrimentiâ€˜lquid
1127 1719 1186 1757 hic
1203 1730 1266 1766 per

191 1789 232 1816 se
251 1779 350 1816 solus
365 1786 426 1816 aut
445 1791 592 1827 parvum
607 1787 670 1818 aut
686 1791 855 1828 magnum
887 1782 1001 1830 possit
1027 1787 1152 1818 contra
1173 1782 1265 1818 nos?

189 1842 237 1878 At
257 1852 341 1879 vero
361 1853 508 1885 maeror,
531 1843 682 1881 absente
699 1843 864 1880 daemone
878 1872 888 1888 ,
908 1844 1019 1880 multa
1039 1853 1104 1891 per
1121 1853 1162 1880 se
1181 1842 1266 1880 hor-

191 1902 302 1940 renda
320 1901 454 1947 efficit,
475 1903 718 1952 plurimosque
737 1915 864 1941 eorum
885 1905 946 1952 qui
965 1905 1032 1942 sibi
1062 1911 1266 1942 nexuerunt

192 1963 355 2011 laqueos,
377 1965 631 2002 consciverunt
649 1965 802 2014 gladios,
824 1967 879 2004 vel
895 1966 992 2002 fluvii
1012 1977 1051 2003 se
1072 1967 1179 2004 undis
1197 1967 1263 2002 de-

189 2024 336 2072 derunt,
357 2027 409 2064 vel
429 2027 500 2064 alio
516 2029 642 2075 quovis
655 2039 788 2075 genere
806 2028 997 2075 perdidere
1015 2029 1167 2075 seipsos,
1186 2028 1266 2066 solo

189 2087 316 2127 dolore
345 2089 380 2125 iit
409 2089 602 2127 violentam
634 2096 786 2126 mortctn
817 2090 994 2136 impulsos
1029 2091 1264 2137 reperiemus.

189 2150 294 2195 Quod
312 2151 342 2188 si
363 2152 457 2188 inter
475 2162 538 2188 eos
557 2153 734 2200 quispiam
755 2153 917 2190 fortassis
937 2152 1044 2189 fuerit
1063 2159 1230 2199 arreptus
1247 2164 1266 2190 a

191 2211 377 2257 daemone,
407 2211 514 2260 hujus
544 2223 688 2260 quoque
719 2213 874 2260 perditio
907 2223 980 2250 non
1008 2213 1184 2258 drmoni,
1204 2214 1266 2250 sed

191 2273 360 2312 mereris
390 2275 569 2322 tyrannidi
602 2285 644 2311 ac
681 2275 862 2311 violentiae
898 2276 1026 2312 mei-ito
1062 2275 1269 2322 imputanda

191 2335 274 2372 erit.
295 2335 342 2372 Et
361 2335 562 2383 quotnodo,
583 2335 743 2384 inquies,
767 2346 912 2383 possunt
945 2347 1015 2372 non
1038 2347 1194 2373 mmrore
1213 2335 1270 2372 af-

194 2397 278 2435 fici?
295 2398 334 2436 Si
352 2409 372 2435 a
391 2399 632 2436 multitudinis
652 2399 821 2446 opinione
841 2399 886 2436 de
907 2399 1111 2446 bujnsmodi
1132 2409 1171 2435 re
1192 2399 1272 2434 lon-

193 2461 340 2507 gissime
358 2461 532 2499 recedens
547 2490 557 2507 ,
577 2462 652 2498 sola
683 2471 840 2508 superna
873 2462 1021 2498 sentias.
1041 2461 1145 2498 Nunc
1174 2461 1270 2498 enim

197 2520 334 2559 idcirco
345 2533 386 2559 ea
407 2533 465 2560 res
482 2524 600 2569 gravis
616 2530 725 2570 atque
740 2523 920 2560 horrenda
937 2523 1000 2560 tibi
1019 2523 1175 2566 videtur,
1188 2524 1271 2570 quia

199 2583 324 2630 vulgus
344 2585 390 2620 ita
409 2585 604 2622 existimat.
623 2586 732 2633 Atqui
753 2585 783 2622 si
802 2585 936 2622 omissa
966 2585 1064 2622 inani
1084 2585 1272 2634 fallacique

198 2643 465 2682 existimatione
485 2646 598 2692 ipsam
625 2657 701 2683 rem
722 2647 928 2694 diligentius
957 2647 1190 2684 considerare
1211 2658 1273 2683 vo-

201 2704 324 2749 lueris,
351 2705 514 2742 invenies
535 2706 670 2742 nullam
699 2708 817 2744 inesse
841 2708 875 2745 ei
905 2708 1086 2746 Intestina:
1113 2708 1274 2746 occasio-

200 2777 284 2804 nem
301 2779 310 2804 :
325 2767 420 2814 quod
431 2767 506 2814 jam
521 2778 618 2814 saspe
632 2770 797 2816 superius
809 2771 1045 2808 ostendimus.
1063 2771 1272 2818 [Equalium

200 2839 288 2866 vero
306 2835 447 2866 tuorum
477 2831 590 2877 gratia
611 2831 719 2878 (reor
745 2832 840 2868 enim
860 2838 894 2869 te
912 2833 1107 2870 intuentem
1129 2834 1271 2870 illorum

201 2893 361 2930 ltetitiam
389 2903 432 2931 ac
459 2893 626 2931 fiduciam
651 2905 733 2932 eum
754 2895 944 2942 fratribus,
967 2899 1136 2936 confundi
1166 2905 1274 2948 atque

200 2965 247 2992 ex
265 2955 406 2993 tristitia
426 2957 641 3004 concidere)
669 2967 736 3004 ego
758 2957 792 2994 id
822 2960 998 2997 veraciter
1017 2961 1168 2998 dixerim
1199 2975 1208 2998 :
1243 2962 1274 2999 si

200 3017 362 3064 quidem,
379 3019 450 3056 illis
470 3019 506 3055 in
517 3019 738 3056 continentia
753 3026 790 3057 et
801 3021 994 3060 sobrietate
1007 3031 1122 3072 atque
1137 3024 1172 3060 in
1189 3025 1276 3061 reli-

203 3089 273 3126 qua
287 3080 369 3117 vita:
387 3081 610 3129 philosophia
631 3082 856 3130 degentibus,
875 3083 950 3130 ipse
970 3085 1005 3122 in
1025 3085 1272 3134 lupanaribus,

206 3140 242 3176 in
261 3141 351 3180 ludis
371 3144 460 3180 etin
477 3145 564 3182 aleis
594 3151 631 3182 et
663 3145 986 3184 omnessationibus
1010 3154 1150 3196 tempus
1167 3159 1274 3187 onme

207 3211 458 3250 consumeres,
486 3207 709 3244 rationabilis
741 3208 899 3254 profecto
928 3219 1023 3248 esset
1047 3212 1104 3248 hie
1139 3223 1276 3250 maror

209 3271 290 3300 tuus
309 3277 318 3301 :
337 3266 393 3302 sin
410 3273 530 3305 autem
549 3270 712 3307 eamdem
743 3271 879 3309 incedis
895 3274 988 3310 viam
1006 3302 1016 3317 ,
1046 3274 1131 3322 quid
1157 3285 1276 3312 causa:

207 3333 265 3364 est
281 3327 374 3375 quod
393 3331 558 3376 auguris?
575 3332 752 3380 Equidem
773 3333 804 3370 si
823 3335 909 3371 milii
930 3335 974 3372 ad
993 3337 1147 3384 aliquem
1166 3348 1209 3374 ex
1232 3339 1276 3374 iis

208 3399 329 3427 sermo
349 3391 458 3434 esset,
479 3393 539 3440 qui
557 3394 660 3432 facile
675 3396 896 3433 extolluntur
915 3398 1080 3436 laudibus
1094 3428 1104 3444 ,
1133 3411 1174 3437 ea
1195 3412 1278 3448 qua:

208 3453 317 3490 modo
327 3453 489 3490 dicturus
507 3465 584 3492 sum
603 3459 764 3505 profecto
775 3461 980 3497 tacuissem.
999 3462 1174 3506 Quoniam
1191 3475 1277 3502 vero

206 3525 250 3553 ea
269 3515 355 3552 mihi
373 3515 418 3554 de
435 3522 473 3553 te
481 3527 562 3564 spes
575 3527 642 3565 est,
658 3522 753 3568 quod
769 3523 1042 3568 quamtumlibet
1057 3527 1135 3572 quis
1150 3532 1184 3564 te
1201 3527 1279 3564 lau-

208 3578 270 3615 det
286 3585 394 3626 atque
414 3579 609 3618 admiretur
622 3610 631 3627 ,
654 3593 848 3632 numquam
868 3585 1078 3622 modestiam
1106 3588 1251 3626 deseres
1265 3618 1275 3633 .

207 3647 316 3688 atque
333 3642 567 3679 nihilominus
588 3644 680 3682 inter
699 3653 879 3684 extremos
910 3654 944 3684 te
969 3649 1083 3694 ipSum
1115 3657 1248 3690 statues
1263 3680 1275 3697 ,

207 3710 336 3740 cuneta
353 3704 440 3741 nihil
461 3712 623 3744 metuens
640 3715 698 3744 ant
716 3709 947 3747 dissimulans
963 3711 1098 3758 loquar.
1261 3714 1264 3716 â€™

257 3765 431 3812 Stagirius
457 3777 499 3802 ea:
523 3767 687 3805 dtrmom's
705 3770 884 3808 insultt'bus
905 3773 1048 3808 multum
1075 3776 1275 3823 profecerat.

207 3847 255 3856 -â€”
271 3828 385 3866 Tanta
415 3830 510 3866 enim
540 3830 648 3866 audio
678 3831 738 3868 tibi
770 3832 964 3870 accessisse
996 3834 1136 3882 pietatis
1164 3837 1279 3876 inere-

210 3896 346 3936 menta,
369 3898 405 3928 ut
421 3901 492 3928 non
508 3891 581 3939 jam
608 3901 688 3930 tum
707 3893 984 3932 adolescentulis
1004 3897 1072 3934 illis
1086 3926 1095 3942 ,
1116 3900 1178 3936 sed
1197 3911 1278 3938 cum

211 3952 348 4001 magnis
378 3953 670 4000 admirandisque
705 3955 790 3991 viris
822 3955 951 3993 virtute
987 3961 1196 4000 contendas.
1242 3967 1277 4005 In

430 4026 609 4069 PATROL.
641 4028 714 4069 Gn.
751 4027 918 4068 XLVII.

749 281 810 318 AD
839 280 1092 318 STAGimUM
1119 279 1148 315 Î‘
1176 268 1376 312 Î¸á½³Î•á¼›Î™ÎŸÎÎ•
1405 267 1644 304 Î¥Î•Î§Î›á¼¸á¼®Îœ.
1672 267 1758 305 LIB.
1787 267 1830 304 Î™Î™.

193 373 276 400 eum
301 370 368 399 sua
391 358 564 396 facilitate
580 357 749 404 jugulare
771 365 924 404 possunt
943 372 950 395 :
969 359 1018 395 ita
1040 365 1071 396 ct
1093 359 1151 395 hic
1171 359 1251 395 vice
1289 368 1294 370 '

2325 266 2397 304 450

1327 360 1425 395 Î¹Î¹Ï…Î™Î™Î¿
1444 365 1477 396 te
1504 359 1574 396 illis
1595 359 1798 397 inferiorem
1833 361 1952 406 aiunt,
1973 371 2043 398 non
2078 362 2216 401 ratione
2241 363 2398 412 jejunii:

1325 432 1394 465 quo
1415 421 1509 458 enim
1530 426 1646 467 pacto.
1679 431 1760 458 cum
1780 431 1908 468 panem
1931 428 1966 459 et
1983 433 2112 470 aquam
2140 431 2274 462 tantum
2294 427 2327 463 in
2347 427 2398 464 ci-

1326 481 1409 516 bum
1441 491 1586 524 sumas,
1617 481 1724 528 idque
1755 482 1904 518 alternis
1929 483 2081 521 diebus?
2102 495 2172 522 non
2201 486 2400 534 vigiliarum

1328 543 1552 589 prolixitate,
1573 553 1652 580 eum
1675 551 1711 580 ut
1733 543 1798 590 ip-i
1821 543 1940 590 plures
1961 557 2028 582 una
2061 555 2184 584 noctes
2218 549 2400 588 insomnes

1329 605 1503 652 transigas
1521 617 1529 648 ;
1553 617 1624 642 non
1645 607 1775 642 diurno
1794 607 1970 650 instituto,
1991 619 2061 656 quo
2081 617 2114 646 te
2133 621 2276 658 quoque
2291 612 2402 659 pluri-

1328 677 1406 704 mos
1425 668 1564 704 illorum
1587 669 1842 706 transcendere
1863 669 1954 706 fama
1987 677 2054 708 est.
2075 673 2192 709 Audio
2211 684 2254 710 cx
2277 675 2320 711 iis
2341 676 2402 722 qui

1327 727 1458 764 isthinc
1472 729 1689 773 adveniunt,
1707 730 1769 767 tibi
1785 741 1891 768 omne
1912 738 2052 778 tempus
2073 733 2108 769 in
2127 733 2295 782 lacrymis
2316 745 2402 782 per-

1329 791 1516 837 petuisque
1533 792 1757 828 orationibus
1775 793 1936 829 consumi
1951 805 1960 835 ;
1981 800 2017 830 et
2035 795 2339 841 quemadmodum
2355 797 2377 832 ii
2389 823 2402 841 ,

1328 851 1390 898 qui
1409 853 1553 888 silentio
1570 863 1609 888 se
1629 853 1866 898 devovet-unt,
1885 865 1996 901 seque
2015 856 2110 902 ipsos
2136 857 2278 902 tugurio
2305 857 2403 895 brevi

1329 912 1570 956 incluserunt,
1593 914 1678 950 nihil
1707 915 1901 961 loquuntur
1918 943 1927 959 ,
1948 918 1994 952 ita
2013 923 2049 953 et
2081 924 2114 954 te
2134 918 2233 954 aiunt
2253 919 2286 954 in
2307 924 2403 955 tanta

1329 981 1532 1011 versantem
1554 975 1782 1013 multitudine
1799 977 2005 1024 persistere.
2025 977 2136 1013 Porro
2151 979 2403 1016 coutritioneni

1330 1035 1450 1071 cordis
1471 1035 1534 1080 tui,
1563 1036 1767 1083 squalorem
1795 1047 1836 1074 ac
1857 1037 2018 1074 dolorem
2039 1045 2076 1075 et
2101 1038 2136 1074 hi
2157 1039 2215 1086 qui
2236 1049 2405 1078 enarrant

1332 1095 1608 1140 exhorrcscunt,
1633 1097 1878 1145 plurimosque
1909 1099 1967 1136 hic
1999 1099 2084 1137 dum
2124 1107 2180 1136 tua
2219 1109 2406 1138 narrarent

1333 1156 1492 1192 instituta
1529 1165 1832 1205 compunxerunt.
1885 1158 2030 1196 Nullum
2070 1171 2238 1207 umquam
2283 1163 2406 1209 ingre-

1334 1219 1522 1263 dientium,
1540 1221 1652 1264 aiunt,
1670 1221 1832 1268 respicit,
1851 1221 1937 1258 nihil
1957 1233 2000 1258 ex
2019 1223 2202 1260 consuetis
2224 1224 2406 1262 laboribus

1334 1283 1471 1320 relaxat
1491 1295 1500 1318 :
1522 1284 1653 1330 sa-pius
1671 1283 1775 1320 veriti
1797 1294 1919 1320 sumus
1949 1295 1994 1322 ne
2012 1285 2137 1322 oculos
2157 1287 2338 1332 perpetuis
2357 1287 2408 1323 la-

1332 1345 1465 1394 crymis
1491 1353 1700 1389 excaecat-et,
1725 1356 1770 1384 ne
1794 1345 1922 1394 vigiliis
1944 1347 2078 1392 nimiis,
2101 1348 2356 1396 irremissoque
2372 1357 2409 1386 et

1331 1408 1405 1455 jugi
1427 1408 1591 1445 lectionis
1611 1408 1730 1445 studio
1744 1409 1933 1446 cerebrum
1954 1409 2166 1447 offenderet.

1367 1470 1403 1506 2.
1419 1471 1496 1508 lloc
1505 1481 1590 1518 ergo
1607 1477 1640 1508 te
1652 1481 1808 1509 maerore
1821 1472 2085 1520 contieitatque
2107 1473 2300 1520 perturbat.
2314 1475 2409 1522 quod

1335 1533 1491 1579 :equales
1513 1539 1592 1569 tuos
1614 1539 1710 1569 tanta
1729 1533 1943 1571 excellentia
1963 1544 2112 1582 superas
2127 1563 2137 1580 ,
2159 1535 2254 1582 quod
2275 1537 2410 1572 acerri-

1337 1604 1434 1630 tnum
1455 1600 1490 1630 et
1509 1593 1752 1640 impudentem
1776 1601 1901 1632 nactus
1921 1595 2190 1640 adversarium,
2211 1603 2310 1634 lauto
2329 1607 2412 1644 spa-

1337 1655 1386 1690 tio
1405 1662 1522 1692 tecum
1551 1657 1684 1702 pariter
1701 1663 1889 1694 currentes
1907 1659 2108 1696 excessisti.
2133 1660 2259 1696 Annon
2281 1660 2411 1696 merito

1335 1716 1497 1754 dicebam
1518 1727 1710 1754 mceror-em
1734 1719 1827 1756 hunc
1848 1728 2074 1766 praesumpta:
2101 1721 2217 1756 solum
2235 1730 2316 1758 esse
2335 1722 2412 1768 opi-

1337 1779 1476 1821 nionis;
1495 1779 1525 1815 si
1547 1780 1776 1816 examinetnr
1791 1790 1892 1821 vero,
1915 1791 2076 1817 summas
2097 1781 2200 1818 nobis
2223 1783 2352 1818 laetitia:
2370 1792 2412 1818 ac

1337 1840 1606 1888 tranquillitatis
1624 1841 1832 1878 occasiones
1850 1842 2037 1888 praebere?
2051 1844 2138 1887 Qua:
2151 1843 2248 1880 enim
2263 1845 2408 1888 utilitas,

1337 1913 1460 1950 quaeso
1481 1909 1528 1947 te,
1549 1913 1570 1939 a
1585 1901 1751 1940 daemone
1771 1913 1842 1940 non
1869 1903 2026 1950 corripi,
2049 1905 2077 1940 si
2111 1905 2191 1940 vita:
2212 1904 2412 1941 institutum

1336 1965 1558 2012 negligatur?
1579 1965 1675 2012 quod
1693 1965 1864 2002 damnum
1886 1967 2046 2013 corripi,
2077 1967 2106 2003 si
2129 1967 2198 2003 vita
2231 1975 2330 2005 recte
2359 1967 2414 2004 in-

1337 2030 1458 2066 stituta
1476 2035 1512 2065 et
1527 2035 1694 2066 accurata
1711 2029 1784 2066 sit?
1797 2029 1845 2064 At
1859 2028 2011 2066 fortasse
2029 2029 2259 2066 confundcris
2275 2040 2317 2067 ac
2332 2041 2414 2068 cru-

1337 2089 1478 2132 bescis.
1504 2100 1586 2126 enm
1609 2097 1644 2128 te
1663 2090 1730 2128 sub
1749 2090 1864 2127 oculis
1896 2091 2134 2138 quorumdam
2165 2091 2312 2138 dejieit?
2342 2091 2413 2128 Sed

1339 2150 1408 2188 hoc
1430 2151 1490 2188 tibi
1509 2162 1552 2188 ex
1575 2153 1701 2188 eadem
1733 2152 1872 2189 ratione
1892 2153 2080 2199 contingit,
2100 2154 2194 2200 quod
2217 2153 2415 2190 multitudi-

1341 2214 1396 2250 nis
1409 2214 1580 2261 opinione
1605 2215 1788 2262 negotium
1823 2215 1914 2260 hoc,
1943 2226 2014 2252 non
2044 2216 2231 2252 ratiocinio
2261 2217 2415 2254 metiris.

1339 2273 1502 2320 Namque
1519 2273 1649 2312 cadere
1669 2285 1739 2311 non
1758 2275 1790 2312 id
1810 2283 1878 2319 est,
1899 2276 1994 2322 quod
2016 2282 2052 2312 tu
2074 2282 2108 2314 te
2127 2278 2197 2324 pati
2217 2277 2308 2314 dicis
2321 2306 2330 2322 ,
2352 2280 2415 2314 sed

1342 2333 1378 2370 in
1408 2340 1594 2380 peccatum
1615 2344 1783 2372 corruere
1805 2348 1813 2371 :
1833 2336 1866 2372 in
1887 2335 1958 2372 hoc
1976 2346 2063 2372 sane
2093 2347 2180 2373 casu
2207 2338 2354 2383 dolere,
2382 2350 2417 2376 In

1342 2395 1412 2432 hoc
1440 2395 1654 2432 erubescere
1671 2396 1851 2432 convenit.
1873 2395 1946 2432 Nos
1966 2403 2089 2433 contra
2122 2397 2158 2433 in
2180 2397 2223 2434 iis
2239 2409 2320 2446 quae
2339 2401 2420 2436 nul-

1343 2458 1414 2496 lam
1437 2459 1570 2496 habent
1601 2459 1827 2495 verecundia:
1845 2460 2022 2496 rationem
2041 2459 2316 2504 cenfnnd-inmr;
2338 2472 2420 2509 qua:

1343 2528 1464 2559 autem
1480 2532 1604 2559 revera
1616 2527 1699 2558 sunt
1713 2522 1844 2568 turpia,
1860 2523 2180 2570 exsecrationeque
2194 2533 2235 2560 ac
2249 2534 2420 2572 supremo

1343 2583 1448 2630 digna
1469 2584 1627 2620 cruciatu
1642 2611 1652 2626 ,
1674 2594 1714 2620 ea
1733 2583 1818 2620 dum
1840 2591 2110 2631 perpetramus,
2131 2584 2221 2620 nihil
2251 2595 2318 2622 nos
2337 2586 2420 2623 mali

1346 2647 1416 2692 pati
1435 2645 1666 2682 arbitramur.
1687 2647 1806 2693 Atque
1821 2646 1939 2682 anima
1961 2646 2104 2693 quidem
2124 2646 2274 2694 singulis
2294 2647 2422 2684 diebus

1346 2705 1577 2756 peccatorum
1610 2709 1644 2745 vi
1672 2715 1888 2752 corruente,
1910 2709 2028 2744 nullus
2057 2715 2113 2745 est
2143 2709 2204 2755 qui
2225 2709 2369 2756 lugeat;
2391 2711 2421 2747 si

1345 2770 1490 2818 quando
1507 2781 1594 2807 vero
1613 2780 1744 2817 corpus
1768 2771 1836 2807 hoc
1853 2771 1986 2818 aliquid
2013 2772 2168 2818 patitur,
2199 2771 2231 2807 id
2253 2781 2340 2808 vero
2357 2773 2423 2809 duo

1345 2845 1424 2870 rum
1445 2839 1553 2880 atque
1585 2833 1812 2870 intolerabile
1833 2844 1912 2870 esse
1933 2834 2088 2870 videtur.
2105 2833 2232 2871 Nonne
2253 2834 2286 2871 id
2304 2835 2423 2882 potius

1345 2902 1402 2933 est
1429 2908 1450 2932 Î¹Î¹
1479 2897 1646 2933 dannone
1665 2896 1797 2942 Corripi
1813 2925 1821 2938 .
1843 2897 1872 2933 si
1893 2897 1984 2933 adeo
2003 2897 2256 2933 miserabiliter
2281 2897 2424 2934 animus

1345 2959 1536 3003 afficiatur,
1551 2965 1660 3006 atque
1679 2959 1727 2994 ita
1743 2959 1838 2994 circa
1859 2970 1978 2995 rerum
1991 2958 2125 3005 judicia
2147 2959 2314 2996 fallatur?
2334 2959 2422 2996 Nam

1346 3021 1376 3058 si
1396 3021 1431 3058 id
1451 3021 1596 3068 quidem
1614 3031 1658 3058 ex
1677 3021 1854 3058 ebrietate
1875 3021 2050 3068 patereris
2064 3050 2073 3064 ,
2093 3021 2264 3058 coufuudi
2295 3022 2424 3058 merito

1347 3095 1392 3122 ac
1412 3095 1572 3124 maerere
1599 3084 1810 3127 debuisses,
1833 3084 1965 3131 quippe
1992 3083 2028 3120 id
2063 3084 2257 3122 voluntatis
2287 3085 2423 3122 crimen

1349 3157 1472 3191 esset;
1493 3149 1548 3186 sin
1565 3154 1686 3184 autem
1713 3147 1863 3184 alterius
1892 3146 2060 3183 violentia
2083 3147 2116 3184 id
2139 3149 2178 3184 lit
2192 3177 2200 3190 ,
2223 3159 2294 3185 non
2316 3149 2345 3185 is
2364 3150 2424 3197 qui

1349 3220 1502 3250 vexatur
1519 3220 1626 3258 atque
1643 3221 1722 3248 eam
1741 3210 1946 3247 violentiam
1964 3211 2104 3252 tolerat,
2121 3211 2183 3247 ÎµÎ½Î±
2205 3211 2234 3248 is
2253 3212 2312 3259 qui
2329 3211 2426 3249 illam

1348 3277 1472 3320 infert,
1492 3274 1708 3311 erubescere
1727 3273 1848 3310 debet.
1872 3273 1958 3309 Nam
1982 3280 2016 3310 et
2039 3274 2072 3308 in
2095 3274 2211 3321 platea
2233 3274 2262 3310 si
2283 3273 2427 3322 quando

1349 3347 1543 3375 commissa
1563 3346 1680 3384 pugna
1699 3336 1788 3372 alter
1805 3336 1956 3372 alterum
1980 3337 2169 3383 impellens
2187 3337 2312 3384 dejtctt
2325 3367 2336 3382 ,
2355 3350 2428 3375 non

1349 3400 1560 3443 cadentem,
1581 3399 1646 3436 sed
1679 3399 1919 3445 impellentem
1939 3408 2152 3436 accusamus
2171 3411 2312 3437 omnes.
2335 3400 2429 3437 Utile

1349 3463 1495 3511 quidem
1510 3469 1567 3499 est
1583 3461 1812 3504 erubescere,
1831 3461 1894 3498 sed
1917 3469 1989 3497 tum
2013 3462 2174 3508 profecto
2193 3473 2273 3498 cum
2296 3461 2428 3506 aliquid

1351 3526 1572 3573 geSScrimus
1586 3523 1681 3571 quod
1701 3524 1760 3561 ille
1779 3524 1924 3571 dignum
1946 3525 2104 3560 cruciatu
2117 3523 2264 3570 judicet.
2283 3521 2343 3568 qui
2364 3531 2430 3556 nos

1348 3588 1576 3636 judicaturus
1598 3586 1633 3622 in
1657 3587 1726 3623 line
1748 3593 1814 3623 est.
1833 3587 2013 3632 Quamdiu
2041 3591 2161 3621 autem
2193 3583 2279 3618 nihil
2307 3582 2430 3628 hujus-

1353 3653 1449 3691 modi
1471 3651 1576 3688 nobis
1593 3651 1728 3688 conscii
1746 3650 1934 3692 fuerimus,
1951 3648 2052 3694 cujus
2073 3647 2123 3682 rei
2143 3645 2255 3692 gratia
2274 3643 2428 3680 confun-

1352 3715 1494 3753 dimur?
1515 3714 1638 3762 Neque
1657 3714 1751 3750 enim
1783 3712 1812 3748 si
1829 3711 1910 3759 quis
1929 3711 2007 3746 sine
2027 3707 2164 3742 ratione
2183 3705 2345 3752 nihilque
2367 3704 2430 3740 lie-

1353 3790 1415 3817 sus
1436 3786 1470 3816 re
1490 3778 1672 3820 crederet,
1700 3783 1758 3812 aut
1787 3776 1820 3810 in
1842 3781 1972 3810 terram
1990 3769 2181 3816 dejiceret,
2202 3774 2310 3814 tuque
2329 3768 2426 3804 omni

1353 3841 1630 3880 mansuetudine
1649 3841 1805 3876 tolerans
1822 3836 1961 3876 abires,
1983 3830 2205 3869 confusionis
2231 3840 2270 3866 ea
2291 3840 2350 3866 res
2369 3841 2428 3868 es-

1353 3917 1421 3954 set,
1441 3909 1504 3949 sed
1520 3905 1756 3957 philosophia:
1773 3900 2082 3942 maximorumque
2103 3893 2261 3957 laudum.
2279 3893 2381 3938 Quod
2396 3894 2428 3930 Îµá½·

1356 3953 1560 4010 hominibus
1592 3966 1739 4014 iajtrias
1760 3959 2012 4002 inferentibus,
2034 3956 2067 3992 id
2100 3953 2260 4002 perferre
2289 3955 2426 4002 glorio-

2139 4027 2193 4066 â€˜26
