4004 6208
573 350 678 412 ῗῖὶί

579 503 694 543 sum
717 497 798 544 est
818 529 832 555 ,
866 505 999 545 eone
1020 532 1033 558 ,
1066 494 1153 563 qui
1182 509 1365 550 omnes
1393 499 1621 569 nequitia
1669 502 2020 566 transcendit,
2056 502 2157 556 hoc

583 579 753 647 ipsum
788 581 1049 649 faciente,
1078 585 1167 654 qui
1212 586 1351 641 illius
1396 591 1666 644 vesaniam
1715 591 1920 647 fortiter
1957 593 2152 659 tulerit,

581 669 729 733 quasi
777 687 893 726 rem
923 675 1310 744 vituperatione
1333 678 1543 748 dignam
1573 680 1785 746 fecerit,
1819 683 2009 738 rubore
2039 700 2157 754 per-

579 760 875 816 t'undetur?
902 765 966 818 Et
1009 767 1132 835 qttid
1160 767 1258 823 hac
1289 773 1663 828 contrarietate
1688 775 1790 829 diei
1822 776 2156 831 irrationabi—

581 847 683 904 lius
714 853 920 920 possit?
952 853 1006 908 Si
1039 857 1179 910 enim
1206 873 1271 912 ex
1299 873 1424 914 casu
1448 861 1536 916 illo
1556 877 1845 934 exsurgens
1869 874 2023 936 turpe
2063 866 2158 920 ali-

583 941 708 1010 quid
727 952 815 997 aut
842 945 1017 1002 facere
1045 948 1392 1016 inducereris,
1423 961 1512 1007 aut
1538 954 1701 1023 loqui,
1731 970 1798 1010 ne
1818 957 1929 1025 ipse
1946 957 2153 1026 quidem

580 1045 740 1101 super
770 1033 853 1088 bis
883 1045 934 1090 te
960 1038 1139 1108 lugere
1167 1055 1228 1095 ac
1248 1041 1431 1097 dolere
1461 1044 1797 1114 prohiberent
1828 1064 1841 1098 :
1872 1048 1952 1102 sin
1979 1059 2153 1104 autem

585 1126 759 1179 omnia
791 1144 908 1181 cum
938 1131 1225 1199 gratiarum
1255 1136 1464 1191 actione
1494 1137 1710 1204 toleras,
1734 1148 1890 1209 atque
1915 1141 1979 1194 ad
2001 1156 2158 1195 oran-

569 1216 705 1269 -dum
735 1226 785 1273 te
811 1222 987 1275 Statim
1011 1225 1299 1291 convertis,
1331 1228 1454 1296 quid
1482 1238 1564 1283 est
1601 1230 1742 1300 quod
1774 1233 1864 1286 tibi
1895 1247 2155 1286 verecun-

569 1307 721 1362 -diam
766 1320 858 1364 aut
883 1315 1247 1372 confusionem
1280 1320 1488 1387 pariat?
1518 1321 1621 1377 Sed
1666 1322 1904 1378 fortassis
1946 1325 2074 1380 dura
2105 1339 2158 1381 et

577 1397 1118 1470 dolendajudicantur
1144 1407 1332 1474 probra
1362 1410 1428 1465 ab
1456 1410 1573 1466 aliis
1599 1412 1649 1466 in
1679 1428 1775 1468 nos
1797 1414 2058 1483 coiijecta.

651 1491 870 1554 Quinam
898 1511 1007 1549 vere
1030 1497 1346 1553 damoniaci.
1371 1531 1444 1540 —
1468 1502 1533 1556 Et
1575 1505 1700 1573 quid
1746 1505 2005 1574 ejusmodi
2054 1506 2154 1560 lto-

581 1584 812 1640 minihus
841 1585 944 1641 dici
974 1589 1375 1658 vituperabilius
1421 1594 1618 1662 possit,
1662 1597 1750 1664 qui
1801 1613 1968 1667 neque
1997 1597 2150 1668 digna

579 1673 990 1742 exprobratione
1021 1678 1120 1734 rite
1148 1692 1366 1749 possunt
1393 1683 1738 1741 discernere?
1783 1689 1870 1742 Isti
1901 1691 2041 1744 enim
2073 1707 2155 1744 rc-

585 1777 712 1815 vera
739 1764 907 1818 insani
935 1775 1078 1834 sunt,
1109 1783 1170 1824 ac
1198 1770 1462 1826 dmmonio
1485 1775 1644 1844 pleni,
1674 1779 1760 1846 qui
1799 1794 1974 1835 rerum
2003 1795 2155 1836 natu-

571 1865 689 1904 ram
724 1862 780 1906 ut
804 1867 924 1910 sese
951 1856 1143 1914 habeat
1169 1861 1361 1917 intueri
1386 1881 1668 1935 numquam
1699 1869 2028 1938 didicerunt,
2058 1873 2150 1927 sed

567 1957 637 1997 ea
665 1958 782 2014 qua:
809 1958 931 2001 sunt
969 1950 1211 2006 laudibus
1237 1953 1542 2024 dignissima
1584 1959 1914 2028 vituperant,
1940 1971 1993 2016 et
2034 1979 2150 2032 qua:

576 2043 702 2104 sunt
744 2038 1110 2105 exprobranda
1156 2043 1207 2096 in
1259 2044 1598 2102 laudabilium
1647 2051 1968 2105 transferunt
2010 2052 2153 2107 ordi-

577 2139 716 2179 nem.
752 2127 999 2184 Plurimis
1029 2140 1081 2186 et
1108 2133 1400 2202 phrenetici
1431 2150 1717 2207 prmsentes
1753 2143 2044 2199 maledictis
2072 2145 2152 2198 in-

566 2226 878 2284 sectantur;
908 2222 998 2276 sed
1031 2224 1119 2293 qui
1147 2225 1232 2280 illa
1259 2228 1478 2283 audiunt
1516 2232 1686 2286 nullas
1723 2247 1781 2288 se
1822 2235 1925 2303 pati
1965 2245 2150 2290 contu-

578 2308 764 2363 melias
791 2312 1116 2370 existimant.
1145 2316 1211 2370 Et
1239 2328 1290 2372 tu
1333 2320 1488 2388 igitur
1512 2336 1633 2376 cum
1664 2333 1900 2380 amentes
1931 2326 2048 2380 illos
2079 2327 2148 2381 ita

583 2399 720 2468 loqui
749 2403 902 2457 audis
924 2446 938 2468 ,
988 2406 1094 2460 noli
1120 2394 1493 2466 contumeliam
1527 2423 1616 2467 aut
1642 2415 2002 2471 confusionem
2031 2433 2148 2472 eam

577 2505 691 2545 rem
721 2494 1045 2560 existimare,
1068 2515 1132 2554 ne
1153 2515 1278 2556 vere
1299 2503 1506 2571 probris
1530 2516 1578 2560 te
1599 2507 1815 2577 dignum
1837 2511 2142 2575 constituas,

573 2583 695 2637 dum
723 2595 904 2641 contra
935 2598 986 2643 te
1017 2591 1180 2646 Deum
1209 2609 1481 2662 provocas.
1513 2597 1643 2651 Cum
1665 2600 1805 2653 enim
1833 2617 1893 2655 ea
1911 2617 2028 2671 qua:
2053 2617 2148 2670 pro

573 2683 749 2727 nostra
773 2678 1144 2736 emendatione
1165 2691 1218 2736 et
1243 2684 1463 2739 utilitate
1490 2701 1518 2739 a
1548 2686 1656 2742 Deo
1678 2688 1999 2756 inferuntur,
2027 2705 2148 2760 pro-

567 2763 669 2818 .bro
699 2765 792 2819 tibi
812 2782 930 2822 esse
957 2771 1248 2838 arbitraris,
1276 2773 1394 2829 vide
1421 2791 1524 2844 quo
1541 2775 1640 2831 hoc
1667 2778 1860 2834 malum
1893 2791 2144 2851 emerget.

643 2855 696 2908 5.
738 2857 888 2922 Quod
914 2859 960 2912 si
989 2861 1066 2915 vis
1087 2863 1174 2932 qui
1203 2866 1308 2918 sint
1333 2881 1512 2920 revera
1542 2867 1854 2925 confusione
1880 2881 1933 2925 et
1959 2887 2150 2943 expro-

568 2944 817 3001 bratione
841 2949 984 3018 digiti
1018 2955 1351 3022 perspicere;
1382 2973 1576 3027 paucos
1607 2975 1636 3014 e
1665 2961 1843 3016 multis
1873 2964 1962 3017 tibi
1989 2979 2149 3020 cona-

575 3048 670 3088 oor
697 3038 998 3096 ostendere.
1049 3043 1154 3098 Eos
1204 3045 1439 3115 inspice,
1492 3050 1578 3118 qui
1631 3050 1906 3106 mulierum
1963 3054 2147 3110 forma:

557 3126 717 3178 omni
743 3127 918 3182 studio
946 3130 1138 3187 addicti
1166 3146 1308 3200 sunt,
1343 3140 1428 3208 qui
1460 3141 1693 3208 pecuniis
1721 3159 1887 3213 usque
1911 3145 1976 3199 ad
2007 3147 2148 3210 insa-

570 3215 710 3268 niam
741 3217 979 3286 inhiant,
1010 3223 1098 3292 qui
1135 3228 1382 3292 potentia:
1410 3243 1472 3283 ac
1518 3230 1699 3300 gloriae
1745 3245 1866 3287 sunt
1913 3235 2146 3304 cupidis-

557 3305 684 3360 simi
711 3349 723 3370 ,
769 3318 933 3380 utque
979 3313 1078 3367 ista
1103 3329 1527 3389 consequantur,
1568 3339 1723 3393 agere
1763 3327 1937 3379 omnia
1961 3337 2014 3382 et
2038 3329 2143 3396 pali

569 3397 849 3463 sustinent,
877 3401 966 3469 qui
995 3402 1158 3458 livore
1187 3415 1240 3459 et
1269 3407 1461 3462 invidia
1491 3411 1785 3480 tabescunt,
1808 3417 1895 3484 qui
1927 3417 2056 3470 nihil
2086 3434 2144 3474 se

570 3483 884 3542 latdentibus
909 3489 1258 3560 insidiantur,
1307 3500 1394 3567 qui
1438 3508 1606 3555 atram
1637 3502 1794 3558 bilem
1829 3483 2141 3577 patiuntur,

563 3573 653 3641 qui
679 3576 798 3630 vita:
821 3582 1097 3646 praesentis
1123 3587 1404 3642 vanitatem
1446 3603 1650 3646 summa
1678 3594 1822 3648 rabie
1851 3606 2138 3652 sectantur.

566 3663 665 3717 Ista
693 3681 877 3722 revera
907 3680 1064 3741 atque
1089 3672 1172 3727 his
1191 3676 1385 3730 similia
1415 3683 1644 3736 vesaniae
1670 3695 1794 3737 sunt
1814 3699 1995 3754 opera,
2019 3701 2142 3758 snp-

565 3753 826 3826 plicioque
866 3759 1058 3829 digna;
1117 3763 1213 3818 ista
1258 3767 1464 3840 probris
1521 3780 1678 3840 atque
1715 3753 1955 3832 irrisione
2001 3753 2141 3834 inse—

559 3845 771 3900 ctanda.
802 3846 968 3904 Porro
988 3851 1030 3904 si
1061 3854 1180 3922 quis
1204 3838 1328 3910 dum
1357 3838 1695 3926 perturbatur
1719 3878 1746 3916 a
1777 3864 2034 3933 dmmone,
2061 3872 2139 3924 sic

563 3950 772 4006 qttoqne
797 3954 1058 4008 summam
1085 3945 1135 3999 in
1178 3946 1281 4001 vita
1309 3948 1696 4021 philosophiam
1727 3957 2004 4024 exhibeat,
2032 3976 2135 4016 non

547 4026 736 4082 solum
765 4044 867 4084 non
898 4034 1301 4102 exprobrandus
1325 4081 1340 4104 ,
1371 4056 1554 4096 verum
1600 4045 1938 4103 admirandus
1984 4066 2136 4106 coro-

549 4118 877 4189 .nandusque
925 4123 992 4176 ab
1037 4127 1282 4182 omnibus
1307 4139 1416 4194 est,
1447 4133 1534 4201 qui
1565 4142 1642 4187 tot
1692 4138 1955 4207 tantisque
2002 4157 2136 4206 prte-

543 4208 770 4275 ._peditus
825 4212 1084 4278 vinculis,
1132 4231 1344 4272 cursum
1385 4221 1516 4277 adeo
1567 4223 1887 4282 laboriosum
1931 4232 2130 4299 currit,

538 4298 879 4371 .arduamque
910 4313 965 4358 ct
987 4320 1229 4374 asperam
1254 4313 1563 4367 conscendit
1589 4316 1797 4372 virtutis
1821 4319 1978 4373 viam.
2011 4298 2130 4377 Cm?

551 4396 725 4443 terum
744 4395 924 4449 nescio
945 4411 1048 4465 quo
1069 4407 1219 4467 pacto
1234 4415 1319 4455 me
1337 4413 1472 4471 pene
1493 4414 1544 4460 et
1560 4405 1701 4462 aliud
1723 4409 2128 4482 etl'ugerit,qnod

557 4481 669 4549 ipse
695 4485 812 4552 plus
852 4488 1013 4545 habes
1053 4507 1209 4561 quam
1241 4493 1431 4550 fratres
1470 4497 1678 4567 reliqui.
1727 4501 1779 4554 Id
1826 4481 2019 4558 autem
2049 4517 2130 4559 est

542 4568 856 4639 .ltujusmodi
879 4578 966 4634 :Si
988 4582 1110 4649 quid
1135 4599 1164 4638 a
1194 4593 1242 4638 te
1269 4596 1544 4654 peceatum
1567 4601 1667 4655 est,
1699 4591 1851 4646 facile
1883 4610 1976 4663 per
1995 4593 2128 4650 hanc

545 4673 854 4725 .prcssuram
881 4667 931 4722 id
959 4684 1119 4728 omne
1137 4672 1348 4731 deletur
1370 4693 1432 4732 ac
1459 4681 1764 4736 remittitur.
1795 4683 1968 4754 Atque
1991 4701 2019 4739 a
2043 4702 2127 4741 me

542 4745 655 4804 .hoc
683 4763 835 4809 antea
866 4767 1135 4817 ostensum
1154 4773 1257 4832 est,
1285 4781 1406 4822 cum
1427 4768 1492 4824 de
1520 4769 1739 4839 Lazaro,
1764 4745 1902 4830 etde
1926 4776 2014 4830 illo
2037 4777 2123 4846 qui

551 4842 691 4909 apud
717 4842 1022 4904 Corinthios
1048 4851 1336 4913 fornicatus
1377 4871 1489 4927 est,
1520 4877 1821 4920 sermonem
1849 4842 2121 4924 haberem.

551 4933 654 4988 Sed
696 4937 866 5005 patri,
900 4939 1109 5010 inquies
1133 4987 1146 5011 ,
1174 4948 1337 5004 timeo
1365 4969 1376 5004 :
1408 4955 1507 5007 etsi
1535 4957 1712 5010 omnia
1743 4973 1858 5012 mea
1889 4961 2125 5018 modeste

548 5040 610 5080 ac
641 5025 831 5082 leniter
856 5031 1090 5100 perferre
1123 5040 1340 5104 possim,
1373 5045 1640 5111 quomodo
1679 5048 1816 5104 illius
1856 5066 2035 5106 casum
2061 5069 2123 5108 ae

549 5116 821 5172 vesaniam
867 5119 1065 5188 feram,
1113 5125 1157 5178 si
1203 5131 1414 5196 quando
1445 5135 1569 5202 quid
1623 5137 1809 5192 horum
1863 5144 2123 5197 senserit?

551 5212 819 5272 llactenus
843 5217 1054 5288 quidem
1083 5220 1212 5275 nihil
1245 5229 1523 5292 persensit.
1552 5231 1643 5284 Est
1669 5243 1844 5287 autem
1877 5237 2122 5292 maxima:

549 5306 997 5373 pusillanimitatis
1017 5326 1200 5367 eorum
1233 5316 1420 5384 gratia,
1451 5335 1570 5388 qua:
1598 5332 1777 5391 postea
1808 5326 2116 5397 aliquando,

548 5395 632 5450 vel
666 5397 824 5454 etiam
865 5402 1083 5458 omnino
1136 5421 1240 5461 non
1289 5419 1540 5465 eventura
1570 5423 1710 5479 sunt,
1739 5431 1969 5474 mmrore
2010 5420 2119 5489 jam

542 5499 646 5539 nos
696 5502 760 5542 ac
803 5489 990 5552 dolore
1031 5496 1313 5553 conficere.
1346 5499 1494 5556 Unde
1538 5505 1677 5558 enim
1726 5508 1877 5562 nobis
1917 5521 2122 5566 constet

545 5571 663 5629 haec
699 5577 764 5631 ad
794 5578 933 5637 illius
969 5598 1280 5652 perventura
1328 5594 1602 5649 netitiant?
1642 5597 1752 5652 lmo
1779 5615 1906 5654 vero
1927 5602 1994 5654 sit
2021 5601 2121 5658 hoc

539 5665 704 5734 plane
735 5674 1067 5743 perspicuum
1091 5717 1108 5746 ,
1162 5683 1618 5756 concedamusquc
1644 5730 1656 5746 .
1691 5689 1734 5742 si
1771 5689 1848 5742 vis
1868 5729 1882 5753 ,
1931 5701 2118 5747 cuncta

545 5754 696 5813 illum
729 5762 1087 5831 nasciturum,
1133 5769 1461 5842 plurimaque
1511 5754 1758 5833 atrociter
1810 5777 2112 5835 faeturum:

1317 366 1374 419 S.
1414 364 1689 423 JOANNIS
1727 367 2195 425 CHRYSOSTOMI
2235 369 2544 429 A-RClllliP.
2588 375 3111 433 CONSTANTINOP.
3661 387 3731 444 L5!

2271 485 2425 538 laudo
2457 496 2505 541 te
2547 488 2810 557 equidem,
2837 490 2878 543 si
2933 491 3070 544 illius
3115 489 3290 545 doleas
3336 491 3521 556 vicem.
3546 509 3730 553 ceterum

2267 575 2389 628 nolo
2418 576 2464 629 id
2492 593 2609 631 cum
2643 589 2730 631 tuo
2765 579 3085 634 detrimento
3132 579 3304 634 fat-ias.
3351 583 3534 652 Quippe
3569 601 3641 640 eos
3674 606 3729 658 qm

2263 682 2322 720 ea
2353 682 2470 735 qua:
2498 683 2707 722 sursum
2735 681 2856 723 sunt
2881 672 3124 740 sapiunt,
3164 682 3212 726 et
3242 689 3341 726 nou
3368 689 3478 744 qute
3500 690 3634 746 super
3665 689 3733 734 ter-

2276 773 2396 825 ‘am,
2430 774 2532 813 non
2557 761 2726 814 solum
2758 761 2824 814 ah
2853 761 2927 814 ira
2959 773 3010 815 et
3049 763 3458 831 Concupiscentia
3497 770 3731 838 exterisque

2265 850 2765 918 perturbationibus,
2793 851 2885 906 sed
2907 867 2935 905 a
2966 867 3195 907 mmrore
3224 855 3378 907 etiam
3399 855 3630 912 abstinere
3652 875 3735 914 con-

2263 939 2422 996 venit.
2454 940 2550 994 llic
2579 941 2720 996 enim
2755 941 2907 1012 longe
2937 943 3193 1011 pluribus,
3221 959 3372 1013 quam
3400 958 3512 1000 sunt
3535 952 3735 1016 perturba-

2263 1029 2432 1084 tiones
2459 1031 2592 1094 illas,
2625 1047 2724 1086 nos
2763 1032 3111 1087 incommodis
3135 1034 3322 1098 afficit;
3363 1051 3640 1106 prorsusque
3675 1056 3736 1132 ne-

2259 1135 2408 1174 cesse
2433 1130 2515 1175 est
2557 1122 2813 1176 adversus
2863 1123 3010 1178 illum
3050 1141 3149 1178 nos
3193 1126 3464 1181 fortissime
3505 1122 3734 1200 iusurgcie,

2261 1209 2359 1262 uisi
2386 1213 2604 1264 omnino
2632 1213 2805 1280 perire
2832 1213 3071 1267 velimus.
3101 1213 3229 1268 Nam
3275 1217 3318 1269 si
3351 1217 3541 1285 quidem
3570 1223 3656 1289 ipse
3672 1221 3738 1274 liu-

2255 1299 2490 1369 jusmodi
2509 1302 2870 1357 calamitatum
2898 1306 3031 1372 patri
3058 1313 3244 1358 auctor
3265 1304 3457 1360 futurus
3483 1324 3620 1375 esses,
3636 1324 3738 1366 recte

2268 1403 2386 1442 iane
2417 1390 2706 1458 trepidares
2739 1408 2802 1446 ac
2825 1403 3100 1459 tremeres,
3130 1397 3218 1464 qui
3248 1405 3398 1450 tanta:
3419 1397 3484 1450 illi
3508 1400 3738 1467 perditionis

2258 1491 2415 1532 causa
2442 1494 2622 1542 esses;
2653 1483 2734 1535 sin
2762 1493 2938 1536 autem
2982 1485 3206 1552 ipsemet
3246 1488 3457 1540 summis
3480 1489 3610 1542 malis
3629 1501 3736 1557 atque

2260 1567 2608 1625 incommodis
2637 1570 2774 1626 aftici
2804 1573 2931 1640 v'ult,
2959 1574 3088 1628 nihil
3117 1585 3168 1630 te
3197 1577 3379 1630 horum
3401 1579 3584 1646 penitus
3608 1582 3735 1648 tangit,

2258 1662 2358 1714 nisi
2380 1662 2432 1715 iu
2459 1675 2712 1732 quantum
2741 1666 2875 1732 patri
2904 1667 2987 1735 pie
3013 1667 3400 1722 candolendutu
3428 1679 3518 1724 est.
3543 1669 3734 1724 Prmtcrei

2258 1754 2522 1808 nescimus
2549 1757 2814 1825 quomodo
2860 1757 3159 1827 hujusmodi
3206 1761 3434 1814 nuntium
3481 1761 3557 1815 ille
3599 1763 3738 1815 latunts

2194 1859 2198 1863 ·
2255 1842 2323 1896 sit
2343 1860 2356 1908 ;
2380 1844 2599 1912 plurima
2614 1845 2754 1899 enim
2776 1862 2916 1917 same
2938 1858 3117 1902 contra
3134 1865 3292 1919 quam
3319 1851 3607 1920 sperabatur,
3622 1867 3736 1906 emer-

2255 1945 2459 1988 serunt.
2492 1935 2621 1989 Nam
2653 1946 2708 1991 et
2733 1938 2859 1991 illud
2889 1955 3047 1993 unum
3074 1949 3156 1994 est
3185 1957 3252 1995 ex
3283 1942 3362 2006 iis,
3393 1959 3498 2010 qttze
3524 1958 3620 1994 raro
3642 1945 3736 1995 acci-

2255 2025 2416 2090 dunt;
2449 2036 2502 2080 at
2546 2027 2646 2082 hoc
2668 2029 2940 2098 probabile
2963 2040 3075 2096 est,
3114 2047 3179 2086 ac
3207 2033 3500 2102 plerumque
3524 2034 3632 2088 solet
3653 2050 3734 2089 eve-

2255 2118 2386 2173 nire.
2418 2118 2575 2175 Unde
2605 2121 2654 2175 id
2683 2123 2856 2192 colligi
2884 2125 3091 2193 potest?
3117 2125 3287 2180 Habet
3313 2127 3600 2180 adulterinos
3622 2127 3734 2186 ﬁlios,

2253 2227 2384 2280 quos
2413 2221 2466 2267 et
2499 2213 2707 2283 plurimi
2751 2215 2908 2282 facit;
2960 2235 3119 2288 porro
3167 2220 3282 2274 hinc
3327 2221 3457 2274 illius
3493 2219 3652 2274 amoris
3686 2219 3739 2270 vis

2253 2304 2510 2371 ejusmodi
2541 2323 2824 2362 mterorcm
2862 2309 3105 2365 facillime
3133 2312 3300 2366 lenire
3331 2313 3522 2381 poterit.
3547 2311 3610 2366 Ne
3633 2311 3740 2380 igitur

2255 2394 2445 2450 frustra
2476 2399 2700 2468 teipsum
2729 2403 2868 2456 curis
2893 2405 3185 2458 excrucies.
3243 2404 3370 2458 Nam
3410 2406 3448 2459 si
3475 2406 3612 2474 patris
3633 2417 3741 2456 eius:

2252 2485 2534 2543 dolendum
2563 2500 2675 2557 est,
2703 2492 2816 2561 ejus
2847 2494 3084 2563 profecto
3109 2497 3189 2551 rei
3218 2498 3376 2568 gratia
3405 2497 3646 2551 dolendum
3663 2504 3740 2559 est,

2252 2577 2390 2647 quod
2406 2581 2845 2638 irrationabilibus
2862 2588 3324 2658 sumptibus,un
3337 2586 3740 2652 comessatieniltus,

2251 2672 2392 2738 quod
2421 2673 2556 2727 fastu
2578 2685 2630 2729 et
2662 2679 2935 2747 tyrannide
2957 2721 2970 2744 ,
2999 2681 3135 2750 quod
3171 2685 3409 2750 prmseuti
3439 2683 3658 2736 adulterio
3675 2681 3738 2734 de-

2251 2761 2392 2816 ditus
2415 2764 2501 2816 sit.
2530 2766 2606 2818 Au
2639 2776 2691 2820 tu
2723 2768 2985 2823 modicum
3012 2772 3186 2825 scelus
3210 2774 3466 2827 existimas
3493 2787 3643 2836 uxore,
3668 2785 3742 2823 ma-

2252 2861 2330 2907 tre
2356 2866 2548 2922 vestra,
2578 2857 2845 2925 incolumi,
2877 2861 3089 2916 alterius
3122 2865 3312 2930 puclla:
3351 2863 3574 2941 maculari
3599 2876 3743 2915 concu-

2251 2945 2380 3008 bitu,
2412 2946 2648 3018 filiosque
2676 2966 2739 3005 ex
2789 2952 2970 3006 illicito
2999 2968 3285 3022 procreare
3329 2953 3652 3008 matrimonio?
3674 2952 3743 3005 Ista

2249 3038 2415 3103 luctu,
2451 3039 2548 3093 ista
2581 3041 2826 3112 lacrymis
2852 3043 3032 3113 digna,
3062 3060 3181 3115 qua:
3206 3058 3380 3116 aperta
3407 3058 3518 3101 sunt
3541 3047 3667 3109 mala.
3687 3057 3744 3095 ³⁵·

2248 3145 2352 3199 que
2398 3129 2450 3184 in
2482 3132 2640 3188 finem
2668 3134 2961 3202 perducta:
2992 3153 3108 3206 qum
3160 3153 3293 3192 vero
3339 3140 3404 3193 tui
3443 3153 3581 3192 causa
3621 3135 3744 3188 futura

2247 3233 2387 3289 sunt,
2410 3225 2519 3280 fieri
2543 3235 2715 3296 potest
2740 3237 2794 3282 ut
2822 3230 2997 3298 gravia
3027 3231 3150 3296 siut,
3179 3231 3295 3296 fieri
3326 3233 3462 3298 item,
3488 3241 3537 3284 ut
3557 3229 3746 3298 Opinione

2247 3314 2478 3380 leviora;
2512 3331 2732 3372 summa:
2764 3335 2890 3374 vero
2926 3331 3066 3375 esset
3102 3323 3352 3377 amentia:
3391 3322 3438 3376 in
3479 3320 3614 3375 rebus
3650 3315 3746 3370 adeo

2248 3405 2467 3462 incertis
2497 3419 2643 3464 certo
2685 3425 2743 3464 se
2781 3411 2890 3480 jam
2929 3414 3163 3466 cruciatu
3213 3414 3483 3470 conficere.
3527 3413 3584 3467 [τι
3617 3419 3746 3463 autem

2244 3499 2600 3556 concedamus
2631 3502 2841 3557 interim
2892 3504 3034 3558 ithttn
3066 3505 3518 3561 vehementissima
3561 3502 3746 3568 indigna-

2246 3591 2388 3646 tione
2417 3593 2786 3648 coneitandum
2810 3635 2824 3660 ,
2856 3605 2908 3649 at
2936 3595 3196 3652 citissime
3230 3597 3486 3652 sedabitur
3506 3637 3518 3658 ,
3561 3602 3606 3646 et
3635 3600 3748 3644 antc-

2242 3697 2399 3751 quam
2428 3683 2582 3753 plane
2609 3685 2938 3752 incendatur,
2963 3686 3353 3756 cxstinguetur.
3381 3688 3532 3741 llomo
3557 3684 3747 3776 enirn-tot

2242 3773 2445 3828 deliciis
2471 3774 2700 3841 deditus,
2733 3778 3199 3846 maximarnmque
3229 3794 3400 3833 rerum
3427 3779 3553 3831 curis
3575 3770 3747 3840 implici-

2243 3874 2344 3932 tus,
2374 3868 2633 3935 parasitos
2670 3879 2723 3922 et
2748 3878 3102 3923 assentatores
3130 3873 3371 3925 nutriens
3391 3913 3404 3933 ,
3434 3867 3682 3939 puelhequc
3702 3860 3746 3913 il-

2243 3958 2341 4013 lius
2366 3975 2550 4014 amore
2578 3961 2823 4015 incensus
2844 4001 2857 4026 ,
2887 3977 2952 4016 ex
2981 3978 3082 4031 qua
3113 3964 3266 4017 vobis
3309 3978 3374 4016 ex
3405 3961 3650 4015 medietate
3670 3954 3746 4005 fra-

2242 4058 2348 4104 tres
2379 4049 2552 4115 habet,
2582 4052 2739 4106 ctiam
2771 4053 2812 4105 si
2856 4063 2972 4106 tuos
3018 4067 3175 4107 casus
3227 4053 3534 4124 perceperit,
3563 4048 3746 4101 dolorem
3813 4069 3818 4076 -

2237 4143 2512 4197 minimum
2535 4152 2591 4199 et
2620 4144 2768 4198 nihili
2796 4144 3092 4200 faciendum
3125 4149 3320 4215 capiet.
3356 4147 3504 4214 quue
3522 4158 3610 4196 nou
3636 4136 3747 4192 exii!

2236 4233 2406 4286 solum
2427 4250 2544 4302 qua:
2566 4235 2695 4297 dixi,
2715 4235 2806 4289 sed
2830 4252 2892 4289 ex
2913 4237 3192 4305 prmteritis
3213 4238 3451 4306 conjicio.
3479 4233 3605 4289 Νοειί
3623 4229 3746 4286 enim.

2236 4326 2389 4394 plane
2421 4325 2582 4390 nosti,
2611 4341 2729 4381 cum
2759 4337 2809 4380 te
2838 4327 2920 4381 ille
2944 4328 3161 4381 nituiutn
3187 4339 3345 4383 antea
3374 4327 3609 4396 diligeret,
3631 4329 3746 4417 16‘1"}

2233 4417 2466 4470 omnium
2496 4417 2614 4471 loco
2639 4419 2877 4482 haberet,
2908 4435 2971 4475 ex
3017 4435 3123 4489 quo
3150 4431 3204 4474 te
3243 4422 3309 4474 ad
3336 4420 3670 4474 monachorum
3691 4423 3747 4459 νι-

2235 4519 2343 4561 tam
2368 4509 2712 4572 transtulisti,
2745 4509 2967 4564 allectus
3005 4512 3178 4564 omnis
3209 4513 3298 4565 ille
3339 4525 3487 4580 quam
3515 4503 3746 4560 exstinctus

2230 4599 2315 4652 sit.
2336 4599 2463 4654 Rem
2486 4600 2627 4654 enim
2658 4599 2747 4654 ille
2773 4609 2824 4654 te
2847 4601 3022 4655 facere
3049 4611 3281 4670 turpem,
3313 4617 3375 4655 ac
3401 4599 3627 4665 majorum
3651 4603 3746 4641 suo—

2230 4707 2345 4744 rum
2371 4691 2653 4760 splendore
2683 4692 2946 4760 indignam
2967 4733 2982 4755 ,
3025 4693 3352 4760 gloriamque
3377 4704 3515 4744 suam
3540 4696 3582 4738 te
3594 4681 3746 4778 dentr-

2231 4795 2354 4849 pare
2379 4780 2620 4835 dicebat:
2649 4792 2700 4836 et
2724 4783 2822 4836 nisi
2846 4788 3048 4836 natura:
3071 4783 3214 4836 illum
3245 4783 3521 4836 necessitas
3536 4772 3742 4870 cohibuis-

2228 4881 2326 4932 set,
2360 4881 2410 4926 te
2434 4872 2651 4926 forsitan
2693 4873 3008 4927 abdicasset.
3057 4874 3259 4941 Itaque,
3302 4873 3398 4925 uisi
3429 4881 3581 4923 tamen
3629 4869 3745 4913 Imms

2229 4971 2461 5033 ineptum
2479 4964 2616 5034 quod
2633 4963 2807 5018 dicam
2823 4965 3313 5029 videatur,arbitror
3325 4964 3464 5018 illum
3591 4961 3743 5065 391133

2225 5071 2346 5110 cum
2374 5055 2638 5123 voluptate
2665 5056 2983 5119 auditurum,
3012 5055 3160 5123 quasi
3187 5067 3371 5123 pinnas
3402 5048 3609 5109 dederis,
3639 5048 3742 5107 qum":

2227 5155 2411 5201 orante
2442 5146 2528 5200 illo
2554 5146 2767 5215 smpius,
2790 5155 2946 5215 atque
2970 5162 2998 5198 a
3027 5147 3146 5199 vitm
3177 5145 3328 5198 istius
3357 5138 3666 5229 tolerantiate

2226 5252 2438 5292 movere
2452 5237 2716 5306 cupiente,
2735 5236 3009 5291 consiliqu
3029 5237 3192 5305 ipsius
3210 5248 3488 5304 numquam
3501 5227 3740 5322 admisti??-

2297 5331 2349 5382 4.
2382 5329 2447 5382 Ει
2475 5329 2541 5384 de
2584 5339 2730 5398 patre
2759 5329 2971 5399 quidem
3014 5345 3075 5384 ac
3107 5330 3294 5384 timore
3335 5337 3450 5387 tuo,
3478 5337 3570 5392 quo
3595 5318 3649 5372 de
3678 5308 3744 5413 illo

2227 5421 2454 5475 maxime
2482 5421 2744 5476 sollicitus
2772 5437 2830 5476 es
2850 5463 2863 5484 ,
2905 5421 3001 5474 ista
3035 5421 3188 5475 habui
3217 5435 3337 5490 quae
3363 5419 3605 5473 dicerem,
3628 5402 3740 5460 sulti-

2226 5511 2415 5566 cientia
2441 5552 2454 5573 ,
2486 5522 2546 5565 ut
2575 5528 2714 5577 reor,
2749 5512 2812 5566 ad
2841 5528 3052 5566 omnem
3085 5507 3440 5580 hujuscemodi
3476 5513 3646 5559 metum
3671 5507 3740 5546 et;

2225 5603 2558 5658 cludendum.
2583 5606 2840 5672 Quoniam
2871 5619 2998 5658 vero
3025 5603 3280 5662 malorum
3311 5611 3509 5654 tuorum
3534 5595 3739 5646 summam

2225 5711 2344 5750 esse
2382 5696 2689 5760 assercbas,
2722 5697 2860 5766 quod
2904 5712 3073 5767 neque
3099 5695 3164 5750 dc
3193 5693 3381 5747 futuris
3420 5673 3738 5783 posses-f3"?

2229 5784 2375 5853 dere,
2406 5802 2573 5856 neque
2600 5791 2762 5842 scires
2795 5788 3160 5857 hujusmodine
3185 5797 3427 5852 umquam
3454 5763 3740 5832 vinculist
