2726 4358
331 221 404 258 ὀ53

333 298 469 332 vendas
490 305 587 332 esses
601 322 609 336 .
631 304 675 329 an
705 293 738 330 itt
760 295 866 330 tinent
889 304 998 341 usque
1020 303 1174 340 pugnare
1202 300 1235 328 te
1256 292 1313 328 ille
1332 292 1395 328 de-

333 360 526 402 crevisset,
547 356 605 404 qui
635 357 695 392 libi
724 363 904 393 certamen
932 356 999 392 hoc
1030 356 1236 402 proposuit,
1257 366 1301 391 tte
1325 357 1398 402 ipse

332 421 475 467 quidem
503 418 732 465 exploratum
764 429 806 455 ac
835 424 973 454 certum
1004 417 1135 463 aliqttid
1167 416 1309 459 dicere,
1340 427 1400 451 ιιυι

335 481 532 517 futurorum
553 488 703 517 eventus
723 480 862 527 aperire
883 490 1025 526 possum
1043 491 1052 522 ;
1074 478 1158 514 illud
1179 485 1294 514 tamen
1324 478 1400 514 scio

334 542 534 587 manifeste,
559 543 692 590 tibique
713 553 920 589 persuasum
938 542 1056 588 ettpio,
1079 540 1252 577 utrumvis
1274 540 1398 576 ltorttnt

333 603 536 650 Contingat,
560 615 623 651 pro
648 611 768 640 nostra
792 605 942 640 utilitate
966 603 1133 640 futurum.
1155 602 1254 646 Quod
1282 602 1310 638 si
1333 602 1400 638 hoc

333 665 454 700 animo
473 663 602 709 fueris,
625 665 696 702 cito
712 675 918 712 supremum
936 663 1030 700 ltunc
1049 663 1222 700 malorum
1239 691 1248 707 ,
1267 669 1301 699 ut
1322 662 1372 700 ais
1389 689 1398 707 ,

333 727 504 762 verticem
525 726 588 762 abs
609 734 642 763 te
660 726 811 763 arcebis.

383 785 609 822 Prwntiorum
635 795 682 823 est
710 795 840 834 tempus
866 789 1040 834 futurum,
1061 785 1213 822 laborum
1239 795 1398 830 prtesens.

333 867 382 874 ~——
398 847 450 884 Ad
473 847 547 884 bzec
567 848 648 885 illttd
666 859 806 896 quoque
824 849 885 884 libi
903 847 1130 894 cogitandum
1149 852 1217 889 est,
1237 846 1401 892 prannio-

335 919 414 944 rum
440 915 476 945 et
501 920 713 946 coronarum
742 915 881 955 tentpus
906 919 986 946 esse
1018 908 1172 944 futurum
1203 907 1372 943 Steculunt
1389 934 1399 951 ,

335 970 625 1006 colluctatiomnn
645 981 729 1007 vero
745 980 788 1007 ac
807 970 967 1006 laborum
987 980 1158 1017 prtcscus.
1177 968 1277 1013 Quod
1300 969 1402 1004 nobis

335 1031 492 1077 apertius
514 1031 694 1068 ittsinttare
715 1032 838 1069 volens
856 1032 980 1069 beatus
998 1032 1128 1068 Paulus
1148 1031 1289 1068 diccbat
1312 1044 1320 1066 :
1343 1031 1402 1067 Sic

337 1103 450 1137 curro,
472 1103 537 1128 non
555 1094 652 1139 quasi
670 1093 705 1128 in
726 1093 915 1136 incertum;
935 1093 983 1128 sic
1002 1103 1127 1140 pugno,
1147 1103 1213 1128 non
1231 1093 1328 1138 quasi
1345 1101 1404 1126 ae-

335 1165 406 1190 rem
433 1153 607 1190 verberans
631 1155 720 1190 :sed
745 1156 872 1202 castigo
901 1165 1022 1200 corpus
1052 1166 1185 1199 meum,
1205 1161 1233 1189 et
1253 1153 1402 1190 servituti

335 1214 492 1261 subjicio,
515 1225 556 1250 ne
575 1215 662 1260 forte
677 1215 754 1251 aliis
774 1215 976 1262 prwdicans,
997 1215 1070 1262 ipse
1092 1214 1252 1261 reprobus
1278 1213 1402 1261 r/ﬁciar

336 1277 385 1322 (l.
407 1275 485 1312 Cor.
511 1276 546 1324 9.
568 1275 629 1312 26.
648 1276 723 1324 27).
745 1278 789 1313 At
809 1287 894 1313 vero
914 1287 993 1312 ettnt
1015 1276 1058 1312 ad
1075 1277 1182 1312 lineu‘.
1197 1274 1402 1311 certaminis

336 1339 504 1379 venisset,
523 1322 667 1373 demunt
686 1338 825 1375 beatam
847 1338 943 1374 illam
965 1338 1084 1374 emisit
1100 1347 1221 1373 vocem
1241 1348 1249 1372 :
1269 1335 1401 1371 Bonum

332 1405 499 1434 certamen
527 1399 649 1435 certavi
661 1428 671 1444 ,
691 1411 827 1436 cursum
851 1399 1098 1443 cmtsummavi,
1119 1399 1220 1445 ﬁdem
1246 1397 1392 1440 servari,

331 1460 401 1506 iant
422 1461 568 1506 reposita
589 1467 636 1496 est
661 1460 743 1496 mihi
761 1473 885 1497 corona
909 1462 1053 1508 justitia:
1073 1461 1084 1506 (
1097 1461 1132 1497 9...
1159 1460 1246 1496 Tim.
1267 1460 1302 1496 ιι.
1323 1460 1365 1506 ἳ)
1389 1472 1397 1495 :

333 1522 526 1557 ostendens
545 1522 652 1558 vitam
674 1533 816 1559 onmem
839 1524 872 1558 in
890 1523 1145 1560 certaminibus
1162 1530 1196 1557 et
1221 1522 1401 1558 laboribus

333 1581 438 1618 nobis
455 1593 534 1619 esse
552 1583 742 1630 agendam,
759 1584 787 1619 si
805 1585 966 1630 cupimus
984 1590 1115 1620 aeterna
1137 1583 1258 1630 requie
1278 1582 1400 1618 bonis-

335 1655 403 1691 que
421 1644 490 1680 illis
510 1645 706 1682 innutucris
727 1645 874 1693 perfrui.
896 1645 956 1682 Sin
980 1653 1097 1682 autettt
1123 1646 1248 1692 aliquis
1269 1645 1315 1680 ita
1335 1653 1398 1680 ne-

334 1705 469 1752 gligens
485 1705 528 1741 sit
543 1733 553 1749 ,
576 1713 611 1741 ιιι
633 1711 730 1751 putet
749 1716 788 1742 se
805 1714 836 1743 et
859 1705 962 1754 bnjus
981 1706 1062 1743 vitae
1083 1706 1320 1754 Voluptatibus
1333 1733 1343 1749 ,
1365 1711 1400 1742 ct

334 1767 489 1813 praetltiis
509 1777 550 1804 ac
569 1767 706 1814 gaudiis
727 1779 806 1813 quae
830 1768 864 1804 itt
885 1768 982 1804 caelis
1002 1775 1120 1815 parata
1146 1776 1227 1804 sunt
1251 1768 1293 1803 iis
1307 1795 1317 1812 ,
1339 1767 1396 1814 qui

331 1829 472 1865 labores
492 1830 739 1874 sustinuerint,
763 1831 828 1866 frui
851 1840 967 1877 posse,
989 1830 1044 1867 hic
1068 1831 1224 1877 scipsutu
1251 1840 1398 1877 prorsus

329 1891 419 1928 fallit
444 1903 486 1929 ac
515 1891 660 1939 decipit.
689 1892 776 1929 Nam
805 1893 895 1930 sicut
924 1893 959 1929 in
985 1893 1129 1929 athletis
1149 1893 1206 1940 qui
1237 1899 1397 1940 tetnporc

329 1957 563 1992 certaminum
584 1957 740 2004 requiem
762 1958 902 2005 qna-rit.
922 1957 1168 1995 confusionem
1185 1958 1250 1994 sibi
1271 1967 1396 2005 perpe~

329 2025 424 2054 tuam
443 2025 548 2066 atque
569 2018 797 2065 ignotttiniatn
819 2027 945 2068 parat;
965 2021 1024 2068 qui
1044 2031 1131 2057 vero
1152 2021 1186 2057 itt
1211 2021 1325 2058 stadio
1345 2021 1396 2056 la-

329 2080 434 2117 bores
459 2090 583 2118 omncs
612 2080 750 2118 fortiter
773 2083 927 2128 tolerat,
947 2091 1118 2119 coronam
1138 2088 1174 2119 et
1193 2083 1340 2130 gloriam
1359 2089 1396 2120 et

327 2141 450 2179 laudes
469 2149 504 2178 ct
522 2142 555 2177 in
578 2142 654 2189 ipso
673 2144 880 2187 certamine,
898 2150 934 2179 et
950 2149 1028 2190 post
1045 2141 1198 2180 solutum
1218 2144 1392 2181 tltcatrunt

327 2213 348 2239 3
365 2204 625 2249 spectatoribus
641 2204 872 2250 cutt3equitur
893 2216 901 2240 :
921 2205 966 2240 ita
994 2205 1029 2240 in
1058 2205 1158 2241 nobis
1181 2216 1321 2253 quoqtte
1339 2208 1391 2248 lit.

327 2267 414 2303 Nam
435 2269 464 2303 is
483 2268 541 2313 qui
563 2268 724 2304 laborum
746 2277 885 2316 tempus
900 2269 1007 2317 qttieti
1025 2270 1175 2312 tlediCal,
1196 2278 1277 2306 tunc
1299 2272 1395 2318 iugc~

327 2329 452 2364 tui5cet
469 2336 504 2365 et
523 2329 686 2366 stridebit
704 2331 882 2374 dentibus,
904 2331 1044 2378 quando
1066 2332 1099 2367 in
1121 2340 1253 2369 :rtcttta
1273 2335 1394 2379 requie

325 2389 506 2428 debuisset
542 2392 646 2428 linem
683 2393 843 2429 laborum
878 2394 1059 2437 nancisci,
1093 2401 1199 2441 atque
1234 2400 1392 2430 extrema

325 2452 496 2500 supplicia
524 2452 623 2490 luere
651 2461 797 2500 cogetur
819 2466 827 2490 :
847 2455 905 2501 qui
939 2466 1024 2491 vero
1055 2466 1240 2502 pressurus
1271 2466 1394 2491 otnttcs

327 2521 488 2560 prompte
505 2525 548 2551 ac
575 2515 726 2552 libenter
743 2517 843 2560 tulit,
863 2524 898 2554 ct
922 2515 979 2554 hic
999 2525 1032 2554 et
1051 2518 1086 2553 in
1117 2515 1235 2554 futuro
1263 2519 1394 2554 satcnlo

327 2574 544 2612 clarissimus
560 2577 628 2613 erit
641 2606 649 2619 .
671 2589 824 2625 veraqttc
843 2585 878 2615 el
906 2580 1095 2616 immortali
1122 2580 1234 2627 gloria
1254 2580 1391 2617 beatus.

326 2633 413 2670 Nam
433 2637 462 2672 si
483 2637 517 2672 in
535 2639 764 2675 satenlaribus
783 2640 841 2687 qui
864 2651 982 2677 rerum
1005 2646 1164 2688 tempora
1183 2641 1367 2678 confundit
1381 2669 1390 2685 ,

327 2696 493 2733 ontnibus
519 2698 583 2734 sibi
606 2701 793 2746 propositis
814 2703 1012 2738 commodis
1032 2705 1192 2748 excidet,
1216 2711 1320 2751 atque
1343 2705 1393 2740 itt-

320 2759 487 2796 ‘nnmcris
504 2771 542 2796 se
562 2761 819 2800 calamitatibus
839 2772 1015 2811 exponet,
1036 2766 1140 2813 longe
1169 2768 1200 2802 id
1224 2768 1335 2814 magis
1357 2768 1390 2804 itt

326 2821 434 2856 rebus
463 2823 704 2868 spiritualibus
735 2827 908 2872 patietur,
929 2829 986 2875 qui
1010 2835 1208 2876 temporum
1230 2830 1391 2866 ordinem

326 2881 477 2928 ignorat.
509 2883 600 2920 Dixit
628 2885 722 2921 enim
747 2886 910 2923 Christus
937 2901 944 2923 :
972 2888 1014 2924 In
1046 2891 1170 2925 mundo
1199 2902 1392 2936 prcssuram

325 2945 486 2982 habebitis
501 2946 620 2994 (Jomt.
642 2947 695 2984 16.
713 2947 786 2998 55).
806 2949 932 2986 Beatus
948 2962 1031 2988 vero
1046 2951 1189 2996 Paulus,
1207 2952 1250 2988 Et
1263 2964 1389 2994 omnes,

323 3008 384 3050 ait,
400 3009 457 3053 qui
477 3009 532 3055 pie
549 3008 662 3045 uolunt
681 3010 788 3046 vivere
804 3011 837 3046 in
854 3011 986 3048 Christo
999 3012 1082 3049 Jesu
1100 3015 1391 3063 pet-sequutionem

324 3071 494 3116 patientur
514 3071 563 3120 (‘2.
587 3072 672 3108 Tim.
695 3074 729 3110 5.
755 3072 835 3120 12);
859 3085 927 3111 non
947 3076 1042 3112 solas
1061 3076 1244 3113 hominum
1268 3088 1388 3124 persco

325 3132 514 3176 quutioncs
531 3133 668 3178 dicens,
689 3135 750 3171 sed
770 3142 804 3171 et
824 3135 1023 3174 daantonum
1044 3139 1202 3176 insidias.
1221 3139 1288 3177 Job
1303 3151 1390 3187 quo-

325 3201 404 3238 que,
425 3192 593 3240 Tentatio,
610 3197 734 3243 inquit,
749 3205 796 3233 es!
812 3199 878 3234 vita
893 3200 1038 3237 hominis
1051 3212 1153 3249 super
1168 3208 1292 3237 terram
1308 3201 1388 3249 (Job

325 3254 360 3289 7.
379 3255 428 3299 l).
443 3257 530 3300 Quid
551 3269 635 3305 ergo
653 3261 806 3306 angoris,
823 3263 915 3307 quod
936 3264 968 3299 itt
987 3275 1154 3300 a‘rttntna:
1171 3265 1390 3310 temporibus

325 3313 488 3348 tenteris?
503 3313 600 3351 Tunc
616 3316 709 3351 enim
726 3316 916 3354 dolendunt
935 3328 1043 3362 esset,
1065 3320 1094 3356 si
1113 3320 1206 3368 qttod
1224 3320 1389 3358 Christus

326 3381 500 3416 pressura:
516 3380 654 3422 tempus
671 3377 866 3424 deputavit,
883 3379 915 3415 id
935 3391 998 3416 nos
1013 3380 1216 3418 deliciarum
1234 3388 1268 3420 et
1288 3384 1388 3430 quie-

326 3435 369 3470 tis
393 3434 612 3482 faceremus;
634 3441 662 3475 si
686 3453 755 3487 quo
784 3447 943 3487 tempore
974 3453 1128 3489 pugnare
1157 3454 1199 3481 ac
1227 3445 1388 3482 laborare

321 3495 410 3541 jussi
441 3506 583 3542 sumus,
611 3510 652 3536 eo
679 3507 927 3548 t0rperentus;
949 3503 977 3539 si
1008 3503 1111 3539 latam
1141 3505 1388 3543 ineedercznus

323 3566 430 3601 nam,
450 3568 530 3594 cum
550 3560 605 3596 ille
622 3572 685 3608 per
701 3571 886 3610 angustam
915 3567 1122 3613 pratecpcrit
1142 3569 1311 3606 euntium.
1337 3571 1385 3606 lla

323 3621 420 3658 enim
448 3625 648 3661 necessario
675 3625 745 3671 jam
777 3628 880 3665 nobis
901 3630 1065 3666 ferendus
1087 3639 1179 3667 essm
1208 3635 1387 3670 (‘rlltllllliS

325 3683 386 3720 ille
405 3686 656 3731 sempiternus.
682 3688 770 3732 Quid
800 3701 906 3736 ergo,
930 3691 1087 3737 inquies,
1109 3693 1152 3729 de
1177 3695 1245 3731 illis
1269 3697 1358 3733 dicis
1374 3725 1383 3740 ,

323 3746 383 3791 qui
405 3751 440 3781 et
465 3746 498 3781 itt
527 3746 595 3783 isto
624 3748 756 3785 smeulo
773 3749 981 3796 gradiuntur
1009 3754 1042 3788 in
1069 3754 1271 3801 latitudine,
1296 3764 1330 3794 et
1351 3759 1384 3794 in

324 3805 442 3844 futuro
471 3807 630 3854 requiem
660 3807 813 3846 habituri
841 3813 948 3849 sunt?
966 3815 1076 3858 Quem
1106 3822 1140 3852 ttt
1166 3819 1248 3854 tttilti
1277 3821 1382 3858 talem

323 3868 448 3907 dabis?
465 3880 532 3916 ego
554 3871 648 3908 enim
677 3873 787 3910 solius
806 3874 938 3912 Christi
968 3878 1082 3916 verbis
1112 3883 1298 3928 acquiesco
1324 3883 1378 3920 di-

899 218 959 254 AD
975 216 1220 254 STAGIRIUM
1249 217 1275 253 Δ
1305 215 1506 254 υιΕΜΟΝΕ
1534 216 1766 254 VEXATUM.
1797 218 1880 254 LIB.
1908 217 1948 254 ll.

2465 221 2532 257 65‘.

1473 293 1586 328 conti.
1608 305 1615 328 :
1635 294 1787 339 Angusta
1811 301 1842 330 ct
1867 301 1960 329 arcta
1987 294 2038 329 via
2065 301 2134 339 est,
2157 306 2231 340 quae
2249 295 2294 330 ad
2317 296 2418 331 vitam
2443 297 2534 332 dum

1473 351 1615 399 (Matth.
1639 354 1673 390 7.
1696 355 1756 402 lli)
1781 367 1788 389 :
1811 355 1904 402 quod
1924 362 2042 391 autem
2071 365 2134 402 per
2153 363 2335 403 angustant
2354 357 2445 393 viam
2467 359 2535 394 late

1472 412 1514 448 iri
1542 423 1612 449 non
1641 415 1765 461 possit,
1794 417 1958 452 omnibus
1984 417 2143 463 profecto
2172 417 2294 464 liquet.
2315 418 2351 454 Si
2382 419 2478 454 enim
2500 420 2536 454 in

1471 474 1708 512 exterioribus
1722 477 1976 514 certaminibus
1991 478 2106 514 nullus
2120 479 2254 525 absmte
2273 479 2463 516 sudoribus
2476 489 2536 516 co-

1472 544 1595 571 ronam
1608 537 1824 581 retoht,cum
1837 544 1953 575 tamen
1965 539 2124 584 ejusdem
2138 545 2272 577 natura:
2279 547 2465 577 consortes
2477 539 2538 576 ha-

1472 596 1554 633 beat
1567 597 1808 636 adversarios:
1827 600 1884 636 ubi
1904 600 2007 637 nobis
2019 601 2167 638 virtutes
2182 601 2250 638 illa:
2266 612 2418 648 nequam
2433 599 2536 638 obiu-

1471 664 1624 705 ctantur,
1639 671 1708 708 quo
1724 669 1826 708 pacto
1841 663 1918 699 sine
1937 663 2084 699 summis
2096 663 2276 701 laboribus
2293 663 2538 711 pressuriSQue

1471 725 1507 757 ct
1516 721 1688 767 angustiis
1700 722 1836 758 illarum
1849 723 2021 760 insaniam
2034 734 2204 771 superare
2214 724 2434 771 poterimus?

1519 784 1554 820 5.
1577 783 1753 832 Exemplis
1772 793 1964 822 sanctorum
1984 787 2020 822 id
2037 787 2193 823 ostendit.
2213 806 2259 813 —-
2273 786 2341 824 Sed
2360 787 2455 824 enim
2473 796 2538 822 nos

1471 845 1638 891 qnatndin
1661 847 1858 882 rationibus
1878 847 1943 882 ista
1969 847 2181 884 ventilamns
2195 874 2206 892 ,
2225 857 2306 884 cum
2326 847 2430 884 liceat
2448 857 2536 884 con-

1472 905 1593 952 fugere
1613 907 1656 941 ad
1686 907 1810 943 beatos
1831 908 1910 944 illos
1937 919 1979 944 ac
2009 909 2242 952 fortissimos,
2270 909 2330 956 qui
2360 909 2537 956 prioribus

1471 966 1570 1004 fuere
1591 969 1838 1015 temporibus?
1856 969 2027 1005 Examina
2046 971 2250 1018 diligentius
2267 981 2330 1007 eos
2345 999 2355 1014 ,
2378 971 2438 1017 qui
2460 970 2537 1007 fuc-

1471 1035 1552 1064 ruttt
1584 1030 1884 1073 nominatissitui,
1913 1031 2121 1078 videbisque
2147 1042 2273 1068 omnes
2303 1031 2338 1066 in
2367 1031 2538 1078 angustiis

1473 1088 1636 1125 fiduciam
1657 1100 1739 1136 erga
1758 1091 1866 1128 Deum
1885 1091 2064 1128 habuisse.
2081 1092 2199 1139 Atque
2215 1093 2342 1139 primo,
2358 1093 2388 1128 si
2407 1092 2536 1138 placet,

1473 1150 1576 1196 primi
1614 1152 1772 1196 parentis
1806 1153 2037 1198 inSpieiamus
2074 1153 2208 1196 lilimtt,
2246 1164 2376 1200 agnum
2407 1153 2537 1190 Christi

1472 1212 1573 1248 Abel.
1601 1212 1632 1249 Is
1648 1223 1727 1248 cum
1748 1214 1781 1248 itt
1801 1214 1898 1249 nullo
1913 1214 1970 1260 jus
1991 1214 2171 1259 violasset,
2188 1225 2229 1253 ea
2247 1225 2374 1262 passus
2391 1223 2445 1252 est
2460 1228 2538 1263 qua:

1472 1279 1655 1309 uterentur
1679 1273 1725 1317 ii,
1748 1277 1806 1320 qtti
1839 1274 2049 1321 gravissime
2082 1277 2322 1322 peccaverint.
2346 1277 2418 1313 Nos
2442 1277 2536 1313 enirn

1471 1340 1699 1379 peccatorum
1720 1341 1922 1372 nostrorum
1943 1346 2067 1383 pteuas
2082 1336 2222 1380 damus,
2241 1337 2454 1374 tentationcs
2470 1339 2538 1375 sci-

1471 1396 1576 1439 licet;
1593 1403 1628 1432 at
1648 1407 1733 1432 vero
1750 1397 1868 1442 justus
1887 1399 1945 1434 ille
1965 1399 2058 1435 nulla
2073 1400 2141 1436 alia
2157 1410 2262 1436 causa
2277 1401 2455 1438 cruciatus
2467 1409 2535 1445 cst,

1471 1457 1538 1493 nisi
1566 1458 1648 1505 quia
1670 1458 1787 1504 justus
1807 1466 1895 1496 erat.
1927 1460 1978 1496 Ac
2001 1460 2168 1506 quamdiu
2196 1461 2330 1497 nullum
2357 1462 2537 1499 excellens

1473 1519 1614 1554 virtutis
1634 1529 1707 1555 sua:
1725 1519 1975 1556 documentum
1991 1521 2102 1563 dedit,
2119 1522 2334 1569 agnoscebat
2353 1523 2448 1558 illuttt
2467 1522 2531 1560 fra-

1473 1585 1548 1623 ter;
1569 1579 1625 1616 ubi
1648 1590 1733 1617 vero
1751 1591 1794 1617 ex
1815 1581 1989 1618 sacriﬁcio
2008 1583 2128 1619 clarus
2146 1584 2283 1620 meritis
2302 1584 2438 1628 eluxit,
2463 1591 2534 1621 ttun

1467 1641 1540 1688 jam
1561 1648 1722 1679 naturam
1737 1653 1878 1692 quoque
1899 1645 2011 1691 ipsam
2034 1645 2092 1683 ille
2113 1645 2300 1693 ignoravit,
2321 1647 2449 1684 invidia
2468 1648 2536 1684 sei-

1469 1703 1553 1741 liect
1569 1711 1736 1741 czccatus.
1753 1705 1855 1742 Unde
1871 1716 1956 1742 vero
1971 1707 2062 1744 nosti
2078 1718 2121 1744 an
2137 1707 2244 1744 modo
2257 1718 2398 1755 quoque
2411 1708 2535 1746 eadem

1468 1774 1572 1800 causa
1591 1765 1771 1802 diabolutn
1792 1766 1980 1802 adversum
2001 1773 2036 1804 te
2052 1768 2284 1804 concitaverit
2299 1768 2453 1815 vitatque
2467 1774 2535 1806 tua:

1467 1826 1582 1875 fulgor
1604 1828 1703 1865 illuttt
1724 1829 1768 1866 ad
1789 1828 1882 1866 hanc
1900 1839 2053 1877 pugnam
2074 1830 2300 1868 evocaverit?
2317 1830 2419 1876 Quod
2438 1831 2468 1868 si
2486 1832 2534 1867 ri«

1465 1888 1552 1926 deas
1567 1889 1632 1926 ista
1649 1891 1866 1938 loquentem,
1885 1891 1991 1928 laudo
2007 1892 2149 1940 quidem
2170 1892 2405 1930 humilitatem
2423 1900 2533 1937 tuatn,

1466 1963 1538 1989 tton
1565 1959 1683 1990 tanten
1713 1954 1759 1990 ab
1786 1954 1853 1991 hac
1881 1955 2056 1992 sententia
2085 1955 2268 1993 desistam.
2290 1955 2326 1994 Si
2353 1956 2448 1993 enim
2477 1957 2534 1992 ille

1464 2015 1606 2062 adipem
1624 2015 1779 2052 ollerens
1797 2015 1843 2052 ita
1864 2015 1936 2052 Deo
1955 2026 2060 2054 carus
2075 2022 2314 2065 acceptusque
2334 2017 2414 2062 fuit,
2431 2018 2460 2054 is
2475 2020 2533 2064 qui

1465 2077 1552 2114 nihil
1583 2078 1830 2122 extrinsecus,
1861 2079 1924 2116 sed
1955 2079 2112 2127 seipsutn
2139 2085 2251 2116 totunt
2281 2080 2410 2118 obtulit
2435 2081 2532 2124 Deo.

1465 2139 1578 2176 multo
1597 2139 1760 2186 profecto
1779 2141 1893 2188 magis
1912 2141 2100 2179 adversum
2121 2153 2160 2180 sc
2183 2142 2391 2190 provocavit
2415 2142 2532 2179 inimi-

1464 2212 1558 2238 cum.
1580 2201 1674 2239 Deus
1693 2210 1810 2239 autem
1831 2209 1865 2240 te
1884 2203 1981 2240 illunt
2001 2204 2168 2242 invadere
2187 2205 2360 2252 permisit,
2379 2205 2481 2242 sicuti
2499 2212 2533 2242 et

1465 2271 1548 2301 tunc
1563 2264 1697 2301 ett-deut
1713 2265 1807 2301 illam
1824 2265 2097 2313 haudqnaquant
2114 2267 2310 2313 impedivit,
2326 2267 2389 2304 sed
2408 2276 2533 2314 passus

1463 2331 1520 2362 est
1531 2325 1668 2372 justum
1690 2326 1723 2362 in
1744 2337 1769 2362 s:
1786 2328 1958 2372 nguinarii
1980 2338 2104 2363 manus
2126 2328 2297 2372 incidere,
2318 2338 2433 2375 neque
2451 2339 2530 2364 curn

1465 2387 1592 2433 eripuit
1606 2415 1615 2430 ,
1639 2387 1696 2434 qui
1718 2395 1864 2434 propter
1884 2399 1921 2423 sc
1942 2394 2045 2436 atque
2065 2390 2111 2425 ob
2139 2389 2311 2426 honorem
2333 2401 2435 2427 suum
2455 2402 2531 2426 nta-

1465 2448 1638 2485 ctabalur.
1665 2448 1783 2484 Noluit
1804 2449 1899 2484 enim
1932 2450 1979 2485 illi
2007 2460 2158 2486 corouas
2177 2461 2259 2487 suas
2284 2452 2393 2488 tttitttti
2416 2464 2424 2487 :
2445 2463 2532 2498 quo-

1464 2509 1558 2546 circa
1576 2509 1620 2547 ad
1640 2509 1746 2546 ﬁnem
1767 2519 1879 2556 usque
1898 2509 1996 2546 illum
2015 2520 2162 2547 currere
2181 2512 2354 2558 permisit.
2376 2512 2420 2548 Et
2437 2514 2530 2559 quis,

1464 2573 1624 2620 inquies,
1643 2574 1821 2610 cruciatus
1839 2579 1895 2610 est
1916 2573 2037 2609 mors?
2059 2572 2201 2610 Utinam
2221 2574 2364 2621 quidem
2387 2575 2480 2611 hunc
2497 2584 2530 2611 et

1463 2645 1529 2682 ego
1543 2635 1700 2672 subirem
1715 2637 1931 2672 cruciatum!
1952 2635 2018 2672 ista
2035 2647 2128 2673 ttunc
2143 2636 2244 2680 dicis,
2263 2638 2529 2680 amantissime;

1463 2702 1496 2732 at
1518 2697 1615 2743 prius
1637 2707 1693 2733 res
1711 2698 1872 2734 omnium
1891 2699 2100 2745 gravissima
2121 2709 2200 2735 esse
2229 2699 2432 2746 putabatur,
2452 2710 2528 2736 om-
2571 2712 2576 2715 π

1463 2759 1570 2806 niquc
1591 2770 1692 2806 poena
1715 2760 1965 2796 miserabilior.
1989 2760 2123 2797 Idcirco
2144 2761 2178 2797 in
2198 2761 2275 2807 lege
2295 2761 2405 2809 Moysi
2427 2762 2449 2797 ii
2471 2763 2530 2808 qui

1463 2822 1616 2857 maxima
1635 2833 1784 2869 quzequc
1805 2822 2040 2869 deliquissent
2058 2833 2099 2860 ac
2117 2827 2219 2860 venia
2239 2823 2395 2871 indigna,
2418 2833 2530 2861 morte

1463 2883 1738 2918 ntttletabantur.
1760 2883 1830 2919 Sed
1849 2890 1884 2919 et
1903 2884 1995 2930 apud
2018 2884 2113 2930 ipsos
2130 2895 2272 2932 quoque
2292 2891 2460 2922 externos
2477 2886 2530 2922 le-

1461 2945 1700 2990 gumlatores,
1723 2944 1782 2992 qui
1812 2945 1846 2980 in
1875 2945 2041 2981 maximis
2068 2947 2352 2994 turpissimisquc
2391 2946 2532 2994 ﬂagitiis

1461 3005 1804 3051 deprehenduntur,
1826 3017 1897 3042 non
1925 3007 1996 3042 alio
2019 3007 2194 3054 supplicio
2219 3007 2446 3052 afﬁciuntur,
2469 3010 2533 3045 sed

1462 3074 1578 3103 tamen
1612 3067 1933 3114 perditissimorum
1964 3067 2146 3105 hominum
2177 3069 2388 3116 supplicium
2414 3070 2527 3116 justus.

1461 3129 1520 3166 ille
1541 3131 1752 3177 perpetitur,
1773 3131 1843 3167 imo
1864 3141 1948 3167 vero
1967 3141 2010 3168 eo
2027 3132 2184 3178 gravius,
2206 3132 2300 3179 quod
2319 3140 2353 3169 et
2374 3132 2529 3169 fraterna

1460 3193 1584 3230 dextra
1615 3204 1808 3238 percussus
1827 3193 2005 3230 occubuit.
2028 3194 2119 3240 Quid
2146 3201 2265 3232 autem
2287 3196 2331 3232 de
2349 3196 2423 3234 Nec
2441 3197 2528 3233 diei-

1461 3258 1566 3292 mus?
1585 3257 1671 3292 Nam
1698 3263 1733 3293 et
1759 3257 1834 3303 ipse
1862 3257 1980 3303 justus
2001 3267 2042 3294 ac
2065 3257 2243 3304 pcrfccttts
2273 3258 2340 3294 fuit
2358 3258 2461 3304 (Gen.
2483 3259 2521 3304 6)

1460 3319 1667 3365 cunctisque
1693 3319 1871 3362 corruptis
1894 3319 1994 3356 solus
2016 3320 2146 3366 placuit
2166 3317 2262 3362 Deo,
2283 3320 2428 3367 reliquis
2448 3330 2527 3356 0m-

1461 3381 1564 3418 nibtts
1587 3383 1686 3420 illttm
1713 3383 1990 3420 ochudcntibus.
2018 3384 2225 3421 Innumeras
2251 3385 2354 3431 plane
2378 3383 2527 3419 tribula-

1461 3446 1576 3482 tioncs
1605 3445 1749 3492 pertttlit
1773 3445 1903 3482 multas
1919 3452 1952 3482 et
1976 3446 2100 3482 malas.
2123 3446 2246 3492 Neque
2265 3446 2358 3480 enim
2382 3449 2418 3478 ut
2438 3441 2526 3478 Abel

1459 3508 1630 3544 continuo
1652 3514 1812 3544 mortuus
1829 3515 1896 3551 est,
1919 3518 2034 3556 neque
2055 3509 2087 3544 id
2111 3518 2234 3554 pa—stts
2255 3505 2346 3551 quod
2368 3504 2445 3540 leve
2465 3503 2525 3539 tibi

1460 3570 1596 3606 videtur
1613 3600 1621 3614 ,
1643 3569 1705 3607 sed
1728 3570 1970 3617 longissimam
1997 3571 2102 3606 vitam
2126 3566 2310 3606 toleravit,
2337 3570 2388 3600 tot
2413 3573 2526 3598 annus

1460 3633 1502 3668 iis
1523 3633 1580 3680 qui
1613 3631 1728 3669 lerunt
1756 3643 1864 3669 onera
1890 3631 2170 3680 gravissinmque
2199 3635 2340 3671 semper
2369 3624 2526 3670 pondere

1459 3702 1668 3743 premuntur
1687 3697 1798 3732 nihilo
1821 3695 1933 3731 levius
1954 3700 2012 3728 aut
2026 3691 2178 3738 quietius
2196 3688 2358 3723 allectus.
2376 3686 2450 3722 lloc
2464 3697 2524 3721 att-

1459 3765 1529 3794 tem
1546 3759 1663 3794 statim
1679 3758 1902 3805 apertiSsinte
1919 3752 2088 3805 probabo,
2110 3750 2191 3785 hinc
2210 3749 2346 3784 initium
2361 3759 2522 3786 sumens.

1458 3824 1600 3858 Annum
1621 3801 1796 3867 integrum
1817 3819 1882 3854 istc
1898 3801 2031 3850 carceri
2047 3811 2208 3848 addictus
2227 3808 2303 3852 fuit,
2320 3810 2524 3855 carceriquc

1462 3883 1652 3932 peregrino
1673 3889 1707 3920 ct
1725 3877 1917 3916 horrendo.
1947 3875 1988 3913 llt
2010 3873 2104 3911 enim
2126 3872 2278 3912 ferarum
2312 3879 2346 3908 et
2379 3882 2521 3918 serpen-
