2726 4358
269 227 341 269 ιεδ

270 307 359 344 tium
375 307 642 344 multitudinem
657 307 835 352 omittam,
849 309 1064 356 quibuscum
1083 316 1181 347 tanto
1197 317 1359 358 tempore

269 367 362 405 vixit
391 367 426 405 in
461 369 572 405 lautis
599 369 746 406 relictus
773 370 974 418 angustiis,
1003 372 1089 419 quid
1121 373 1220 410 illum
1248 373 1359 411 animi

269 429 440 468 habuisse
466 436 570 478 putas
602 432 696 468 inter
719 431 811 469 adeo
841 433 1004 481 ingentes
1037 441 1088 471 tot
1117 437 1358 489 tonitruorum

267 493 429 540 fragores
457 499 566 540 atque
597 495 831 532 nimborum?
859 497 1002 546 Quippe
1031 499 1182 537 inferior
1206 501 1360 550 abyssus

265 554 580 603 disrumpebatur,
603 560 772 606 superior
796 571 936 598 summa
960 563 1116 610 impetus
1136 565 1168 601 vi
1187 565 1356 604 demitte-

265 619 383 663 hatur,
403 630 486 656 cum
508 621 726 660 intrinsecus
747 624 808 662 ille
828 636 910 662 cum
933 627 1056 664 liberis
1075 628 1222 666 sederet
1239 630 1353 667 Solus.

265 681 341 718 Etsi
367 683 464 719 enim
487 683 532 720 de
552 683 624 722 fine
643 686 841 724 COilﬁllCl‘Cl
858 716 868 734 ,
891 699 954 735 per
979 701 1105 726 eorum
1136 697 1254 729 tamen
1276 703 1356 740 quae

264 743 399 781 fiebant
419 746 684 784 vehementiam
706 755 804 787 metu
823 751 897 789 fere
917 760 1157 799 pra-mortuus
1176 762 1267 792 erat.
1289 755 1355 794 Ubi

261 809 359 846 enim
380 820 448 847 nos
466 821 548 847 cum
571 811 770 851 habeamus
791 814 919 852 domos
949 817 982 852 in
1013 822 1108 854 terra
1137 818 1244 855 altius
1271 818 1353 856 fun-

259 872 387 918 datas,
427 876 608 923 urln-sque
644 877 912 923 inhabitemus,
950 885 1070 917 tamen
1105 884 1134 918 si
1166 881 1355 920 videamus

261 937 418 982 pluviam
447 939 502 976 vel
534 940 640 986 paulo
667 941 918 980 vehementius
945 943 1052 980 solito
1081 944 1246 990 demitti,
1267 956 1354 982 con-

259 999 414 1038 cidimus
449 1008 620 1050 metuque
653 1006 939 1053 constringimur
969 1017 978 1042 :
1007 1007 1092 1054 quid
1131 1009 1191 1045 ille
1225 1018 1353 1055 passus

259 1063 482 1109 aestimetur,
505 1077 587 1102 cum
610 1067 710 1104 solus
732 1068 829 1105 intus
846 1076 964 1115 esset,
986 1071 1232 1118 abyssumqne
1254 1072 1350 1108 illam

258 1123 465 1162 horrificam
481 1155 490 1170 ,
513 1137 555 1164 ac
575 1128 673 1164 varia
695 1139 842 1175 eorum,
865 1141 946 1176 qua:
973 1131 1264 1175 sufl‘oeabantur,
1285 1143 1352 1181 ge-

258 1197 344 1224 nera
363 1189 636 1227 eonsiileraret?
657 1192 820 1239 Denique
845 1193 1013 1232 sufficere
1037 1195 1129 1232 solet
1149 1195 1194 1232 ad
1217 1195 1352 1233 ferien-

255 1247 323 1286 tlos
341 1259 484 1286 smmno
505 1262 639 1298 pavore
659 1255 814 1299 animos,
835 1256 960 1293 urbem
983 1268 1106 1301 unam,
1129 1259 1183 1295 vel
1201 1258 1348 1296 domum

257 1311 366 1348 etiam
406 1313 438 1348 vi
475 1313 594 1362 aliqua
636 1316 883 1354 inundationis
921 1319 1130 1367 absorptam
1172 1321 1349 1370 nodisque

253 1381 418 1420 opertam
446 1387 623 1423 cernere;
647 1384 684 1416 at
705 1391 792 1416 vero
811 1381 956 1428 quando
977 1381 1012 1418 id
1037 1383 1135 1420 orbis
1158 1383 1349 1422 universus

255 1445 384 1482 passus
409 1445 486 1482 est,
510 1439 581 1477 dici
613 1451 684 1477 non
717 1449 834 1488 potest
861 1444 921 1490 qui
952 1443 1104 1482 allectus
1131 1445 1177 1482 sit
1205 1446 1260 1483 vir
1287 1447 1348 1485 ille

253 1509 337 1535 cum
361 1499 396 1536 in
420 1501 550 1540 mediis
578 1503 746 1541 ﬂuctibus
775 1505 1087 1546 circumferretur.
1111 1508 1240 1546 Totum
1260 1521 1348 1559 ergo

252 1571 388 1598 annum
423 1563 522 1600 illum
554 1564 590 1602 in
624 1577 668 1603 eo
703 1574 799 1604 metu
833 1569 918 1616 egit.
953 1569 1045 1607 Cum
1079 1582 1166 1608 vero
1200 1573 1346 1610 tandem

252 1625 424 1662 diluvium
458 1635 661 1674 ecssasset,
696 1631 868 1678 paulatim
905 1633 1049 1680 quidem
1081 1635 1156 1681 jam
1191 1635 1346 1674 cedebat

255 1695 395 1731 metus,
430 1689 494 1726 sed
526 1701 662 1728 mceror
693 1695 918 1740 augebatur,
958 1696 1269 1746 prode-nutumque
1299 1710 1343 1739 cx

253 1759 336 1785 arca
357 1755 554 1796 tempestas
575 1753 644 1789 alia
673 1756 818 1801 excepit
841 1757 961 1802 priore
989 1769 1061 1794 non
1091 1759 1229 1802 minor,
1261 1771 1344 1797 cum

255 1811 457 1848 intueretur
485 1813 703 1852 horrendam
732 1817 828 1853 illam
855 1819 1111 1864 solitudinem,
1145 1832 1344 1868 necemque

252 1871 351 1908 illam
368 1873 580 1919 violentam,
600 1881 710 1924 atque
730 1878 1004 1916 interfectorum
1025 1891 1178 1928 corpora
1199 1883 1284 1920 limo
1301 1895 1344 1922 ac

252 1933 328 1970 luto
347 1936 540 1982 permixta,
558 1946 782 1987 cunctosque
797 1941 934 1988 pariter
951 1942 1131 1989 homines,
1154 1952 1190 1982 et
1203 1947 1339 1992 asinos,

249 2003 288 2032 et
314 2003 445 2034 caetera
464 1997 522 2036 bis
539 2001 648 2038 etiam
679 2002 892 2049 ignobiliora
917 2007 1154 2044 animantium
1185 2021 1338 2056 genera,

249 2067 322 2095 uno
347 2069 496 2106 prorsus
527 2063 725 2102 miserabili
755 2067 923 2115 sepulcro
958 2069 1102 2108 obruta.
1146 2072 1234 2108 Nam
1271 2075 1339 2111 etsi

248 2123 443 2162 admodum
464 2132 674 2174 peccatores
691 2129 834 2167 fuerant
847 2132 908 2178 qui
930 2133 1013 2170 talia
1037 2136 1197 2182 perpessi
1217 2143 1336 2182 erant,

249 2181 360 2220 homo
381 2191 500 2224 tamen
519 2194 596 2224 erat
613 2188 700 2235 Noe,
723 2192 1016 2242 contribulesque
1035 2181 1122 2232 suos
1141 2197 1221 2234 nou‘
1233 2203 1336 2246 pote—

249 2253 304 2282 rat
321 2258 393 2284 non
413 2249 594 2288 miserari.
611 2247 751 2301 Quippe
762 2261 798 2292 et
809 2255 978 2296 Ezechiel
995 2270 1077 2296 cum
1091 2260 1210 2308 justus
1223 2269 1333 2308 esset,

245 2315 354 2357 atque
375 2310 555 2350 lsraelitas
573 2316 739 2359 maxime
749 2319 910 2358 omnium
931 2322 1115 2370 improbos
1134 2336 1334 2374 cognosce-

245 2377 314 2415 ret,
331 2372 456 2412 videns
475 2381 594 2414 tamen
617 2378 698 2416 illos
709 2380 865 2429 jugulari
884 2390 920 2421 et
938 2395 1122 2432 corruere,
1148 2389 1216 2427 hoc
1237 2391 1332 2429 idem

246 2445 374 2482 passus
393 2443 472 2483 est,
506 2447 616 2489 atque
637 2443 901 2493 illacrymavit,
930 2449 1072 2487 etiamsi
1099 2460 1204 2490 antea
1238 2455 1333 2492 Deus

243 2509 389 2537 omnetn
425 2501 492 2549 ipsi
525 2504 670 2544 illorum
705 2509 927 2556 impietatem
961 2514 1186 2560 revelasset,
1223 2526 1332 2565 atque

246 2561 332 2607 ipsis
350 2564 464 2601 oculis
484 2565 693 2605 intuendam
715 2571 942 2618 prwbuiSsct,
964 2581 1002 2611 ut
1018 2587 1099 2613 cum
1115 2577 1194 2615 illos
1211 2580 1329 2626 puniri

241 2624 450 2672 inspiceret,
473 2637 554 2664 eam
587 2631 832 2670 calamitatem
863 2634 1009 2674 fortiter
1039 2624 1234 2684 perferret.
1257 2640 1328 2679 Sed

238 2691 358 2724 tamen
395 2699 477 2726 cum
516 2696 617 2730 tanto
659 2696 896 2741 prazscientize
934 2699 1066 2738 solatio
1104 2711 1329 2754 pra‘paratus

236 2755 348 2795 esset,
382 2750 428 2789 ita
458 2765 604 2802 quoque
635 2758 836 2806 angebatur
865 2772 990 2800 eorum
1019 2750 1206 2812 cladibus,
1241 2779 1326 2806 cor-

237 2821 419 2861 ruensque
438 2816 618 2856 clamabat
634 2833 643 2858 :
659 2821 738 2859 Heu
760 2825 862 2871 mihi,
882 2824 1052 2872 Domine,
1074 2829 1167 2866 delos
1189 2839 1225 2868 tu
1243 2832 1325 2870 reli-

233 2875 332 2921 quias
361 2876 474 2915 Israel
505 2880 649 2929 (Ezech.
673 2884 708 2922 9.
733 2885 797 2933 8)?
819 2888 896 2926 Non
919 2892 1032 2929 semel
1055 2900 1176 2930 autem
1205 2895 1322 2935 solum

235 2946 428 2984 perpessus
442 2948 512 2988 est,
535 2944 600 2982 sed
619 2952 656 2984 et
675 2949 837 2987 secundo
854 2962 936 2988 cum
957 2953 1170 2992 Jechoniam
1191 2967 1320 2996 cerne-

232 3003 289 3059 ret
308 3001 482 3040 occisum.
503 3005 628 3056 Itaque
649 3015 685 3046 et
701 3009 792 3057 Noe,
813 3015 954 3052 tametsi
975 3016 1164 3056 innumera
1185 3021 1323 3059 sciebat

233 3057 376 3099 illorum
399 3075 482 3104 esse
501 3069 656 3116 scelera,
679 3082 750 3109 non
775 3080 893 3112 tamen
917 3077 1108 3118 Ezechiele
1125 3082 1202 3120 sive
1221 3083 1320 3122 Mose

231 3121 360 3162 τοι·ιίοτ
375 3134 475 3166 erat:
493 3132 627 3180 quippe
641 3141 677 3172 et
695 3135 756 3174 ille
775 3148 872 3187 s:epe
890 3140 1017 3179 eadem
1036 3155 1116 3193 qu:e
1143 3147 1319 3194 propheta

231 3193 358 3230 passus
389 3197 467 3236 est;
501 3203 695 3242 peccantes
723 3199 868 3239 intuens
901 3203 1094 3252 Ilchrzcos,
1135 3193 1220 3246 tunc
1253 3221 1318 3248 eos

231 3247 388 3314 maxime
413 3253 674 3301 miserabatur.
705 3263 852 3309 quando
882 3267 1052 3312 puniendi
1087 3277 1211 3315 erant,
1242 3283 1318 3310 ma-

227 3308 448 3377 gisque-ipse
465 3325 571 3362 quam
591 3321 650 3368 qui
671 3308 915 3369 puniebantur
931 3331 1142 3377 augebatur.
1225 3308 1315 3372 teni-

228 3382 316 3444 pore
335 3373 412 3412 Noe
437 3377 626 3419 calamitas
654 3384 762 3434 longe
791 3395 870 3426 erat
901 3373 1068 3439 gravior,
1099 3396 1233 3444 quippe
1254 3397 1312 3436 illa

226 3434 302 3472 sola
323 3436 502 3484 ejusmodi
525 3451 624 3480 mors
636 3444 732 3483 illata
745 3455 813 3485 est.
829 3434 919 3488 Cum
932 3453 1038 3501 igitur
1057 3434 1314 3504 tot-pr'einerc-

226 3506 283 3550 tur
303 3503 420 3548 malis,
441 3506 652 3554 solitudine,
670 3513 816 3552 miseria
833 3520 952 3564 gentis
970 3531 1059 3568 sine,
1081 3527 1310 3576 pereuntium

225 3565 468 3616 multitudine,
492 3574 620 3612 mortis
639 3586 789 3624 genere,
813 3585 919 3620 terra:
940 3586 1050 3624 totius
1069 3565 1308 3634 desolatione,

221 3632 330 3695 atque
360 3632 518 3681 undique
538 3647 676 3676 tticeror
702 3639 922 3682 incresceret
938 3676 948 3689 ,
971 3649 1090 3697 quise
1111 3651 1308 3690 vehemen-

224 3687 363 3752 tissime
381 3703 594 3737 concuteret
612 3728 621 3744 ,
643 3701 813 3750 adjicitur
832 3687 1004 3748 continui)
1023 3713 1096 3751 nati
1116 3721 1307 3752 contume-

220 3749 268 3820 lia
283 3779 294 3796 .
326 3758 555 3820 resrquidem
575 3749 836 3814 intolerabilis,
861 3773 1095 3820 turpitudinis
1115 3782 1149 3813 et
1170 3776 1308 3816 doloris
1329 3799 1332 3801 λ

224 3809 458 3886 incredibilis.
477 3822 620 3868 Quanto
641 3830 738 3868 enim
759 3833 959 3873 amieorum
981 3838 1117 3884 probra
1137 3841 1306 3886 graviora

352 3877 578 3949 inimicorum
598 3897 696 3936 sunt,
719 3900 820 3934 tanto
839 3877 1021 3946 injurim-a
1045 3900 1128 3938 filiis
1138 3877 1304 3949 acoeptte

218 3935 223 3942 .
687 3935 692 3936 γ
1003 3935 1020 3936 κ
1145 3935 1299 3949 Mur-—

215 3936 290 3977 illis
321 3940 428 3981 ctiam
462 3945 764 3995 intolerabiliores
800 3966 896 4000 sunt.
931 3962 1022 4002 Cum
1058 3963 1154 4005 enim
1192 3975 1299 4016 quem

755 229 793 267 S.
820 228 1010 268 JOANNIS
1027 229 1352 270 CHRYSOSTOMI
1379 231 1593 275 ARClllEP.
1617 239 1978 286 CONSTANTINOP.

2402 251 2456 290 436

1433 322 1630 362 genuerat,
1661 329 1770 364 quem
1799 319 2036 368 educaverat,
2066 335 2168 373 quem
2185 329 2456 384 erudierat,cujus

1431 375 1545 420 gratia
1564 375 1707 416 labores
1726 380 1902 428 plurimos
1919 394 1960 421 ac
1977 385 2116 424 dolores
2133 399 2296 438 curasque
2311 375 2457 436 tolerave-

1431 445 1513 480 rat,
1545 450 1626 477 eum
1649 452 1723 489 prae
1744 445 1886 482 ca-teris
1906 449 2252 490 centumeliosi'ssime
2273 465 2308 491 se
2333 464 2458 498 lmctane

1430 509 1612 547 cerneret,
1648 516 1693 542 ne
1724 505 1822 545 ferre
1849 509 1991 556 quidem
2021 512 2127 550 animi
2157 514 2304 554 dolorem
2329 527 2456 566 poterat.

1430 563 1656 604 Contumelia
1678 571 1811 618 quippe
1841 571 1953 610 libero
1974 573 2119 620 homini,
2141 583 2210 614 tum
2229 590 2288 626 per
2302 563 2338 618 se
2351 591 2398 620 est
2413 586 2456 622 ia.-

1431 629 1640 675 tolerabilis,
1675 639 1749 670 tum
1781 635 1810 672 si
1839 646 1858 672 a
1893 636 1977 674 filiis
2005 643 2216 687 manaverit,
2247 644 2278 680 in
2304 653 2456 694 stuporem

1427 692 1539 728 animi
1557 695 1757 741 convertit,
1780 700 1928 745 utpotc‘
1963 702 2193 740 atrocissima.
2219 705 2266 742 Tu
2290 692 2380 745 velim
2398 722 2454 748 non

1428 751 1462 789 id
1482 755 1591 792 modo
1615 755 1757 796 facinus
1775 761 2006 806 consideres,
2030 764 2090 801 sed
2109 776 2149 802 ex
2173 777 2214 803 eo
2231 768 2302 816 ipso
2317 771 2456 818 coniicias

1427 827 1534 862 quam
1557 818 1616 872 ille
1637 823 1900 860 contumeliose
1930 826 2040 872 priori
2063 828 2157 864 omni
2178 836 2325 878 tempore
2343 841 2456 879 patrem

1427 879 1607 918 habuerit.
1636 883 1702 928 Qui
1733 886 1830 922 enim
1865 895 2076 933 pra‘scntem
2107 892 2218 930 adhuc
2246 902 2340 931 tanta:
2367 897 2456 935 cladis

1428 948 1603 980 terrorem
1626 946 1803 992 habebat,
1833 959 1876 988 ac
1897 961 2010 1000 nuper
2029 963 2070 989 ex
2100 965 2236 992 carcere
2255 956 2308 994 illo
2325 959 2456 1002 exierat,

1425 1005 1598 1053 orbisque
1617 1009 1726 1046 totius
1744 1011 1986 1050 calamitatem
2005 1015 2156 1060 videbat,
2169 1028 2208 1054 ac
2225 1029 2265 1054 ne
2280 1021 2326 1056 sic
2339 1021 2455 1067 quidem

1424 1069 1638 1106 emendatus
1668 1071 1808 1117 fuerat,
1841 1074 1904 1111 sed
1935 1086 2014 1112 eum
2047 1087 2150 1124 quem
2172 1079 2307 1117 minime
2323 1085 2456 1119 omnium

1424 1129 1597 1168 debuerat
1617 1161 1625 1175 ,
1658 1137 1889 1174 contumeliis
1916 1137 2108 1182 afficiebat,
2142 1151 2250 1189 neque
2269 1143 2456 1182 infinitarum

1425 1194 1634 1232 mortalium
1669 1208 1756 1234 nece
1772 1227 1782 1242 ,
1818 1211 1935 1247 neque
1961 1202 2150 1239 solitudine
2167 1231 2176 1245 ,
2203 1215 2308 1251 neque
2327 1205 2379 1242 Dei
2397 1207 2454 1249 ira,

1423 1267 1542 1304 neque
1567 1259 1636 1294 alia
1664 1261 1733 1296 ulla
1763 1273 1888 1300 earum
1918 1275 2037 1302 rerum
2064 1277 2140 1313 qua:
2169 1273 2238 1304 tum
2266 1269 2455 1316 contigerant

1423 1319 1554 1355 melior
1582 1319 1734 1358 affectus
1755 1323 1871 1361 fuerat
1889 1337 1898 1362 :
1913 1326 2111 1371 cuiusmodi
2141 1327 2197 1364 ille
2216 1336 2292 1364 ante
2310 1329 2454 1366 diluvium

1423 1379 1509 1424 fuit,
1537 1392 1620 1420 cum
1651 1385 1828 1431 plurimos
1859 1387 2026 1434 haberet,
2059 1391 2116 1438 qui
2144 1402 2182 1429 se
2203 1391 2407 1429 hortarentur
2419 1393 2454 1429 ad

1421 1443 1532 1480 vitia?
1563 1445 1664 1484 'l'nnc
1683 1448 1780 1485 enim
1802 1450 1985 1497 proft‘cto,
2018 1459 2100 1490 tunc
2129 1455 2337 1492 molestiores
2352 1456 2456 1493 [luctus

1416 1505 1538 1554 justus
1559 1509 1618 1546 ille
1641 1512 1812 1557 pertulit,
1835 1525 1942 1562 qnam
1971 1515 2103 1554 fuerint
2127 1519 2184 1565 qui
2207 1526 2280 1566 post
2299 1519 2328 1556 in
2345 1519 2456 1556 diluvio

1419 1571 1664 1619 contigerunt,
1701 1584 1783 1612 cum
1819 1587 1882 1623 per
1916 1578 2028 1615 filium
2059 1590 2172 1624 suum,
2210 1588 2278 1618 tum
2305 1591 2360 1628 per
2383 1583 2454 1619 alios

1419 1643 1561 1672 omnes.
1587 1635 1674 1672 Nam
1707 1637 1742 1674 in
1771 1638 1908 1677 diluvio
1935 1641 2075 1688 quidem
2096 1643 2169 1680 sola
2191 1644 2282 1680 illtnn
2302 1655 2447 1691 aquarum

1419 1699 1614 1736 multitudo
1641 1703 1880 1750 angusmbat;
1910 1712 1994 1743 ante
2011 1705 2178 1743 diluvium
2199 1714 2308 1744 autem
2326 1707 2454 1753 nudique

1417 1763 1590 1808 nequitia:
1605 1764 1736 1813 abysso
1748 1767 2068 1814 comprimebatur,
2082 1779 2122 1806 ac
2133 1770 2358 1808 vehementius
2367 1780 2453 1815 quam

1417 1825 1590 1864 ﬂuctibus
1621 1828 1762 1866 insidiis
1797 1831 2098 1878 nequissimornm
2133 1832 2303 1869 hominum
2333 1831 2454 1868 collide-

1416 1887 1536 1924 batur.
1557 1889 1664 1927 Solus
1683 1891 1778 1928 enim
1796 1893 1944 1930 relictus
1960 1895 1994 1930 in
2015 1900 2111 1932 tanta
2129 1895 2345 1932 scelestarum
2361 1894 2454 1930 lmini-

1415 1962 1501 1988 num
1538 1953 1876 2006 llagitiosorumque
1897 1959 2124 1998 multitudine
2141 1989 2150 2006 ,
2181 1961 2243 1998 etsi
2273 1960 2350 1998 nihil
2375 1960 2452 1998 aliud

1414 2017 1646 2064 patiebatur,
1687 2021 1875 2060 irrisiones
1911 2031 2028 2061 tamen
2062 2025 2226 2072 plurimas
2261 2035 2298 2061 ac
2330 2024 2452 2061 dicteria

1413 2082 1576 2128 quotidie
1610 2085 1900 2134 l'ercbat:idqne
1928 2088 1958 2125 si
1993 2100 2061 2138 non
2083 2095 2208 2130 antea,
2238 2095 2303 2125 ttun
2324 2087 2453 2124 maxime

1411 2145 1558 2194 quando
1576 2147 1648 2184 illis
1665 2148 1711 2189 de
1729 2159 1811 2186 arca
1833 2151 1930 2188 etde
1962 2150 2090 2188 futuris
2119 2151 2270 2188 cladibus
2295 2151 2386 2188 verba
2411 2151 2451 2185 fa-

1410 2205 1544 2244 ciebat.
1565 2208 1661 2246 lstud
1681 2222 1768 2248 vero
1783 2219 1952 2259 quantum
1975 2215 2044 2250 vim
2063 2213 2186 2251 habeat
2207 2214 2246 2250 ad
2268 2212 2450 2260 perun-bam

1409 2269 1476 2307 dos
1495 2272 1652 2316 animos,
1675 2280 1828 2312 testatur
1843 2276 1901 2323 qui
1921 2287 1965 2314 ex
1987 2285 2088 2313 utero
2105 2277 2224 2314 matris
2242 2274 2450 2312 sanctificatus

1407 2340 1464 2370 est
1483 2334 1675 2381 Jeremias,
1693 2339 1752 2385 qui
1771 2347 1961 2387 propterea
1980 2341 2197 2388 prophetiam
2213 2350 2340 2388 quoque
2355 2338 2448 2384 ipsam

1409 2397 1616 2445 relinquere
1636 2400 1892 2438 meditabatur.
1914 2402 2000 2439 Dia-2'
2019 2404 2134 2448 enim,
2157 2403 2277 2450 inquit,
2297 2413 2356 2437 nm
2380 2410 2447 2447 pra-

1407 2460 1552 2506 pltctt:bo
1573 2461 1662 2511 (Jcr.
1683 2463 1745 2501 ‘20.
1767 2464 1820 2512 9).
1844 2465 2022 2502 Praeterea
2048 2465 2081 2502 id
2101 2465 2228 2509 solum,
2247 2462 2333 2512 qttod
2351 2461 2447 2499 nullus

1406 2523 1454 2558 illi
1473 2530 1552 2560 erat
1573 2525 1768 2571 unanimis,
1791 2527 1984 2575 nulluSque
2001 2529 2076 2564 suis
2093 2527 2246 2564 tuoribus
2265 2522 2444 2563 conformis.

1403 2592 1578 2631 quantum
1602 2587 1652 2623 illi
1683 2588 1804 2632 tzrtlii,
1833 2596 2007 2636 quantum
2040 2597 2140 2637 putas
2160 2588 2314 2626 numeris
2331 2583 2448 2622 offnde-

1403 2647 1482 2682 rat?
1501 2647 1627 2695 Neque
1650 2649 1731 2687 ideo
1751 2657 1888 2688 tantum
1904 2652 2114 2700 angebatur,
2134 2662 2250 2688 verum
2271 2661 2312 2686 ex
2328 2649 2447 2685 illorum

1401 2709 1634 2747 miseratione
1649 2712 1829 2750 cruciatus
1845 2714 2056 2752 innumeros
2069 2714 2272 2762 patiebatur.
2285 2711 2354 2748 Non
2367 2709 2447 2746 enim

1403 2777 1486 2808 tunc
1507 2772 1622 2808 solum
1645 2780 1800 2811 mearent.
1818 2776 1884 2812 viri
1903 2777 1990 2824 justi
2005 2805 2015 2821 ,
2034 2788 2114 2814 cmn
2135 2786 2259 2824 pravos
2276 2773 2447 2810 morielllﬂ

1399 2834 1593 2880 aspiciunt,
1612 2836 1674 2872 sed
1695 2837 1806 2873 etiam
1825 2848 1906 2875 cum
1931 2845 2120 2886 peccantes
2141 2838 2276 2880 vident;
2294 2836 2358 2872 imo
2376 2842 2446 2870 vero

1398 2896 1512 2932 multo
1540 2897 1696 2944 amplius
1727 2898 1796 2936 hoc
1826 2911 1934 2947 quam
1969 2901 2031 2938 illo
2067 2895 2382 2945 crucianturzquod
2409 2903 2444 2930 οι

1397 2958 1584 3006 pmpbetis
1607 2959 1779 2999 facillime
1801 2963 2040 3001 animadverti
2069 2969 2195 3011 potest.
2224 2961 2318 2998 AlitIs
2335 2957 2446 3006 ‘l‘iil‘l‘6

1395 3020 1536 3057 illorum
1558 3032 1680 3060 amare
1703 3023 1972 3071 ingemiscens:
1993 3025 2064 3069 Vw,
2082 3025 2210 3073 inquit,
2229 3023 2351 3064 anima.
2378 3018 2446 3066 quia

1394 3085 1494 3130 periit
1517 3086 1595 3132 pius
1623 3087 1665 3122 dc
1686 3094 1798 3131 terra,
1828 3100 1888 3125 nec
1920 3097 1969 3126 est
1999 3091 2034 3126 iu
2068 3089 2274 3129 hominibus,
2301 3085 2354 3134 qui
2369 3081 2444 3130 quod

1391 3155 1520 3184 rectum
1545 3156 1594 3184 est
1619 3150 1725 3196 faciat
1746 3150 1874 3198 (ΜὶεΙι.
1896 3152 1930 3190 7.
1959 3153 2010 3201 9.).
2035 3153 2134 3188 Alius
2150 3151 2192 3188 ad
2215 3151 2316 3186 Deum
2335 3147 2443 3192 loque-

1391 3210 1495 3247 batur
1515 3223 1522 3246 :
1543 3211 1660 3257 Quare
1695 3214 1875 3249 ostendisti
1903 3215 1987 3252 milii
2007 3215 2138 3251 labores
2157 3221 2187 3250 et
2208 3212 2333 3248 dolores
2349 3207 2444 3245 vitim

1389 3272 1543 3319 (Habac.
1570 3275 1605 3310 1.
1629 3274 1682 3322 5).
1703 3274 1750 3311 Et
1769 3275 1814 3312 de
1835 3275 1878 3312 iis
1898 3279 1958 3323 qui
1989 3277 2130 3324 injuriis
2150 3271 2440 3322 opprimebantur.

1388 3337 1540 3374 nimium
1574 3337 1774 3375 condolens
1805 3339 1951 3387 lugebat
1983 3341 2106 3378 dicens
2130 3352 2138 3375 :
2162 3338 2280 3376 Εηείιυε
2310 3333 2441 3370 Immin“

1386 3407 1422 3436 ut
1451 3401 1559 3446 pisces
1580 3402 1685 3438 muris
1705 3413 1774 3439 non
1801 3403 1964 3442 [tabentes
1984 3405 2101 3443 ducem
2121 3403 2226 3449 (Ibid.
2253 3400 2322 3447 Μ).
2352 3392 2440 3442 Qum]

1385 3464 1414 3501 si
1437 3471 1520 3502 tunc
1536 3465 1601 3502 ista
1613 3467 1890 3514 contingebant,
1905 3480 1986 3505 cum
2002 3470 2098 3516 leges
2110 3466 2305 3504 constitute
2318 3461 2438 3498 essent.

1383 3534 1419 3564 et
1442 3527 1622 3574 principes
1638 3557 1647 3573 ,
1669 3535 1706 3567 et
1720 3529 1870 3578 judicia,
1895 3538 1932 3570 et
1949 3531 2155 3570 sacerdotes
2170 3558 2178 3572 .
2199 3535 2231 3565 cl
2252 3523 2434 3590 ριύῐδῖωξφν

1382 3594 1418 3626 cl
1435 3589 1630 3638 supplicia,
1655 3593 1844 3631 considera
1867 3601 1998 3641 quanta
2029 3591 2250 3640 inqunlcntia:
2277 3589 2437 3633 magnitu-

1380 3651 1466 3689 dine
1486 3652 1554 3690 sub
1573 3653 1648 3691 Noe
1673 3662 1804 3693 cuncta
1833 3657 1972 3694 scelera
1999 3653 2330 3692 comtnittcbantnr,
2359 3652 2432 3682 ειιιη

1380 3715 1480 3751 nullo
1507 3714 1636 3753 horum
1665 3717 1784 3756 adhuc
1817 3719 1982 3756 hemines
2013 3718 2275 3754 cohiberentur.
2309 3711 2350 3747 Et
2377 3705 2436 3743 sub

1380 3778 1566 3824 prepbetis
1587 3779 1732 3826 quidem
1755 3792 1826 3818 non
1855 3780 1960 3818 valde
1989 3780 2148 3827 longaeva
2175 3782 2248 3813 erat
2273 3779 2358 3814 Vlla.
2378 3764 2434 3804 Sed

1377 3841 1606 3888 septuaginta
1631 3843 1688 3880 vel
1715 3843 1900 3892 octoginta
1929 3842 2034 3880 annis
2062 3840 2330 3878 terminabatur;
2360 3837 2434 3867 ωηο

1421 3930 1430 3981 ξ
1457 3935 1666 3981 Ittec,_ut_pote
1681 3934 1897 3981 atrocissime,
1915 3934 2035 3981 desunt
2050 3933 2082 3968 in
2094 3929 2182 3981 poli}.
2197 3934 2236 3981 et.
2244 3928 2274 3961 in
2291 3927 2374 3959 testu
2381 3921 2434 3954 5³·

1383 3971 1452 4015 ῆι,
1469 3970 1709 4011 δε.1ἰιιιῐ›ροιυτ
1726 3986 1758 4013 tu
1775 3970 1937 4014 uorelfet
1953 3978 1984 4013 in
2000 3975 2144 4018 maritine
2157 3970 2248 4007 5m"
