2726 4358
208 255 276 298 45"]

206 349 292 376 vero
310 339 354 376 ad
375 347 563 377 sexcentos
577 351 692 378 annos
711 347 747 379 et
765 343 856 380 ultra
877 345 1032 382 humana
1050 346 1120 381 vita
1140 345 1275 392 pertin—

203 401 324 448 gebat.
352 401 398 440 Ut
423 403 528 450 igitur
558 403 626 440 alia
656 405 834 450 omittam,
867 413 954 454 quot
985 400 1125 456 negotia
1152 406 1274 446 subire

203 463 399 510 cogebatur
418 465 476 511 qui
505 464 594 502 adeo
614 466 792 512 prolixum
814 468 882 505 iter
899 468 1065 516 gradiens
1083 469 1270 513 currebat,

203 535 246 562 ac
261 525 398 562 viribus
419 526 502 562 totis
523 527 732 566 intendebat
761 529 796 566 in
825 537 920 567 tanta
957 531 1023 568 vim
1051 531 1273 579 longitudine

204 596 248 624 ne
267 597 390 634 parum
411 587 556 635 quidem
575 589 767 636 divertere,
788 602 868 628 cum
885 592 1036 638 plurima
1051 601 1172 630 essent
1191 605 1271 641 qum

203 647 456 694 prohiberent?
474 649 518 686 Et
534 650 618 697 quid
639 651 720 688 dico
740 652 908 700 plurima,
929 663 1010 690 cum
1030 659 1102 690 tota
1121 665 1270 702 prorsus

199 708 271 744 vita
297 719 317 745 a
341 709 470 748 linilnis
496 711 538 746 ad
569 711 656 749 lines
688 719 792 750 terra:
821 721 918 751 esset
947 714 1174 763 hujusmndi,
1197 723 1268 754 tota

198 771 381 816 scopulis.
401 771 583 816 sentibus,
607 773 754 819 helluis,
798 776 988 823 squalore,
1025 779 1184 824 pcste',
1218 779 1271 816 al-

198 841 299 877 gore,
323 833 568 882 maleﬁcisque
587 837 714 880 plena?
729 836 902 884 Equidem
925 837 1064 876 facilius
1083 839 1266 876 existima-

199 891 311 929 verim
343 895 632 942 angustissimam
661 898 825 934 semitam
854 899 1132 946 profundissima
1163 906 1269 939 nocte

197 961 342 1000 semper
378 955 573 1001 incedere,
619 968 724 1006 quam
763 959 834 996 illis
868 961 1091 1007 temporibus
1126 961 1268 1000 virtutis

197 1013 291 1050 viam
310 1026 318 1050 :
335 1020 388 1051 tot
403 1014 569 1053 homines
617 1021 742 1062 erant,
767 1020 828 1068 qui
849 1030 999 1068 gressus
1021 1021 1120 1062 illius
1138 1033 1254 1062 cona-

197 1080 323 1112 rentur
353 1083 528 1114 evertere.
566 1076 658 1115 Cnm
696 1079 793 1117 enim
829 1080 996 1118 omnibus
1031 1092 1267 1130 quascumque

197 1137 309 1174 velint
329 1149 434 1184 agere
461 1139 597 1178 licitum
617 1142 677 1186 sit,
695 1153 788 1180 unus
815 1153 902 1181 vero
925 1145 1024 1181 Solus
1049 1146 1265 1182 contrariam

195 1199 366 1238 Omnibus
384 1201 526 1238 incedat
545 1204 636 1240 viam
651 1233 661 1248 ,
681 1205 824 1252 quando
843 1206 872 1242 is
890 1205 933 1241 ad
953 1206 1059 1242 linem
1079 1207 1268 1254 pervenire

195 1262 350 1307 poterit,
378 1263 518 1300 cunctis
539 1265 637 1301 illum
661 1273 759 1302 retro
779 1267 1171 1326 impellentibusatqne
1188 1269 1265 1314 pul-

193 1322 384 1359 santibus?
415 1323 526 1370 Cujus
553 1325 649 1361 enim
679 1325 898 1364 difficultatis
925 1327 971 1364 sit
994 1322 1074 1365 cuin
1105 1328 1266 1375 plurimis

192 1381 355 1429 degendo
375 1389 472 1422 recte
489 1377 654 1432 operari,
675 1387 892 1426 documento
913 1389 1016 1426 nobis
1038 1396 1122 1427 sunt
1143 1391 1179 1434 ii,
1202 1391 1262 1438 qui

191 1444 298 1481 modo
315 1456 456 1493 quoque
471 1448 681 1486 solitudines
699 1457 900 1497 occupant,
921 1461 1001 1488 cum
1025 1459 1144 1489 tamen
1165 1459 1265 1490 recte

191 1505 334 1542 vivendi
350 1508 499 1544 formam
514 1509 646 1556 ubique
659 1510 946 1557 disseminatum,
962 1513 1263 1562 conoerdiamque

191 1571 228 1602 et
242 1573 403 1604 mutuum
419 1579 578 1606 amorem
599 1581 668 1606 non
685 1572 850 1619 exiguum
871 1583 1020 1610 cernere
1040 1575 1074 1611 in
1096 1582 1262 1622 promptu

191 1628 249 1664 sit.
269 1628 369 1666 Tunc
386 1641 471 1667 vero
491 1632 576 1668 nihil
597 1633 723 1670 horum
747 1635 896 1672 inveniri
915 1643 1074 1683 poterat;
1095 1637 1158 1674 sed
1177 1648 1264 1674 con-

192 1693 245 1724 tra
265 1690 362 1726 illum
380 1701 506 1730 omnes
533 1693 618 1730 feris
635 1695 802 1732 omnibus
821 1696 1050 1734 humaniores
1071 1705 1186 1737 erant.

237 1750 273 1788 6.
287 1751 492 1800 Exemplum
512 1755 658 1792 Abrahae
677 1759 818 1806 profert.
829 1779 877 1786 --
891 1759 982 1805 Quid
995 1759 1100 1808 igitur
1112 1761 1179 1799 hac
1190 1763 1260 1799 vita

187 1812 396 1858 luctuosius,
411 1816 494 1862 qttid
510 1817 750 1856 laboriosius?
761 1820 934 1867 Equidem
955 1829 1185 1861 ostensurum
1202 1835 1260 1862 me

185 1875 420 1920 promiseram
445 1877 544 1916 illum
567 1880 679 1916 nihilo
696 1881 844 1919 meliore
862 1883 1068 1922 conditione
1089 1885 1197 1923 fuisse
1215 1885 1259 1922 iis

183 1936 242 1981 qui
269 1947 413 1984 semper
437 1949 547 1976 onera
569 1941 702 1987 ferunt,
725 1949 759 1980 et
779 1954 973 1992 numquam
1000 1947 1254 1994 requiescunt;

183 1998 244 2035 sed
275 2003 390 2037 oratio
418 2001 531 2039 multo
557 2005 711 2051 amplius
743 2005 860 2042 effecit
885 2019 894 2044 :
917 2018 987 2043 non
1017 2009 1134 2045 solum
1159 2011 1254 2046 enim

181 2070 252 2098 non
280 2062 442 2106 meliore,
463 2065 525 2102 sed
559 2072 594 2102 et
612 2067 716 2114 longe
747 2069 912 2115 graviore
929 2070 998 2106 illis
1017 2082 1058 2108 ac
1078 2072 1256 2110 deteriore

180 2125 386 2162 conditione
416 2126 526 2165 fuisse
557 2129 660 2166 nobis
694 2130 876 2177 patefecit.
912 2131 1061 2170 Videtur
1094 2135 1254 2181 plurimis

179 2185 361 2224 Abraham
381 2193 524 2226 aetatem
553 2201 694 2228 onmem
728 2202 901 2239 prospere
930 2205 972 2232 ac
995 2197 1187 2244 tranquille
1201 2199 1254 2234 vi-

178 2249 276 2286 xisse
298 2261 307 2286 :
325 2252 492 2298 quocirca
515 2251 692 2290 feliciores
709 2265 871 2302 quosque
889 2263 924 2293 et
940 2258 1096 2306 undique
1121 2256 1254 2296 ﬂoren-

179 2316 232 2348 tes
257 2312 307 2348 illi
339 2323 552 2360 comparare
571 2316 702 2353 solent.
725 2317 800 2366 Age
818 2329 904 2366 ergo
927 2319 1150 2368 inquiramus
1169 2323 1251 2360 dili-

177 2374 318 2420 gentius
349 2385 428 2422 qua:
449 2376 496 2413 illi
519 2379 760 2426 contigerunt.
781 2379 846 2417 llic
865 2380 952 2417 mihi
975 2382 1115 2420 videtur
1146 2384 1252 2434 longe

177 2437 338 2482 graviora
369 2449 474 2486 quam
505 2439 580 2477 Noe
611 2451 791 2490 quamque
821 2443 912 2480 Abel
947 2455 1164 2492 perpessus;
1185 2447 1250 2484 sed

178 2507 245 2544 ego
261 2500 374 2537 satius
395 2511 476 2539 esse
495 2511 538 2539 ac
559 2504 823 2552 mcliusjudico
842 2507 932 2550 nihil
949 2508 1092 2546 interim
1111 2509 1246 2554 dicere,

177 2559 292 2605 quoad
325 2571 444 2598 rerum
481 2564 632 2612 diligens
673 2566 849 2605 discussio
886 2572 1102 2608 sententiam
1143 2573 1245 2610 ferat.

177 2619 264 2664 Qum
285 2621 390 2668 igitur
409 2623 462 2660 illi
481 2625 514 2661 in
535 2627 680 2665 Perside
695 2636 731 2666 et
752 2640 866 2678 usque
881 2632 926 2670 ad
941 2635 1244 2682 septuagesimum

175 2691 307 2718 amnnn
324 2693 351 2718 c.
369 2684 550 2731 ntigernnt
569 2688 696 2734 tristia,
712 2691 837 2730 nullus
856 2700 979 2740 aperte
997 2695 1091 2734 scire
1112 2703 1242 2744 potest.

172 2741 295 2790 Neque
313 2745 408 2782 enim
425 2746 549 2785 beatus
561 2749 700 2798 Moyses
715 2753 792 2799 ejus
814 2756 918 2794 nobis
933 2741 1244 2805 temporisihisto-

172 2807 261 2843 riam
279 2808 435 2854 tradidit,
458 2811 520 2848 sed
543 2812 600 2849 illa
633 2815 730 2852 onmi
761 2822 866 2855 :etate
893 2821 1038 2866 omissa,
1059 2832 1078 2858 a
1099 2830 1244 2870 septua-

169 2870 308 2914 gesimo
341 2881 436 2908 anno
468 2876 688 2914 narrationis
719 2889 794 2916 sua:
828 2883 920 2929 cepit
951 2883 1105 2921 initium.
1139 2886 1241 2932 Quod

171 2936 288 2968 tamen
309 2938 345 2968 et
373 2933 448 2980 ipse
468 2937 564 2982 paria
587 2938 628 2974 iis
649 2951 728 2986 qua:
748 2940 834 2978 Νοίιξ
865 2954 1054 2990 perpessus
1071 2948 1130 2991 sit,
1157 2959 1239 2986 cum

169 2990 262 3028 inter
278 2999 328 3030 tot
348 2994 476 3042 impius
501 3008 542 3034 ac
561 2999 734 3038 barbaros
761 3003 862 3040 solus
889 3006 1056 3052 pietatem
1087 3009 1237 3054 CttiCl‘cl,

169 3050 237 3089 hoc
255 3063 339 3092 sane
357 3057 548 3104 incertum,
569 3069 606 3097 ut
627 3063 761 3111 reliqua
781 3067 1044 3118 obscurumque
1063 3083 1133 3110 nou
1154 3081 1209 3110 est
1227 3087 1235 3110 :

169 3113 240 3150 imo
255 3115 287 3151 id
309 3117 590 3165 insipientiSsimi
610 3135 752 3172 quoque
787 3127 890 3166 facile
920 3133 1123 3179 conjectare
1152 3147 1234 3182 pos-

167 3175 251 3210 sint.
273 3176 402 3216 Verum
435 3182 499 3219 ista
530 3195 674 3234 quoque
695 3189 800 3224 modo
819 3192 1040 3239 omittamus,
1063 3202 1170 3244 atque
1189 3199 1235 3234 ab

167 3237 278 3283 ipsius
311 3244 596 3288 peregrinatione
622 3250 820 3296 ordiamur,
857 3253 943 3291 illttd
972 3257 1087 3302 primo
1118 3259 1233 3307 inqui-

163 3305 287 3336 rentes
307 3301 521 3350 diligentius,
541 3317 674 3355 quanto
694 3313 828 3350 itineris
848 3317 963 3362 spatio
983 3318 1230 3359 Chaldarorum

166 3367 259 3397 terra
277 3373 294 3398 a
317 3363 502 3404 Pala'stina
521 3371 641 3417 distet,
657 3381 716 3410 aut
733 3387 895 3422 quarnam
918 3379 1022 3418 fuerit
1040 3384 1106 3421 via:
1135 3384 1230 3424 illius

161 3422 334 3468 conditio,
350 3430 527 3472 quomodo
545 3439 627 3470 tunc
641 3435 706 3471 sibi
727 3437 867 3475 misceri
885 3440 932 3477 illi
945 3445 1136 3491 potuerint,
1151 3450 1229 3495 quis

161 3484 268 3522 fuerit
299 3488 438 3524 vivendi
479 3494 616 3530 modus.
648 3497 724 3535 Non
757 3502 854 3538 enim
894 3484 974 3550 quia
1009 3484 1229 3548 facile’titnc

159 3547 274 3594 justus
293 3548 351 3586 ille
371 3551 540 3598 obedivit,
558 3568 614 3594 res
632 3559 714 3597 ideu‘
728 3563 840 3602 facilis
855 3568 1096 3615 existimetur;
1112 3583 1227 3620 neque

157 3610 326 3655 quoniam
347 3611 504 3651 breviter
522 3617 636 3657 Moses
663 3623 714 3659 rei
732 3635 843 3672 gesnu
869 3629 1016 3675 digessit
1047 3633 1222 3681 ordinem,

157 3679 246 3716 opus
279 3672 394 3718 ipsum
427 3677 617 3716 verborum
653 3683 861 3724 brevitatem
895 3697 997 3735 putes
1015 3693 1224 3736 imitatum:

155 3730 223 3768 ista
241 3737 336 3770 enim
355 3736 476 3776 dicere
496 3747 532 3778 et
553 3752 700 3782 narrare
719 3747 928 3788 facillimum
949 3759 1016 3799 est,
1039 3767 1144 3805 agere
1161 3771 1224 3798 au-

157 3801 226 3833 tem
252 3797 386 3838 laboris
417 3802 711 3856 difﬁcultatisque
739 3797 1098 3859 plenissimum-Via:
1117 3797 1222 3872 igitur

155 3859 254 3897 lSlinS
271 3862 530 3911 longitudinem
561 3872 820 3922 regionumque
845 3859 1148 3930 illlCI'Cflpt‘tiillc":
1165 3888 1219 3926 di-

187 3936 196 3956 ¹
218 3938 273 3972 Sic
294 3941 406 3983 (2011).;
420 3944 479 3978 sed
495 3946 586 3981 Savil.
607 3949 774 3994 etatorel.,
791 3954 890 3996 [ιιιιιε.

765 267 827 304 ΑΙ)
853 267 1103 306 STAGIRIUM
1132 270 1160 305 Α
1189 265 1390 304 ΟῘΕΜΟΝΕ
1422 269 1656 309 VICXATUM.
1686 273 1770 310 LIB.
1802 274 1844 311 ll.

2353 281 2422 320 458

1349 343 1518 390 ligentius
1536 347 1640 384 nobis
1655 359 1824 388 enarrare
1841 358 1989 398 possent
2009 355 2066 401 qui
2089 354 2170 392 inde
2188 355 2233 393 ad
2255 365 2319 394 nos
2337 368 2422 406 per-

1347 406 1546 450 venissent,
1570 409 1600 445 si
1619 410 1764 456 quidem
1787 413 1846 449 ulli
1871 413 1958 450 tales
1971 421 2092 452 essent
2113 428 2122 452 :
2146 427 2226 453 nam
2247 417 2418 457 hactenus

1346 463 1488 502 illorum
1521 470 1654 506 nemini
1684 474 1868 519 congressi
1897 485 2042 520 smnus;
2071 488 2180 515 unum
2203 490 2289 516 vero
2310 491 2352 518 ex
2376 481 2420 518 its

1343 525 1404 572 qui
1425 537 1467 563 ex
1487 528 1656 568 citeriore
1685 535 1866 578 provincia
1899 536 2094 575 adveniunt
2126 541 2234 585 nacti,
2261 551 2343 578 cum
2374 543 2419 580 ab

1343 586 1404 624 illo
1433 587 1700 636 inquireremus
1737 604 1908 642 quantum
1947 598 2086 638 itineris
2124 611 2232 648 agere
2272 611 2418 642 coactus

1342 656 1450 695 esset,
1473 653 1616 700 triginta
1637 663 1674 692 et
1701 657 1859 705 quinque
1887 659 2027 697 dierum
2060 672 2246 700 numerum
2277 665 2417 702 audivi-

1341 720 1422 748 mus
1443 724 1452 749 :
1473 718 1510 750 et
1529 714 1748 762 Babylonem
1767 719 1910 765 quidem
1933 719 1993 758 ille
2012 732 2205 769 numquam
2227 735 2266 762 se
2283 726 2418 764 vidisse

1340 772 1404 818 ait,
1425 775 1568 812 audisse
1589 782 1705 815 tamen
1729 779 1774 816 ab
1789 778 1832 816 iis
1849 782 1912 828 qui
1939 782 1986 819 ibi
2017 783 2161 822 fuerant
2191 787 2415 826 tantumdem

1340 835 1479 874 itineris
1505 844 1642 876 restare
1653 841 1929 886 conficiendum,
1949 850 1988 881 ut
2003 856 2047 882 eo
2065 848 2328 894 perveniretur.
2351 851 2416 888 At-

1339 908 1409 945 que
1445 899 1648 948 hujusmodi
1686 904 1855 942 distantia
1894 906 2054 946 locorum
2091 917 2126 947 et
2157 917 2241 949 tunc
2273 920 2352 950 erat
2377 920 2414 952 et

1340 970 1436 997 nunc
1466 966 1524 999 est
1545 975 1554 999 :
1577 974 1686 1010 porro
1716 966 1854 1004 itineris
1881 969 2040 1006 conditio
2062 981 2132 1008 non
2152 982 2195 1010 ea
2216 973 2324 1012 modo
2341 983 2413 1022 est,

1338 1031 1418 1068 qua:
1436 1026 1520 1060 tunc
1540 1023 1650 1063 fuisse
1669 1027 1840 1064 creditur.
1865 1029 1968 1067 Nunc
1999 1033 2094 1068 enim
2111 1039 2148 1070 et
2168 1035 2415 1074 mansionibus

1339 1085 1522 1129 perpetuis
1539 1085 1746 1124 distinctum
1765 1095 1833 1130 est.
1849 1096 1884 1126 et
1903 1092 2051 1128 urbibus
2069 1103 2111 1130 ac
2129 1095 2222 1132 villis
2241 1095 2414 1144 frequen-

1339 1142 1434 1180 tibus
1451 1152 1632 1192 ornatum,
1664 1149 1893 1198 viatoresque
1922 1153 2098 1198 plurimos
2129 1156 2330 1204 offendunt,
2352 1161 2412 1206 qui

1339 1205 1422 1242 illuc
1453 1208 1732 1255 proficiscuntur
1769 1214 1861 1260 quod
1896 1225 1966 1252 non
1999 1216 2117 1254 minus
2147 1218 2192 1255 ad
2209 1221 2413 1258 securitatis

1337 1268 1514 1306 rationem
1530 1271 1638 1316 valet,
1655 1284 1761 1320 quam
1791 1276 2011 1323 mansiones,
2028 1279 2134 1316 urbes
2162 1287 2270 1328 atque
2301 1281 2410 1319 villae.

1337 1329 1517 1368 Praeterea
1535 1340 1571 1370 et
1585 1345 1627 1370 ex
1644 1337 1828 1383 provincia
1847 1339 2031 1376 civitatum
2051 1342 2234 1388 principes
2251 1343 2414 1392 deligunt

1337 1392 1446 1439 viros,
1477 1397 1638 1442 corporis
1669 1399 1914 1446 magnitudine
1935 1408 1970 1438 et
1989 1402 2121 1440 robore
2149 1405 2290 1442 cunctis
2321 1417 2413 1454 prae-

1335 1454 1522 1500 cellentcs,
1547 1456 1740 1506 jaculoque
1757 1468 1794 1497 et
1811 1461 1919 1499 funda
1951 1469 2088 1501 tantum
2114 1464 2278 1504 valentes
2294 1478 2407 1516 quan-

1335 1523 1409 1553 ttnn
1430 1519 1486 1555 vel
1505 1520 1678 1566 sagittarii
1693 1523 1912 1570 sagittis,vel
1932 1528 2059 1564 armati
2077 1529 2182 1576 pilis;
2197 1532 2410 1581 statutisque

1335 1579 1486 1618 ducibus
1504 1583 1634 1628 quibus
1658 1585 1708 1621 illi
1735 1587 1998 1634 obtemperent,
2020 1590 2086 1627 hoc
2105 1591 2158 1628 eis
2179 1593 2326 1631 unicum
2356 1595 2410 1632 iu-

1330 1638 1486 1691 jungunt
1505 1655 1650 1690 manus,
1660 1647 1846 1696 solamque
1864 1650 2001 1688 itineris
2017 1653 2138 1690 tuendi
2157 1665 2278 1692 curam
2293 1664 2410 1695 custo-

1333 1703 1501 1752 diamque
1526 1707 1751 1754 permittunt.
1773 1711 1826 1746 Ad
1857 1711 1932 1748 haec
1951 1713 2056 1749 aliam
2079 1714 2186 1762 longe
2215 1717 2270 1753 his
2293 1719 2410 1755 omni-

1331 1764 1398 1801 bus
1415 1766 1678 1814 diligentiorem
1696 1773 2298 1820 curamexcogitarunt.llabitacula
2311 1780 2406 1818 enim

1331 1827 1430 1864 mille
1447 1830 1614 1875 passibus
1633 1830 1678 1869 ab
1696 1832 1852 1870 invicem
1873 1834 2040 1872 distincta
2060 1836 2187 1876 itinere
2209 1845 2282 1876 toto
2295 1841 2407 1880 fabri-

1329 1897 1466 1935 cantes,
1489 1899 1685 1944 nocturnos
1705 1895 1778 1934 illic
1798 1903 1960 1936 statuere
1980 1900 2161 1945 custodes,
2176 1913 2242 1950 per
2261 1904 2405 1944 illorum

1329 1952 1470 1990 labores
1483 1956 1668 2004 etvigilias
1689 1960 1884 1997 maximum
1905 1967 2031 1999 contra
2050 1963 2228 2002 latronum
2251 1967 2406 2014 impetus

1329 2015 1511 2053 munimen
1523 2017 1718 2056 viatoribus
1735 2022 2010 2060 constituentes.
2022 2023 2125 2063 Tunc
2135 2037 2221 2064 vero
2236 2029 2323 2065 nihil
2336 2029 2405 2066 ho—

1327 2089 1405 2116 rum
1420 2089 1511 2126 erat,
1525 2093 1596 2120 non
1609 2085 1701 2122 villm
1717 2094 1912 2134 perpetuae,
1924 2101 1994 2128 non
2013 2092 2134 2138 urbes,
2148 2104 2217 2130 nun
2243 2097 2404 2134 mansio-

1327 2152 1405 2186 nes,
1419 2153 1490 2180 non
1511 2144 1724 2194 diversoria,
1740 2159 1810 2186 non
1831 2151 1970 2189 itineris
1990 2155 2092 2199 socii,
2111 2166 2180 2192 non
2199 2157 2331 2206 aliquid
2347 2159 2404 2197 de-

1326 2205 1434 2253 nique
1455 2207 1787 2254 hujusmodi.Libet
1804 2225 1899 2254 nunc
1921 2217 2088 2256 omittere
2105 2221 2244 2258 semita:
2260 2205 2405 2270 asperi-

1325 2271 1433 2304 tatem
1447 2271 1610 2317 aerisque
1622 2273 1914 2323 inrequalitatem,
1929 2289 2024 2326 qum,
2037 2281 2104 2318 etsi
2119 2282 2238 2320 desint
2251 2284 2404 2332 alia,per

1323 2337 1364 2365 se
1382 2329 1575 2369 viatoribus
1587 2340 1670 2370 sunt
1695 2337 1962 2375 molestissima.
1987 2341 2113 2378 Testes
2133 2343 2220 2380 mihi
2244 2348 2401 2395 suntqui

1324 2389 1500 2428 vehiculis
1511 2392 1756 2443 jumentisque
1771 2397 1963 2444 vehuntur,
1976 2408 2013 2438 et
2027 2413 2072 2439 ne
2085 2403 2138 2440 sic
2152 2405 2298 2452 quidem
2313 2419 2400 2444 con-

1321 2460 1422 2490 sueta
1433 2453 1558 2492 itinera
1569 2457 1702 2494 audent
1715 2460 1892 2506 incedere,
1905 2462 1972 2499 nisi
1985 2465 2084 2510 prius
2095 2476 2136 2503 ea
2149 2475 2259 2504 strata
2275 2470 2400 2516 lapidi-

1321 2515 1387 2554 bus
1401 2517 1570 2563 viderint,
1585 2518 1776 2568 foveasque
1790 2523 1936 2560 relictas
1950 2535 1968 2560 a
1989 2528 2208 2565 torrentibus
2226 2515 2399 2577 implore-

1320 2578 1403 2622 riut,
1418 2585 1452 2616 et
1465 2587 1591 2618 cuncta
1605 2584 1928 2630 complanaverint.
1941 2585 2120 2624 Cmterum
2135 2594 2218 2627 tunc
2229 2591 2386 2630 inhabita

1319 2641 1378 2678 bili
1393 2643 1537 2690 regione
1554 2650 1633 2682 erat
1644 2645 1698 2683 via
1718 2647 1776 2684 illa
1791 2647 2074 2698 desertior,ipsis
2087 2654 2270 2692 mentibus
2289 2666 2378 2703 aspe

1317 2705 1405 2750 rior,
1421 2708 1682 2755 prteruptisque
1693 2711 1861 2748 omnibus
1875 2717 1913 2749 et
1923 2715 2130 2760 praeeipitiis
2143 2716 2380 2762 periculosior

1315 2767 1484 2804 Nondum
1506 2769 1540 2806 id
1559 2770 1654 2817 quod
1673 2777 1730 2808 est
1750 2773 1908 2810 omnium
1941 2776 2194 2822 gravissimum
2213 2777 2301 2822 dixi,
2324 2789 2394 2826 qua

1316 2829 1522 2868 conditione
1553 2835 1766 2870 commercia
1800 2840 1884 2872 tunc
1913 2843 2058 2882 essent,
2092 2839 2188 2887 quod
2229 2843 2395 2888 graviora

1315 2892 1456 2940 negotia
1475 2893 1678 2932 lacessebat
1693 2907 1800 2944 quam
1833 2897 1920 2945 ipsa:
1948 2899 2030 2944 viae,
2049 2910 2132 2938 cum
2154 2912 2282 2940 onmcs
2307 2911 2391 2942 tunc

1313 2965 1378 3002 per
1391 2963 1530 3003 gentes,
1551 2957 1625 2994 imo
1659 2969 1759 3004 vero,
1778 2961 1968 2999 ut‘vcrius
1988 2963 2127 3011 loquar,
2147 2976 2211 3012 per
2229 2967 2394 3006 civitates

1311 3017 1414 3054 divisi
1433 3025 1568 3056 essent.
1581 3019 1705 3069 Neque
1719 3023 1814 3060 enim
1833 3024 1938 3062 sicuti
1957 3036 2050 3064 nunc
2065 3027 2098 3063 in
2121 3029 2279 3066 maxima
2291 3031 2393 3070 orbis

1312 3087 1412 3126 parte
1425 3081 1484 3117 uni
1498 3081 1648 3129 imperio
1664 3085 1838 3132 uniusque
1849 3085 1976 3124 ditioni
1992 3091 2162 3128 mortales
2175 3101 2302 3130 omnes
2313 3105 2386 3132 ser-

1311 3143 1466 3189 viebant,
1480 3144 1692 3194 eisdemque
1709 3148 2003 3195 gubernabantur
2029 3152 2180 3199 legibus,
2195 3155 2259 3191 sed
2278 3155 2390 3194 veluti

1307 3216 1438 3252 corpus
1455 3207 1488 3242 in
1509 3209 1620 3244 multa
1639 3210 1804 3246 membra
1819 3212 2019 3259 concisum,
2041 3214 2086 3250 ita
2118 3215 2303 3254 hominum
2325 3229 2390 3266 ge-

1308 3279 1374 3305 nus
1389 3269 1630 3318 disgrcgatum
1646 3279 1736 3317 erat,
1751 3272 1946 3324 hostesque
1957 3287 2000 3313 ex
2025 3277 2186 3316 hostibus
2193 3279 2315 3328 justus
2329 3282 2390 3319 ille

1305 3339 1446 3369 mutare
1461 3335 1495 3370 in
1512 3335 1588 3372 dies
1601 3336 1810 3383 cogebatur,
1820 3339 1927 3376 etiam
1943 3345 2132 3388 antequam
2145 3343 2286 3390 priores
2299 3343 2390 3382 cllu-

1303 3404 1418 3442 geret,
1429 3409 1556 3435 rursus
1571 3399 1606 3435 in
1629 3401 1722 3437 alios
1736 3401 1911 3446 incidens,
1923 3413 2006 3440 cum
2020 3404 2104 3442 alibi
2116 3405 2260 3454 quidem
2275 3407 2385 3454 pluri-

1303 3469 1446 3495 morum
1461 3460 1681 3508 dominatus,
1692 3464 1777 3501 alibi
1794 3465 1912 3502 nullus
1925 3465 2182 3505 dominationis
2207 3467 2296 3504 ordo
2309 3477 2376 3504 ser

1303 3529 1459 3558 varetur.
1474 3523 1566 3568 Quid
1591 3524 1699 3571 igitur
1720 3525 1787 3563 hoc
1814 3527 1896 3564 vita:
1919 3539 2053 3576 genere
2079 3527 2383 3566 molestius?i\'on

1301 3584 1397 3619 enim
1410 3585 1477 3620 sibi
1489 3584 1554 3620 soli
1569 3587 1750 3624 metuebat
1759 3597 1801 3624 ac
1812 3588 1977 3635 pavebat,
1989 3600 2114 3626 verum
2127 3589 2218 3636 patri
2230 3595 2266 3625 et
2277 3589 2379 3624 uxori

1300 3652 1334 3682 et
1349 3647 1482 3694 nepoti.
1492 3645 1685 3686 Serrorum
1698 3661 1841 3698 quoque
1851 3662 1922 3688 non
1935 3651 2065 3698 exigua
2073 3655 2147 3686 erat
2159 3660 2258 3693 cur".
2269 3649 2378 3686 θῑῖίιιη

1298 3719 1379 3746 cum
1399 3709 1497 3747 domt
1511 3717 1646 3757 esseut,
1673 3713 1805 3751 nedum
1819 3721 1903 3751 tunc
1913 3713 2056 3761 quando
2077 3722 2140 3759 per
2153 3711 2268 3748 aliena
2294 3712 2378 3750 ferri

1297 3771 1531 3818 cogebantur.
1547 3773 1600 3810 Ac
1624 3775 1654 3811 si
1676 3775 1821 3822 quidem
1846 3774 2070 3821 exploratum
2099 3772 2160 3810 ille
2177 3773 2376 3819 habuisset,

1295 3833 1440 3880 quando
1451 3834 1510 3872 hic
1520 3846 1624 3874 error
1637 3837 1744 3874 tinem
1761 3837 1885 3873 fuisset
1899 3835 2098 3880 habiturus,
2110 3845 2178 3872 non
2195 3836 2289 3878 adeo
2299 3848 2379 3884 ειυς

1295 3909 1356 3936 ves
1372 3899 1440 3938 illa:
1451 3909 1550 3936 cura:
1571 3900 1680 3936 fuisse
1705 3899 1913 3936 viderentur
1933 3911 1942 3936 :
1959 3909 2052 3935 nunc
2079 3909 2164 3936 vero
2178 3909 2258 3936 cum
2283 3899 2373 3938 sim-

1297 3963 1437 4011 pliciter
1455 3970 1562 4012 atque
1574 3962 1759 4002 indefinite
1775 3961 1948 4000 audisset.
1960 3960 2004 4000 1η
2018 3969 2155 4010 terram,
2171 3974 2240 4001 non
2254 3964 2374 4011 istam,
