4004 6208
517 301 620 357 459

512 412 594 468 vei
611 413 774 476 iilam,
789 409 880 464 sed
896 425 1044 478 quam
1077 416 1410 460 monstravere
1432 405 1518 458 tibi
1535 404 1683 477 (Gen.
1707 403 1790 458 l2.
1812 405 1885 472 1).
1913 403 2089 456 omnia

511 510 688 555 mente
723 499 1417 568 circumibat,ingentesque
1451 497 1706 549 tumultus
1740 495 1916 547 animo
1953 493 2091 546 acci-

508 591 838 662 piebat,cum
871 604 1129 658 nusquam
1159 590 1347 642 sistere
1371 586 1740 655 cogitationem
1770 593 1970 652 posset,
1997 581 2089 636 sed

507 682 764 752 suspicari
785 682 1027 751 plurima,
1047 680 1292 750 curisque
1313 680 1429 748 angi
1453 687 1751 745 cogeretur.
1773 665 1924 729 Credi
1948 676 2088 728 enim

509 784 686 845 potest
729 774 795 827 ad
843 774 986 826 orbis
1027 784 1178 826 terra:
1223 772 1376 835 finies,
1408 771 1783 838 Oceanumque
1830 768 2000 836 ipsum
2032 781 2091 819 se

510 866 871 936 profecturum
935 875 1295 934 exspectasse.
1346 864 1526 930 Itaque
1573 861 1672 914 etsi
1719 877 1824 914 non
1871 874 2086 914 omnem

510 959 850 1027 perlustravit
877 966 1094 1021 terram,
1126 971 1308 1008 curam
1339 963 1513 1007 tamen
1543 952 1763 1020 hujusce
1806 951 1904 1004 sibi
1937 949 2087 1017 perﬁ-

507 1047 682 1102 ciendi
716 1049 916 1103 itineris
944 1045 1407 1115 sustinuit.Neque
1429 1045 1569 1096 enim
1592 1043 1769 1096 animo
1789 1041 1857 1094 ita
1882 1047 2092 1109 paratus

506 1149 640 1205 erat,
659 1140 806 1210 quasi
839 1140 902 1192 ad
934 1140 1097 1192 solam
1147 1153 1312 1206 usque
1357 1135 1690 1189 Palmstinam
1738 1131 2089 1202 profecturus,

507 1231 602 1284 sed
621 1229 770 1301 quasi
803 1229 994 1297 ubique
1019 1229 1292 1296 jubentem
1315 1236 1653 1296 sequuturus,
1674 1223 1881 1279 etiamsi
1908 1222 2090 1275 orbem

511 1333 677 1378 totum
709 1320 982 1392 pervagari
1009 1321 1304 1390 juberelur,
1335 1318 1538 1372 etiamsi
1571 1316 1635 1368 ad
1667 1330 1758 1368 eas
1798 1329 1913 1382 que
1944 1321 2090 1366 extra

514 1413 803 1468 habitatam
848 1420 973 1465 sunt
1022 1411 1221 1463 insulas
1259 1409 1534 1462 :!CCet.lCl‘c.
1587 1405 1737 1472 Quod
1785 1405 1829 1458 si
1873 1416 2092 1471 sperare

509 1503 834 1556 contrarium
867 1509 1131 1569 prarcepto
1161 1498 1433 1552 indefinito
1466 1497 1800 1558 suaderetur,
1828 1494 1877 1547 id
1909 1509 2092 1547 rursus

509 1602 624 1645 erat
652 1592 1104 1645 molestissimum.
1133 1588 1177 1641 ls
1204 1589 1345 1642 enim
1377 1588 1461 1656 qui
1491 1602 1651 1656 grave
1677 1585 1872 1656 aliquid
1898 1585 2096 1638 tolera-

513 1692 661 1736 turus
687 1691 789 1746 est,
826 1682 989 1734 multo
1012 1681 1112 1734 fert
1139 1680 1328 1740 levius,
1363 1679 1405 1731 si
1438 1689 1620 1747 aperte
1667 1677 1797 1731 sciat
1843 1675 1966 1746 quid
1995 1675 2095 1728 sibi

510 1773 877 1827 sustinendmn
904 1773 991 1836 sit,
1021 1781 1073 1825 et
1097 1770 1162 1824 ad
1208 1769 1332 1838 quid
1376 1783 1494 1821 sese
1541 1783 1842 1836 prteparare
1880 1766 2090 1831 debeat,

511 1878 668 1932 quam
700 1863 743 1915 si
768 1878 859 1930 per
881 1862 1056 1914 omnia
1088 1859 1500 1931 cogitationibus
1531 1857 1761 1928 jactetur
1812 1855 2092 1925 ambiguis,

510 1964 564 2010 et
591 1969 727 2008 nunc
755 1956 894 2019 beta,
929 1953 1084 2006 modo
1117 1952 1286 2006 tristia
1327 1961 1619 2021 exspectet,
1655 1963 1751 2004 nec
1784 1949 1950 2019 pOSsit
1978 1946 2092 2002 cui-

511 2062 668 2115 quam
716 2045 903 2098 horum
964 2043 1257 2109 conlidere,
1306 2059 1427 2096 cum
1478 2053 1759 2110 utrmnque
1791 2039 2097 2109 paritcrin-

511 2145 716 2192 certum
749 2137 930 2190 haberi
961 2137 1148 2206 possit.

583 2229 633 2281 7.
670 2228 798 2294 Quot
839 2228 1048 2282 adversa
1078 2228 1241 2279 tulerit
1272 2227 1544 2278 Abraham.
1568 2254 1637 2263 —-
1665 2223 1730 2279 Ει
1751 2224 1845 2276 ista
1881 2221 2094 2292 quidem

509 2328 791 2389 antequam
835 2319 885 2372 in
935 2319 1314 2387 I'eprOmissatt't
1359 2326 1553 2370 terram
1597 2317 1900 2386 pervenat
1933 2329 2095 2366 tcum

511 2429 639 2466 vero
671 2413 880 2465 tandem
907 2413 957 2464 in
992 2412 1321 2466 Palaestinam
1357 2413 1610 2477 venisset,
1646 2419 1698 2462 et
1728 2425 1783 2462 se
1806 2409 1912 2478 jam
1944 2407 2096 2476 quie-

511 2512 684 2554 turum
712 2511 972 2570 speraret,
1008 2510 1131 2554 tunc
1165 2519 1288 2555 vero
1317 2502 1486 2569 major
1517 2501 1665 2553 illum
1700 2500 1750 2552 iu
1782 2509 1935 2566 portu
1961 2508 2095 2550 tem-

512 2603 688 2661 pestas
736 2593 968 2662 excepit.
1015 2592 1111 2645 Est
1155 2602 1329 2645 autem
1377 2607 1438 2645 ca
1489 2607 1591 2643 non
1635 2591 1851 2644 minima
1899 2589 2098 2643 doloris

515 2690 670 2754 ratio,
699 2689 805 2742 imo
829 2689 1064 2741 oumium
1097 2686 1597 2749 intolerabilissima,
1622 2700 1741 2738 cum
1765 2685 1882 2754 quis
1907 2683 2098 2736 adver-

509 2783 583 2836 sis
611 2797 670 2836 se
707 2791 948 2851 ereptum
982 2793 1205 2850 putans,
1237 2791 1394 2849 atque
1422 2779 1486 2833 ad
1522 2780 1676 2832 linem
1713 2779 1884 2847 ipsqu
1917 2791 2098 2846 perve-

512 2873 653 2928 nisse
674 2917 688 2939 ,
727 2891 850 2928 cura
882 2876 990 2942 jam
1030 2874 1172 2926 oruiii
1208 2882 1260 2926 et
1290 2872 1608 2941 cogitatione
1638 2870 1846 2925 solutus
1867 2912 1880 2934 ,
1912 2882 2095 2923 rursus

511 2967 717 3020 iuitimn
750 2967 892 3020 aliud
925 2968 1182 3019 malorum
1204 2965 1432 3034 experiri
1460 2964 1822 3032 compellitur.
1854 2962 1983 3016 Nam
2007 2963 2095 3030 qui

511 3059 574 3111 ad
600 3059 816 3112 ferenda
847 3057 1068 3110 adversa
1098 3057 1270 3110 adhuc
1299 3066 1513 3126 paratus
1538 3065 1639 3122 est,
1663 3055 1897 3124 :cquiorc
1919 3056 2098 3108 animo

514 3151 611 3201 ista
642 3164 764 3201 cum
796 3149 895 3203 sibi
941 3149 1253 3212 inferentur,
1287 3149 1514 3216 excipiet
1548 3165 1560 3202 :
1593 3157 1648 3200 at
1675 3163 1802 3201 vero
1829 3146 1874 3200 si
1913 3146 2098 3217 positis

511 3254 760 3292 curarum
790 3239 1216 3308 cogitationibus,
1246 3240 1444 3308 aliquid
1478 3239 1778 3307 hujusmoili
1803 3240 2094 3306 contingat,

513 3329 718 3383 duabus
745 3345 813 3383 ex
846 3331 1083 3399 partibus
1113 3331 1374 3394 turbatur,
1402 3346 1462 3384 ac
1484 3339 1781 3399 expugnato
1807 3329 1972 3383 facilis
1993 3340 2094 3394 est,

513 3427 622 3473 tum
655 3419 776 3488 quia
812 3421 1171 3488 inexspectata
1205 3436 1291 3474 res
1323 3429 1424 3483 est,
1461 3430 1568 3474 turn
1597 3422 1719 3490 quia
1754 3435 1966 3474 omnem
2007 3437 2100 3474 cu.

514 3525 626 3563 ram
655 3518 708 3565 et
755 3519 1064 3580 apparatum
1098 3512 1360 3580 deposuit.
1391 3511 1644 3578 Qinenam
1673 3527 1800 3582 ergo
1832 3513 1927 3564 ista
1962 3520 2097 3565 tem-

512 3610 692 3671 pestas
716 3601 812 3656 fuit
829 3603 852 3653 ’ἰ
880 3601 1068 3656 Fames
1087 3603 1155 3654 ita
1176 3601 1345 3655 valida
1367 3603 1701 3656 Palestinam
1725 3613 2096 3671 occupaverat,

514 3704 569 3748 ut
591 3695 713 3749 inde
743 3697 994 3748 continuo
1024 3711 1310 3765 exsurgere
1335 3707 1551 3749 coactus
1579 3697 1666 3760 sit,
1687 3707 1844 3764 atque
1870 3697 1918 3748 iu
1939 3695 2102 3765 ASgy-

515 3795 662 3854 ptum
688 3786 968 3854 proficisci.
996 3786 1108 3852 Quo
1132 3799 1252 3839 eum
1279 3786 1628 3854 pervenisset,
1647 3786 1808 3839 veluti
1840 3786 2097 3839 malorum

510 3880 666 3932 linem
725 3878 1070 3942 inventurus,
1117 3878 1217 3931 alia
1263 3877 1410 3930 illum
1456 3891 1641 3931 rursus
1682 3875 1819 3930 fame
1862 3876 2102 3930 acerbior

509 3971 785 4024 calamitas
809 3970 1020 4035 invasit,
1053 3970 1186 4024 adeo
1217 3979 1272 4023 ut
1297 3969 1363 4023 de
1393 3984 1597 4022 summa
1624 3984 1802 4022 rerqu
1833 3967 2100 4036 periclita-

511 4072 679 4129 retur,
707 4072 863 4132 alque
913 4077 978 4116 eo
1021 4061 1225 4116 timoris
1253 4061 1509 4116 deductus
1533 4061 1620 4124 sit,
1651 4069 1709 4114 ut
1735 4059 1870 4130 quod
1897 4060 2100 4129 gravis-

513 4153 704 4206 simum
736 4161 818 4208 est
846 4153 1104 4214 omnium,
1136 4167 1354 4205 uxorem
1400 4151 1604 4205 scilicet
1661 4151 1851 4206 aliena:
1896 4149 2098 4204 libidini

510 4261 801 4316 exponere,
829 4256 970 4300 metu
997 4255 1211 4300 coactus
1236 4245 1476 4313 eligeret.
1501 4244 1557 4297 lu
1577 4254 1776 4298 tantam
1797 4245 1936 4298 enim
1977 4254 2102 4298 tunc

515 4338 889 4392 necessitatem
916 4337 1146 4400 devenit,
1179 4346 1234 4389 ut
1261 4338 1421 4390 etiam
1444 4336 1780 4391 simulatione
1812 4345 2050 4391 uteretur
2080 4353 2095 4391 :

509 4445 612 4496 quo
639 4429 762 4499 quid
785 4429 887 4483 dici
929 4428 1279 4483 miserabilius
1316 4428 1519 4499 possit?
1563 4429 1677 4495 Quo
1721 4428 1863 4482 enim
1922 4428 2100 4482 animo

513 4521 658 4574 illum
688 4520 850 4576 fuisse
880 4523 1174 4588 existimas,
1203 4537 1322 4576 cum
1351 4521 1499 4575 uxori
1530 4523 1597 4575 ita
1626 4522 1906 4577 consulere
1937 4537 2096 4590 coge-

509 4619 673 4677 retur,
704 4622 757 4666 et
786 4612 988 4667 diceret
1017 4631 1030 4664 :
1061 4612 1181 4668 Scio
1209 4629 1299 4683 ego
1340 4613 1474 4682 quod
1520 4613 1700 4666 mulier
1740 4613 1923 4666 decora
1969 4616 2099 4683 [acie

509 4701 595 4755 sis.
626 4702 734 4755 Erit
757 4721 874 4774 ergo
902 4721 1014 4757 cum
1045 4714 1090 4758 te
1109 4707 1322 4759 viderint
1346 4704 1602 4776 {Egi/pth,
1629 4706 1813 4758 dicturi
1840 4716 1956 4759 sunt
1980 4707 2098 4773 quia

514 4791 658 4846 Uxor
683 4793 820 4847 illius
841 4805 945 4860 cst;
977 4805 1021 4848 et
1049 4796 1343 4864 intcr/icient
1365 4815 1460 4861 me,
1491 4808 1534 4850 et
1565 4797 1882 4851 reservabant
1899 4807 1964 4851 te.
2005 4797 2096 4850 Dic

513 4902 633 4956 ergo
666 4885 786 4952 quia
833 4885 993 4939 Soror
1019 4888 1156 4942 illius
1189 4906 1320 4955 sum,
1353 4901 1406 4942 ut
1430 4890 1549 4943 bene
1570 4891 1692 4943 mihi
1712 4891 1774 4943 sit
1797 4900 1990 4958 propter
2029 4899 2094 4955 te,

509 4979 734 5038 vivatque
754 4977 924 5029 anima
946 4993 1054 5031 rnea
1072 4979 1131 5031 ob
1151 4981 1366 5049 gratiam
1394 4981 1466 5033 tui
1489 4979 1641 5048 (Cen.
1671 4980 1756 5034 12.
1781 4980 1857 5034 ll.
1890 4981 2097 5045 l3).llis

509 5069 688 5124 verbis
737 5082 863 5122 usus
915 5077 996 5121 est
1043 5069 1131 5138 qui
1191 5081 1406 5139 propter
1447 5071 1630 5134 Deum,
1663 5081 1720 5126 et
1777 5070 2018 5140 patriam,
2045 5080 2099 5123 et

509 5163 748 5228 donnim,
775 5169 828 5215 et
878 5159 1099 5226 amicos,
1147 5169 1201 5214 ct
1237 5171 1510 5230 cognatos,
1553 5162 1761 5231 aliaque
1807 5161 2096 5215 domestica

507 5254 686 5306 omnia
726 5251 1036 5318 dimiserat;
1085 5251 1174 5322 qui
1230 5251 1389 5306 talem
1437 5269 1725 5308 utrumnam
1787 5261 2098 5320 tantumque

511 5344 710 5398 laboris
757 5353 863 5397 tam
918 5345 1124 5414 prolixo
1181 5354 1420 5414 tempore
1461 5347 1512 5400 in
1568 5348 1755 5401 itinere
1813 5361 2097 5415 perpessus

428 5441 430 5443 ’
511 5436 683 5490 fuerat
711 5454 723 5489 :
756 5450 810 5491 et
839 5447 1013 5493 tamen
1047 5438 1174 5493 nihil
1205 5438 1504 5509 hujusmodi
1535 5442 1781 5510 loquutus
1801 5449 1902 5506 est,
1933 5447 2051 5506 puta
2077 5455 2091 5491 :

511 5524 742 5595 ltcliquit
789 5545 873 5583 me
919 5530 1074 5595 Deus,
1109 5540 1162 5586 et
1186 5541 1458 5587 aversatus
1487 5541 1586 5592 est,
1631 5545 1832 5599 suaque
1873 5544 2000 5583 cura
2044 5538 2097 5583 et

512 5615 838 5685 providentia
866 5623 1124 5688 exclusit;
1156 5623 1248 5676 sed
1294 5623 1500 5678 fortiter
1542 5624 1716 5677 omnia
1767 5639 1829 5679 ac
1870 5623 2099 5679 fideliter

511 5708 727 5775 pertulit
757 5729 768 5762 :
797 5720 845 5766 et
873 5713 962 5780 qui
991 5715 1217 5768 maxime
1235 5716 1493 5783 omnium,
1525 5730 1686 5772 uxore
1719 5732 1809 5788 per
1833 5731 2094 5773 summam

1223 294 1280 349 S.
1323 291 1598 349 JOANNIS
1635 291 2106 349 CIIRYSOSTOMI
2145 291 2466 346 AliClllEP.
2508 280 3044 344 CONSTANTINOP.
3138 328 3140 331 .
3611 293 3688 351 ιςο

2195 403 2300 454 vim
2325 398 2663 455 contumeliis
2683 397 2869 451 aITecta
2895 395 3050 451 irasci
3072 394 3338 460 debuerat,
3365 399 3526 467 agebat
3557 409 3690 459 omnia

2196 508 2261 546 ne
2292 489 2608 544 contumelia
2653 487 2932 541 manifesta
2983 486 3157 541 ﬁeret.
3194 485 3298 540 lloc
3321 502 3436 540 vero
3460 491 3695 559 cuiusmodi

2195 584 2439 639 mmroris
2483 596 2544 636 ac
2584 581 2782 634 doloris
2822 582 2910 643 sit,
2959 593 3206 633 sermone
3246 579 3478 647 explicari
3519 585 3695 653 nequit:

2197 685 2389 729 norunt
2417 675 2464 728 id
2489 689 2674 727 omnes
2700 673 2786 741 qui
2821 687 3019 726 uxores
3050 671 3324 733 duxerunt,
3355 681 3498 741 atque
3523 674 3567 726 in
3590 675 3695 729 zelo-

2201 766 2357 838 typia:
2386 779 2635 833 umquam
2666 762 3023 831 suspicionem
3055 761 3366 816 inciderunt.
3401 760 3493 816 Sed
3519 773 3564 816 et
3585 764 3696 819 Salu-

2197 873 2317 910 tnou
2347 871 2587 926 quzenam
2620 855 2687 908 sit
2725 853 2838 907 hare
2869 852 3044 922 passio
3077 851 3496 917 testatur,dicens
3521 871 3532 904 :
3560 852 3703 911 Plenus

2194 949 2326 1000 enim
2353 948 2457 999 zelo
2489 950 2632 1015 furor
2652 945 2742 997 viri
2770 945 2879 1012 eius
2905 946 2942 1009 ‘,
2967 960 3066 996 non
3095 952 3256 1010 parcet
3291 943 3338 995 in
3360 943 3432 995 die
3449 944 3619 1012 judicii,
3639 963 3700 999 nc-

2195 1055 2291 1108 que
2317 1037 2455 1090 nullo
2474 1036 2630 1106 pretio
2662 1035 2953 1088 inimicitias
2977 1035 3151 1098 solvet,
3176 1051 3330 1103 neque
3358 1035 3488 1087 donis
3529 1037 3702 1104 plurimis

2195 1128 2597 1183 reconciliabimr
2646 1127 2824 1198 (Prov.
2869 1127 2920 1182 6.
2981 1128 3069 1181 54.
3094 1126 3206 1196 35).
3249 1127 3310 1180 Et
3351 1143 3554 1181 rursus:
3581 1127 3706 1184 Fortis

2196 1231 2249 1272 ut
2278 1237 2408 1273 mors
2435 1218 2655 1283 dilectio,
2699 1220 2857 1272 durus
2884 1228 2935 1271 ut
2974 1218 3202 1289 infernus
3247 1218 3380 1270 zelus
3417 1217 3566 1290 (Cant.
3588 1221 3704 1290 8.6).

2170 1309 2346 1380 'Quod
2372 1313 2416 1366 si
2446 1313 2717 1382 zelotypus
2745 1312 2814 1364 ita
2859 1310 3217 1375 excandescit,
3250 1311 3293 1362 is
3321 1311 3404 1380 qui
3431 1312 3568 1363 tantis
3593 1327 3708 1380 pres-

2197 1421 2285 1459 sus
2316 1413 2430 1460 erat
2452 1403 2819 1468 incommodis,
2841 1413 2897 1456 ut
2917 1412 3194 1473 cogeretur
3222 1401 3300 1456 eis
3325 1418 3516 1472 quoque
3537 1404 3708 1466 adulari,

2196 1497 2284 1566 qui
2311 1512 2369 1552 se
2399 1495 2734 1549 contumeliis
2778 1494 3070 1556 al'ficerent,
3103 1502 3154 1548 et
3181 1509 3318 1562 quos
3365 1493 3529 1547 ulcisci
3561 1493 3710 1548 debac-

2199 1597 2503 1654 rat,euncta
2533 1587 2706 1639 facere
2730 1594 2784 1639 ut
2807 1586 3052 1638 libidines
3076 1585 3371 1654 explerent,
3395 1598 3572 1651 suaque
3593 1600 3710 1636 uxore

2199 1681 2518 1744 fruerentur,
2551 1693 2656 1746 quo
2686 1693 2789 1730 non
2816 1676 2919 1728 dici
2961 1685 3132 1742 potest
3163 1674 3538 1728 miserabilior?
3562 1673 3712 1726 Interea

2198 1785 2317 1822 cum
2352 1769 2446 1822 ista
2479 1784 2689 1837 quoque
2740 1767 2906 1819 tristia
2956 1766 3112 1818 linem
3140 1766 3487 1834 accvpiss‘cnt,
3525 1765 3606 1817 alia
3633 1779 3714 1816 rur-

2199 1875 2290 1914 sus
2333 1862 2554 1915 adversa
2593 1859 2964 1930 gignebantur,
2997 1857 3224 1927 fumique
3273 1858 3465 1912 hellqu
3505 1859 3714 1912 successit.

2198 1950 2396 2008 Omitto
2439 1968 2577 2005 nunc
2608 1952 2749 2004 rixas
2780 1959 2833 2004 et
2870 1952 3040 2019 jttrgia
3073 1963 3369 2018 paswrum,
3401 1949 3716 2017 separatiouem

2198 2060 2226 2098 a
2259 2042 2436 2098 fratris
2484 2041 2593 2096 lilio
2624 2059 2636 2095 :
2668 2039 2909 2109 quamvis
2957 2040 3052 2094 ista
3081 2056 3319 2109 quoque,
3349 2039 3392 2094 si
3417 2056 3528 2094 cum
3566 2039 3718 2092 exteris

2199 2137 2589 2200 examinentur,
2625 2147 2909 2188 mmrorem
2937 2146 3040 2198 non
3069 2131 3397 2186 mediocrem
3425 2130 3598 2185 inferre
3631 2145 3715 2198 pos-

2200 2228 2325 2282 sint.
2355 2227 2482 2280 Cum
2504 2227 2643 2280 enim
2677 2227 2718 2280 is
2747 2225 2836 2296 qui
2859 2232 3098 2279 servatus
3125 2223 3189 2276 ab
3213 2238 3280 2277 eo
3307 2225 3489 2285 fuerat,
3516 2222 3722 2289 tantisque
3803 2223 3805 2225 ’

2200 2335 2296 2388 per
2346 2319 2490 2372 illum
2539 2319 2732 2388 potitus
2787 2317 3119 2384 commodis,
3169 2318 3258 2380 qui
3314 2317 3410 2370 sibi
3464 2315 3628 2369 cedere
3662 2329 3726 2380 per

2201 2412 2398 2475 omnia,
2463 2421 2807 2479 pastoresque
2852 2426 2976 2465 suos
3027 2413 3308 2480 increwre
3355 2409 3617 2472 debuerat;
3652 2404 3729 2468 hic,

2201 2504 2418 2573 cptione
2467 2505 2754 2572 proposita,
2805 2502 3116 2557 fertiliorem
3164 2502 3261 2555 sibi
3307 2503 3562 2572 regionem
3585 2497 3729 2567 elegit,

2202 2594 2452 2648 incultam
2495 2595 2570 2648 illi
2608 2609 2670 2648 ac
2711 2594 3059 2648 desertiorem
3105 2595 3450 2664 relinquens:
3478 2591 3610 2662 quis,
3645 2603 3735 2651 oro,

2205 2684 2361 2740 facile
2408 2687 2588 2751 ferret,
2639 2703 2742 2740 non
2783 2687 2902 2740 dico
2947 2687 3359 2754 detrimentum,
3387 2687 3476 2740 sed
3523 2683 3733 2753 injuriam,

2202 2792 2323 2830 cum
2353 2777 2558 2830 videret
2582 2793 2659 2842 se,
2695 2778 2781 2847 qni
2816 2777 2984 2846 ipsum
3031 2777 3372 2840 honorassct,
3401 2791 3573 2847 parum
3612 2775 3736 2827 licito.

2204 2870 2350 2924 riliee
2398 2871 2636 2934 tractari,
2665 2885 2724 2924 ac
2750 2871 3008 2924 minorem
3051 2872 3298 2939 accipere
3325 2868 3562 2941 partem?
3587 2866 3631 2920 l.l
3652 2863 3738 2933 qui-

2201 2962 2322 3016 dem
2373 2964 2515 3016 omni
2572 2962 2893 3016 detrimento
2945 2963 3158 3032 gravius
3199 2972 3480 3023 censetur;
3538 2959 3621 3012 sel
3655 2958 3736 3007 ha'c

2206 3063 2380 3107 tamen
2433 3055 2675 3108 universa
2728 3064 2985 3122 prartereo
3017 3072 3028 3105 :
3059 3053 3126 3107 de
3155 3052 3460 3121 patriarcha
3494 3052 3643 3109 enim.
3668 3061 3742 3099 uoti

2202 3145 2269 3199 de
2291 3147 2478 3212 quovis
2508 3145 2720 3199 homine
2753 3146 2903 3200 nobis
2934 3161 3110 3198 sermo
3137 3153 3239 3200 cst.

2277 3237 2328 3290 8.
2358 3239 2624 3291 Successit
2656 3237 2729 3290 illi
2758 3236 2878 3290 fatui
2925 3236 3193 3289 Persicum
3237 3234 3462 3298 bellant,
3489 3233 3747 3303 cogiturque

2205 3330 2460 3384 adversus
2480 3330 2660 3383 hostes
2693 3330 2910 3382 victoria
2939 3328 3107 3382 elatos
3131 3329 3356 3382 militem
3385 3327 3572 3381 dueere
3597 3326 3652 3388 is,
3675 3321 3739 3389 qui

2208 3422 2466 3491 principio
2489 3437 2592 3475 non
2623 3422 2846 3474 all‘uerat
2894 3420 3039 3486 belli,
3073 3421 3295 3489 integris
3349 3421 3524 3474 adhuc
3551 3418 3747 3482 utrisque

2209 3513 2465 3582 partibus,
2499 3513 2593 3567 sed
2640 3513 2858 3566 victoria
2898 3512 3008 3582 jam
3046 3513 3226 3582 politis
3265 3513 3530 3575 hostibus,
3554 3525 3658 3563 cum
3677 3520 3747 3558 eos

2206 3622 2362 3661 nemo
2391 3608 2528 3661 ferre
2556 3617 2756 3676 posset,
2787 3605 2878 3659 sed
2929 3607 3015 3658 alii
3048 3605 3260 3676 quidem
3303 3607 3501 3675 passim
3535 3599 3752 3658 interierti

2203 3711 2404 3764 essent,
2429 3701 2513 3754 alii
2542 3717 2599 3754 se
2623 3700 2838 3753 latebris
2864 3709 2915 3752 ct
2948 3697 3080 3770 fuga:
3113 3699 3414 3763 dedissent,
3461 3707 3512 3752 et
3544 3692 3754 3762 reiiquiitl

2204 3795 2513 3848 servitutem
2539 3792 2753 3847 abducti
2786 3791 3026 3846 fuissent.
3075 3791 3178 3846 Sed
3212 3801 3395 3845 tamen
3453 3788 3578 3842 nihil
3607 3787 3756 3839 horum

2208 3885 2354 3939 illum
2383 3893 2437 3938 ut
2463 3884 2606 3937 domi
2633 3895 2870 3937 maneret
2900 3883 3130 3947 induxit,
3153 3881 3244 3936 sed
3273 3879 3580 3936 vehementi
3610 3889 3755 3929 manu

2206 3990 2264 4030 re
2295 3975 2572 4044 perculsus
2599 3974 2870 4043 profectus
2893 3985 2993 4037 est,
3044 3975 3155 4044 ipse
3179 3988 3401 4043 quoque
3440 3969 3665 4041 ejusdem
3690 3980 3757 4018 ca-

2206 4067 2455 4121 lamitatis
2482 4067 2745 4135 particeps
2776 4065 3001 4129 hiturus,
3028 4078 3190 4133 seque
3231 4065 3411 4132 ipsum
3458 4060 3592 4116 haud
3619 4056 3756 4111 dubii:

2205 4159 2322 4213 neci
2347 4158 2704 4226 expositurus.
2727 4155 2857 4210 Nam
2882 4157 3014 4210 velle
3040 4171 3157 4209 eum
3183 4155 3444 4208 trecentis
3475 4151 3636 4206 servis
3660 4145 3764 4204 suis.

2205 4251 2285 4304 vel
2319 4249 2526 4304 modice
2560 4249 2816 4318 pluribus,
2847 4247 3128 4302 adversum
3162 4247 3379 4301 hostem
3425 4237 3760 4300 numerosissi-

2208 4357 2354 4396 nmm
2380 4341 2635 4396 dimicare
2653 4342 2784 4395 nihil
2804 4342 2944 4394 aliud
2987 4341 3223 4408 proiecto
3265 4348 3412 4404 erat,
3436 4351 3595 4408 quam
3643 4345 3691 4386 se
3721 4334 3762 4381 cl

2204 4433 2488 4503 captivitati
2512 4443 2564 4487 et
2595 4433 2852 4502 supplicio
2883 4442 2936 4487 et
2966 4433 3122 4486 morti
3156 4433 3528 4487 acerbissima:
3569 4436 3764 4493 expone-

2206 4542 2285 4581 re.
2323 4523 2595 4580 Profecms
2632 4525 2806 4592 itaque
2829 4534 2929 4585 est.
2976 4532 3030 4576 ut
3053 4523 3166 4592 ipse
3208 4537 3430 4592 quoque
3477 4516 3766 4576 barbaricam

2207 4619 2586 4672 iuunanitatem
2616 4617 2974 4686 experiretur.
3005 4615 3200 4668 Verum
3261 4614 3356 4667 Dei
3384 4610 3659 4668 clementia
3677 4619 3768 4658 ser-

2207 4721 2377 4774 vatus,
2406 4709 2532 4761 fusis
2563 4707 2824 4769 hostibus,
2850 4707 3044 4776 przeda:
3082 4722 3144 4759 ac
3165 4706 3380 4774 cognati
3431 4714 3646 4772 compos
3669 4705 3768 4750 cum

2207 4810 2517 4865 remeasset,
2545 4814 2639 4853 sua
2679 4815 2864 4852 rursus
2914 4797 3244 4853 incommoda
3297 4797 3440 4851 ﬂere
3497 4791 3767 4863 cogebatur.

2205 4909 2326 4948 cum
2355 4892 2425 4964 pb
2445 4891 2705 4948 delectum
2734 4892 3022 4946 liberorum
3045 4891 3244 4944 nullum
3267 4891 3605 4960 relinqueret
3631 4884 3766 4937 barre-

2205 4987 2386 5040 ditatis
2455 5000 2840 5040 successorem.
2868 4983 2984 5038 Noli
3005 4983 3146 5038 enim
3169 4983 3509 5045 existimare,
3535 4991 3648 5033 cum
3675 4985 3768 5026 cum

2203 5077 2357 5132 audis
2383 5078 2657 5145 conqueri,
2681 5086 2731 5129 et
2760 5076 2824 5129 ad
2853 5076 3014 5130 Deum
3046 5075 3243 5138 dicere,
3279 5073 3426 5139 Quid
3479 5071 3601 5123 mihi
3618 5060 3769 5120 dabis?

2208 5185 2300 5239 ego
2331 5179 2497 5221 autem
2527 5169 2633 5221 sine
2652 5168 2819 5221 liberis
2875 5183 3020 5236 porco
3049 5167 3065 5235 (
3095 5164 3219 5220 Gen.
3270 5165 3360 5219 15.
3400 5164 3438 5217 2
3467 5162 3510 5234 ),
3554 5162 3678 5214 hanc
3719 5152 3769 5204 illi

2209 5270 2480 5318 recentem
2514 5261 2676 5316 fuisse
2703 5276 2765 5315 ac
2790 5275 2980 5314 novam
3009 5259 3335 5313 molestiam:
3365 5255 3490 5310 haec
3517 5253 3653 5307 enim
3675 5256 3767 5298 cum

2211 5365 2264 5408 ct
2289 5352 2594 5408 sollicitudo
2635 5368 2755 5406 cum
2793 5367 2988 5422 Sponsa
3021 5367 3120 5404 una
3152 5351 3202 5403 in
3233 5349 3462 5402 domum
3493 5345 3620 5416 justi
3664 5339 3770 5392 illius

2207 5448 2502 5511 introrerat,
2533 5447 2642 5500 imo
2688 5463 2816 5502 vero
2845 5455 2968 5500 ante
3020 5446 3190 5515 ipsum
3238 5445 3763 5512 ingrcssumsponsr.

2205 5541 2412 5610 Quippe
2431 5555 2619 5595 omnes
2640 5540 3034 5604 consuevimus,
3063 5553 3183 5592 cum
3225 5535 3524 5603 incipimus
3551 5532 3616 5586 de
3643 5532 3769 5582 uxore

2208 5636 2464 5705 cogitare,
2499 5633 2602 5703 iam
2633 5644 2757 5688 tunc
2783 5633 2860 5688 rei
2905 5632 3074 5705 ipsius
3105 5631 3244 5688 curis
3279 5627 3551 5685 carnibus
3597 5610 3766 5678 tentari.

2271 5747 2286 5778 ι
2314 5754 2476 5810 Deest,
2504 5748 2624 5810 ejus,
2645 5747 2693 5796 in
2716 5744 2844 5796 Colb.
