2726 4358
129 304 193 343 661

128 393 278 430 quarum
301 385 460 422 omnium
473 394 637 432 suprema
659 390 715 421 est
733 385 918 428 sterilitas,
937 389 1124 431 metusque
1145 382 1189 420 il-

128 448 162 481 le
175 455 219 482 ex
247 455 288 482 ea
308 446 366 483 die
391 452 532 482 nostros
565 447 705 483 animos
741 447 910 494 exagitat.
933 445 1036 492 Quod
1055 447 1084 482 si
1103 455 1191 482 con-

125 507 240 555 tingat
261 514 342 555 post
361 508 626 545 matrimonium
659 509 871 546 soiemniter
901 515 1096 555 peractum.
1116 508 1190 554 pri-

124 579 222 605 mum
243 569 484 606 etsecundum
520 570 598 606 sive
633 571 774 607 tertium
795 581 927 608 annum
959 571 1037 607 sine
1067 568 1190 606 liberis

123 632 287 674 transire,
307 638 392 668 tunc
404 631 478 678 jam
493 639 643 680 augetur
665 633 782 676 dolor,
802 643 844 670 ac
862 633 942 670 laeta
961 643 1043 682 spes
1061 631 1190 670 minui-

121 696 190 728 tur.
213 693 351 729 Rursus
368 693 490 740 elapso
512 694 638 740 majori
661 701 822 741 tempore
847 693 994 731 omnino
1023 703 1106 740 spes
1123 703 1188 730 nos

119 752 177 788 illa
195 753 342 799 deserit,
364 755 462 792 solus
482 765 614 792 maeror
635 757 791 792 animum
813 762 977 803 occupat,
997 757 1189 803 omniaque

119 815 199 850 vita:
215 815 371 862 jucunda
389 816 496 853 simul
539 817 768 860 obnubilans,
796 818 932 855 nullum
953 818 1058 855 nobis
1083 819 1186 855 volu-

119 883 224 922 ptatis
250 888 395 914 sensum
429 880 615 926 permittit.
640 879 846 928 ltaque'etsi
865 881 955 918 nihil
979 882 1187 930 contigisset

118 937 276 983 adversi,
297 945 496 987 cunctaque
511 940 556 976 ad
572 947 693 977 votum
711 942 985 986 successissent,
1010 943 1076 978 ista
1092 943 1183 980 libe-

117 1007 238 1034 rorum
257 999 390 1036 orbitas
407 1001 500 1038 laetis
518 1002 588 1038 illis
605 1003 712 1039 rebus
732 1002 889 1044 admota.
911 1009 1076 1040 cunctam
1089 1004 1184 1040 illam

117 1060 391 1106 prosperitatem
424 1062 610 1100 obnubere
643 1073 686 1100 ac
705 1063 864 1110 dejicere
885 1064 958 1100 sola
995 1065 1182 1111 potuisset.

114 1121 204 1161 Nam
217 1124 407 1169 promissio
422 1125 481 1161 illa
499 1125 618 1163 divina
638 1126 683 1163 ad
691 1127 694 1130 ‘
713 1133 912 1164 extremam
947 1133 1183 1170 senectutem,

114 1183 258 1230 quando
298 1185 454 1222 maxime
481 1186 738 1233 desperabatur
770 1187 910 1234 impleri
947 1197 1064 1234 posse,
1093 1189 1184 1225 facta

113 1253 169 1282 est
189 1257 198 1290 ;
218 1247 329 1294 priori
348 1255 470 1284 autem
489 1253 563 1286 toto
593 1255 758 1296 tempore
778 1260 797 1286 a
824 1251 920 1286 luctu
961 1256 998 1287 et
1027 1261 1183 1288 manere

113 1317 310 1354 numquam
326 1315 536 1345 vacaverat:
559 1316 764 1356 quantoque
783 1311 937 1358 amplius
950 1311 1071 1358 augeri
1089 1311 1178 1348 divi-

113 1370 180 1406 tias
208 1370 364 1413 videbat,
401 1377 499 1408 tanto
533 1372 676 1419 lugebat
709 1371 973 1417 vehementius,
1006 1383 1088 1410 eum
1109 1384 1179 1410 non

111 1437 220 1474 esset,
237 1430 365 1479 quihis
395 1432 562 1470 omnibus
598 1433 823 1470 succederet.
845 1434 935 1479 Quid
968 1445 1054 1472 vero
1078 1435 1178 1472 illum

112 1499 195 1530 tunc
223 1503 366 1540 passum
409 1501 528 1542 putas,
577 1495 723 1543 quando
755 1497 922 1533 audivit:
955 1496 1179 1548 Peregrinum

111 1555 172 1590 erit
189 1561 405 1592 sementuum
423 1558 458 1592 in
487 1563 577 1593 terra
605 1569 674 1593 non
691 1569 767 1601 sua,
797 1559 881 1594 etin
905 1560 1097 1596 servitutem
1123 1571 1180 1596 eos

109 1618 275 1664 redigant,
291 1624 322 1654 et
341 1619 488 1666 aﬁiiqml
505 1647 515 1662 ,
533 1626 633 1666 atque
651 1619 876 1657 liumiliabunt
898 1622 996 1658 annis
1011 1622 1178 1668 quadrin-

109 1678 216 1724 gentis
235 1677 248 1726 (
269 1677 355 1714 Gen.
390 1680 449 1717 15.
473 1680 517 1717 15
537 1679 549 1728 )
569 1680 584 1716 ?
604 1680 700 1718 Uxor
733 1689 852 1719 autem
882 1684 1046 1720 ancillam
1077 1695 1177 1722 suam

109 1749 203 1776 nunc
215 1740 280 1776 viri
305 1741 531 1788 amplexibus
557 1743 728 1790 jnngens,
766 1755 861 1781 nunc
882 1752 961 1791 post
985 1756 1066 1782 eam
1087 1757 1176 1784 con-

105 1800 327 1846 junctionem
359 1803 708 1848 expostulationibus
740 1805 839 1842 illum
869 1812 906 1842 et
940 1807 1176 1854 querimoniis

105 1863 256 1909 agitans,
277 1863 460 1910 Deumque
477 1865 650 1902 adversus
675 1877 758 1904 eum
780 1878 925 1911 vocans,
947 1875 982 1904 et
1000 1879 1078 1905 eam
1095 1880 1174 1916 qua:

109 1925 174 1961 tori
195 1926 372 1972 particeps
401 1925 528 1971 fuerat,
550 1938 630 1964 cum
654 1928 728 1975 jam
749 1929 860 1965 lilium
878 1930 1036 1976 paritura
1061 1937 1170 1976 esset,

102 1985 210 2024 domo
223 1987 417 2026 deturbare
431 1999 574 2036 cogens,
592 2001 782 2037 quemnam
799 1991 834 2027 in
857 2002 1047 2028 moererem
1067 2003 1172 2030 acer-

102 2049 288 2087 bissimum
311 2061 381 2088 non
415 2053 700 2100 przccipitassct?
721 2054 788 2090 lsta
819 2055 849 2090 si
867 2055 922 2090 cui
944 2054 1097 2092 fortasse
1116 2055 1168 2104 le-

102 2111 156 2147 via
175 2111 354 2157 videntur,
375 2113 404 2150 is
425 2125 506 2150 cum
539 2115 750 2162 cogitaverit
783 2115 936 2152 fautilias
967 2122 1004 2153 et
1041 2116 1170 2154 domos

101 2174 255 2222 integras
275 2175 402 2212 harum
419 2188 538 2214 rerum
567 2187 673 2214 causa
689 2177 820 2225 saepius
853 2189 1012 2223 eversas,
1031 2178 1168 2226 justum

101 2235 200 2272 illurn
231 2237 480 2275 admirabitur.
519 2239 596 2276 Etsi
629 2240 726 2277 enim
751 2241 887 2277 titnoris
921 2241 1031 2278 divini
1065 2251 1170 2278 causa

100 2295 239 2334 fortiter
253 2297 390 2334 ferebat
408 2300 542 2346 omnia,
560 2301 668 2338 homo
686 2308 803 2338 tamen
832 2307 922 2344 erat,
950 2302 1044 2338 etiis
1063 2302 1170 2340 rebus

100 2367 168 2394 non
187 2365 326 2405 poterat
340 2371 410 2397 non
429 2362 511 2408 angi
532 2369 640 2409 atque
658 2363 824 2400 cruciari.
843 2363 980 2400 Rursus
1002 2371 1121 2401 autem
1135 2365 1168 2400 in

99 2420 242 2458 domum
257 2423 386 2459 ancilla
403 2424 620 2472 regreditur,
641 2425 764 2472 illique
783 2425 931 2462 notltum
960 2428 1065 2473 parit,
1088 2427 1168 2464 effl-

101 2482 262 2528 citurqtte
289 2484 469 2521 Abraham
505 2493 607 2533 pater
645 2492 726 2534 post
761 2487 850 2524 illud
873 2489 964 2525 adeo
992 2489 1168 2535 prolixum

103 2549 242 2590 tempus
263 2555 272 2579 :
301 2545 482 2592 ineratque
501 2549 550 2586 rei
581 2549 746 2596 voluptas
776 2549 955 2596 quzcdam,
977 2548 1170 2598 scd'major

101 2613 206 2641 eausa
225 2605 374 2643 doloris.
394 2607 534 2645 Nothus
565 2610 660 2646 enim
694 2611 754 2647 ille
773 2611 866 2647 ﬁlius
895 2611 1042 2658 legitimi
1085 2623 1166 2650 eum

99 2665 330 2713 admonebat,
365 2670 550 2718 majusque
598 2673 691 2710 illius
719 2674 938 2711 desiderimn
971 2675 1164 2722 injiciebat.

99 2727 200 2772 Quod
215 2729 309 2766 ettim
327 2730 377 2766 illi
395 2731 528 2768 dictum
547 2741 622 2770 erat
645 2746 652 2770 :
671 2734 752 2771 Non
783 2737 846 2772 erit
865 2737 925 2773 ille
943 2737 1052 2774 Itwres
1071 2743 1164 2782 tuus,

98 2791 158 2826 sed
171 2791 228 2837 qui
245 2792 434 2837 egredietur
450 2804 492 2830 ea:
510 2800 540 2832 te
557 2795 568 2840 (
586 2793 678 2831 Ibid.
694 2796 743 2844 4)
761 2825 771 2842 ,
799 2797 843 2834 de
861 2797 1011 2836 lsmacle
1030 2796 1170 2837 dictum

99 2853 210 2892 fuisse
233 2854 474 2894 arbitrabatur
497 2869 506 2894 :
530 2859 666 2896 nullum
693 2860 788 2897 enim
821 2869 972 2901 eatenus
1003 2863 1048 2902 de
1076 2865 1165 2902 Sara

98 2926 309 2964 responsum
326 2927 528 2966 acceperat.

145 2978 373 3018 Sodomorum
402 2983 516 3020 clades
550 2986 682 3022 occasio
709 2987 862 3023 mmoria
887 2987 1094 3026 Abrahamo.
1118 3009 1166 3018 —-

97 3043 185 3080 Cum
206 3054 294 3082 vero
311 3045 455 3084 demum
475 3047 664 3085 clariorem
685 3049 730 3086 de
759 3049 858 3088 Isaac
891 3053 1164 3106 promissionem

98 3105 306 3152 accepisset,
322 3113 533 3156 tempusque
560 3115 684 3156 partus
704 3110 889 3148 deﬁnitum
911 3120 1018 3158 esset,
1039 3125 1165 3152 rursus

97 3173 285 3214 antequam
305 3170 381 3216 ejus
393 3172 469 3219 spei
487 3173 708 3220 voluptatem
729 3173 836 3210 ullam
863 3176 1026 3221 sentiret,
1047 3175 1164 3214 Sodo-

99 3237 239 3265 morum
259 3229 378 3268 clades
401 3231 579 3280 ingentem
597 3234 646 3271 illi
658 3235 824 3272 mteroris
843 3236 1009 3274 nebulam
1021 3237 1162 3276 offudit.

97 3290 186 3328 Nam
205 3291 301 3339 quod
319 3303 377 3330 res
397 3295 471 3340 ipsa
487 3296 621 3342 justum
638 3297 754 3334 virum
781 3298 970 3338 immodice
994 3301 1163 3339 turbave-

98 3354 158 3398 rit,
179 3363 224 3390 ex
247 3353 364 3390 verbis
384 3355 453 3392 illis
472 3367 513 3393 ac
531 3369 636 3404 prece
655 3369 762 3406 quam
782 3370 847 3406 pro
867 3361 1164 3406 eis-fudit,omni«

102 3415 169 3450 bus
189 3414 350 3462 profecto
370 3423 521 3454 constat.
541 3419 628 3457 Cum
657 3431 744 3458 vero
772 3423 912 3470 lapsum
931 3435 952 3461 e
981 3425 1074 3462 cutio
1092 3426 1161 3462 im-

99 3477 198 3514 brem
214 3478 313 3515 illum
329 3481 477 3517 omnino
497 3483 690 3522 terribilem
710 3493 890 3532 cerneret,
911 3496 1108 3536 cunctaque
1127 3492 1161 3528 in

97 3539 283 3585 pulverem
301 3545 336 3576 et
349 3541 506 3578 cinerem
537 3553 723 3591 convrrsa,
745 3559 862 3596 neque
883 3549 918 3586 in
949 3550 1070 3598 seipso
1087 3552 1160 3600 jam

96 3609 188 3638 erat.
210 3602 296 3639 Nam
313 3603 340 3640 si
352 3614 435 3640 cum
453 3607 576 3652 procul
610 3608 736 3647 domos
763 3612 902 3659 aliquas
941 3613 1164 3662 conﬂagrare

98 3664 264 3702 incendio
287 3665 463 3710 videmus,
480 3673 666 3714 stupemus
692 3681 734 3708 ac
752 3672 878 3710 dolore
913 3675 1128 3714 conﬁcimur
1149 3689 1160 3714 :

97 3727 180 3773 quid
209 3728 307 3765 illum
325 3739 468 3776 passum
487 3730 716 3774 arbitremur,
733 3735 840 3772 urbes
872 3736 1029 3784 integras
1047 3745 1082 3776 et
1101 3751 1161 3778 re-

95 3788 219 3835 giones
235 3799 317 3826 cum
339 3789 599 3830 habitatoribus
619 3793 786 3832 incendio
799 3807 868 3833 non
891 3805 1076 3846 consueto,
1099 3803 1162 3840 sed

99 3861 190 3889 novo
207 3863 248 3890 ac
266 3854 415 3891 terribili
451 3854 582 3893 ardere
612 3858 919 3905 eonsplcientem?
941 3862 996 3899 An
1013 3864 1076 3901 tibi
1091 3875 1161 3904 non

97 3913 235 3952 videtur
249 3915 337 3962 justi
365 3916 468 3962 hujus
485 3917 633 3956 aﬂectus
655 3930 842 3968 :equoreos
869 3923 1161 3975 deeumanosque

99 3974 221 4015 ﬂuetus
245 3977 376 4016 imitari
397 3980 412 4016 ?
441 3979 540 4018 Sicut
561 3981 657 4020 enim
685 3984 720 4021 in
752 3985 842 4024 mari
877 3993 1066 4036 antequam
1091 3974 1158 4028 llu-

710 304 771 342 ΑΙ)
795 305 1048 344 STAGIRIUM
1076 304 1103 341 Α
1132 303 1334 344 ΙΜΕΜΟΝΕ
1361 308 1600 349 VEXATUM.
1628 313 1712 352 LIB.
1737 313 1780 352 ll.

2261 323 2333 362 462

1268 391 1346 422 ctus
1367 387 1428 423 alii
1443 389 1657 436 quieverint,
1672 391 1730 428 alii
1749 404 1872 432 rursus
1889 396 2022 433 montis
2041 387 2152 435 instar
2177 397 2332 438 intume-

1265 454 1384 492 seunt,
1404 449 1451 486 ita
1471 456 1507 487 et
1539 461 1602 498 per
1630 459 1739 490 totam
1764 456 1831 492 viri
1849 457 1958 494 vitam
1978 461 2172 509 contigisse
2193 465 2333 510 perspi-

1264 509 1352 546 cies.
1381 510 1468 547 Nam
1487 521 1568 548 cum
1593 513 1710 552 adhuc
1729 515 1966 556 Sodomorum
2001 531 2128 559 recens
2157 531 2252 561 esset
2273 509 2332 562 illa

1263 571 1452 615 dcsolatio,
1465 584 1527 610 rex
1543 573 1688 612 Geram:
1705 577 1846 622 eadem,
1862 590 1942 626 quae
1975 581 2128 627 Pharao,
2150 584 2184 620 in
2206 586 2331 623 Saram

1262 635 1489 671 committere
1509 643 1660 674 conatus
1686 645 1754 683 est,
1779 650 1972 688 rursusque
1999 644 2128 681 mulier
2153 646 2196 682 ad
2219 647 2330 685 mise-

1261 695 1408 732 randam
1441 696 1708 736 simulationem
1744 703 1997 748 compellitur;
2020 710 2128 752 atque
2165 707 2199 744 in
2235 719 2328 756 opus

1263 756 1488 804 prorupisset
1519 768 1560 794 ea
1588 761 1818 805 contumelia,
1851 763 1918 800 nisi
1954 765 2192 810 prohibuisset
2222 769 2328 806 Deus.

1259 817 1346 855 Cum
1361 825 1478 856 autem
1497 819 1532 855 in
1551 827 1654 867 partu
1672 821 1768 858 illius
1797 829 1832 860 et
1861 835 1951 860 uxor
1963 826 2070 863 simul
2097 833 2134 864 et
2168 828 2272 872 ﬁlius,
2286 840 2329 866 ac

1259 887 1330 917 tota
1344 881 1475 918 familia
1491 883 1688 930 laetaretur,
1710 885 1808 922 solus
1822 887 1926 924 illein
1947 895 2046 926 tanto
2060 893 2218 928 omnium
2239 903 2328 940 gau-

1257 942 1316 978 dio
1338 943 1448 980 tristis
1464 953 1545 981 esse
1567 955 1611 981 ac
1645 956 1798 984 maerere
1827 949 2036 994 cogebatur,
2055 953 2221 990 ancillam
2242 966 2324 992 cum

1257 1005 1331 1041 lilio
1351 1004 1482 1051 ejicere
1495 1006 1718 1052 compulsus.
1737 1007 1814 1045 Etsi
1833 1011 1931 1046 enim
1961 1012 2092 1050 nothus
2123 1022 2201 1050 erat
2219 1023 2326 1063 atque

1255 1079 1298 1104 ex
1318 1067 1448 1104 ancilla
1468 1073 1573 1104 natus
1593 1069 1734 1115 lsmael,
1748 1073 1922 1110 naturalis
1951 1081 2070 1112 tamen
2109 1077 2164 1114 vis
2193 1080 2326 1116 amoris

1253 1141 1296 1166 ex
1313 1121 1523 1177 indignitate
1543 1129 1656 1167 nihilo
1669 1132 1787 1169 minor
1803 1140 1894 1178 erat,
1915 1145 2033 1182 neque
2049 1137 2323 1178 imbecilliorem

1255 1201 1486 1238 paternorum
1508 1199 1684 1236 viseerum
1699 1199 1860 1238 dolorem
1877 1201 2009 1239 fecerat
2024 1203 2228 1250 ignobilitas
2245 1217 2324 1242 ma-

1255 1255 1320 1292 tris
1344 1268 1352 1291 :
1373 1257 1536 1306 istudque
1553 1271 1597 1297 ex
1621 1261 1698 1308 ipsa
1717 1261 1877 1300 historia:
1896 1265 1990 1301 serie
2007 1275 2198 1312 possumus
2219 1267 2322 1304 addi-

1252 1326 1366 1354 scere.
1391 1319 1454 1356 Ille
1478 1322 1572 1358 enim
1590 1322 1705 1366 fortis,
1723 1324 1783 1362 ille
1803 1327 2052 1364 severissimus
2070 1334 2106 1365 et
2121 1330 2180 1376 qui
2199 1331 2322 1378 unige-

1255 1379 1368 1415 nitum
1390 1383 1546 1428 prepriis
1565 1385 1730 1422 manibus
1745 1391 1870 1432 postea
1886 1389 2115 1426 mactandum
2149 1393 2318 1438 suscepit,

1253 1451 1365 1478 uxore
1393 1443 1462 1479 sibi
1490 1443 1560 1482 hoe
1580 1446 1813 1493 praecipiente
1848 1459 1942 1495 aegre
1980 1449 2186 1496 ferebat,ac
2213 1464 2320 1489 num-

1251 1513 1356 1549 quam
1393 1503 1440 1540 illi
1474 1506 1656 1550 cessisset,
1693 1519 1885 1556 numquam
1915 1513 2214 1560 obtemperaSs-et,
2253 1516 2320 1552 etsi

1252 1571 1335 1601 tunc
1353 1566 1467 1612 major
1478 1569 1676 1606 accessisse
1700 1570 1884 1608 videretur
1901 1575 2112 1620 auctoritas,
2131 1576 2197 1613 nisi
2217 1578 2317 1614 illum

1251 1627 1362 1664 timor
1379 1629 1439 1665 Dei
1458 1629 1694 1669 vehementer
1729 1633 1944 1680 impulisset.
1967 1636 2091 1685 Itaque
2113 1649 2194 1676 cum
2215 1641 2319 1678 audis

1250 1689 1349 1726 illunt
1372 1691 1445 1726 Deo
1455 1691 1606 1738 jubente
1623 1693 1790 1731 ancillam
1808 1697 1974 1735 emisisse
2005 1709 2086 1736 cum
2122 1700 2211 1746 ﬁlio,
2231 1713 2318 1740 cave

1248 1757 1352 1798 putes
1369 1752 1503 1789 doloris
1521 1763 1628 1790 sensu
1647 1757 1822 1801 caruisse,
1853 1757 1922 1794 hoc
1941 1769 2036 1796 enim
2051 1767 2130 1797 erat
2150 1762 2318 1808 impossi-

1245 1813 1486 1857 bile;vcrum
1518 1815 1612 1852 illius
1635 1816 1754 1862 potius
1789 1818 2006 1864 singularem
2035 1821 2214 1861 admirare
2227 1825 2318 1862 ohe.

1245 1873 1430 1920 dientiam,
1448 1876 1543 1922 quod
1561 1887 1641 1914 cum
1659 1878 1768 1915 etiam
1793 1879 2032 1918 miserationis
2051 1883 2180 1920 alTectu
2197 1892 2315 1922 retra-

1245 1935 1404 1982 heretur,
1430 1937 1503 1976 Deo
1522 1943 1640 1976 tamen
1662 1950 1732 1976 non
1752 1941 1986 1988 contradixit,
2007 1944 2070 1981 sed
2089 1946 2209 1983 emisit
2227 1957 2310 1985 cum

1243 1999 1318 2036 tilio
1347 2008 1515 2044 matrem,
1551 2012 1724 2048 quorsum
1761 2003 1964 2051 profectura
1995 2013 2092 2044 esset
2129 2010 2308 2046 nesciens.

1243 2060 1434 2098 Tolerabat
1449 2069 1571 2100 autem
1601 2070 1712 2111 atque
1747 2066 1950 2104 sustinebat
1984 2078 2142 2106 mcerens
2166 2081 2174 2106 :
2196 2081 2315 2119 neque

1241 2123 1338 2158 enim
1357 2123 1416 2160 ille
1431 2129 1558 2160 natura
1574 2127 1740 2172 superior
1753 2135 1932 2165 evaserat.

1289 2183 1326 2219 9.
1349 2183 1399 2219 De
1414 2185 1584 2230 sacri/icio
1601 2185 1714 2222 Isaac.
1729 2207 1778 2214 -
1795 2188 1871 2225 Hoc
1887 2195 2006 2226 autem
2027 2196 2064 2228 et
2099 2191 2134 2228 in
2155 2191 2314 2240 legitimo

1243 2254 1369 2290 passus
1388 2251 1444 2281 est
1464 2245 1562 2282 lilio:
1583 2248 1702 2284 nullus
1713 2250 1809 2285 enim
1828 2260 1909 2287 eum
1930 2261 2000 2288 non
2017 2253 2175 2291 doluisse
2193 2255 2308 2300 dicat,

1243 2315 1358 2351 neque
1394 2312 1544 2351 paternae
1580 2308 1711 2346 affectu
1745 2311 1858 2348 fuisse
1892 2320 2128 2358 commotum,
2149 2327 2195 2353 ne
2225 2317 2311 2356 dum

1242 2367 1335 2402 ultra
1366 2367 1513 2404 modum
1543 2368 1638 2406 illius
1658 2371 1851 2408 ostendere
1885 2373 2013 2409 nititur
2029 2375 2310 2424 philosojihiam,

1241 2429 1341 2465 illum
1361 2439 1500 2466 summa
1520 2431 1666 2468 laudum
1693 2433 1853 2469 omnium
1873 2435 2002 2480 privet.
2029 2436 2118 2473 Nam
2141 2439 2170 2474 si
2187 2440 2220 2476 in
2249 2441 2312 2478 lla-

1238 2492 1334 2538 gitiis
1354 2492 1570 2538 turpissimis
1584 2493 1844 2540 deprehensos,
1860 2505 1903 2532 ac
1921 2495 2128 2544 longissimo
2147 2505 2310 2548 tempore

1241 2555 1310 2590 vita
1321 2555 1468 2602 potitos,
1488 2554 1705 2603 ignotosque
1720 2561 1757 2593 et
1772 2566 1861 2603 quos
1878 2567 2074 2604 numquam
2092 2567 2198 2596 antea
2218 2562 2310 2598 vidi-

1239 2628 1332 2661 mus,
1349 2627 1430 2654 cum
1445 2623 1596 2664 repente
1625 2619 1869 2666 conspicimus
1903 2621 1940 2657 in
1977 2621 2056 2658 foro
2075 2622 2119 2658 ad
2156 2631 2310 2662 mortem

1237 2679 1334 2722 duci,
1354 2679 1601 2716 misericordia
1629 2690 1672 2716 ac
1688 2679 1814 2717 dolore
1833 2680 2056 2727 conﬁcimur,
2080 2693 2176 2730 smpc
2189 2692 2308 2722 autem

1237 2742 1344 2779 etiam
1361 2742 1646 2790 illacrymamur:
1667 2742 1698 2780 is
1710 2743 1770 2790 qui
1787 2744 2009 2791 unigenitum
2024 2751 2060 2782 et
2078 2746 2306 2785 carissimum

1237 2805 1362 2848 ﬁlium,
1385 2805 1446 2852 qui
1464 2811 1597 2852 praeter
1615 2815 1731 2852 spem,
1748 2805 1808 2853 qui
1833 2810 1914 2852 post
1939 2811 2078 2843 tantum
2114 2809 2303 2855 temporis,

1235 2867 1352 2916 quiad
1372 2873 1570 2905 extremam
1591 2872 1814 2904 senectutem
1843 2873 1948 2904 natus
1978 2874 2076 2915 erat,
2097 2867 2176 2906 hmo
2205 2869 2301 2908 enim

1236 2931 1356 2967 omnia
1387 2930 1546 2968 excitant
1586 2930 1762 2977 majorem
1795 2929 1933 2968 doloris
1971 2930 2176 2978 flammam,
2209 2932 2306 2970 hunc

1235 2994 1354 3031 adhuc
1367 2993 1539 3040 juvenem
1555 2993 1630 3030 suis
1664 2992 1830 3030 manibus
1857 2999 2016 3030 mactare
2046 3000 2084 3030 et
2113 2993 2308 3032 incendere

1231 3056 1368 3104 jussus,
1385 3055 1474 3092 nihil
1498 3055 1694 3092 humanum
1707 3065 1833 3102 passus
1863 3055 2116 3092 existimetur:
2137 3056 2221 3103 quid
2239 3057 2308 3095 ista

1233 3118 1436 3156 dicentibus
1453 3117 1680 3156 ridiculosius
1695 3117 1711 3154 ?
1727 3117 1887 3167 Namque
1901 3117 1932 3154 si
1950 3117 2041 3164 lapis
2051 3123 2160 3162 esset,
2178 3118 2207 3154 si
2229 3118 2304 3156 fer-

1235 3190 1329 3224 rum,
1349 3179 1380 3216 si
1395 3178 1722 3225 adamasdenique,
1761 3185 1932 3225 possetne
1951 3189 2021 3215 non
2058 3179 2204 3223 molliri,
2229 3190 2300 3217 non

1235 3243 1347 3290 frangi
1363 3242 1406 3279 ad
1419 3242 1588 3279 decorum
1604 3241 1666 3278 filii
1693 3247 1876 3288 aspectum
1894 3241 2022 3288 ?(erat
2051 3241 2146 3278 enim
2171 3242 2205 3278 in
2227 3243 2306 3290 ipso

1233 3305 1350 3342 mtatis
1363 3304 1466 3352 ﬂore)
1492 3303 1536 3340 ad
1561 3303 1751 3340 verborum
1771 3303 1996 3350 prudentiam
2014 3309 2049 3340 et
2065 3304 2274 3351 religionem
2291 3305 2307 3342 !

1234 3369 1470 3416 Interrogavit
1487 3372 1640 3416 patrem,
1658 3367 1748 3403 Ecce
1761 3367 1854 3414 ligna
1871 3373 1901 3403 et
1915 3367 2028 3415 ignem
2045 3377 2059 3404 :
2073 3367 2130 3404 ubi
2147 3375 2196 3404 est
2207 3369 2277 3405 ovis
2288 3369 2308 3406 !

1232 3432 1382 3476 audivit,
1403 3431 1496 3467 Deus
1511 3430 1700 3477 providebit
1715 3429 1779 3466 sibi
1797 3441 1892 3468 ovem
1918 3431 1954 3466 in
1984 3429 2234 3474 holocaustum,
2252 3431 2306 3476 [ili

1232 3495 1278 3531 mi
1295 3495 1308 3542 (
1327 3493 1412 3531 Gen.
1428 3493 1490 3530 ἓξ.
1507 3493 1528 3529 7
1545 3493 1560 3540 )
1579 3504 1588 3529 :
1605 3492 1764 3540 nihilque
1779 3492 1988 3540 perquisivit
2004 3491 2170 3537 amplius.
2188 3490 2295 3536 ASpi-

1231 3559 1349 3596 ciebat
1361 3565 1500 3606 patrem
1521 3567 1559 3594 se
1580 3557 1766 3604 ligantem,
1783 3566 1851 3594 nec
1864 3555 2132 3594 reluctabatur:
2151 3551 2298 3598 imposi-

1233 3627 1289 3659 tus
1322 3631 1410 3668 rogo
1439 3630 1511 3658 non
1543 3620 1727 3658 resiliehat
1752 3619 2046 3668 gladitrm'contra
2081 3625 2121 3652 se
2153 3613 2299 3654 vibrari.

1233 3694 1348 3732 neque
1367 3681 1583 3720 terrebatur.
1598 3682 1690 3728 Quid
1712 3681 1782 3719 hoe
1806 3681 1927 3718 animo
1944 3672 2302 3738 religiosius-Mum:

1231 3745 1330 3783 bitne
1347 3754 1434 3792 ergo
1450 3744 1638 3792 quisquam
1661 3744 1777 3781 adhuc
1794 3743 1916 3779 dicere
1936 3737 2026 3803 nihil
2041 3737 2078 3803 in
2097 3733 2300 3803 litijrrsniodi

1231 3809 1398 3846 omnibus
1409 3817 1618 3856 perpessum
1632 3815 1713 3844 esttc
1723 3805 1903 3842 Abraham
1917 3801 1933 3836 Τ
1945 3799 1980 3836 Si
1992 3796 2300 3863 conamini-icui",

1231 3871 1261 3907 si
1279 3870 1421 3908 hostem
1439 3868 1694 3907 interfecturus
1721 3869 1830 3906 esset,
1855 3862 1964 3899 etiam
1985 3860 2015 3895 si
2035 3857 2154 3895 bellua
2177 3856 2298 3893 fuisset

1233 3941 1414 3976 immanis,
1435 3940 1521 3968 num
1543 3930 1610 3967 ista
1627 3929 1708 3965 sine
1725 3924 1849 3962 dolore
1861 3923 2105 3968 perpetrasset
2122 3919 2138 3954 τ
2246 3923 2298 3986 est

1235 3992 1306 4040 ita,
1327 4002 1398 4030 non
1434 3999 1502 4030 est.
1537 3990 1615 4028 Noli
1649 3989 1780 4024 iustum
1805 3985 1919 4021 virum
1952 3987 2058 4018 tantae
2081 3979 2302 4018 crudelitatis
