2726 4358
421 306 492 344 ἆιῖὖ

421 389 596 429 arguere:
615 377 761 416 dolebat
777 375 938 424 profecto
955 380 1062 421 atque
1077 369 1384 418 disrumpebatur.
1401 365 1510 408 Deus,

422 439 566 489 inquit,
596 438 784 488 providebit
808 437 873 474 sibi
905 437 1078 473 victimam
1105 435 1140 472 in
1168 434 1420 476 holocaustum,
1446 432 1512 478 ﬁli.

422 505 564 551 Quanta
583 503 818 540 miseratione
831 501 940 540 verba
960 502 1028 538 ista
1044 501 1150 548 plena
1171 499 1284 536 fuisse
1300 497 1514 535 arbitraris?

425 567 644 604 Continebat
665 576 704 604 se
724 572 860 611 tamen,
881 575 924 602 ac
946 561 1280 612 pretnebatdoloris
1297 561 1384 604 vim,
1407 566 1515 607 atque

426 633 494 670 ista
507 631 629 669 omnia
641 641 681 667 ea
698 629 885 666 alacritate
898 627 1152 676 patrabat,qua
1168 625 1328 663 facerent
1339 623 1400 672 qui
1415 623 1514 660 nullo

426 693 631 733 istiusmodi
666 693 930 742 impedimento
965 691 1254 730 continerentur.
1285 688 1512 726 lmmolatum

423 757 561 795 interea
585 757 696 794 tilium
727 756 878 804 (quippe
904 754 1099 792 devotione
1118 753 1218 789 illtttn
1246 750 1512 798 immolmeral)

423 830 552 857 sanum
571 829 696 857 rursus
715 825 824 867 atque
842 817 1062 855 incolumem
1083 817 1240 854 restituit
1259 815 1366 852 matri
1384 826 1513 862 :quem

424 882 483 920 illa
504 883 720 930 suscipiens,
736 886 929 928 antequam
950 879 1086 917 affatim
1103 878 1199 916 dulci
1216 884 1300 914 nato
1319 877 1512 921 frueretur,

423 947 584 985 excessit
612 957 632 984 e
657 947 730 983 vita
753 958 762 982 :
784 945 819 982 id
844 944 946 993 justo
976 943 1026 980 illi
1059 943 1218 980 maximo
1251 940 1398 978 maerori
1434 939 1513 976 fuit.

430 1009 508 1046 Etsi
536 1009 635 1047 enim
667 1009 778 1057 longo
807 1007 916 1046 simul
935 1007 1102 1044 vixerant
1125 1013 1286 1054 tempore
1303 1034 1313 1050 ,
1345 1003 1435 1042 nihil
1465 1012 1518 1042 la-

425 1082 510 1110 men
531 1072 750 1120 persuadere
763 1077 919 1119 poterat,
935 1076 976 1108 ut
995 1081 1079 1108 eum
1098 1080 1222 1107 casum
1244 1071 1360 1107 levius
1379 1069 1513 1106 ferret:

426 1138 501 1176 imo
521 1147 611 1176 vero
641 1137 710 1174 hoc
739 1137 856 1184 ipsum
875 1136 1054 1184 ampliore
1075 1135 1177 1172 illum
1198 1135 1328 1172 dolore
1344 1133 1516 1170 conlicie—

425 1200 500 1238 bat.
522 1199 685 1247 Namque
701 1198 959 1236 consuevimus
976 1208 1055 1242 eos,
1077 1198 1137 1245 qui
1157 1197 1312 1244 plttrimo
1325 1197 1514 1234 nobiscum

426 1269 592 1310 tempore
610 1262 804 1306 vixerunt,
832 1271 1048 1308 summaque
1073 1260 1219 1297 virtutis
1237 1271 1312 1297 suto
1332 1267 1370 1298 et
1390 1260 1516 1297 amici-

427 1325 486 1362 tiae
506 1325 612 1362 nobis
637 1324 852 1362 documenta
874 1323 1076 1368 dederunt,
1110 1324 1266 1360 maxime
1291 1323 1451 1360 Omnium
1474 1333 1517 1360 ac

427 1397 574 1424 summo
595 1386 777 1424 desiderio
798 1389 999 1432 requirere.
1035 1386 1211 1433 Quodque
1233 1387 1300 1423 ista
1319 1387 1372 1424 sic
1387 1397 1426 1422 se
1449 1386 1516 1422 ba-

427 1449 560 1494 beant,
597 1448 674 1496 ipse
705 1448 910 1496 patriarcha
940 1449 1044 1486 nobis
1075 1448 1234 1493 indicat,
1269 1449 1332 1496 qui
1358 1448 1445 1486 lletu
1473 1459 1517 1486 ac

428 1512 687 1549 lamentatione
715 1511 814 1547 illam
844 1516 1086 1558 prosequutus
1114 1516 1184 1548 est.
1220 1511 1308 1556 Quis
1336 1511 1411 1558 jam
1434 1511 1518 1548 reli-

426 1584 517 1622 quas
533 1583 641 1610 curas
661 1583 856 1610 recensere
876 1573 990 1619 possit
1007 1601 1016 1616 ,
1043 1583 1132 1620 quas
1151 1583 1216 1620 pro
1236 1573 1335 1616 lilio,
1354 1583 1421 1622 pro
1438 1573 1517 1620 ejus

427 1647 563 1681 uxore,
599 1646 665 1683 pro
687 1634 858 1672 fratribus
876 1635 971 1672 illius
990 1636 1177 1683 suscepit,
1206 1636 1348 1683 aliaque
1363 1636 1484 1672 omnia
1506 1645 1516 1673 :

427 1709 508 1745 quae
527 1698 587 1745 qui
606 1697 650 1734 ad
671 1698 844 1734 amussim
875 1698 1109 1735 c0nsiderare
1138 1698 1250 1744 velit,
1283 1698 1389 1745 longe
1417 1698 1518 1734 labo-

430 1760 619 1795 riosiorem
645 1760 733 1805 justi
765 1760 871 1806 hujus
901 1761 1032 1804 vitam,
1053 1761 1224 1807 curisque
1241 1761 1517 1798 cumulatiorem

431 1821 645 1868 perspiciet,
669 1832 776 1868 quam
795 1821 873 1868 ejus
901 1833 1008 1869 quem
1030 1823 1138 1868 pattlo
1163 1829 1246 1858 ante
1264 1823 1517 1860 indicavimus.

433 1883 617 1930 Praecipua
650 1883 746 1919 enitn
775 1889 914 1919 tantum
949 1883 1136 1930 Scriptura
1171 1895 1348 1929 narrans,
1387 1893 1518 1923 caetera

431 1946 535 1982 nobis
553 1946 673 1982 omnia
685 1946 926 1984 examinanda
943 1947 1104 1994 reliquit,
1125 1959 1206 1996 qua:
1219 1947 1348 1985 diebus
1363 1951 1517 1997 singulis

431 2007 628 2045 verisimile
661 2015 717 2046 est
749 2009 848 2046 dotni
878 2009 1112 2056 contingere,
1153 2010 1212 2046 ubi
1245 2019 1433 2048 servorum
1464 2018 1520 2049 est

433 2071 643 2115 multitudo,
673 2071 750 2115 vir,
786 2081 898 2116 uxor,
929 2081 973 2107 ac
993 2070 1080 2116 lilii,
1109 2072 1377 2120 multarumque
1397 2085 1518 2111 rerum

431 2143 516 2170 cora
533 2143 578 2169 ac
597 2133 816 2170 sollicitudo.
833 2133 884 2170 Ita
903 2143 1006 2178 sane,
1023 2133 1178 2179 inquies,
1199 2135 1264 2171 sed
1285 2135 1333 2171 illi
1348 2135 1518 2173 solatium

432 2194 570 2231 l't-rebat
589 2195 624 2230 itt
644 2195 794 2242 singulis
812 2195 1019 2242 ltujusmodi
1043 2195 1227 2242 adversis,
1247 2197 1344 2244 qttod
1372 2205 1520 2246 propter

435 2256 546 2291 Deum
579 2255 637 2292 illa
659 2257 779 2292 omnia
799 2263 996 2304 pateretur.
1033 2257 1079 2294 Et
1105 2265 1139 2295 te
1166 2259 1282 2306 ipsum
1305 2259 1414 2306 igitur
1431 2261 1518 2298 illttd

432 2318 693 2356 consolabitur.
729 2319 856 2358 Nullus
887 2321 985 2358 enim
1015 2321 1201 2369 profecto,
1225 2323 1292 2360 nisi
1317 2325 1434 2368 Deus,
1455 2326 1518 2362 tibi

435 2382 528 2420 hanc
548 2382 673 2420 inferri
690 2384 926 2421 tetttationem
948 2385 1126 2432 permisit.
1141 2385 1230 2422 Nam
1253 2387 1282 2424 si
1303 2397 1370 2425 nec
1388 2398 1518 2434 porcos

433 2444 581 2493 quidem
618 2445 791 2485 invadere
819 2447 1029 2495 nequissimi
1059 2447 1246 2486 dtetnones
1273 2451 1350 2486 ausi
1386 2450 1520 2487 fuerint

436 2507 579 2555 (Matth.
595 2507 630 2545 8.
647 2508 708 2546 50.
725 2509 852 2559 δείξει),
869 2510 937 2546 nisi
954 2511 1054 2558 prius
1070 2511 1131 2548 ille
1143 2513 1382 2558 permitteret,
1403 2513 1519 2551 multo

433 2568 554 2608 minus
575 2571 769 2618 pretiosam
789 2572 962 2609 animam.
986 2572 1088 2610 Sicut
1118 2574 1226 2621 igitur
1252 2576 1330 2612 viro
1355 2576 1404 2612 illi
1422 2576 1518 2624 quod

434 2631 575 2670 fortiter
606 2633 726 2670 omnia
757 2640 794 2671 et
825 2645 908 2671 cum
937 2636 1136 2682 gratiarum
1165 2639 1306 2676 actione
1328 2638 1462 2681 ferret.
1485 2641 1519 2676 itl

435 2695 584 2732 multaut
606 2695 758 2732 contulit
776 2695 994 2741 mercedem,
1015 2697 1064 2734 ita
1080 2699 1195 2744 pariet
1211 2706 1247 2736 et
1266 2701 1343 2742 tibi,
1363 2701 1392 2738 si
1413 2701 1539 2737 modo-

437 2768 509 2794 non
528 2758 685 2806 graviter
703 2764 811 2806 atque
830 2758 1060 2805 indignanter
1078 2760 1170 2798 feras
1184 2789 1194 2807 ,
1215 2763 1278 2799 sed
1297 2763 1332 2799 in
1352 2764 1520 2800 omnibus

434 2821 570 2866 gratias
597 2831 682 2868 agas
702 2820 988 2858 clementissimo
1007 2823 1096 2860 Deo.
1132 2823 1220 2860 Nam
1241 2830 1278 2861 et
1307 2825 1433 2864 beatus
1451 2825 1520 2863 Job

434 2892 477 2918 ea
493 2892 573 2929 qum
589 2892 716 2929 passus
733 2889 802 2924 est,
821 2883 893 2920 Deo
910 2884 1140 2930 permittente
1157 2896 1350 2933 perpessus
1364 2895 1420 2924 est
1440 2900 1448 2923 :
1465 2899 1521 2925 co-

435 2946 536 2982 ronis
557 2952 674 2983 tamen
695 2956 766 2982 non
787 2945 868 2983 ideo
883 2952 1019 2984 tantum
1035 2947 1191 2985 donatus
1205 2957 1274 2992 est.
1293 2951 1374 2998 quia
1395 2961 1520 2998 passus

435 3015 506 3052 est,
517 3019 641 3046 verum
653 3009 761 3046 etiam
773 3010 855 3056 quia
867 3017 992 3048 contra
1001 3011 1152 3049 adversa
1165 3013 1286 3050 omnia
1297 3013 1399 3052 fortis
1411 3021 1520 3062 atque

439 3073 654 3110 inviolabilis
669 3073 848 3121 perstitit;
867 3074 1160 3124 admiramurque
1173 3078 1273 3114 illurn
1289 3089 1430 3123 omnes,
1447 3077 1528 3115 non

437 3133 534 3180 quod
550 3135 708 3182 privatus
725 3136 892 3174 omnibus
912 3147 932 3172 a
951 3137 1094 3174 diabolo
1111 3138 1230 3184 fuerit,
1249 3140 1312 3177 sed
1328 3141 1409 3188 quia
1427 3141 1521 3177 inter

439 3194 517 3232 bace
534 3196 654 3232 omnia
674 3208 744 3234 non
765 3198 982 3244 peccaverit,
1005 3209 1050 3236 ne
1070 3199 1104 3236 itt
1124 3199 1226 3238 labiis
1244 3202 1388 3248 quidem
1405 3203 1494 3238 suis.

489 3257 547 3295 10.
569 3258 669 3295 Redit
688 3260 734 3296 ad
753 3261 948 3306 exemplum
969 3261 1086 3299 Isaac.
1103 3282 1152 3290 -—
1169 3264 1346 3310 Quoniam
1368 3275 1453 3302 vero
1475 3264 1519 3301 de

439 3319 508 3355 Job
533 3323 752 3358 mentionem
777 3322 864 3368 feci,
895 3324 1024 3362 vellem
1044 3326 1189 3373 quidem
1209 3327 1314 3376 longa
1337 3328 1448 3374 ipsius
1467 3328 1518 3364 la-

441 3389 576 3429 menta,
599 3387 878 3434 passionttmque
893 3387 1157 3428 vehementiam
1179 3392 1344 3439 persequi
1367 3404 1375 3428 :
1394 3403 1519 3428 verum

441 3456 486 3483 ne
504 3447 676 3494 prolixior
693 3449 776 3492 sim,
799 3450 842 3486 ad
862 3449 961 3489 Isaac
979 3452 1105 3490 redeo.
1127 3453 1240 3491 Porro
1258 3457 1287 3491 si
1304 3455 1406 3500 cupis
1425 3453 1519 3490 illius

438 3509 561 3546 omnia
579 3509 788 3558 diligentius
807 3512 994 3552 addiscere
1011 3543 1020 3558 ,
1048 3515 1178 3552 librum
1211 3517 1326 3564 ipsum
1349 3516 1383 3552 itt
1402 3515 1518 3552 mani-

441 3572 506 3607 Itus
527 3581 690 3614 sumens,
712 3573 835 3621 aspice
857 3575 892 3612 in
910 3577 1080 3624 abyssum
1101 3577 1314 3614 altissimam
1333 3577 1520 3614 calamita-

441 3639 516 3670 tum
537 3634 624 3680 viri,
657 3635 922 3685 plut-imamque
949 3638 998 3674 ibi
1027 3639 1313 3676 consolationem
1339 3639 1518 3675 invenies.

438 3696 581 3741 Quanto
599 3699 697 3736 enim
718 3700 845 3736 melior
861 3700 980 3747 justus
1008 3700 1068 3736 ille
1093 3708 1148 3738 est
1179 3711 1286 3748 quam
1313 3711 1400 3745 nos,
1420 3707 1519 3738 tanto

439 3754 612 3806 majorem
634 3762 704 3798 vim
726 3763 1003 3810 expugnandam
1024 3762 1162 3816 habuit,
1187 3774 1303 3811 coqtte
1321 3763 1518 3800 vehemen-

441 3823 510 3859 tius
527 3831 650 3862 contra
670 3826 770 3863 illum
789 3833 872 3863 tunc
892 3827 1135 3874 nequissimus
1154 3826 1212 3863 ille
1229 3828 1431 3864 concitatus
1449 3834 1517 3864 est.

438 3883 618 3922 Ca‘terum
654 3895 754 3925 recte
785 3887 876 3925 facta
898 3899 970 3925 non
991 3896 1060 3924 lant
1090 3889 1328 3925 teutatiouum
1351 3900 1516 3932 numero,

439 3951 545 3988 quam
566 3957 685 3984 rerum
711 3949 843 3988 virtute
862 3951 1100 3987 mstimantur.
1139 3949 1261 3997 Itaque
1280 3951 1347 3987 etsi
1369 3950 1519 3988 inferius

439 4001 534 4040 istud
553 4014 736 4046 certamen
756 4017 811 4048 est
826 4039 835 4056 ,
856 4011 944 4048 niltil
964 4011 998 4049 id
1018 4018 1096 4049 tuas
1119 4021 1272 4049 coronas
1299 4013 1430 4060 poterit
1453 4014 1518 4050 tui-

933 298 970 336 s.
998 295 1188 336 JOANNIS
1214 285 1538 333 Cttavsosro-ut
1566 285 1784 326 ancumr.
1814 283 2165 332 CONSTANTINOP.
2512 302 2558 340 ιω

1586 373 1698 401 nuere
1718 376 1726 400 :
1749 374 1834 408 nam
1851 371 1887 402 et
1901 365 1931 402 is
1949 365 2007 413 qui
2027 366 2096 403 duo
2115 367 2240 404 talenta
2256 367 2380 414 obtulit,
2397 371 2466 411 nihil
2479 376 2556 415 minus

1587 427 1723 472 retulit,
1745 437 1854 474 quam
1876 428 1905 464 is
1921 429 1979 476 qui
1997 429 2168 467 obtulerat
2183 431 2334 479 quinque.
2351 433 2413 470 Cur
2429 435 2474 471 id?
2489 437 2554 483 Quia,

1587 491 1655 528 etsi
1672 502 1744 528 non
1766 491 1860 529 idem
1880 498 2084 539 proventus,
2103 494 2221 531 eadem
2239 502 2345 534 tamen
2361 497 2492 538 alacritas
2506 503 2554 542 luit.

1586 555 1764 600 Quocirca
1793 563 1830 593 et
1857 556 1985 594 eodem
2016 557 2148 595 honore
2174 565 2310 606 uterque
2325 561 2434 608 potitus
2447 571 2556 609 cst,att-

1587 617 1690 673 diens
1714 631 1723 654 :
1744 617 1844 655 Intra
1861 619 1896 655 in
1921 619 2079 667 gaudium
2105 619 2237 658 Domini
2255 623 2299 659 tui
2315 623 2435 670 (Matth.
2452 626 2554 676 25.2”.

1587 681 1679 726 Quid
1696 692 1782 729 ergo
1803 679 1928 719 Isaac?
1955 681 2266 730 Peregrinationem
2284 686 2406 732 quidem
2425 689 2498 728 illam
2511 691 2557 729 lon.

1587 744 1772 792 gissimam
1807 745 1929 782 subire
1959 746 2122 793 exemplo
2159 748 2263 794 patris
2299 754 2468 798 terramque
2492 765 2556 792 suam

1586 806 1840 854 derelinquere
1867 813 2012 845 coactus
2041 820 2110 846 non
2130 816 2202 854 est;
2223 811 2281 848 sed
2307 813 2397 859 plane
2413 825 2556 862 supremum
2657 819 2662 842 τ

1587 869 1766 906 malorum
1788 869 1948 906 omnium
1965 872 2040 918 ipse
2057 872 2217 908 sustinuit
2234 901 2242 916 ,
2262 881 2381 911 metum
2403 877 2518 923 scilicet,
2532 891 2557 917 tu

1587 933 1666 970 sine
1700 933 1824 970 liberis
1855 933 2060 971 decederet.
2094 934 2214 972 Postea
2244 947 2321 974 vero
2341 948 2428 984 quant
2447 951 2557 986 peron-

1589 997 1724 1033 tionem
1742 1007 1787 1033 eo
1816 1003 1912 1034 metu
1944 997 2111 1036 liberatus
2136 1006 2188 1036 est
2204 1027 2214 1045 ,
2245 1000 2327 1036 alius
2350 1003 2486 1040 continuo
2507 1015 2555 1041 eum

1588 1061 1732 1108 excepit
1753 1061 1860 1098 timor
1880 1061 1986 1108 longe
2013 1061 2139 1108 major.
2173 1061 2286 1110 Neque
2301 1064 2384 1099 enim
2410 1074 2462 1110 par
2485 1073 2554 1102 metu

1589 1130 1644 1160 est
1666 1134 1731 1172 pro
1749 1123 1912 1170 conjugis
1930 1124 2139 1169 sterilitate,
2165 1131 2198 1161 et
2217 1135 2277 1172 pro
2297 1125 2400 1162 radice
2417 1127 2474 1172 ipsa
2490 1128 2555 1174 trepi-

1588 1186 1690 1224 dare.
1713 1186 1772 1224 Sic
1797 1188 1892 1223 enim
1919 1191 2042 1234 partus
2069 1186 2244 1224 doloribus
2267 1186 2518 1234 disrttmpebatur,
2534 1197 2555 1224 ιιι

1589 1251 1662 1287 vita
1681 1257 1796 1287 morte
1812 1250 1909 1286 omni
1930 1249 1979 1286 illi
1997 1256 2086 1286 esset
2103 1249 2270 1286 acerbior.
2301 1250 2338 1286 Et
2354 1250 2410 1286 hoc
2429 1250 2510 1296 ipsam
2520 1260 2555 1285 att.

1589 1313 1668 1350 dias
1687 1314 1772 1350 licet
1789 1314 1968 1350 dicentem
1993 1325 2002 1350 :
2021 1313 2062 1350 Si
2080 1313 2158 1349 nti/ti
2177 1314 2220 1348 ita
2232 1315 2368 1360 futurum
2383 1319 2450 1355 erat,
2464 1313 2497 1348 ad
2509 1314 2555 1358 quid

1590 1372 1675 1408 mihi
1703 1372 1812 1408 vivere
1834 1371 1936 1419 (Gen.
1956 1371 2016 1408 25.
2037 1370 2126 1417 ‘22)?
2159 1370 2270 1407 Famis
2292 1378 2396 1408 autent
2411 1377 2436 1407 et
2457 1370 2505 1406 istc
2521 1381 2556 1406 et-

1590 1436 1830 1483 peritnentum
1862 1437 1976 1482 cepit,
2006 1437 2072 1472 etsi
2102 1445 2170 1471 non
2198 1441 2234 1471 ut
2261 1441 2350 1481 pater
2377 1433 2405 1470 itt
2427 1432 2554 1480 Egyptian

1589 1497 1778 1534 descendit
1799 1509 1808 1533 :
1829 1497 1893 1534 sed
1915 1496 2008 1544 quod
2029 1496 2086 1534 ille
2101 1507 2183 1534 vere
2201 1497 2233 1532 in
2251 1495 2390 1544 Egypto
2406 1494 2520 1540 pertulit,
2534 1500 2557 1528 et

1590 1559 1659 1597 iste
1679 1559 1749 1607 pati
1765 1559 2032 1607 periclitabatur
2048 1587 2056 1603 ,
2085 1569 2230 1596 uxorem
2257 1559 2379 1596 scilicet
2390 1558 2520 1594 amittere.
2533 1556 2558 1592 Et

1591 1627 1732 1670 patrem
1766 1621 1911 1669 quidem
1930 1621 2190 1658 venerabantur
2215 1621 2341 1657 finitimi
2359 1629 2478 1664 omnes,
2502 1618 2558 1654 hunc

1591 1695 1679 1722 vero
1701 1695 1772 1721 non
1801 1695 1907 1722 secus
1937 1691 2042 1731 atque
2076 1685 2250 1720 inimicum
2268 1691 2300 1720 et
2327 1683 2444 1718 hostem
2459 1682 2560 1727 exagita-

1591 1746 1692 1790 bant,
1712 1757 1829 1794 neque
1848 1747 2000 1794 propriis
2015 1746 2112 1782 illtun
2127 1745 2296 1782 laboribus
2307 1744 2420 1792 perfrui
2433 1743 2560 1782 sinebant;

1592 1819 1718 1846 verum
1750 1803 1832 1849 cum
1864 1809 1964 1846 illunt
1995 1808 2164 1856 angustiis
2195 1807 2336 1854 undique
2365 1803 2562 1843 concluderent,

1594 1871 1746 1909 licenter
1759 1871 1824 1919 ipsi
1845 1871 2024 1908 laboribus
2037 1871 2146 1918 ipsius
2163 1869 2366 1907 fruebantur.
2380 1866 2503 1904 Tandem
2511 1875 2564 1900 veru

1592 1945 1673 1970 eum
1695 1934 1765 1971 sibi
1798 1935 1880 1971 illos
1899 1935 2035 1971 amicos
2053 1939 2174 1970 nactus
2190 1937 2279 1969 esset
2294 1959 2303 1975 ,
2323 1930 2458 1976 ﬁliosque
2472 1926 2564 1962 θιΙυΙιοε

1592 2003 1760 2034 cerneret
1777 2025 1786 2041 ,
1820 2003 1905 2034 tunc
1924 2004 2036 2040 certe,
2055 2003 2138 2032 tunc
2157 1993 2288 2043 quando
2307 2000 2455 2028 summam
2470 1999 2498 2024 se
2509 1997 2565 2024 con-

1592 2061 1806 2098 solatioucm
1823 2063 2048 2098 inventurum
2064 2059 2238 2107 sperabat,
2253 2057 2448 2104 optitnosque
2460 2056 2566 2090 senectu-

1593 2124 1640 2161 tis
1665 2135 1740 2161 sua:
1761 2131 1948 2161 curatores
1975 2122 2175 2160 habiturum
2192 2149 2202 2164 ,
2236 2121 2267 2156 in
2291 2125 2466 2164 supremum
2479 2110 2567 2149 corruit

1594 2197 1804 2224 mwrorem.
1844 2187 2004 2224 Primum
2024 2185 2116 2222 enini
2148 2183 2256 2230 major
2280 2188 2356 2218 natu
2375 2179 2452 2215 ﬁlius
2467 2183 2566 2212 uxorem

1595 2250 1663 2286 sibi
1695 2249 1935 2297 alienigenam
1966 2254 2091 2286 contra
2119 2246 2227 2294 patris
2245 2250 2354 2281 votum
2380 2239 2476 2286 cepit,
2499 2242 2567 2302 etut

1593 2313 1672 2360 ἱρεο
1697 2313 1794 2360 quod
1829 2323 1982 2360 pugnam
2003 2318 2036 2349 et
2065 2311 2192 2348 bellum
2213 2309 2246 2344 in
2267 2307 2396 2344 domttm
2415 2297 2568 2360 introduxis-

1593 2357 1662 2421 set,
1692 2357 1792 2412 illum
1810 2357 1951 2412 summa
1968 2381 2003 2412 et
2023 2371 2220 2411 incredibili
2238 2370 2269 2406 vi
2287 2366 2404 2405 doloris
2420 2360 2520 2399 allccit.
2536 2357 2568 2392 In-

1595 2439 1754 2475 numeris
1768 2437 1862 2474 enim
1882 2437 1985 2474 malis
2004 2436 2171 2473 mulieres
2188 2433 2254 2470 illm
2271 2437 2396 2467 soceros
2405 2421 2568 2461 afﬁciebatur

1593 2513 1674 2550 qua:
1704 2501 1826 2538 omnia
1860 2500 2043 2547 Scriptura
2073 2497 2255 2537 devitans,
2285 2501 2349 2529 uno
2375 2487 2464 2524 verbo
2485 2485 2569 2550 cultelli

1594 2543 1772 2614 signavit,
1810 2574 1892 2602 cum
1925 2543 2059 2600 diceret
2083 2572 2093 2598 :
2119 2559 2200 2596 Cum
2233 2555 2368 2592 Rebecca
2393 2543 2570 2614 collletltit’bﬂll‘

1596 2607 1682 2678 (id.
1703 2630 1762 2664 '26.
1848 2630 1859 2674 )
1881 2640 1890 2664 :
1914 2627 2126 2673 reliquitque
2155 2623 2188 2659 id
2218 2621 2338 2656 dictum
2365 2615 2410 2650 eis
2433 2607 2571 2678 intelliget:

1594 2695 1702 2735 dtttn,
1736 2693 1794 2740 qui
1830 2692 1960 2728 domos
1981 2691 2169 2727 habetttac
2189 2684 2276 2722 filios
2297 2683 2362 2728 jam
2380 2666 2570 2740 exoratus-illi

1595 2757 1691 2793 enim
1726 2755 1881 2792 maxime
1907 2753 2067 2790 omnium
2097 2753 2267 2787 noverunt
2295 2747 2445 2790 quantum
2471 2733 2572 2770 maltstl

1594 2825 1840 2866 quantumque
1871 2815 2102 2858 detrimenti,
2137 2812 2166 2849 si
2195 2817 2312 2846 socrus
2330 2811 2361 2841 et
2384 2807 2475 2866 nurus
2489 2798 2571 2866 lllll'l‘ll-il

1609 2853 1702 2866 ,ψη
1723 2853 1726 2854 ν
1784 2853 1791 2864 ,
2094 2853 2101 2858 ,

1595 2883 1758 2918 rixentur
1776 2908 1786 2922 ,
1817 2879 1924 2926 idque
1943 2885 2028 2914 tunc
2046 2875 2196 2913 maxime
2209 2900 2218 2916 ,
2249 2878 2324 2907 cum
2343 2863 2439 2902 ambm
2462 2853 2572 2926 catttdt‘lll

1596 2944 1798 2980 inhabilem
1817 2922 1978 2978 domum.
2013 2939 2088 2976 lloc
2107 2943 2220 2974 autem
2235 2933 2312 2980 juge
2329 2928 2390 2992 illis
2405 2927 2466 2988 cr-fl

1596 3006 1756 3042 modum.
1781 3005 1835 3041 Ad
1857 3005 1934 3040 Ita-c
1954 3003 2003 3039 illi
2025 3001 2165 3050 gravior
2183 3003 2314 3044 ᾳιιοίῖυε
2330 2978 2575 3052 ¹¹¹9¹ν⁴ἶῗ¹¹³ῗξ¹ξῗῗ

1595 3076 1662 3111 est,
1683 3068 1828 3104 (arcitas
1846 3067 1998 3108 scilicet,
2018 3075 2096 3112 qum
2108 3056 2298 3109 eujusmodi
2313 3053 2364 3096 sit,
2377 3039 2576 3115 illisoitscttuﬂ

1595 3109 1659 3179 ‘lui
1678 3132 1872 3178 patiuntur.
1903 3109 2080 3166 Praeterea
2099 3127 2180 3164 dum
2202 3109 2505 3179 bettedicercl_mii5'

1597 3202 1648 3231 Ira
1669 3205 1776 3241 quant
1799 3194 1942 3230 volebat
1959 3223 1968 3239 ,
2001 3193 2122 3229 matris
2147 3197 2222 3226 asm
2243 3193 2274 3222 et
2297 3188 2366 3220 arte
2386 3173 2576 3242 numerent-lt":

1595 3257 1732 3303 majore
1751 3256 1936 3293 benedixit
1955 3268 1964 3292 :
1985 3267 2053 3304 qua
2071 3255 2104 3291 in
2126 3265 2164 3290 re
2185 3252 2230 3288 ita
2249 3243 2404 3285 indoluit,
2422 3242 2453 3274 ¹¹ί

1593 3329 1700 3365 quam
1732 3321 1762 3355 is
1787 3319 1848 3366 qui
1878 3329 2005 3365 passus
2030 3317 2144 3354 fuerat
2170 3313 2356 3350 clamaret.

1595 3351 1700 3365 Ἰ“”““”“
1733 3351 1760 3355 ’⁷
1789 3351 1848 3366 Ί““
1880 3351 2004 3365 Γ’“⁷””“’””
2030 3351 2100 3354 ’“““⁷
2405 3363 2412 3370 ,
2447 3361 2452 3367 .
2537 3363 2546 3369 ,η
2571 3363 2577 3372 ,

1593 3368 1848 3428 ignorantiam,
1865 3381 1958 3428 qttod
1978 3391 2046 3417 non
2067 3379 2164 3416 illttm
2179 3375 2291 3412 sciens
2301 3365 2510 3406 benedictione
2521 3351 2570 3388 lI-“l

1593 3443 1728 3488 dasset,
1749 3455 1874 3481 verum
1891 3445 2164 3481 circumventus.
2349 3496 2370 3499 μ
2476 3480 2575 3499 ΔΓΜ.

1645 3513 1730 3550 llaec
1763 3520 1886 3549 autem
1921 3511 2042 3548 omnia
2082 3515 2198 3546 Scettte
2229 3496 2424 3571 ιτθεφιξῖθιη

1595 3578 1685 3613 Mm
1701 3605 1710 3620 ’
1749 3575 1988 3622 fabulamque
2012 3572 2264 3608 Thebanorum
2286 3551 2576 3632 adolescetttltil‘j‘;

1594 3639 1774 3686 guabant.
1803 3638 1895 3674 Nam
1935 3643 1972 3674 et
2007 3637 2066 3672 hic
2093 3633 2200 3670 etiam
2235 3611 2575 3694 settectutcmhtllfffﬁn

1803 3672 1815 3674 —
1839 3672 1894 3674 --ν-
1942 3672 1951 3674 -
2449 3674 2456 3682 .
2501 3672 2506 3675 -

1597 3703 1810 3749 lienemque
1827 3701 1943 3748 patris
1965 3698 2081 3744 major
2100 3701 2184 3732 natu
2199 3689 2431 3754 contemplent»

1594 3733 1760 3801 fratrem1
1770 3733 1979 3800 detbt-bavit
1999 3733 2121 3798 domo.
2145 3755 2186 3792 Et
2203 3753 2232 3790 si
2254 3758 2322 3819 non
2341 3733 2577 3822 ille'liecfz:;;“'i'j

1596 3828 1728 3864 matris
1766 3826 1959 3874 itnpedivit
1983 3821 2184 3872 sapientia:
2213 3821 2248 3853 ct
2275 3813 2329 3849 hie
2359 3811 2444 3843 enttn
2470 3801 2580 3882 εοξξλῗζ.

2141 3881 2145 3882 ν
2348 3874 2410 3882 ,,,,.
2448 3860 2540 3882 ηηιιΙΙε

1595 3895 1704 3926 natus
1742 3893 1800 3925 est
1821 3860 1982 3924 rcaedem
1998 3913 2008 3930 ,
2027 3860 2036 3872 '
2056 3881 2239 3930 ρεητῑείιυε
2261 3874 2419 3939 μξ¹ξξ³¹ξ¹⁶¹ξιί
2448 3860 2581 3939 (Ἔξιιίῐζίῑθ

1595 3955 1669 3986 tur.
1711 3949 1816 3994 Quod
1857 3959 1940 3986 cum
1977 3919 2094 3984 mater
2120 3945 2223 3978 cauta
2248 3931 2433 3994 didicisset,

1595 3975 1669 3986 η...
1712 3975 1816 3994 κω...
1857 3975 1940 3986 νυ...
1977 3975 2087 3984 ......--
2123 3975 2173 3978 η
2367 3991 2374 3998 .

1595 4012 1798 4057 retulisset,
1825 4012 1927 4048 illttm
1961 4010 2040 4056 ejus
2071 4003 2234 4044 manibus
2267 3995 2390 4042 eripuit
2425 3998 2432 4021 :
2469 3984 2497 4017 ει
2524 3975 2580 4008 eum

2339 4259 2670 4312 Α
