2726 4358
199 258 270 296 465

202 335 343 384 quidem
369 335 428 382 qui
456 344 494 370 se
521 331 755 368 venerabatur
782 329 1046 376 benevolusque
1068 326 1134 363 sibi
1163 333 1238 361 erat
1256 353 1266 364 .

200 403 367 445 parentes
388 395 478 442 fuga:
499 393 724 430 committere
749 397 952 439 coguntur;
981 389 1180 436 improbum
1205 399 1269 422 au-

201 467 270 495 tem
291 459 349 505 qui
371 457 436 493 sibi
455 465 614 491 amaram
643 453 817 491 reddebat
835 453 944 488 vitam
964 451 977 498 (
989 451 1056 487 hoc
1076 449 1170 486 enim
1193 449 1268 494 ipsa

199 519 360 556 Rebecca
391 516 567 562 indicat),
598 516 693 562 apud
722 525 762 551 se
789 514 922 560 jugitcr
949 512 1131 549 tenebant.
1159 511 1270 557 Igitur

197 594 280 620 cum
303 583 360 618 ille
379 580 564 628 emigissct
579 607 588 625 ,
619 580 654 616 in
681 580 790 616 domo
812 588 956 625 semper
981 578 1153 614 educatus
1172 577 1270 623 (erat

197 647 291 682 enim
320 645 494 680 innocens
524 643 687 680 habitans
720 642 840 685 domi,
875 647 980 688 atque
1008 646 1045 677 ut
1074 640 1268 686 plurimum

197 717 278 742 eum
296 712 410 742 matre
429 705 524 742 domi
544 705 754 750 manserat),
772 704 901 751 quibus
922 703 1100 746 lamentis,
1119 712 1190 749 quo
1207 701 1272 738 do-

197 771 292 813 lore,
313 779 384 816 quo
408 769 542 816 gemitu
574 767 772 804 Rebeccatn
801 766 872 813 jam
901 765 995 802 allici
1017 775 1164 801 necesse
1186 764 1268 810 fuit,

197 830 446 868 recordantem
469 839 611 875 semper
627 828 703 873 lilii,
721 828 909 875 virumque
929 828 1139 870 intuentem,
1157 832 1194 863 et
1210 837 1272 872 per

197 899 338 930 aetatem
357 899 395 930 et
421 903 484 939 per
508 891 749 928 inﬁrmitatem
769 890 880 927 nihilo
903 890 1050 927 meliore
1067 889 1272 926 conditione

197 965 305 1001 quam
331 954 536 991 mortuum?
555 954 691 998 Quibus
711 953 795 989 item
825 951 978 988 luctibus
1001 962 1125 988 senem
1145 951 1272 988 deten-

200 1024 273 1054 tum
297 1024 399 1064 putas
422 1017 506 1054 dum
531 1025 740 1053 communes
759 1025 842 1052 suas
861 1020 895 1052 et
913 1015 1034 1051 uxoris
1052 1015 1272 1051 calamitates

200 1080 287 1117 ﬂere
307 1079 519 1126 cogeretur?
539 1079 628 1116 Cum
659 1087 745 1114 vero
773 1078 829 1114 illa
855 1078 1026 1114 moritura
1055 1084 1168 1122 esset,
1188 1077 1271 1124 quid

199 1153 270 1178 non
291 1142 397 1192 dixit,
415 1141 499 1188 quid
521 1150 590 1177 nou
610 1141 754 1186 loquula
773 1139 852 1175 est?
872 1139 987 1175 Etiam
1006 1139 1142 1185 lapides
1164 1139 1274 1185 ipsius

200 1205 308 1241 verba
328 1203 539 1250 liquefacerc
557 1202 715 1249 potuisse
731 1207 831 1247 puto.
850 1211 931 1236 cum
951 1211 1022 1236 non
1039 1200 1175 1236 videret
1192 1204 1276 1247 pro;-

200 1277 245 1314 pe
265 1267 464 1302 adstantem
487 1265 596 1300 lilium
615 1292 624 1308 ,
647 1269 753 1310 atque
776 1263 1058 1309 illacrymantem
1078 1262 1273 1308 OCUIOsqttc
1307 1263 1312 1269 '

199 1329 266 1365 sibi
286 1328 582 1374 eomprimentem
597 1354 605 1368 ,
629 1333 737 1373 atque
757 1335 799 1361 os
816 1324 1088 1360 contralientem
1106 1351 1114 1364 .
1135 1324 1275 1371 aliaque

200 1391 318 1427 omnia
338 1395 524 1436 agentem,
546 1399 625 1435 qua:
645 1387 853 1435 parentibus
879 1394 994 1423 tnorte
1016 1387 1036 1432 il
1052 1397 1090 1423 sa
1112 1386 1276 1422 videntur

199 1451 375 1498 graviora.
397 1451 442 1486 At
462 1461 548 1486 vero
566 1448 676 1492 Isaac,
694 1448 778 1485 dum
801 1449 897 1484 illam
913 1449 960 1484 ita
978 1447 1102 1485 efﬂare
1119 1448 1274 1484 animam

201 1518 387 1554 cerneret,
409 1523 480 1558 quo
506 1512 627 1547 animo
653 1511 762 1547 fuisse
793 1511 970 1557 putandus
998 1517 1053 1547 est
1079 1518 1114 1547 et
1136 1517 1219 1547 tunc
1241 1517 1278 1547 et.

203 1579 282 1620 post
302 1573 414 1620 ipsius
434 1572 610 1609 mortem?
1105 1571 1159 1578 ’⁷’“

251 1637 309 1672 11.
329 1635 436 1672 Iacob
454 1648 518 1684 quo
540 1644 638 1684 pacto
659 1639 799 1685 afflictus
820 1641 936 1687 fuerit.
956 1660 1003 1667 —
1018 1639 1113 1675 Talis
1134 1638 1192 1674 ille
1214 1647 1278 1674 no-

204 1700 258 1734 bis
277 1699 385 1735 fuisse
402 1705 569 1736 ostensus
589 1707 664 1744 est,
687 1711 792 1747 quem
817 1702 937 1738 Inultis
956 1703 1065 1738 fuisse
1083 1701 1276 1738 feliciorem

205 1761 428 1806 putabamus.
448 1761 526 1797 Jam
545 1769 628 1797 vero
645 1762 755 1798 Jacob
771 1763 882 1810 ipsius
897 1765 966 1799 vita
985 1763 1183 1810 cujusmodi
1203 1762 1279 1799 fuc-

205 1823 271 1866 rit,
289 1823 422 1870 absque
443 1823 666 1861 discussione
685 1825 802 1873 aliqua
827 1827 936 1873 ipsius
957 1827 1062 1863 verba
1089 1826 1244 1862 indicant
1267 1837 1274 1860 :

204 1886 264 1932 qui
293 1897 373 1922 cum
406 1887 629 1924 Pharaonem
659 1888 901 1935 alloqucrctur
929 1888 1047 1926 aiebat
1073 1901 1080 1925 :
1106 1887 1188 1925 Dius
1215 1889 1278 1924 mei

204 1948 301 1994 pat’t-‘i
323 1954 354 1984 ct
374 1949 456 1984 ntali
469 1978 478 1994 ,
501 1956 532 1984 el
552 1961 618 1986 non
639 1957 858 1995 pervenerunt
877 1952 922 1988 ad
940 1951 1010 1988 dies
1029 1958 1165 1998 patrum
1184 1961 1278 1986 meo-

203 2021 278 2046 rum
301 2010 408 2059 (Gen.
428 2011 486 2048 47.
507 2011 554 2059 9)
577 2025 584 2048 :
607 2013 674 2048 hoc
693 2019 760 2057 est,
784 2019 819 2050 et
837 2013 1038 2051 breviorem
1066 2021 1102 2050 ct
1125 2013 1279 2049 laborioa

203 2072 334 2109 siorem
358 2073 427 2110 vixi
459 2074 582 2109 vitam.
606 2074 737 2111 Verum
759 2081 795 2111 et
817 2074 953 2118 absque
980 2075 1046 2111 hac
1075 2075 1168 2112 illius
1194 2085 1278 2111 seu-

205 2137 313 2171 tentia
346 2135 393 2171 ita
431 2141 515 2172 sunt
548 2143 681 2183 aperta:
713 2137 934 2174 calamitates
968 2137 1070 2183 ejus,
1105 2143 1144 2173 ut
1178 2137 1280 2184 pauci

204 2197 396 2233 admodum
415 2198 485 2233 sint
507 2198 565 2244 qui
588 2197 666 2234 illas
687 2198 861 2234 nesciant.
886 2201 983 2234 Avus
1008 2209 1160 2245 namque
1181 2197 1280 2244 ejus,

205 2259 271 2295 etsi
293 2259 522 2306 longinquam
545 2260 868 2307 peregrinationem
897 2271 1066 2297 emensus
1085 2267 1136 2297 est
1153 2289 1161 2304 ,
1180 2261 1281 2307 juSsu

207 2321 268 2357 Dei
297 2320 366 2357 hoc
390 2310 495 2364 fecit,
521 2331 600 2368 qua:
624 2331 683 2358 res
703 2322 861 2358 maximo
880 2323 946 2369 lpsi
968 2321 1097 2358 solatio
1116 2321 1203 2365 fuit;
1228 2321 1284 2358 hic

206 2391 323 2421 autem
355 2383 501 2422 fratrem
531 2385 669 2432 fugiens
697 2385 950 2430 insidiantem,
981 2385 1284 2432 parricidiumque

207 2446 452 2488 meditantem,
474 2456 635 2483 summos
656 2446 797 2483 itineris
817 2448 960 2484 labores
981 2458 1107 2494 passus
1126 2452 1180 2483 est
1200 2458 1207 2481 :
1227 2452 1282 2482 at-

208 2519 276 2554 que
298 2509 356 2545 ille
376 2509 517 2556 quidem
545 2510 750 2546 necessario
769 2510 862 2546 victu
889 2520 1085 2558 numquam
1108 2509 1281 2556 indiguit;

212 2570 293 2605 huic
314 2580 398 2605 vero
419 2570 453 2605 in
472 2577 555 2606 voto
574 2577 671 2616 erat,
693 2571 906 2608 indumento
930 2582 972 2608 ac
998 2583 1088 2618 pane
1114 2572 1192 2608 Solo
1214 2582 1283 2608 non

212 2631 382 2678 indigere.
402 2631 571 2669 Servatus
585 2639 719 2677 autem,
736 2640 841 2681 atque
861 2634 999 2671 itineris
1018 2634 1287 2681 fatigationibus

213 2693 316 2738 liber,
338 2705 418 2730 cum
437 2694 580 2732 tandem
599 2695 642 2732 ad
664 2695 790 2733 aflines
806 2707 893 2734 suos
915 2696 1151 2744 pervenisset,
1171 2697 1230 2744 qui
1251 2697 1285 2732 in

213 2761 309 2791 tanta
333 2766 453 2792 rermn
478 2757 579 2803 copia
606 2758 759 2794 nutritus
780 2757 893 2795 fuerat
921 2759 1057 2795 Servire
1077 2759 1284 2806 cogebatur.

214 2816 289 2852 Non
309 2817 452 2864 ignoras
472 2826 590 2854 autem
612 2819 820 2862 servitutem
836 2849 845 2864 ,
867 2831 947 2856 cum
973 2831 1116 2868 semper
1134 2821 1286 2857 molesta

212 2879 272 2922 sit,
293 2886 366 2915 tum
387 2880 541 2917 maxime
559 2880 668 2917 videri
688 2882 992 2926 molestissimam,
1009 2894 1089 2920 cum
1109 2884 1188 2930 quis
1207 2894 1289 2930 pro—

213 2941 354 2988 pinquis
373 2951 416 2978 ac
434 2942 576 2990 paribus
595 2944 731 2981 servire
749 2944 900 2991 cogitur,
922 2945 1026 2993 idque
1043 2957 1124 2983 cum
1143 2947 1220 2993 ejus
1237 2947 1286 2983 rei

214 3014 408 3052 numquam
445 3006 642 3053 periculum
677 3007 824 3051 fecerit,
856 3008 919 3045 sed
951 3010 1108 3056 priorem
1143 3021 1288 3046 omnem

215 3073 354 3104 aetatem
377 3068 411 3104 in
440 3067 604 3119 libertate
626 3078 669 3105 ac
693 3068 830 3106 deliciis
850 3071 975 3117 egerit.
1003 3071 1104 3117 Quod
1127 3082 1206 3109 cum
1235 3071 1291 3108 in-

217 3130 401 3168 tolerabile
419 3142 498 3169 esse
517 3132 713 3177 videretur,
735 3132 816 3169 forti
833 3139 949 3171 tamen
966 3141 1001 3171 ct
1021 3145 1151 3183 magno
1168 3135 1290 3172 animo

219 3193 368 3231 ferebat.
396 3195 508 3233 Porro
529 3195 612 3242 quid
637 3207 878 3233 mrumnarnm
901 3197 934 3234 in
955 3199 1024 3234 vita
1053 3199 1111 3234 illa
1139 3209 1201 3235 sua
1225 3209 1288 3244 pa-

220 3256 341 3292 storali
363 3267 485 3302 passus
513 3259 558 3295 sit
573 3287 581 3302 ,
607 3259 721 3305 ipsum
742 3257 866 3295 audias
887 3259 970 3296 licet
987 3260 1165 3297 dicentem
1189 3273 1196 3296 :
1217 3260 1291 3308 Ego

220 3317 447 3364 persolvebam
473 3331 494 3354 a
523 3322 651 3368 meipso
681 3323 773 3369 [arm
799 3321 866 3358 diei
895 3328 925 3357 et
952 3323 1044 3371 furta
1073 3323 1179 3359 nodis
1200 3335 1212 3359 :
1233 3334 1293 3370 per

220 3380 308 3415 diem
327 3380 448 3415 urebar
465 3388 548 3417 wstu
561 3411 570 3426 ,
593 3389 623 3419 et
647 3391 744 3419 nocte
771 3383 869 3431 gelu,
889 3384 1129 3431 recedebatque
1153 3397 1293 3422 somnus

221 3441 262 3478 ab
281 3442 388 3478 oculis
405 3443 485 3478 meis
503 3453 516 3479 :
534 3444 598 3480 ista
614 3445 847 3493 mihi'fuerunt
879 3447 978 3482 armis
1006 3447 1124 3494 riginti
1139 3447 1212 3496 (Id.
1231 3448 1290 3484 5|.

222 3503 368 3550 39-“).
393 3503 475 3539 lla:c
495 3505 555 3542 ille
588 3516 713 3552 passus
732 3513 808 3552 est,
829 3508 888 3555 qui
907 3508 1016 3544 vitam
1043 3511 1178 3546 vixerat
1203 3511 1292 3546 sim-

222 3566 368 3614 plicem,
388 3566 447 3614 qui
469 3576 611 3614 semper
630 3569 744 3606 fuerat
762 3570 871 3607 domi.
893 3570 1050 3618 Postque
1068 3579 1118 3609 tot
1136 3573 1292 3618 labores,

223 3635 274 3666 tot
293 3630 534 3675 incommoda,
557 3637 637 3677 post
656 3631 799 3680 lengum
820 3633 906 3670 illud
928 3635 1110 3672 servitutis
1137 3643 1290 3684 tempus,

222 3691 384 3729 fraudem
406 3693 501 3729 illam
521 3694 781 3732 amarissimam
805 3696 975 3742 pertulit,
995 3707 1063 3744 qua
1091 3699 1156 3735 sibi
1182 3701 1292 3737 altera

222 3754 371 3792 alterius
389 3750 472 3792 loco
492 3755 618 3792 tradita
640 3767 729 3793 uxor
757 3764 824 3794 est.
856 3757 944 3794 Nam
971 3760 1000 3796 si
1030 3771 1100 3797 non
1126 3763 1296 3800 serviSSi-t

221 3818 326 3854 annis
350 3823 510 3865 septem,
532 3819 560 3854 si
587 3829 656 3854 non
675 3829 716 3855 ca
749 3829 875 3866 passus
902 3819 1045 3866 fuisset,
1071 3833 1150 3870 qua:
1167 3834 1294 3862 socero

223 3887 439 3930 eoaquestns
453 3880 555 3925 dixit,
572 3881 600 3916 si
616 3892 686 3917 non
703 3883 897 3921 amavisset
912 3883 1080 3930 puellam,
1096 3885 1162 3924 hoc
1177 3887 1292 3934 ipsum

223 3949 342 3980 tamen
357 3943 452 3992 quod
473 3944 540 3981 sibi
560 3944 772 3982 tormosiore
789 3945 980 3992 promissa,
999 3947 1124 3986 tradita
1144 3949 1208 3998 ipsi
1226 3960 1291 3998 pro

445 4010 622 4052 I’A'rnot.
658 4011 738 4052 Gn.
763 4013 934 4055 XLVII.

775 251 835 288 ΑΙ)
863 245 1110 287 ΞΤΛΟΙΒΙΗᾺΙ
1137 249 1164 284 Α
1195 244 1398 284 ῡίΕΜΟΝΕ
1428 244 1666 285 VEXATUSI.
1699 247 1784 286 LIB.
1809 245 1850 284 II.

2348 247 2417 288 460

1344 325 1402 361 illa
1423 326 1580 363 deterior
1601 327 1679 371 fuit,
1700 334 1873 374 quantum
1900 333 2002 374 putas
2021 328 2201 373 mmroris,
2220 329 2303 376 quid
2325 330 2419 366 indl-

1343 389 1535 431 anationis,
1557 390 1640 435 quid
1662 390 1798 427 doloris
1818 390 1924 427 beato
1944 391 1992 427 illi
2014 397 2098 428 tunc
2117 392 2305 438 pnrstitit?
2326 393 2420 429 Sane

1342 451 1372 486 si
1393 451 1472 496 quis
1491 452 1581 488 alius
1602 453 1640 495 id
1656 463 1784 500 passus
1803 460 1912 497 esset,
1940 464 2133 501 numquam
2155 464 2233 492 eam
2260 454 2421 492 fraudem

1343 519 1450 559 atque
1469 513 1634 559 injuriam
1654 515 1807 558 tulisset,
1826 514 1889 550 sed
1907 515 2004 551 omni
2024 515 2122 562 prius
2140 514 2302 552 affinium
2320 525 2422 552 ever~

1344 586 1382 610 sa
1405 575 1513 611 domo
1528 603 1537 619 ,
1557 586 1597 612 se
1619 576 1695 622 ipse
1714 586 1794 612 eum
1818 576 1886 613 illis
1904 587 1972 612 una
1992 577 2252 620 interfecisset,
2273 583 2334 614 aut
2352 577 2423 614 alio

1344 639 1471 684 quovis
1493 638 1602 674 modo
1628 638 1842 685 perdidisset
1865 651 1872 674 ε
1893 640 2062 686 quoniam
2090 650 2178 677 vero
2205 639 2404 687 patientissi

1346 710 1425 736 mus
1441 711 1484 736 ac
1503 701 1718 748 longanimis
1743 707 1820 738 erat
1838 701 1965 744 Iacob,
1987 701 2076 738 nihil
2099 701 2302 749 hujusmodi
2323 701 2422 746 fecit.

1346 765 1408 800 sed
1438 775 1482 800 ne
1509 764 1651 801 initium
1681 765 1825 812 quidem
1859 765 2034 812 ejusmodi
2061 767 2266 813 cogitationi
2293 767 2391 804 dedit
2414 780 2422 804 :

1353 825 1424 861 imo
1443 835 1528 862 vero
1552 833 1690 872 septem
1722 837 1837 862 annos
1863 827 1952 864 alios
1980 828 2109 864 iterum
2141 829 2276 866 servire
2303 829 2426 876 jussus

1346 896 1510 936 prompte
1527 889 1698 932 obedivit,
1715 890 1806 926 adeo
1821 891 1916 927 mitis
1933 898 2008 927 erat
2027 901 2067 927 ac
2083 900 2304 930 mansuetus.
2323 891 2425 938 Quod

1345 953 1374 988 si
1405 953 1528 998 puellm
1547 963 1651 988 amor
1670 952 1936 989 mansuetudini
1966 963 2106 989 morum
2131 953 2424 998 obsecundabat,

1346 1025 1470 1051 rursus
1497 1015 1582 1050 mihi
1613 1015 1782 1051 maeroris
1808 1015 2090 1061 magnitudinem
2123 1015 2268 1052 asseris.
2297 1015 2425 1052 Consi-

1347 1075 1434 1113 dera
1456 1076 1550 1112 enim
1567 1104 1576 1120 ,
1605 1086 1726 1122 quaeso
1741 1103 1750 1118 ,
1773 1082 1944 1122 quantum
1973 1076 2034 1113 ille
2055 1076 2190 1114 doloris
2211 1087 2336 1123 passus
2357 1077 2426 1122 sit,

1347 1148 1428 1174 cum
1461 1137 1539 1183 ejus
1566 1147 1672 1184 quam
1703 1137 1750 1173 ita
1782 1137 2015 1174 vehementer
2045 1138 2216 1184 diligebat
2247 1138 2428 1176 fraudatus

1347 1199 1596 1246 amplexibus,
1626 1199 1792 1246 illiusque
1823 1199 2001 1236 connubia
2031 1199 2265 1246 desiderans,
2289 1207 2427 1248 septem

1348 1273 1475 1299 rursus
1495 1272 1672 1298 annorum
1691 1262 1863 1298 dilatione
1883 1263 2079 1308 cruciatur,
2104 1262 2235 1310 frigora
2257 1269 2293 1300 ct
2318 1269 2428 1300 aestus

1347 1331 1384 1361 et
1403 1325 1540 1373 vigilias
1568 1331 1604 1361 et
1631 1324 1846 1361 detrimenta
1873 1331 2042 1371 perpetua
2063 1324 2216 1371 patiens.
2240 1325 2289 1361 Ea
2308 1331 2428 1362 tamen

1348 1387 1422 1433 ipsa
1443 1386 1578 1432 potitus
1601 1385 1744 1422 tandem
1761 1414 1769 1430 ,
1797 1386 1994 1433 vivensque
2015 1385 2107 1433 apud
2135 1395 2300 1423 socerum
2319 1385 2428 1422 vitam

1347 1451 1518 1485 mrumnis
1537 1454 1572 1485 et
1590 1449 1772 1484 laboribus
1793 1448 1934 1494 plenam
1947 1477 1956 1493 ,
1976 1448 2027 1485 sic
2044 1459 2187 1496 quoque
2206 1449 2348 1485 invidia:
2368 1459 2430 1496 pa-

1349 1511 1416 1547 tuit
1430 1539 1439 1553 ,
1459 1516 1495 1546 et
1515 1510 1711 1547 secundam
1732 1509 1894 1546 fraudem
1917 1509 1952 1546 in
1973 1509 2200 1547 mercedibus
2219 1520 2367 1557 passus,
2392 1516 2431 1547 ut

1350 1572 1427 1618 ipse
1438 1582 1580 1618 quoque
1598 1573 1696 1608 illum
1718 1572 1876 1619 arguerit
1893 1572 2015 1608 dicens
2043 1572 2238 1620 :Decepisti
2251 1584 2302 1608 me
2314 1573 2428 1609 decem

1352 1634 1450 1680 agnis
1470 1631 1580 1679 (Cen.
1601 1634 1659 1670 5t.
1689 1633 1728 1668 4|
1746 1632 1772 1678 ).
1796 1632 1872 1670 Una
1901 1643 1987 1669 vero
2015 1643 2096 1669 cum
2124 1643 2252 1670 socero
2279 1644 2430 1670 uxorum

1351 1695 1480 1732 fratres
1510 1696 1622 1743 magis
1647 1697 1753 1732 etiam
1776 1695 1950 1732 adversus
1972 1696 2069 1732 illum
2091 1695 2229 1732 efferati
2248 1696 2430 1733 excande-

1350 1759 1510 1796 scebant.
1531 1758 1632 1804 Quod
1652 1764 1770 1794 autem
1790 1765 1869 1794 erat
1887 1759 2052 1794 omnibus
2078 1760 2237 1805 gravius,
2257 1769 2353 1795 uxor
2372 1759 2431 1794 illa

1351 1828 1420 1858 tam
1453 1821 1606 1865 dilecta,
1632 1821 1734 1868 cujus
1762 1822 1874 1868 gratia
1908 1821 1962 1857 bis
1995 1827 2133 1868 septem
2165 1821 2269 1858 annis
2295 1821 2432 1858 servire

1349 1884 1555 1932 delegerat,
1584 1894 1656 1930 pne
1684 1883 1848 1920 molestia
1872 1882 2138 1928 suifocabatur,
2165 1894 2246 1920 cum
2267 1893 2431 1920 sororem

1351 1957 1450 1983 suam
1473 1946 1672 1993 parientem
1693 1951 1878 1988 cerneret,
1900 1955 1938 1982 se
1961 1956 2048 1982 vero
2065 1946 2162 1981 omni
2189 1944 2348 1992 pariendi
2369 1955 2434 1992 spe

1351 2008 1582 2050 destitutam,
1603 2014 1710 2054 atque
1729 2007 1762 2043 in
1783 2013 1919 2043 tantum
1941 2013 2024 2043 tunc
2043 2017 2228 2054 excessum
2255 2018 2297 2044 ex
2323 2006 2433 2044 animi

1353 2079 1508 2106 moerere
1528 2069 1746 2111 devenerat,
1769 2075 1807 2105 ut
1825 2069 2035 2106 criminibus
2054 2074 2089 2106 et
2109 2069 2264 2116 querelis
2285 2069 2436 2116 agitaret

1352 2133 1467 2169 virum
1485 2160 1494 2176 ,
1518 2138 1741 2180 mortemque
1770 2131 1916 2169 sibimet
1942 2131 2178 2169 obventuram
2212 2132 2433 2175 minaretur,

1353 2195 1422 2231 nisi
1445 2201 1598 2240 pareret,
1620 2193 1675 2230 Da
1692 2194 1790 2237 milii,
1809 2193 1987 2240 inquiens,
2009 2193 2145 2238 liberos,
2165 2193 2293 2241 alioqui
2310 2193 2438 2230 moriar

1355 2269 1414 2304 ego
1438 2258 1449 2304 (
1471 2256 1524 2292 Id.
1549 2258 1610 2294 '50.
1634 2252 1690 2299 1).
1715 2255 1910 2300 Quomodo
1953 2257 2014 2293 ille
2034 2257 2146 2293 lunari
2169 2261 2332 2303 poterat,
2354 2267 2435 2293 cum

1355 2329 1396 2356 ea
1417 2330 1523 2368 quam
1545 2319 1713 2366 diligebat
1740 2319 1792 2355 sic
1819 2319 1945 2355 alTecta
1977 2325 2099 2361 esset,
2123 2319 2320 2366 fratresque
2342 2319 2438 2355 illius

1356 2381 1422 2428 ipsi
1458 2380 1712 2416 insidiarcntur
1743 2379 1934 2425 omniaque
1966 2380 2206 2424 molirentur,
2237 2386 2274 2415 ut
2303 2380 2363 2416 ille
2393 2381 2437 2416 ad

1357 2451 1554 2480 extremam
1587 2442 1773 2479 devcniret
1803 2442 1989 2488 inopiam?
2012 2442 2099 2478 Nam
2122 2443 2150 2479 si
2173 2454 2215 2480 ea
2230 2472 2238 2487 ,
2261 2454 2338 2490 qua:
2361 2445 2438 2481 sine

1357 2507 1489 2544 sudore
1517 2505 1610 2542 dotis
1642 2505 1786 2541 nomine
1818 2505 2006 2541 traduntur
2036 2505 2229 2549 uxoribus,
2252 2516 2331 2543 cum
2359 2508 2440 2553 quis

1357 2570 1570 2612 abstulerit,
1591 2569 1748 2605 maximo
1766 2578 1922 2604 mmrore
1943 2567 2145 2604 aflicimur:
2167 2568 2196 2603 is
2214 2568 2272 2615 qui
2293 2568 2440 2615 pericli-

1359 2633 1500 2669 labatur
1517 2642 1557 2669 ea
1577 2642 1657 2679 qua:
1679 2631 1828 2667 summis
1850 2630 2031 2667 laborilms
2048 2630 2237 2678 qumsierat
2255 2630 2436 2675 amittere,

1358 2706 1429 2742 quo
1456 2694 1577 2730 animo
1599 2694 1692 2730 ferre
1713 2704 1753 2729 ea
1776 2693 1990 2729 detrimenta
2023 2692 2190 2739 poterat?
2214 2691 2302 2728 Cum
2335 2693 2442 2738 igitur

1359 2757 1454 2794 haud
1485 2757 1638 2793 obscure
1668 2761 1856 2803 5115pcctus
1885 2760 2001 2796 esset.
2035 2765 2168 2801 eosque
2197 2764 2235 2790 se
2264 2755 2442 2790 intuentes

1359 2826 1548 2863 cerneret,
1569 2820 1662 2856 clam
1685 2820 1802 2866 fugam
1825 2818 1942 2854 iniens
1961 2817 2127 2854 disces~it
2148 2828 2156 2852 :
2177 2827 2249 2863 quo
2267 2816 2352 2864 quid
2373 2816 2442 2852 dici

1360 2882 1601 2920 miserabilius
1622 2881 1763 2928 possit?
1783 2880 1871 2917 Nam
1901 2886 1937 2917 et
1963 2890 2006 2917 ex
2039 2885 2185 2926 paterna
2210 2879 2319 2916 domo
2343 2885 2381 2916 et
2400 2890 2442 2915 ex

1360 2948 1475 2983 aliena
1490 2957 1571 2982 cum
1587 2952 1684 2982 metu
1704 2956 1745 2981 ac
1765 2944 1935 2992 periculis
1955 2943 2128 2991 migrans,
2152 2943 2186 2978 in
2207 2942 2332 2980 eadem
2353 2953 2444 2989 prmo

1362 3014 1463 3056 rupta
1484 3018 1609 3045 rursus
1633 3007 1828 3054 cogebatur
1855 3005 2026 3044 incidere.
2053 3004 2192 3052 Quippe
2219 3003 2366 3040 fratrem
2387 3004 2442 3040 fn-

1360 3073 1476 3120 giens,
1496 3083 1536 3108 se
1556 3071 1599 3108 ad
1619 3081 1786 3107 socerum
1806 3069 2022 3111 contulerat,
2043 3078 2062 3105 a
2082 3077 2154 3115 quo
2176 3068 2304 3104 iterum
2325 3067 2447 3112 exagi-

1362 3141 1456 3172 tatus
1477 3134 1521 3171 ad
1545 3133 1691 3170 fratrem
1715 3131 1832 3169 redire
1852 3131 2061 3178 cogebatur,
2090 3129 2339 3177 propheticum
2361 3128 2446 3165 ilbnl

1363 3205 1504 3244 passus,
1525 3194 1620 3242 quod
1639 3194 1684 3230 de
1703 3193 1762 3230 die
1784 3192 1924 3229 Domini
1945 3190 2031 3228 diett
2052 3191 2161 3228 Amos
2181 3203 2189 3228 :
2213 3189 2312 3227 Velut
2327 3190 2356 3226 si
2372 3190 2448 3237 quia

1363 3259 1473 3307 fugiat
1493 3269 1514 3293 a
1533 3256 1621 3303 facie
1641 3256 1768 3300 leonis,
1791 3260 1822 3290 et
1839 3260 1995 3290 occurrat
2015 3253 2046 3290 ei
2072 3265 2192 3298 ursus,
2214 3253 2448 3301 ingressusque

1363 3321 1398 3356 in
1419 3321 1556 3356 domum
1577 3329 1674 3355 suum
1703 3323 1732 3354 et
1759 3316 1882 3364 parieti
1911 3327 2031 3352 manus
2052 3315 2232 3363 applicans
2252 3315 2447 3351 mordeatur

1363 3395 1384 3419 a
1405 3381 1543 3418 colubra
1563 3381 1690 3429 (Amos
1717 3380 1753 3416 5.
1779 3379 1860 3427 l9).
1881 3379 1969 3426 Quis
1995 3385 2116 3416 autem
2149 3389 2232 3416 eum
2254 3383 2446 3416 tren'torem

1365 3456 1536 3484 enarrare
1556 3445 1694 3492 possit,
1715 3455 1821 3492 quem
1841 3454 2032 3491 perpessus
2051 3449 2106 3481 est
2125 3441 2409 3490 comprehensus
2433 3449 2451 3474 a

1365 3510 1501 3551 Laban,
1521 3509 1731 3556 itinerisque
1750 3509 1947 3556 angustias,
1965 3517 2046 3545 cum
2067 3517 2106 3544 se
2124 3513 2196 3543 tam
2217 3513 2447 3541 numerosum

1366 3582 1476 3620 pecus
1502 3571 1636 3618 ﬁliique
1663 3572 1717 3607 sui
1748 3570 2012 3617 sequerentur?
2032 3569 2210 3604 ()mterum
2229 3575 2308 3600 cum
2329 3563 2459 3599 fratris-

1365 3635 1494 3672 faciem
1509 3640 1604 3672 esset
1623 3634 1863 3682 inspecturus,
1882 3642 2002 3670 nonne
2017 3631 2110 3667 idem
2125 3636 2254 3674 passus
2269 3631 2335 3669 est,
2353 3625 2447 3672 quod

1367 3697 1458 3745 apud
1479 3705 1604 3744 poetas
1624 3697 1683 3744 qui
1703 3697 1822 3734 lietum
1843 3701 1948 3742 caput
1970 3689 2148 3738 Gorgonis
2165 3686 2310 3724 videnti
2330 3697 2449 3722 nonne

1367 3762 1414 3798 ita
1434 3771 1499 3809 per
1515 3761 1633 3796 omnia
1650 3759 1798 3797 aﬂ‘ectus
1812 3763 1904 3800 erat,
1920 3766 1961 3790 ac
1981 3753 2009 3789 si
2027 3751 2072 3789 ad
2093 3755 2246 3787 mortem
2265 3747 2450 3784 venisset?

1367 3824 1458 3862 Audi
1473 3834 1566 3861 sane
1585 3824 1681 3860 illius
1700 3822 1823 3863 verba.
1842 3825 1948 3864 atque
1966 3826 2009 3852 ex
2028 3815 2081 3851 eis
2099 3813 2241 3849 insitam
2261 3811 2358 3848 illius
2372 3811 2445 3847 ani.

1366 3898 1427 3925 mo
1449 3887 1588 3924 timoris
1607 3886 1788 3923 ﬂammam
1809 3880 1954 3918 addiscc
1976 3890 1984 3914 :
2005 3876 2109 3918 Deus,
2131 3886 2211 3912 erue
2230 3886 2296 3917 me,
2318 3875 2446 3922 inquit,

1370 3951 1412 3987 de
1436 3961 1537 3986 manu
1563 3948 1657 3985 Εεηῦ
1680 3944 1797 3994 fratris
1824 3942 1909 3985 met",
1931 3941 2009 3986 quia
2033 3938 2132 3976 t-alde
2158 3948 2235 3973 eum
2263 3938 2361 3974 timeo
2376 3963 2387 3979 ,
2409 3945 2452 3989 ηε

2162 4001 2216 4040 27
2431 4009 2487 4061 λ
