2726 4358
364 247 430 286 467

359 335 450 380 [οντα
475 325 712 374 superveniens
739 325 922 370 interﬁciat
950 337 1002 362 me
1025 337 1064 361 ac
1086 333 1228 363 matrem
1247 339 1326 364 curn
1343 327 1440 375 ﬁliis.

359 388 413 422 'l'u
433 394 545 423 autem
565 387 648 422 mihi
667 386 796 431 dixisti,
818 386 910 423 Bene
933 388 993 424 tibi
1012 389 1138 437 faciant
1158 388 1261 435 (Gen.
1281 389 1340 426 3‘2.
1367 390 1441 441 Η).

357 450 472 492 Quam
494 458 566 484 non
589 447 750 484 l:clitiam
779 449 837 486 hic
865 456 982 486 metus
1011 451 1248 496 exclusisset,
1273 453 1381 489 etiam
1412 453 1442 491 si

355 508 468 554 priori
483 510 580 546 omni
601 516 762 558 tempore
781 512 1076 559 tranquillissime
1093 514 1264 551 vixisset?
1283 516 1329 552 At
1346 526 1442 553 nunc

353 570 472 607 omnis
492 571 550 608 illa
572 572 656 616 vita,
678 583 721 610 ex
743 584 811 620 qua
831 573 890 611 die
917 574 1202 612 benedictionem
1224 583 1440 625 accepturus

353 642 452 669 metu
473 643 565 680 pene
583 634 701 672 fuerat
719 642 898 681 mortuus,
922 647 985 683 per
1004 637 1228 675 calamitates
1249 639 1366 676 varias
1386 639 1440 676 itt-

351 695 536 743 sidiasque
557 697 758 734 texebatur.
778 697 915 735 Tantus
933 698 1087 746 denique
1107 706 1190 737 tunc
1208 700 1308 737 illttm
1331 701 1439 738 timor

351 757 561 804 invaserat,
582 767 620 799 ut
645 766 726 808 post
750 771 984 810 congressum
1005 761 1130 800 fratris
1146 791 1155 807 ,
1177 764 1440 810 quantumlibet

350 818 411 855 ille
431 826 563 866 praeter
583 831 685 869 spem
707 823 860 871 benigne
877 829 913 860 et
934 823 1139 861 humaniter
1155 835 1199 862 eo
1219 835 1304 862 usus
1325 833 1435 870 esset,

350 882 536 921 conlidere
553 895 598 922 tte
616 885 668 922 sic
688 885 834 933 quidem
861 893 986 934 posset
1011 888 1304 936 anxietatemqu
1321 888 1436 936 depo-

350 955 452 983 nere.
482 946 646 994 Denique
666 959 748 985 cum
769 949 979 986 obSecraret
1001 950 1060 987 ille
1075 979 1084 995 ,
1105 957 1142 987 ut
1170 961 1291 988 secum
1319 961 1358 988 se
1384 953 1436 988 ire

351 1009 602 1056 permitteret,
631 1021 702 1048 non
731 1021 836 1048 secus
862 1023 968 1060 quam
997 1023 1016 1049 a
1045 1013 1117 1049 fera
1147 1013 1266 1061 aliqua
1293 1013 1435 1051 liberari

349 1071 512 1118 cupiens,
535 1079 573 1108 ut
593 1073 781 1111 recederet
803 1075 943 1120 orabat,
965 1075 1090 1112 dicens
1113 1087 1120 1110 :
1147 1076 1262 1120 Nosti,
1282 1078 1432 1122 domine,

349 1135 430 1182 quia
454 1135 602 1183 infantes
629 1138 812 1173 teneriores
839 1144 916 1174 sunt
931 1166 939 1181 ,
963 1149 1106 1182 ovesque
1125 1145 1156 1175 et
1180 1139 1278 1176 bores
1304 1151 1435 1176 mecum

349 1199 462 1246 fmtte;
481 1199 511 1235 si
526 1210 605 1247 ergo
624 1211 764 1249 urgeam
779 1212 850 1247 eas,
869 1200 925 1237 die
942 1213 1010 1237 una
1026 1202 1214 1238 morientur
1232 1205 1345 1239 cuncti
1355 1215 1435 1252 gre-

347 1272 418 1310 ges.
441 1261 620 1298 Prwcedat
647 1262 806 1300 dominus
825 1275 919 1300 meus
937 1270 1016 1300 ante
1031 1276 1164 1301 servum
1185 1277 1298 1310 suum,
1321 1273 1352 1302 et
1373 1279 1434 1315 rgo

345 1323 551 1360 incalescunt
568 1325 604 1361 in
621 1325 674 1361 via
691 1325 877 1362 secundum
895 1327 1088 1362 tarditatem
1107 1329 1340 1376 profectionis,
1359 1341 1434 1376 qua:

347 1396 464 1422 coram
491 1397 544 1422 me
572 1394 602 1423 et
630 1387 729 1432 iuxta
755 1388 858 1436 pedes
886 1389 1108 1436 parvulorum
1131 1401 1305 1436 mrorum,
1327 1391 1432 1428 donec

345 1449 480 1485 veniam
510 1449 557 1484 ad
585 1449 760 1486 dominum
793 1463 905 1487 meum
929 1452 964 1488 in
987 1451 1066 1488 Seir
1089 1451 1162 1499 (Id.
1184 1453 1244 1490 53.
1267 1455 1324 1490 15.
1347 1455 1428 1502 Η).

345 1512 613 1561 Ιὶρερίγιιιιεψιθ
632 1525 674 1550 ex
695 1514 766 1551 illis
781 1515 950 1562 periculis
965 1515 1159 1561 modicum,
1177 1517 1211 1554 in
1227 1517 1336 1554 alium
1356 1518 1432 1554 Ion-

345 1586 389 1625 ge
408 1577 604 1614 maximum
625 1577 792 1614 timorem
811 1578 946 1615 incidit.

395 1637 496 1676 Dirue
521 1639 604 1685 filice
619 1647 752 1687 raptas.
773 1661 821 1666 —
841 1641 954 1689 Rapta
983 1643 1116 1691 quippe
1135 1643 1228 1680 illius
1248 1644 1330 1690 lilia,
1355 1645 1430 1692 pri-

342 1710 442 1736 munt
461 1701 606 1748 quidem
626 1702 754 1748 pttella:
776 1704 1032 1740 contumeliam
1051 1715 1148 1752 :13ng
1177 1706 1335 1751 ferebat;
1367 1708 1432 1746 sed

343 1772 424 1798 cum
446 1762 481 1798 id
499 1762 637 1800 facinus
656 1765 826 1810 lenisset,
847 1767 941 1814 quod
962 1779 1042 1804 eam
1071 1770 1166 1816 regis
1185 1770 1278 1808 filius
1299 1773 1429 1810 ductu-

342 1833 423 1859 rum
443 1832 482 1860 se
497 1834 646 1861 uxorem
670 1825 922 1872 polliceretttr,
943 1839 1096 1876 eantque
1113 1833 1328 1869 sententiam
1348 1833 1427 1871 lau-

343 1885 464 1923 dasset
495 1885 620 1931 Jacob,
645 1887 780 1925 foedera
799 1889 946 1928 violavit
973 1891 1058 1930 Levi
1089 1903 1171 1930 cum
1206 1894 1318 1933 fratre
1347 1908 1426 1942 suo,

340 1951 511 1996 civeSqnc
529 1949 663 1986 viritim
685 1951 729 1988 ad
753 1963 860 1988 unum
875 1953 1082 2001 jugulantes
1099 1984 1108 1998 ,
1135 1957 1170 1993 in
1194 1957 1228 1994 id
1261 1959 1428 1996 tremoris

344 2015 482 2057 patrem
514 2011 758 2058 induxerunt,
789 2021 826 2051 ut
857 2015 940 2053 inde
972 2019 1135 2064 protinus
1169 2020 1362 2068 migraret,
1384 2032 1428 2060 eo

341 2073 436 2120 quod
465 2083 594 2112 omnes
619 2075 813 2114 adversum
845 2089 884 2116 se
914 2079 1112 2118 bellaturos
1140 2083 1296 2121 timeret.
1329 2084 1427 2122 Dixit

341 2135 445 2180 enim,
459 2137 508 2173 ait
525 2136 724 2185 Scriptura,
743 2139 853 2176 Jacob
868 2141 914 2176 ad
932 2142 1127 2180 Simeonem
1147 2151 1178 2181 et
1200 2145 1280 2182 Levi
1295 2157 1307 2183 :
1325 2147 1429 2184 Odio-

340 2208 416 2234 sum
446 2209 498 2235 me
524 2199 665 2247 fecistis,
687 2207 722 2237 ut
746 2202 884 2249 iniquus
912 2205 991 2249 sim,
1023 2207 1178 2244 omnibus
1197 2209 1426 2248 habitantibus

339 2265 478 2306 terram,
501 2261 768 2312 Cltananwisque
785 2273 813 2302 et
833 2265 1034 2304 Phereza’is.
1054 2269 1127 2318 Ego
1144 2279 1254 2309 autem
1274 2285 1348 2310 sum
1362 2275 1426 2310 mi-

341 2323 454 2360 niatus
472 2336 624 2370 numero,
645 2329 908 2380 congregatique
925 2338 1044 2368 contra
1063 2345 1116 2370 me
1129 2335 1233 2372 simul
1247 2339 1424 2375 concident

339 2398 404 2432 me,
436 2388 638 2438 deleborque
668 2403 755 2439 ego,
787 2399 820 2428 et
867 2393 988 2431 domus
1017 2407 1092 2432 mea
1127 2397 1210 2446 (Id.
1244 2401 1302 2437 54.
1336 2401 1421 2449 50).

337 2450 480 2498 Quippe
505 2461 632 2488 omnes
651 2453 730 2492 illos
751 2465 819 2492 una
843 2455 984 2494 finitimi
1006 2467 1218 2506 necassem,
1250 2463 1315 2499 nisi
1341 2464 1422 2501 illo-

337 2523 416 2549 rum
437 2513 717 2562 indignationem
739 2517 798 2554 Dei
816 2518 1006 2556 ciememia
1025 2523 1273 2568 continuisset,
1301 2525 1423 2564 finem-

335 2587 406 2622 que
417 2577 578 2615 cladibus
596 2579 840 2626 imposuisset.
864 2581 994 2619 Factus
1008 2591 1070 2628 est,
1088 2585 1218 2632 inquit,
1235 2589 1336 2625 timor
1357 2590 1422 2628 Dei

335 2648 437 2685 super
455 2649 571 2675 ontnes
599 2651 659 2686 per
681 2641 862 2677 circuitum
893 2643 1057 2688 civitates,
1093 2659 1200 2693 neque
1227 2654 1421 2699 persequuti

333 2706 411 2735 sunt
440 2707 514 2746 post
540 2701 630 2746 ﬁlios
663 2700 774 2738 Israel
799 2701 887 2749 (Id.
909 2705 969 2742 55.
1090 2708 1182 2754 Quid
1218 2721 1306 2759 ergo
1337 2723 1418 2751 cum

334 2759 402 2796 hoc
429 2767 527 2796 metu
556 2761 727 2800 liberatus
757 2766 878 2802 esset?
907 2779 992 2804 num
1030 2771 1172 2808 tandem
1201 2775 1418 2822 respiravit?

333 2819 408 2856 ltno
425 2831 512 2857 vero
525 2828 609 2858 tunc
623 2833 812 2870 supremus
830 2837 911 2864 cum
929 2831 1102 2868 malorum
1115 2835 1276 2872 omnium
1293 2846 1414 2876 vertex

333 2882 474 2926 invasit,
495 2894 594 2921 mors
613 2887 752 2924 scilicet
771 2891 1028 2929 amantissima:
1049 2897 1212 2944 conjugis
1231 2907 1266 2937 et
1285 2900 1415 2938 imma-

333 2951 408 2980 tura
430 2946 534 2982 simul
553 2954 589 2984 et
608 2949 778 2988 violenta.
809 2951 950 2999 Peperit
968 2957 1071 3002 enim,
1092 2959 1229 3008 inquit,
1258 2963 1390 3002 Rachel
1403 2994 1412 3010 ,

331 3009 588 3056 parturiensque
606 3010 793 3050 laborabat.
831 3013 976 3052 Factum
995 3025 1044 3054 est
1063 3027 1174 3057 autent
1191 3034 1268 3060 cum
1289 3034 1412 3074 partu-

329 3068 420 3104 riens
443 3071 704 3117 periclitaretur,
725 3075 811 3112 dixit
832 3076 884 3113 illi
901 3081 1062 3117 obstetrix
1081 3091 1096 3118 .‘
1117 3083 1258 3130 Conﬁdo
1271 3068 1334 3132 ,ἐι
1357 3090 1412 3125 Itic

329 3131 419 3166 enim
435 3133 494 3168 tibi
507 3135 600 3180 filius
619 3143 678 3172 est.
702 3136 746 3174 Et
763 3150 840 3175 cum
857 3141 980 3188 efﬂaret
1001 3146 1152 3182 animant
1168 3175 1177 3192 ,
1205 3151 1413 3188 moriebatur

329 3193 432 3237 enim,
450 3198 576 3233 vocavit
600 3210 721 3236 nomen
747 3203 836 3248 ejus,
858 3203 972 3242 Filius
998 3207 1128 3246 doloris
1148 3211 1214 3247 ntei
1235 3211 1246 3260 (
1264 3212 1354 3249 Ibid.
1375 3226 1406 3250 υ.

330 3253 376 3288 18
390 3259 416 3303 ).
441 3255 604 3304 Cumque
621 3260 739 3298 luctus
759 3263 874 3301 adhuc
893 3276 1019 3304 recens
1040 3277 1148 3315 esset,
1167 3253 1297 3319 adjecit
1316 3285 1409 3312 mte-

328 3316 400 3352 rori
417 3317 557 3364 Ruben,
572 3323 682 3366 patris
695 3330 810 3362 torum
827 3331 1086 3369 contumeliose
1099 3334 1288 3382 impetens.
1305 3338 1407 3384 Quod

328 3377 389 3414 ille
410 3383 480 3414 tant
501 3381 664 3429 graviter
684 3385 776 3428 tulit,
799 3394 838 3424 ut
857 3391 1016 3429 moriens
1042 3377 1186 3442 quoque
1215 3377 1408 3438 malawim-

328 3447 537 3487 precaretur
556 3441 628 3478 lilio
643 3471 652 3486 ,
675 3450 748 3482 tum
775 3448 938 3495 scilicet,
973 3441 1218 3500 quandoiftliis
1238 3469 1406 3506 parentes

326 3503 466 3550 majore
495 3504 741 3544 misericordia
773 3509 866 3546 allici
893 3522 1159 3555 consueverunt
1188 3503 1294 3569 idque
1323 3533 1404 3561 cum

326 3565 386 3602 ille
407 3566 664 3615 primogenitus
681 3576 778 3606 esset
801 3573 961 3610 omniunt
991 3579 1085 3624 quod
1112 3581 1219 3618 etiam
1235 3565 1288 3620 -ad
1316 3585 1405 3623 all'e-

325 3633 424 3664 ctum
457 3640 529 3667 non
563 3640 690 3677 parum
711 3631 818 3669 valet.
841 3633 910 3671 Sed
940 3642 1058 3675 tamen
1090 3640 1168 3680 ha-c
1199 3647 1318 3682 omnia
1349 3649 1403 3686 vis

325 3691 493 3746 tumroris
512 3692 678 3737 exclusit,
697 3703 900 3743 vocansqne
928 3697 1026 3735 illum
1047 3700 1136 3738 dixit
1156 3716 1165 3740 :
1188 3705 1307 3744 Ruben
1327 3709 1401 3756 pri-

324 3752 514 3796 mogenitus
531 3764 636 3797 meus,
658 3755 824 3802 fortitudo
841 3768 929 3804 mea,
946 3766 976 3795 et
995 3760 1128 3798 initium
1141 3765 1292 3810 [illorum
1311 3752 1401 3807 meo-

325 3818 414 3852 rum,
432 3812 539 3850 durus
555 3815 601 3850 ad
620 3816 810 3862 ferendunt,
831 3819 1005 3867 durusque
1023 3827 1054 3858 et
1067 3824 1184 3860 audax
1203 3836 1215 3861 :
1235 3828 1400 3878 injuriam

323 3867 478 3928 intulisti,
497 3875 583 3911 sicut
603 3887 692 3924 aqua
717 3890 784 3916 non
804 3879 1014 3926 eﬂenrescas.
1047 3884 1238 3923 Aseendisti
1258 3867 1347 3926 enim
1365 3893 1399 3928 in

323 3927 431 3966 cubile
447 3935 551 3977 patris
569 3939 638 3986 tui,
660 3947 738 3978 tttnc
751 3935 937 3982 ‘ntaculasti
953 3953 1114 3993 stratum,
1141 3950 1196 3986 ubi
1213 3955 1394 3992 ascendistt

851 247 890 285 S.
918 247 1108 286 JOANNIS
1133 249 1461 288 CIIRYSOSTOMI
1488 251 1704 292 ARCHIEP.
1723 256 2074 302 CONSTANTIN‘OP.

2459 285 2510 325 558

1519 329 1530 376 (
1546 329 1632 367 Gen.
1649 331 1708 369 49.
1725 333 1760 370 5.
1783 335 1842 383 4).
1863 336 1952 374 Cum
1971 347 2088 378 autent
2103 343 2299 385 adolevisset
2314 356 2512 398 amantissima:

1518 394 1642 430 uxoris
1663 395 1770 441 filius,
1791 397 1970 447 solarique
1987 402 2078 440 illius
2091 404 2292 446 desiderium
2312 412 2401 460 hujus
2417 428 2511 457 contu-

1516 454 1642 494 bernio
1661 467 1836 505 speraret,
1859 467 1943 500 tunc
1960 466 2025 512 tpsi
2045 468 2246 516 multiplices
2261 484 2409 521 parantur
2419 492 2512 519 ειτιίιιιι-

1515 529 1584 556 nm.
1599 521 1743 560 Fratres
1753 525 1848 561 enim
1865 526 1958 563 illius
1974 530 2122 567 tunicam
2139 533 2304 573 intinctam
2317 543 2459 587 sanguine
2469 557 2512 592 pa-

1515 583 1558 618 tri
1581 585 1813 624 ostendentes
1830 599 1958 636 tnagno
1973 591 2069 628 illum
2091 593 2182 631 luctu
2196 583 2407 639 confecerunt.
2424 583 2513 654 Neque

1513 645 1609 680 enim
1625 647 1737 683 solam
1758 648 1902 696 lugebat
1917 658 2080 698 mortem,
2099 655 2158 691 sed
2173 657 2276 704 ipsum
2291 672 2410 710 quoque
2421 645 2514 706 monis

1512 718 1624 754 genus
1636 721 1644 744 :
1657 710 1876 759 plurimaque
1885 720 2072 762 erantque:
2081 716 2168 754 illius
2177 720 2318 759 animum
2325 727 2512 775 exagitabant,

1512 769 1606 815 quod
1634 778 1762 809 amata.-
1789 773 1883 812 illius
1907 775 2012 821 tilias,
2035 779 2125 825 quod
2153 781 2270 820 melior
2291 769 2428 835 reliquis,
2445 769 2512 838 quod

1512 831 1668 869 maxime
1683 833 1848 877 dilectus.
1865 838 1958 884 quod
1976 839 2009 875 in
2029 840 2104 887 ipso
2119 845 2228 880 act-alis
2244 845 2332 891 flore,
2345 831 2426 896 quod
2438 831 2514 892 abeo

1512 893 1658 939 missus,
1679 897 1774 943 quod
1790 909 1906 946 neque
1917 901 1949 936 in
1962 901 2080 947 domo,
2096 915 2204 951 neque
2219 907 2250 942 in
2261 893 2512 962 leam-nequepu-

1513 963 1566 994 tre
1582 968 1702 995 coram
1718 961 1906 999 assiatcutc
1921 992 1929 1006 ,
1949 975 2062 1012 neque
2076 966 2191 1005 dicens
2204 970 2324 1017 aliquid
2343 981 2373 1010 et
2389 961 2512 1023 audiens,

1509 1019 1604 1066 quod
1625 1031 1697 1057 non
1715 1025 1898 1061 communi
1916 1035 2030 1064 morte
2045 1030 2211 1075 omnium,
2227 1033 2312 1079 quod
2329 1035 2431 1072 vivens
2446 1048 2461 1073 a
2475 1039 2512 1076 le-

1509 1093 1630 1120 rat-um
1645 1084 1868 1125 immanitate
1885 1088 2084 1138 discerptus
2097 1091 2219 1139 fuerat,
2233 1097 2316 1143 quod
2331 1108 2369 1135 ne
2383 1099 2511 1148 reliquias

1508 1147 1652 1194 quidem
1673 1148 1768 1186 illius
1787 1153 1944 1198 reperire
1958 1161 2096 1200 poterat
2109 1162 2144 1193 et
2155 1157 2257 1195 humo
2269 1159 2402 1198 condere
2419 1174 2426 1198 :
2441 1147 2511 1210 quod

1509 1210 1575 1246 ista
1598 1211 1645 1248 illi
1667 1223 1737 1250 nou
1758 1213 1792 1250 in
1813 1214 2001 1262 juventute
2019 1219 2262 1267 contigissent,
2279 1224 2402 1270 quando
2419 1227 2512 1264 melius

1482 1290 1486 1293 ν
1509 1273 1602 1311 ferre
1631 1278 1819 1322 potuisset,
1842 1279 1904 1316 sed
1925 1281 1958 1316 in
1979 1289 2159 1320 senectute
2176 1284 2302 1320 ultima.
2323 1285 2451 1334 Eratque
2464 1289 2511 1325 ιιιί-

1507 1337 1702 1375 secandum
1719 1341 1868 1378 omnino
1889 1344 2128 1389 spectaculum
2139 1373 2148 1389 ,
2167 1346 2280 1384 videre
2294 1357 2390 1385 canos
2405 1350 2512 1396 pulvere

1506 1397 1672 1445 foedatos,
1703 1402 1890 1451 seuileque
1923 1412 2045 1452 pectus
2074 1407 2214 1445 discissa
2241 1410 2346 1447 tunica
2371 1411 2508 1454 nudatum,

1507 1461 1736 1511 lamentaque
1758 1465 1984 1505 admittentia
2003 1470 2272 1509 consolationem
2290 1473 2414 1510 nullant.
2431 1475 2509 1512 Scidit

1505 1525 1616 1570 enim,
1640 1526 1754 1574 inquit
1769 1557 1778 1572 ,
1797 1527 1906 1566 Iacob
1927 1533 2118 1569 vestimenta
2131 1545 2202 1577 sua,
2221 1541 2249 1570 ct
2261 1535 2462 1582 circumposuit
2477 1537 2508 1571 ri-

1506 1586 1622 1623 licium
1650 1589 1774 1627 lutnbis
1799 1592 1892 1638 suis,
1921 1592 2115 1642 lugebatquc
2141 1595 2243 1642 [ilium
2262 1596 2366 1633 diebus
2382 1598 2510 1645 plurimis.

1505 1648 1708 1700 Congregati
1726 1661 1806 1690 sunt
1827 1661 1937 1691 autent
1957 1669 2070 1694 omnes
2088 1659 2150 1705 ﬁlii
2169 1659 2237 1706 ejus
2255 1666 2282 1696 et
2299 1660 2384 1707 filice,
2402 1667 2426 1696 et
2443 1671 2511 1696 vene-

1503 1721 1584 1750 runt
1612 1716 1785 1752 consolari
1813 1727 1910 1761 eum;
1939 1719 2109 1767 noluitque
2135 1721 2306 1765 consolari,
2324 1719 2510 1758 direptum-

1503 1775 1664 1812 scendam
1685 1777 1730 1813 ad
1749 1778 1860 1824 ﬁlium
1884 1791 1994 1818 ntcum
2014 1782 2130 1830 lugens
2159 1784 2192 1819 in
2219 1784 2372 1832 infernum
2393 1782 2452 1832 (Id.
2469 1783 2511 1820 5i.

1503 1835 1632 1873 53.65
1647 1838 1672 1884 ).
1693 1838 1802 1884 Quasi
1816 1851 1900 1878 vero
1916 1843 2085 1889 possibile
2101 1854 2166 1880 non
2187 1851 2274 1882 esset
2293 1855 2404 1882 vacare
2417 1855 2432 1880 a
2447 1854 2512 1880 nuc-

1503 1908 1586 1935 rore
1609 1899 1769 1938 animum
1793 1902 1918 1950 ipsius,
1939 1915 2019 1942 cum
2043 1906 2205 1953 coepisset
2227 1917 2265 1944 ea
2289 1907 2378 1954 plaga
2403 1905 2510 1949 curari,

1503 1963 1616 2000 fames
1634 1965 1750 2002 valida
1770 1966 1979 2006 incumbens
1992 1997 2002 2015 ,
2025 1975 2222 2018 terratnquc
2240 1970 2417 2006 universam
2434 1978 2511 2005 oecu-

1501 2035 1606 2073 pans,
1629 2027 1785 2074 primum
1803 2031 1946 2078 quidem
1967 2032 2164 2070 vehementi
2191 2033 2280 2069 illum
2308 2038 2510 2069 matroretur-

1502 2085 1649 2125 baverat
1670 2101 1678 2127 :
1701 2088 1920 2130 cum'autem
1939 2095 2070 2132 reversi
2087 2106 2128 2132 ex
2147 2095 2292 2144 Egypto
2309 2095 2374 2139 lilii,
2393 2094 2436 2131 rei
2457 2093 2512 2129 fru-

1500 2151 1686 2187 tuentarim
1704 2153 1804 2199 copia
1829 2153 1930 2192 fatuis
1950 2156 2170 2194 incommoda
2187 2157 2282 2194 solati
2298 2162 2416 2200 essent,
2431 2155 2512 2191 aliaat

1501 2211 1585 2248 item
1616 2215 1853 2253 Consolationi
1877 2219 2022 2256 mixtam
2041 2219 2172 2256 doloris
2191 2230 2321 2257 causam
2343 2219 2510 2262 attulerunt,

1501 2274 1794 2326 voluptatemque
1808 2309 1817 2324 ,
1837 2291 1943 2328 quant
1964 2293 2009 2319 ex
2027 2282 2128 2320 famis
2148 2283 2308 2320 levantine
2324 2282 2451 2326 tulerat,
2466 2281 2513 2318 ab-

1498 2339 1612 2375 sentia
1629 2340 1687 2376 lilii
1704 2343 1888 2388 proruebat
1904 2353 2009 2392 atque
2021 2346 2239 2383 ObaCUFabill.
2251 2345 2358 2392 Neque
2370 2344 2398 2380 id
2411 2343 2512 2386 solum,

1497 2400 1560 2436 sed
1581 2401 1768 2449 Beujamin
1789 2405 1903 2451 ipsum
1920 2408 2146 2454 postulabant
2165 2420 2173 2444 :
2195 2419 2260 2456 quo
2277 2408 2327 2445 ille
2345 2406 2429 2442 unico
2443 2404 2514 2440 sola-

1497 2463 1546 2498 tio
1565 2475 1605 2500 ex
1631 2465 1751 2502 uxoris
1778 2467 1958 2506 defunctae
1983 2475 2018 2507 et
2043 2480 2062 2506 a
2087 2469 2162 2508 fera
2187 2469 2333 2507 devorali
2351 2468 2401 2504 ﬁlii
2422 2467 2514 2502 Ιοιιῖιη

1495 2535 1690 2562 maerorem
1709 2535 1863 2576 poterat.
1894 2531 1982 2568 Erat
1999 2539 2116 2569 autem
2138 2543 2204 2568 non
2225 2543 2264 2569 ea
2283 2531 2349 2567 sola
2364 2539 2451 2566 causa
2465 2527 2512 2562 dc-

1496 2589 1631 2626 tiueudi
1655 2591 1840 2638 Benjatnin
1865 2605 2000 2640 secum,
2029 2606 2149 2632 verum
2170 2600 2252 2631 aetas
2267 2603 2392 2641 quoquc
2408 2597 2438 2628 et
2454 2590 2510 2636 ipsa

1495 2653 1719 2692 educationis
1741 2657 1846 2694 ratio.
1875 2657 1956 2695 Non
1977 2660 2166 2704 descendet,
2188 2658 2296 2702 enim,
2315 2655 2424 2703 inquit,
2440 2652 2512 2699 ﬁlim

1493 2727 1586 2753 meus
1605 2717 1789 2763 vobiscum,
1811 2723 1972 2768 quoniam
1991 2723 2096 2770 frater
2113 2724 2185 2770 ejus
2203 2728 2342 2758 mortuus
2356 2723 2444 2760 est,ot
2457 2716 2511 2762 ipse

1491 2777 1585 2816 solus
1607 2781 1785 2818 derelictus
1805 2791 1868 2828 est,
1891 2786 2124 2833 contingelqne
2150 2785 2242 2821 illaut
2264 2780 2413 2829 inﬁrmari
2427 2779 2454 2814 in
2469 2777 2510 2812 via

1490 2851 1556 2887 qua
1571 2852 1628 2878 vos
1645 2844 1798 2892 pergitis,
1818 2846 2054 2896 deducetisque
2071 2859 2171 2884 canos
2184 2858 2270 2883 meos
2285 2855 2353 2881 cum
2367 2842 2465 2878 dolore
2476 2837 2510 2873 ad

1491 2903 1619 2950 inferos
1641 2903 1724 2954 (Id.
1746 2907 1805 2944 4‘2.
1829 2909 1916 2958 58).
1939 2910 2098 2947 Primum
2127 2910 2229 2956 igitur
2255 2907 2385 2945 omnino
2410 2911 2506 2939 rctulc'

1489 2963 1563 3010 bal,
1589 2966 1688 3004 illum
1710 2979 1904 3016 numquam
1924 2981 1963 3009 se
1983 2972 2146 3009 daturum
2165 2980 2319 3008 asserens
2337 2979 2344 3003 :
2359 2976 2428 3003 euut
2443 2972 2508 2999 Vero

1487 3027 1804 3068 vehementissima
1821 3033 1935 3072 fames
1946 3042 2098 3083 urgeret,
2112 3033 2324 3082 gravioriun
2335 3025 2509 3093 necessitale

1488 3096 1706 3138 tangeretur,
1721 3105 1936 3143 quamquam
1956 3098 2102 3134 nimium
2119 3105 2268 3134 mmrens
2287 3106 2294 3128 :
2317 3091 2397 3137 Ωιιίά
2412 3091 2506 3152 ⁰¹¹ί⁴ξ¹ῤ

1487 3153 1614 3200 inquit,
1630 3166 1683 3190 me
1696 3155 1874 3203 aﬂlixistis,
1895 3161 2086 3196 nuntiantes
2101 3158 2236 3200 homini,
2250 3155 2335 3203 quod
2352 3156 2423 3189 esset
2437 3146 2508 3184 υθὸη

1486 3215 1596 3262 frater
1613 3217 1625 3263 (
1643 3215 1702 3252 Id.
1719 3219 1779 3254 45.
1799 3219 1875 3266 6)?
1902 3221 2081 3269 verbaque
2116 3221 2172 3256 illa
2203 3215 2384 3254 miseranda
2405 3213 2507 3257 loquu-

1486 3282 1567 3312 tus:
1589 3277 1734 3326 Joseph,
1762 3281 1950 3328 inquiens,
1973 3295 2042 3320 non
2071 3289 2129 3327 est,
2157 3282 2290 3320 Simeon
2317 3288 2376 3314 non
2399 3279 2466 3340 est,
2482 3274 2506 3305 ει

1481 3338 1664 3388 Benjamin
1683 3343 1774 3378 hunc
1795 3347 1998 3383 assumetis?
2024 3347 2058 3383 in
2080 3357 2130 3383 me
2147 3350 2297 3382 venerunt
2315 3342 2372 3377 ista
2389 3340 2508 3402 annua:

1481 3401 1606 3438 dolens
1639 3404 1776 3442 scilicet
1807 3407 1902 3453 quod
1936 3415 2016 3456 post
2047 3407 2174 3454 Ioseph
2201 3412 2236 3444 et
2264 3405 2394 3442 Simeon
2421 3401 2506 3463 ettaut

1481 3463 1665 3510 Benjamin
1682 3476 1702 3502 a
1719 3477 1757 3504 se
1773 3468 1974 3508 niterentur
1984 3471 2150 3514 avellere,
2159 3467 2402 3511 ostendensque
2411 3466 2505 3497 omnia

1479 3533 1518 3562 5°
1545 3527 1664 3573 Ρυῑῖυε
1693 3539 1899 3576 passurum,
1927 3543 2032 3580 quam
2059 3531 2280 3569 dimissurum
2299 3537 2316 3562 a
2335 3535 2370 3562 se
2386 3522 2504 3580 liliuut_:

1477 3587 1593 3626 victus
1613 3575 1756 3628 tandem
1775 3594 1850 3630 suis
1868 3575 1948 3632 eum
1965 3595 2127 3631 manibus
2146 3590 2304 3634 tradidit.
2323 3586 2452 3651 δίθθηξῖ
2471 3575 2505 3651 Εξ

1476 3650 1618 3696 fratrem
1649 3660 1798 3691 vestrum
1827 3657 2000 3701 ussumite,
2031 3661 2262 3704 surgentesque
2285 3645 2455 3686 descendite
2469 3638 2505 3675 ad

1475 3712 1595 3748 virum.
1621 3713 1714 3753 Deus
1733 3725 1846 3756 autem
1867 3719 1958 3757 meus
1978 3721 2033 3756 det
2053 3719 2142 3756 vobis
2153 3717 2292 3766 gratiam
2307 3715 2339 3750 in
2352 3709 2504 3766 consptcl“

1474 3773 1550 3818 υίνίι
1573 3778 1770 3827 emittetque
1783 3782 1952 3818 vobiscum
1970 3785 2108 3831 fratrem
2126 3787 2264 3816 vestrum
2281 3783 2377 3812 unum
2391 3776 2418 3806 et
2431 3765 2504 3802 Ben-

1467 3835 1594 3882 jamin.
1611 3839 1686 3888 Ego
1704 3844 1792 3879 enim
1806 3845 1890 3880 sicut
1906 3844 2016 3882 liberis
2030 3843 2163 3880 orbatus
2177 3852 2258 3883 sum,
2272 3836 2374 3875 liberis
2387 3831 2502 3900 Orbi"?

1472 3908 1547 3934 sum
1573 3887 1681 3948 (Ibid.
1711 3915 1742 3941 υ.
1778 3906 1837 3942 15.
1857 3907 1937 3954 is).
1977 3905 2026 3942 lta
2047 3904 2270 3963 vehementer
2293 3893 2428 3963 sum-mis

1473 3961 1670 4008 anSehatur
1687 3966 1934 4012 incommodis,
1957 3975 1994 4006 ut
2013 3966 2203 4006 visceribus
2219 3961 2320 4000 etiam
2339 3955 2500 3998 discemus

2323 4255 2670 4320 ...Δ
