2726 4358
198 224 267 260 .561)

194 304 441 353 paulatimque
458 298 651 336 imminutis
673 297 754 334 filiis
773 297 938 334 universa
957 292 1174 332 deteriorum
1203 300 1262 328 ac-

197 367 361 405 cessione
376 365 555 401 toleraret.
573 361 704 409 Majore
719 359 814 397 enim
829 370 871 397 ex
886 355 1088 405 ltujustnodi
1103 353 1263 391 adversis

197 428 323 466 dolore
340 427 553 474 angebatur,
582 434 687 471 quam
713 428 796 460 ante
822 432 866 459 ex
891 419 1038 467 Joseph.
1061 417 1199 463 Quippe
1219 425 1261 452 ea

198 489 393 532 calamitas,
411 497 490 533 qua:
507 486 695 522 meliorum
722 493 785 530 spe
808 489 843 520 et
868 480 1260 528 exspectationeearet,

199 550 266 586 etsi
293 547 558 585 vehementiore
578 545 701 582 dolore
721 554 787 582 nos
807 543 954 585 cruciat,
976 541 1036 577 ille
1055 545 1172 576 tamen
1189 538 1265 585 ipse

199 611 302 648 dolor
317 611 386 647 cito
405 609 549 653 lenitur,
569 609 652 645 dum
673 609 792 644 animo
809 603 1010 652 desperatio
1029 602 1134 649 hujus
1152 601 1265 638 corri-

199 671 322 719 gendae
351 671 521 717 ingeritur
543 681 550 703 :
571 680 650 715 quae
686 678 771 714 vero
801 676 970 714 suspensa
999 671 1076 708 est,
1105 663 1264 700 animum

199 732 424 780 requiescere
442 742 511 767 non
529 730 613 766 sittit
629 758 638 774 ,
661 729 858 765 futurorum
878 725 1129 763 inccrlitudine
1144 723 1266 759 anxie-

201 799 308 831 tatem
333 793 464 840 jngiter
492 791 595 828 nobis
625 799 758 837 augens
789 795 826 826 et
861 797 1036 825 rettm'ans
1059 798 1067 822 :
1088 785 1192 832 idque
1222 794 1264 820 ex

200 856 304 892 beato
329 854 436 892 David
457 853 557 890 facile
572 851 857 888 animadvertere
878 857 1080 896 possumus,
1105 847 1164 893 qui
1184 855 1264 881 eum

201 916 316 953 adhuc
343 916 484 952 vivente
510 915 694 962 plangeret
723 912 808 953 lilio,
828 921 872 948 eo
905 910 982 955 ipso
1011 914 1152 944 mortuo
1178 916 1217 942 se
1243 916 1261 941 a

203 978 286 1014 fletu
314 978 488 1015 continuit
516 989 524 1012 :
553 975 649 1023 quod
678 985 759 1010 cum
791 973 884 1010 servi
917 971 1011 1008 illius
1038 972 1266 1012 mirarentur,

203 1049 417 1086 causamque
434 1039 670 1086 requirerent,
693 1036 784 1072 hanc
807 1027 919 1082 ipsam
939 1033 1112 1070 rationem
1133 1032 1267 1077 allega-

204 1101 266 1143 vit,
284 1111 389 1147 quam
409 1110 476 1147 ego
494 1100 612 1136 modo.
635 1099 760 1135 Merito
777 1097 883 1144 igitur
897 1094 1075 1132 .laeobhis
1091 1093 1271 1132 metuebat

204 1161 316 1207 magis
335 1167 440 1207 atque
457 1160 640 1197 tremebat.
663 1157 734 1195 Sed
759 1163 924 1205 aspectus
947 1156 1005 1192 ille
1024 1153 1270 1192 desiderabilis

203 1232 246 1258 ac
259 1221 388 1268 .Ioseph
401 1221 509 1258 facies
520 1221 737 1267 voluptatem
756 1220 804 1256 illi
823 1225 858 1256 et
875 1218 1028 1265 quietem
1044 1215 1268 1264 postmodum

205 1283 367 1329 prmhnit.
403 1283 446 1320 Et
475 1282 559 1328 quid
594 1282 677 1319 inde
706 1281 896 1327 voluptatis
924 1286 1167 1326 consequutus
1195 1278 1270 1314 cst?

203 1344 300 1380 Sicut
317 1344 410 1380 enim
427 1343 742 1380 vehetncntiSsimo
758 1342 828 1388 igni
843 1341 966 1377 adusta
985 1341 1142 1378 membra
1158 1350 1271 1386 quan-

205 1405 363 1442 tumlibet
391 1405 470 1452 quis
494 1404 706 1452 refrigerare
725 1403 911 1447 moliatur,
930 1402 1017 1439 nihil
1035 1401 1176 1448 prolicit
1196 1413 1204 1435 :
1223 1401 1270 1436 ita

204 1471 240 1502 et
260 1466 353 1502 illius
375 1472 540 1502 tumstum
567 1464 726 1501 animum
753 1463 925 1510 nimiique
951 1463 1087 1500 doloris
1117 1462 1271 1498 flammis

205 1527 366 1562 adustum
389 1526 475 1565 nihil
495 1532 571 1562 erat
585 1525 678 1572 quod
695 1535 857 1562 recreare
871 1531 1003 1571 posset,
1017 1524 1173 1560 maxime
1189 1533 1269 1559 cum

205 1596 246 1622 ca
266 1592 368 1622 :etate
386 1587 504 1622 nullus
523 1585 595 1622 fere
613 1586 658 1621 sit
678 1585 869 1632 voluptatis
889 1594 1014 1621 sensus
1037 1596 1044 1620 :
1067 1583 1158 1630 quod
1179 1584 1269 1619 Ber-

206 1647 284 1682 zclli
302 1645 631 1683 excusans‘dicebat
659 1646 702 1681 ad
734 1645 841 1682 David
863 1657 870 1680 :
895 1646 985 1689 Quot
1012 1646 1083 1681 dics
1106 1655 1272 1681 annorum

206 1709 281 1743 ritca
308 1718 389 1744 mea:
417 1709 487 1744 illic
519 1715 616 1743 erunt
645 1708 740 1751 milii,
761 1714 797 1742 ut
824 1707 1003 1742 ascendant
1032 1717 1107 1742 cum
1135 1718 1211 1753 rege
1237 1707 1271 1741 in

204 1769 420 1805 Jerusalem?
445 1769 557 1806 Filius
578 1771 746 1817 octoginta
766 1781 930 1805 annorum
945 1781 1018 1805 sum
1039 1769 1164 1813 hodie;
1191 1781 1271 1804 unm

204 1832 392 1867 discernunt
414 1833 500 1867 inter
524 1832 645 1868 bonum
673 1839 704 1867 et
732 1832 819 1868 inter
844 1832 997 1867 malum?
1025 1842 1106 1866 mon
1123 1831 1270 1878 gustabit

203 1904 316 1928 servus
334 1900 412 1930 tutu
426 1904 643 1940 qua'cumque
660 1894 840 1929 comederit
858 1900 918 1928 aut
939 1893 1084 1929 biberit?
1110 1905 1191 1928 num
1208 1904 1269 1929 au-

202 1954 293 1988 diam
308 1955 517 1989 cantantium
531 1954 678 1990 tvirorum
695 1962 754 1990 aut
773 1955 953 1990 mulierum
968 1956 1088 1992 voces!
1107 1955 1150 1990 Et
1165 1966 1269 2001 quare

201 2027 315 2052 currus
333 2022 408 2052 tuus
426 2017 536 2064 grauis
553 2018 596 2053 sit
616 2017 753 2053 domino
773 2029 847 2054 meo
863 2018 934 2065 regi
953 2017 1003 2060 (2.
1025 2018 1095 2064 Reg
1129 2019 1184 2055 19.
1207 2019 1266 2054 54.

200 2078 284 2125 55)?
317 2078 446 2115 Verum
464 2079 546 2126 quid
567 2080 634 2116 hoc
651 2090 694 2116 ex
715 2080 794 2116 aliis
812 2079 1038 2126 conjieimus,
1059 2090 1138 2116 cum
1161 2081 1266 2117 liceat

200 2141 315 2187 ipsum
339 2138 462 2179 audire
485 2142 529 2178 de
545 2152 584 2178 se
609 2141 854 2187 proﬁtentem?
883 2141 1008 2178 l‘ostca
1040 2143 1134 2178 enim
1161 2153 1266 2189 quam

202 2204 311 2240 lilium
337 2203 485 2248 viderat,
506 2214 526 2239 a
548 2203 732 2240 Pharaone
752 2203 797 2240 de
818 2204 898 2239 vita!
922 2214 996 2240 sua:
1021 2205 1126 2240 annis
1156 2205 1267 2240 inter-

200 2270 369 2311 rogatus:
392 2263 496 2300 Parvi
524 2272 616 2308 sunt,
638 2264 763 2312 inquit,
786 2273 817 2301 et
836 2265 917 2300 mali
943 2265 1014 2300 dies
1043 2266 1121 2307 mei,
1146 2273 1177 2301 et
1201 2278 1268 2302 non

201 2333 418 2373 pert-enarunt
435 2326 480 2361 ad
499 2326 568 2362 dies
587 2333 721 2373 patrum
736 2337 884 2362 nieorum
900 2325 1003 2372 (Gen.
1021 2326 1079 2362 47.
1097 2328 1135 2372 υ)
1154 2338 1162 2362 :
1179 2326 1268 2362 adeo

201 2389 357 2424 vivacem
390 2398 508 2424 rerum
535 2395 715 2435 gestarth
743 2387 951 2424 memoriam
977 2397 1099 2424 secum
1127 2397 1269 2434 semper

199 2449 356 2496 gerebat.

249 2512 306 2548 1‘2.
335 2512 404 2548 Sed
423 2512 516 2550 enim
539 2512 629 2548 [ilius
646 2512 712 2552 iste
733 2512 850 2551 clarus
871 2522 904 2552 ct
919 2516 1094 2562 gloriosus
1114 2515 1263 2561 Joseplt,

202 2575 301 2621 cujus
322 2577 542 2614 calamitates
559 2588 628 2613 non
648 2587 793 2614 Suarum
816 2577 1058 2624 magnitudine
1079 2578 1265 2614 calamita-

204 2644 276 2673 tum
292 2640 450 2684 operuit?
479 2639 613 2687 Nempe
637 2641 731 2676 enim
758 2646 858 2687 pater
882 2640 957 2687 ejus
991 2651 1100 2676 unum
1129 2645 1265 2676 tantum

203 2698 347 2736 fratrem
378 2700 619 2738 insidiatorem
655 2711 780 2747 passus
811 2708 888 2745 est,
922 2702 978 2738 hic
1004 2707 1122 2738 autem
1154 2701 1266 2737 multo

204 2760 322 2807 plures
337 2774 344 2798 :
357 2767 462 2808 atque
481 2762 538 2799 ille
557 2762 698 2808 quidem
720 2773 783 2808 per
797 2763 950 2809 pri0retn
964 2773 1106 2800 onmem
1122 2770 1263 2800 a-tatetn

202 2822 237 2858 iit
256 2832 391 2858 summa
411 2833 527 2860 rerum
545 2825 646 2869 copia
674 2829 710 2860 et
739 2824 859 2870 requie
885 2825 1038 2861 mttritus
1057 2831 1135 2869 est;
1155 2825 1212 2861 ltic
1229 2827 1264 2862 in

201 2884 351 2921 alienam
381 2895 469 2931 puer
499 2886 672 2922 adductus
702 2887 882 2933 regionem
917 2888 1052 2924 itineris
1084 2899 1264 2925 atrumnas

202 2946 356 2992 perferre
373 2948 565 2994 cogebatur
586 2960 594 2983 :
617 2957 658 2984 ac
677 2947 809 2984 Jacobo
829 2948 971 2995 quidem
989 2949 1112 2986 aderat
1132 2956 1260 2993 mater,

201 3008 346 3045 insidias
360 3009 515 3052 leniens;
538 3009 594 3046 hic
611 3009 900 3046 adolescentulus
917 3011 1058 3056 quando
1078 3012 1127 3048 illi
1150 3018 1262 3048 matre

201 3081 288 3115 opus
315 3078 413 3115 erat,
437 3079 518 3109 tunc
545 3073 698 3109 maxime
731 3073 797 3109 isto
826 3073 1000 3118 adjutorio
1031 3074 1196 3111 deserttts
1227 3081 1264 3111 et

201 3132 388 3170 destitutus
411 3141 477 3171 est.
511 3135 562 3171 Ad
593 3136 669 3171 hate
693 3134 787 3171 Εδιιῡ
807 3135 947 3182 quidem
968 3146 1077 3183 usque
1097 3136 1141 3172 ad
1160 3146 1261 3172 com-

203 3192 430 3229 minationem
449 3201 582 3232 tantum
602 3195 773 3233 Jacobum
795 3197 1006 3242 perterruit;
1036 3203 1072 3233 at
1090 3208 1174 3234 vero
1197 3198 1261 3234 Jo-

202 3254 457 3300 sepltifratres
485 3257 628 3296 insidias
657 3258 691 3294 in
719 3265 880 3304 apertum
895 3269 985 3306 opus
1005 3260 1260 3306 perduxerunt,

200 3323 308 3362 atque
338 3322 420 3352 ante
451 3317 594 3355 insidias
624 3319 753 3355 invidia
788 3321 954 3357 commoti
987 3321 1176 3359 detrahere
1213 3323 1261 3359 illi

202 3387 393 3422 numquam
415 3377 624 3417 destiterunt
641 3393 648 3418 :
666 3392 736 3428 quo
755 3381 838 3428 quid
857 3383 1018 3420 acerbius
1035 3393 1113 3420 esse
1134 3385 1256 3431 possit,

200 3449 306 3484 quam
323 3448 385 3474 eos
403 3439 611 3484 quibuscum
636 3442 775 3480 habitas
801 3443 967 3480 inimicos
993 3446 1090 3491 pati?
1121 3445 1260 3483 vetule-

200 3505 279 3534 runt
312 3499 400 3534 enim
431 3500 527 3536 illum
557 3503 694 3540 crimine
719 3505 809 3542 malo
828 3507 838 3526 ‘
858 3533 866 3548 ,
897 3513 928 3542 et
956 3507 1103 3544 uidentes
1132 3511 1220 3554 quod
1240 3522 1261 3546 a

200 3566 294 3607 patre
311 3560 439 3596 caeteris
456 3561 567 3598 liberis
585 3565 653 3600 suis
677 3567 753 3612 plus
779 3567 989 3615 diligeretur,
1013 3569 1152 3606 oderant
1169 3583 1258 3616 eum,

199 3632 258 3657 nec
272 3628 424 3668 poterant
444 3623 474 3659 ei
491 3625 667 3672 quicquam
685 3629 826 3677 paci/ire
839 3630 929 3677 loqui
951 3629 1059 3677 (Gen.
1072 3632 1131 3668 57.
1143 3633 1179 3668 2.
1198 3635 1258 3680 4).

201 3691 328 3738 Neque
347 3689 468 3733 enim,
489 3690 586 3736 quod
620 3691 688 3726 sub
719 3691 985 3738 negotiatorum
1011 3694 1173 3742 regiique
1193 3706 1260 3733 cu-

205 3753 314 3790 ttuclti
340 3761 450 3788 manu
485 3750 578 3795 fuit,
612 3757 683 3787 tam
705 3763 816 3798 grave
849 3752 897 3788 illi
929 3753 1044 3790 fuisse
1065 3754 1220 3793 dixerim
1251 3771 1258 3794 :

240 3851 250 3894 ξ
275 3851 320 3882 sic
336 3851 452 3894 intxx
467 3852 703 3894 tnterpretibus
718 3852 858 3893 legitur;
875 3863 970 3888 secus
986 3856 1017 3889 in
1030 3857 1163 3893 Hebrzco
1179 3865 1210 3894 et
1225 3861 1257 3894 in

198 3891 340 3934 vulgata,
357 3893 412 3926 ubi
427 3894 544 3935 Joseph
556 3891 674 3928 fratres
688 3891 855 3929 accusasse
870 3897 994 3930 dicitur.

775 221 836 258 ΛΟ
863 217 1113 259 ετΑοιιυωι
1143 217 1170 251 Λ
1201 214 1402 252 [ΜΕΜΟΝΕ
1434 216 1667 253 ΥΕΧΑΤΙΙΜ.
1702 213 1786 250 LIB.
1814 212 1857 248 ll.

2337 211 2405 246 4Το

1331 293 1447 329 multo
1465 292 1564 328 enim
1588 291 1806 327 clementius
1825 289 1888 325 illo
1909 289 1963 325 usi
1984 294 2090 331 sunt,
2113 299 2220 335 quam
2247 291 2394 329 fratres.

1381 350 1524 397 Iosephi
1541 352 1694 398 exemplo
1712 353 1889 387 utitur.—
1908 351 2073 387 Attamen
2107 361 2153 387 ne
2179 352 2231 387 sic
2257 353 2400 398 quidem

1334 413 1467 459 quievit
1486 412 1726 450 calamitatum
1742 424 1835 450 saeva
1856 414 1982 459 hiems,
2008 414 2139 462 qttippe
2157 413 2403 452 vehementior

1337 476 1490 520 procella
1507 476 1645 512 irruens
1664 477 1778 523 ipsnnt
1797 486 1921 513 rursus
1937 475 2011 514 fere
2030 477 2216 514 demenit.
2236 475 2402 513 Fortasse

1336 549 1394 574 me
1413 538 1589 586 quispiam
1620 539 1688 576 hoc
1716 539 1749 574 in
1774 539 1859 575 loco
1880 539 2033 575 insidias
2051 538 2206 575 dominae
2225 537 2402 574 dicturum

1335 599 1536 642 existimet;
1567 609 1634 646 ego
1659 610 1746 636 vero
1772 606 1853 636 ante
1877 610 1956 636 eam
1987 610 2129 647 quoque
2158 605 2405 648 tempestatem

1336 660 1442 695 aliam
1462 661 1648 696 saeviorcin
1667 661 1795 697 dicam.
1815 661 1931 698 Grave
1945 661 2104 708 quidem,
2125 672 2163 696 re
2182 671 2262 696 vera
2280 671 2403 708 grave,

1337 723 1534 757 calumnias
1563 721 1765 768 ltujusmodi
1798 722 1987 759 criminum
2015 723 2084 768 pati
2105 722 2351 769 danntariqne.
2373 730 2406 757 et

1337 792 1519 818 carcerein
1542 789 1612 818 tam
1635 783 1775 829 prolixo
1793 789 1953 829 tempore
1975 783 2130 818 incolere
2151 793 2301 829 puerum
2325 783 2404 819 libe-

1338 855 1432 888 rnm,
1449 844 1619 887 nobilem,
1635 845 1784 891 ejusque
1800 845 2022 881 necessitatis
2038 845 2206 881 hactenus
2226 845 2384 892 ignarum
2397 874 2406 889 ,

1337 905 1399 940 sed
1421 915 1507 941 sane
1526 905 1670 952 gravius
1691 905 1746 942 liis
1767 905 1934 941 ontnilms
1955 906 2003 942 illi
2025 906 2139 941 visum
2160 912 2258 952 puto,
2281 905 2407 942 ﬂuctus

1338 968 1454 1004 artatis
1473 968 1750 1014 compescuisse.
1772 968 1807 1004 Si
1828 967 1922 1004 enim
1945 968 2042 1004 nulla
2063 967 2224 1014 flagranti
2241 969 2404 1014 concupi-

1339 1031 1472 1066 scentia
1492 1036 1612 1066 motus
1635 1031 1728 1067 illius
1748 1040 1889 1066 amores
1911 1030 2171 1077 blanditiasque
2198 1031 2406 1076 respitisset,

1340 1101 1410 1126 non
1441 1091 1524 1125 mihi
1547 1091 1592 1126 ita
1612 1090 1810 1126 laudandus
1835 1097 1941 1136 atque
1961 1091 2192 1127 admirandus
2209 1091 2406 1136 videretur,

1339 1151 1470 1188 Christi
1491 1153 1626 1188 scilicet
1640 1152 1826 1188 sententiae
1840 1151 2012 1188 credenti.
2032 1151 2152 1198 Neque
2167 1153 2260 1188 enini
2278 1153 2334 1190 ille
2349 1163 2406 1190 eos

1339 1215 1399 1261 qni
1419 1221 1542 1250 natura
1558 1220 1641 1249 sunt
1660 1213 1826 1254 eunuchi,
1842 1213 1905 1249 sed
1921 1213 1979 1260 qui
1997 1213 2134 1259 scipsos
2147 1219 2408 1256 castraverunt,

1340 1277 1468 1323 dignos
1499 1286 1608 1322 regno
1635 1276 1804 1312 caelorum
1833 1275 1921 1311 dixit
1955 1275 2108 1323 (illan/1.
2141 1276 2198 1312 l9.
2236 1276 2317 1323 l‘l).
2347 1277 2409 1313 Siti

1341 1348 1426 1372 vero
1444 1347 1568 1379 secus,
1591 1347 1697 1383 quam
1719 1337 1779 1373 ille
1801 1337 1985 1372 victoriam
2008 1337 2216 1374 retulisset?
2239 1338 2411 1374 adversus

1341 1410 1446 1446 quem
1475 1399 1648 1434 dimicans
1674 1409 1844 1434 coronam
1877 1399 2097 1444 reportaret?
2126 1409 2280 1445 quonam
2310 1402 2411 1436 hoste

1341 1468 1512 1508 superato
1543 1461 1657 1497 victor
1686 1461 1990 1508 proclamaretur,
2021 1461 2050 1498 si
2083 1462 2199 1498 nullus
2229 1470 2323 1499 esset
2352 1465 2411 1510 qui

1341 1522 1598 1564 obluctaretur,
1617 1533 1771 1570 eumth
1792 1523 1966 1559 niteretur
1979 1523 2157 1568 dejicere?
2179 1525 2296 1572 Neque
2315 1527 2409 1562 enim

1341 1593 1403 1619 cos
1421 1583 1480 1630 qui
1501 1583 1547 1620 ab
1569 1583 1802 1620 animantium
1825 1585 1920 1621 coitu
1947 1584 2216 1627 abstinuerunt,
2236 1587 2411 1622 castitatis

1341 1645 1481 1681 ratione
1502 1644 1736 1690 prredicamus
1750 1673 1760 1688 ,
1779 1645 1872 1692 quod
1902 1652 2037 1682 natum
2058 1647 2167 1683 .insita
2190 1658 2260 1682 nan
2283 1648 2327 1683 sit
2348 1649 2409 1683 lin-

1339 1706 1494 1751 jusmodi
1515 1707 1817 1752 Concupiseentia.
1834 1708 1869 1744 Si
1887 1708 1993 1752 igitur
2009 1708 2112 1744 beato
2128 1709 2174 1744 illi
2191 1709 2411 1746 adolescenti

1341 1768 1516 1814 ejusmodi
1537 1769 1628 1814 ignis
1649 1769 1734 1805 nihil
1755 1769 1926 1806 molestus
1939 1769 2016 1813 fuit,
2035 1771 2116 1818 quid
2133 1778 2183 1807 est
2205 1771 2298 1817 quod
2317 1771 2411 1809 illius

1339 1828 1539 1875 castitatem
1560 1829 1606 1864 ita
1627 1829 1868 1866 admiramur?
1899 1830 2000 1876 Quod
2030 1832 2058 1867 si
2081 1841 2126 1868 co
2143 1838 2318 1878 tempore,
2339 1844 2410 1879 quo

1340 1890 1587 1929 vehementius
1606 1891 1811 1938 hujusmodi
1841 1893 1984 1930 ﬂamma
2011 1896 2238 1932 succenditur
2257 1899 2410 1944 (agebat

1308 1960 1312 1964 ‘
1339 1953 1470 2000 quippe
1489 1959 1571 1990 tunc
1586 1954 1797 2000 vigesimum
1816 1956 1931 1992 artatis
1946 1955 2116 2004 annum),
2138 1963 2173 1994 et
2198 1968 2278 1994 cum
2304 1960 2411 1998 nullis

1339 2015 1492 2051 admotis
1513 2016 1591 2052 aliis
1611 2015 1776 2053 fomentis
1797 2017 2028 2053 intolerabilis
2050 2029 2113 2065 per
2131 2029 2170 2056 se
2190 2028 2243 2056 cst
2263 2020 2327 2057 ista
2342 2022 2408 2068 vis,

1340 2082 1424 2113 tunc
1452 2076 1607 2114 maxime
1628 2077 1807 2124 impudica
1828 2078 1954 2114 mulier
1969 2079 2170 2116 castissimo
2190 2080 2408 2117 adolescenti

1340 2137 1502 2174 insidiata
1522 2144 1590 2182 est,
1608 2144 1744 2175 tantum
1765 2138 1846 2176 huic
1866 2139 2018 2176 flammae
2037 2140 2164 2177 virium
2183 2151 2226 2178 ex
2243 2142 2318 2178 suis
2333 2143 2410 2180 ille-

1338 2200 1454 2236 cebris
1472 2207 1507 2236 et
1527 2202 1746 2237 ornamentis
1765 2202 1938 2248 adjieicns
1951 2230 1960 2244 ,
1988 2209 2158 2248 quantum
2180 2204 2226 2239 illi
2246 2212 2323 2240 erat
2346 2216 2410 2249 per

1340 2269 1502 2296 naturam
1523 2274 1531 2297 :
1553 2262 1632 2307 quis
1656 2262 1730 2308 jam
1763 2269 1835 2298 ttutt
1868 2263 1962 2300 illius
1995 2264 2135 2309 fluctus,
2173 2267 2410 2303 tttmultns.et

1338 2321 1553 2358 anxietatem
1567 2331 1735 2359 enarrare
1751 2323 1915 2374 sufﬁrial,
1934 2339 2013 2368 cum
2034 2333 2248 2373 intrinsecus
2265 2338 2408 2383 quidem

1338 2388 1374 2419 et
1391 2391 1520 2423 natura
1539 2386 1639 2425 illum
1669 2397 1705 2427 et
1735 2398 1821 2428 :rtas
1851 2394 2114 2438 perturbarent,
2145 2406 2276 2444 arsque
2296 2399 2388 2448 .Egy

1336 2451 1424 2496 ptize
1441 2452 1664 2489 extrinsecus
1680 2453 1876 2500 pelliceret,
1897 2455 2060 2502 istudque
2081 2467 2150 2492 non
2173 2468 2245 2494 uno
2263 2459 2332 2503 die,
2355 2464 2409 2499 vel

1338 2511 1564 2555 duobus,sed
1581 2513 1733 2560 plurimo
1749 2520 1909 2560 tempore
1923 2515 2121 2561 perferret?
2141 2518 2311 2564 Equidem
2328 2532 2410 2557 reor

1339 2573 1455 2619 ipsum
1477 2579 1560 2610 tunc
1583 2585 1653 2610 non
1677 2575 1743 2611 sibi
1771 2582 1906 2611 tantum
1930 2578 2090 2613 timuisse
2107 2605 2117 2621 ,
2144 2579 2206 2615 sed
2227 2580 2276 2615 illi
2298 2582 2405 2619 etiam

1339 2634 1559 2679 indoluisse,
1591 2634 1760 2681 quod‘ad
1791 2642 1926 2672 tantttm
1956 2638 2189 2685 pr;rcipitium
2221 2644 2408 2686 pervenire

1337 2694 1538 2732 festinaret.
1568 2697 1683 2741 Atque
1711 2696 1794 2732 illttd
1821 2707 1865 2733 ex
1891 2697 2008 2734 verbis
2031 2709 2110 2745 qua:
2137 2701 2274 2738 mulieri
2304 2703 2404 2748 plena

1339 2759 1523 2796 modestia:
1555 2759 1739 2806 respondit
1768 2760 1870 2796 nobis
1897 2767 2062 2797 constare
2092 2763 2234 2809 poterit.
2265 2764 2405 2802 Etenim

1338 2819 1467 2858 licebat
1499 2820 1546 2856 illi
1577 2820 1750 2868 profecto,
1773 2821 1802 2858 si
1820 2821 2018 2865 voluisset,
2047 2829 2083 2860 et
2111 2827 2406 2865 contumeliosius

1338 2889 1374 2920 ct
1400 2883 1569 2920 audacius
1586 2883 1629 2919 ad
1650 2883 1744 2920 illam
1766 2884 1860 2931 loqui
1874 2913 1882 2926 ,
1905 2885 2080 2930 siquidem
2100 2887 2154 2922 illa
2173 2898 2237 2934 per
2259 2891 2402 2927 nimiam

1337 2946 1470 2981 amoris
1491 2946 1560 2980 vim
1584 2946 1686 2982 facile
1706 2952 1832 2982 cuncta
1859 2947 2064 2991 tolerasset;
2089 2960 2210 2987 verum
2229 2951 2314 2988 nihil
2342 2955 2408 2990 ltit-

1334 3007 1491 3054 juSniodi
1515 3007 1681 3053 loquutus
1701 3014 1756 3044 est
1775 3009 2031 3054 antcogitavit,
2052 3010 2112 3047 sed
2134 3011 2199 3058 piis
2216 3014 2404 3060 cogitatio-

1338 3069 1442 3106 ttihns
1462 3069 1616 3105 admotis
1641 3080 1683 3106 ea
1712 3070 1938 3106 solummodo
1964 3072 2132 3118 loquutus
2156 3081 2224 3116 est,
2247 3086 2308 3121 per
2325 3088 2405 3124 qua:

1336 3131 1485 3178 putabat
1513 3131 1608 3167 illam
1639 3142 1744 3177 posse
1766 3132 1900 3179 pudore
1920 3133 2012 3170 aftici
2030 3161 2039 3176 ,
2069 3134 2227 3182 nihilque
2253 3139 2405 3185 amplius

1338 3194 1480 3240 adjecit.
1504 3193 1607 3238 Ecce,
1628 3195 1738 3236 enim.
1760 3196 1893 3242 inquit,
1913 3196 2070 3232 dominus
2088 3209 2180 3233 mens
2197 3207 2335 3244 propter
2352 3213 2405 3237 me

1337 3257 1424 3293 nihil
1439 3257 1502 3293 scit
1518 3268 1636 3293 eorum
1651 3268 1728 3304 qua:
1749 3265 1827 3294 sunt
1850 3259 1882 3294 in
1909 3259 2010 3295 domo
2033 3271 2094 3296 sua
2111 3271 2124 3296 :
2144 3267 2176 3296 et
2199 3263 2313 3298 omnia
2333 3274 2408 3309 quae

1334 3330 1396 3355 sua
1413 3324 1490 3355 sunt
1509 3318 1603 3356 dedit
1621 3319 1655 3355 in
1676 3331 1779 3356 manu
1797 3331 1884 3362 mea,
1907 3321 2060 3369 nihilque
2078 3323 2114 3358 in
2134 3323 2236 3359 domo
2250 3336 2314 3360 sua
2329 3326 2407 3370 plus

1336 3381 1434 3417 habet
1449 3392 1552 3428 quant
1569 3392 1629 3429 ego
1648 3391 1660 3418 .°
1680 3393 1786 3429 neque
1801 3382 1932 3430 aliquid
1949 3384 2040 3431 quod
2058 3395 2125 3421 non
2143 3386 2272 3422 dederit
2287 3387 2322 3423 in
2341 3399 2404 3433 po-

1336 3451 1454 3480 testate
1477 3455 1551 3479 mea
1575 3449 1696 3490 prater
1715 3451 1760 3488 te,
1782 3455 1820 3481 eo
1839 3445 1930 3492 quod
1950 3457 2038 3481 uror
2054 3447 2148 3482 illius
2172 3448 2218 3482 sis
2233 3458 2246 3482 :
2262 3454 2293 3482 et
2318 3458 2402 3491 quo-

1335 3507 1435 3542 modo
1453 3506 1577 3552 faciam
1595 3507 1659 3542 hoc
1674 3506 1808 3544 uerbum
1825 3508 1965 3552 malum,
1986 3515 2023 3543 ut
2044 3519 2175 3554 peccent
2193 3518 2310 3543 coram
2331 3506 2403 3542 Deo

1334 3567 1444 3614 (Gen.
1473 3568 1532 3604 59.
1557 3569 1592 3605 5.
1615 3569 1689 3616 9)?
1717 3569 1759 3606 Et
1789 3576 1905 3606 tatneu
1936 3575 2016 3616 post
2037 3574 2169 3605 tantam
2191 3566 2400 3602 modestiam

1334 3637 1502 3678 tantaque
1531 3631 1705 3668 castitatis
1735 3631 1864 3669 indicia
1895 3631 1973 3668 falsi
1999 3630 2159 3667 criminis
2187 3628 2402 3666 calumniam

1335 3693 1477 3736 subivit,
1495 3693 1659 3742 Deosque
1675 3694 1770 3731 istud
1789 3693 1867 3732 fieri
1887 3691 2060 3740 permisit.
2081 3689 2229 3726 Vinctus
2247 3695 2315 3732 est,
2337 3700 2403 3727 nec

1331 3761 1383 3797 sic
1403 3758 1561 3808 prodidit
1575 3757 1722 3796 insidias
1741 3757 1981 3804 injustamque
1996 3751 2157 3789 mulieris
2170 3751 2398 3788 calumniam.

1335 3821 1483 3858 Volebat
1503 3821 1599 3857 enim
1627 3819 1828 3867 copiosiora
1857 3813 2004 3862 prmmia
2032 3822 2255 3859 coronasque
2272 3812 2401 3851 clario-

1331 3893 1388 3920 res
1410 3893 1632 3930 prcepararc,
1653 3888 1758 3927 atque
1787 3878 1867 3916 ideo
1891 3875 1978 3922 ipsis
1998 3884 2138 3923 quoque
2159 3876 2272 3912 servis
2297 3878 2404 3925 regiis
