2726 4358
377 221 441 260 471

373 298 535 337 dimissis
568 297 646 345 ipse
675 296 838 334 inclusus
867 299 1138 344 perseverabat.
1175 299 1228 336 Tu
1261 301 1344 337 nolo
1375 301 1462 338 mihi

373 361 534 398 custodis
551 360 783 397 clementiam
803 359 953 408 objicias
971 389 981 406 ,
1007 373 1133 399 verum
1152 362 1264 410 ipsius
1282 364 1389 401 verba
1407 364 1463 400 di-

374 421 542 468 ligentius
561 422 754 459 examines
768 451 778 467 ,
799 429 835 459 et
855 422 1027 470 inspicies
1045 425 1154 461 animi
1175 425 1350 462 dolorem.
1373 425 1462 463 Nam

370 493 452 519 cum
483 484 666 520 somnium
705 485 963 533 interpretatus
999 493 1112 531 esset,
1145 488 1246 536 regio
1280 489 1462 536 pincernze

369 543 460 580 dixit
491 545 586 581 :Sed
607 553 774 583 memento
791 548 858 584 mei
877 559 938 594 per
956 549 1188 596 temetipsum,
1209 561 1286 598 cuin
1305 550 1364 586 tibi
1379 551 1462 588 bene

371 607 488 653 fuerit,
519 607 694 656 faciesque
718 620 823 657 super
851 621 906 648 me
929 611 1215 656 misericordiam,
1243 619 1276 648 et
1301 620 1460 662 suggeras

369 667 551 711 Pharaoni
579 669 622 706 de
649 681 715 713 nte,
745 679 777 707 et
809 671 932 710 educes
959 683 1014 708 me
1043 673 1086 709 de
1114 685 1249 710 carcere
1278 675 1357 720 isto,
1379 676 1460 723 quin

368 731 462 778 furto
482 732 638 769 sublatus
653 745 728 769 sum
749 733 792 770 de
809 740 898 770 terra
916 734 1143 772 Hebra‘orttm
1158 747 1171 773 :
1186 743 1216 773 et
1235 737 1290 773 hic
1308 749 1374 774 non
1393 740 1460 786 feci

367 795 563 842 quicquam,
577 795 637 832 sed
652 797 865 833 innocentem
881 798 1070 844 injecerunt
1086 810 1138 834 me
1152 799 1186 835 in
1203 800 1343 835 domum
1363 800 1459 836 lacus

365 856 471 905 hujus
491 857 602 905 (Gen.
621 858 682 896 40.
705 860 763 896 14.
789 859 872 907 i5).
903 860 980 898 Etsi
1002 862 1099 898 enim
1119 861 1278 909 claustra
1301 863 1458 900 carceris

364 921 472 958 facile
493 921 646 967 ferebat,
667 933 748 960 eum
769 923 823 960 eis
844 924 1050 963 hominibus
1067 926 1203 970 vivere,
1224 933 1308 974 puta
1333 928 1456 974 sepul-

367 994 515 1020 crorum
533 984 782 1032 violatoribus,
801 986 952 1031 furibus,
967 988 1168 1034 parricidis,
1185 989 1373 1034 adulteris,
1392 990 1458 1026 ho-

364 1045 509 1082 micidis
529 1046 608 1094 (his
629 1047 724 1084 enim
747 1054 856 1096 atque
875 1047 1082 1096 hujusmodi
1101 1049 1246 1096 plenum
1269 1058 1346 1087 erat
1366 1051 1455 1088 illud

365 1107 660 1156 habitaculum),
681 1110 827 1157 gravius
848 1110 921 1147 illis
942 1121 984 1148 ac
1004 1111 1190 1150 molestius
1209 1118 1300 1148 erat.
1328 1112 1454 1161 Neque

365 1169 399 1208 id
431 1170 574 1216 solum,
603 1172 666 1208 sed
693 1171 789 1218 quod
819 1171 994 1219 plurimos
1025 1173 1227 1211 intueretur
1254 1174 1387 1212 frustra
1421 1171 1457 1212 et

365 1223 522 1270 inaniter
543 1233 615 1270 illic
636 1235 812 1272 macerari
833 1241 870 1272 et
884 1235 1028 1273 conﬁci.
1051 1235 1122 1273 Sed
1144 1242 1280 1282 tamen,
1302 1236 1336 1274 id
1359 1237 1455 1284 quod

362 1301 437 1332 tute
455 1295 562 1334 modo
581 1297 746 1344 quereris
759 1324 770 1341 ,
791 1308 919 1345 servus
939 1298 1086 1346 quidem
1103 1300 1256 1338 vinculis
1272 1301 1431 1347 eripieba

363 1365 436 1404 tur,
450 1359 541 1396 liber
555 1366 675 1397 autem
697 1360 731 1397 in
752 1362 926 1398 aerumnis
945 1363 1176 1408 persistebat.
1197 1363 1300 1409 Quod
1321 1375 1350 1400 ει
1372 1365 1454 1412 quis

360 1421 465 1470 regni
499 1423 719 1460 mentionem
752 1423 886 1467 faciat,
923 1425 982 1462 hic
1009 1425 1096 1462 mihi
1128 1437 1254 1463 rursus
1283 1437 1451 1464 curarum

359 1493 530 1528 examen,
553 1485 755 1532 vigiliarum
773 1492 810 1534 et
828 1487 928 1524 mille
955 1489 1187 1536 negotiorum
1215 1489 1449 1528 difficultates

361 1575 458 1594 τ...-

887 219 925 257 8.
945 218 1136 258 JOANNIS
1161 218 1484 263 CHRYSOSTOMI
1510 224 1726 266 ARCHIEP.
1747 226 2105 273 CONSTANTINOP.

2477 256 2526 295 472

1538 301 1574 340 in
1593 303 1751 342 medium
1767 305 1918 348 adducet
1933 322 1940 344 :
1956 320 2034 358 qum
2049 314 2162 350 omnia
2180 316 2218 354 iis
2234 319 2288 366 qui
2306 323 2433 368 quietam
2445 333 2526 370 curis.

1535 377 1607 414 quc
1623 378 1773 408 vacuam
1795 371 1902 411 vitam
1920 373 2080 421 diligunt,
2094 387 2158 414 non
2174 379 2445 430 nimiumjucunda
2456 401 2522 432 sunt.

1536 429 1716 472 Praeterea
1737 434 1870 470 sanctis
1889 434 1958 472 illis
1975 437 2114 483 quidem
2129 441 2156 476 si
2170 443 2247 488 quid
2265 429 2369 484 lzrtum
2385 429 2522 502 contingi:

1535 490 1609 536 bat,
1633 493 1762 530 mirum
1786 497 1942 542 profecto
1966 509 2034 536 non
2055 509 2129 538 erat
2145 531 2154 547 ,
2177 514 2252 542 cum
2274 509 2406 548 necdum
2421 490 2523 554 calcasti:

1533 565 1684 602 regnum
1708 557 1852 604 planum
1872 566 1908 596 ct
1927 568 2087 608 apcptum
2105 574 2207 610 esset,
2225 579 2285 606 nec
2299 570 2464 612 futurorum
2482 577 2525 612 lio-

1534 628 1663 654 norum
1685 617 1879 666 promissio
1897 625 2080 664 manifesta
2102 640 2110 664 :
2129 640 2218 668 nunc
2231 642 2308 669 vero
2324 636 2442 681 quando
2455 645 2524 680 tam;

1533 681 1711 718 bonorum
1731 684 1832 730 copia
1852 689 2080 734 ριύροηίιιιε,
2100 701 2222 738 resque
2243 695 2367 732 cunctis
2384 698 2522 738 manifesta

1531 751 1602 789 est,
1625 743 1832 792 audebitne,
1853 749 2015 796 obsecro,
2035 752 2106 798 jam
2133 755 2296 802 quispiam
2321 757 2439 805 dolere,
2458 762 2479 797 si
2501 763 2523 799 in

1531 809 1701 854 prmsenti
1725 810 1794 846 vita
1811 810 1978 860 jucundis
2006 815 2110 852 nullis
2135 816 2334 863 perfruatur,
2353 828 2402 856 aut
2420 833 2523 868 prorsus

1532 870 1567 906 in
1590 871 1656 908 hac
1676 874 1744 909 vita
1764 872 1868 910 dulce
1891 875 2022 922 aliquid
2046 877 2251 914 existimabit
2267 881 2320 926 qui
2337 881 2385 918 illa
2404 887 2524 921 noverit!

1533 932 1576 968 i'It
1604 933 1688 979 quid
1721 933 1788 971 hoc
1814 936 1934 973 animo
1952 937 2020 974 dici
2039 937 2205 985 abjectius
2220 947 2346 986 potest,
2365 945 2522 990 si,spcrans

1533 995 1640 1041 paulo
1657 1002 1736 1042 post
1757 998 1790 1033 in
1807 999 1933 1035 malum
1953 1010 1992 1037 se
2009 1001 2244 1048 migraturum,
2265 1003 2357 1049 hujus
2372 997 2519 1045 mnmlire-

1529 1057 1653 1103 quiem
1686 1059 1841 1106 inquirat
1859 1071 1901 1098 ac
1919 1063 2184 1110 prosperitatem
2207 1066 2319 1103 umbra
2335 1068 2413 1104 nulla
2433 1070 2522 1106 melio-

1531 1119 1635 1155 rem?
1662 1119 1804 1158 Vanitas
1823 1123 1917 1160 enim
1938 1125 2133 1169 equitatum,
2154 1127 2272 1174 inquit,
2293 1135 2323 1165 et
2345 1131 2439 1165 omnia
2459 1135 2522 1166 tuui-

1531 1188 1582 1216 tas
1603 1181 1736 1227 (little.
1749 1181 1846 1231 1.2).
1875 1185 1974 1231 Quod
1993 1186 2024 1224 si
2046 1187 2094 1232 is,
2115 1189 2172 1236 qui
2192 1193 2358 1236 prmsentis
2377 1193 2440 1228 vita:
2456 1194 2523 1230 vuln-

1531 1249 1648 1290 ptates
1676 1255 1748 1292 pra:
1773 1247 1914 1284 caneris
1942 1249 2142 1288 hominibus
2165 1250 2271 1288 fuerat
2288 1261 2444 1300 expertus,
2462 1255 2522 1292 hanc

1529 1305 1703 1343 adversus
1733 1307 1814 1344 illas
1841 1311 2052 1352 sententiam
2073 1312 2162 1355 tulit,
2180 1314 2283 1350 multo
2309 1315 2404 1360 magis
2426 1326 2474 1351 nos
2490 1316 2521 1352 ita

1528 1365 1622 1403 affiri
1654 1374 1690 1404 et
1719 1370 1853 1406 sentire
1879 1372 2057 1416 convenit,
2075 1374 2198 1420 quibus
2223 1375 2302 1411 nihil
2321 1382 2522 1413 rstcouunune

1527 1440 1608 1466 cum
1637 1437 1746 1475 terra,
1771 1434 1972 1481 quibusque
2002 1436 2035 1472 in
2065 1447 2210 1483 superna
2237 1438 2398 1484 inscriptis
2417 1439 2520 1475 civitate

1531 1499 1718 1542 totamque
1737 1495 1822 1532 illuc
1841 1505 1998 1534 mentem
2019 1500 2344 1546 transferrejussmn
2362 1507 2417 1537 est.

1488 1583 2518 1604 -—“_______,

610 1637 1246 1762 EJUSDEM
1309 1641 1503 1767 AD
1575 1645 2315 1770 STAGIBIUM

1259 1801 1332 1841 DE
1363 1803 1640 1849 TRISTITIA
1678 1809 1705 1850 ’.

1076 1894 1402 1987 LIBER
1463 1901 1676 1975 TER
1685 1904 1955 1982 TIUS.

1330 2043 1616 2074 -οθ-ἓθοοτ-εκ-

408 2109 441 2145 Ι.
463 2107 638 2156 Sufficere
658 2109 805 2156 quidem
828 2115 995 2156 poterant
1015 2120 1056 2148 ea
1075 2122 1156 2159 qua:
1180 2113 1274 2150 dicta
1295 2123 1378 2152 sunt
1395 2119 1440 2154 ad

357 2171 655 2219 exstinguendam
677 2173 845 2210 misereris
865 2172 1071 2218 flammam,
1092 2181 1200 2223 atque
1221 2180 1445 2224 persuaden-

357 2233 443 2271 dum
471 2234 621 2276 meliore
640 2245 682 2272 ac
709 2236 958 2282 tranquilliorc
979 2247 1061 2275 esse
1082 2239 1204 2277 animo
1227 2253 1236 2277 :
1262 2253 1384 2280 verum
1408 2251 1447 2281 ut

356 2295 558 2335 consolatio
576 2296 623 2333 sit
642 2297 872 2343 cumulatior,
893 2305 928 2336 et
947 2298 1043 2337 hunc
1062 2301 1193 2339 librum
1212 2303 1370 2351 adjicere
1389 2307 1445 2343 iu-

355 2359 454 2399 stitui
472 2387 482 2405 ,
506 2359 592 2396 illud
613 2361 678 2398 abs
703 2367 738 2398 te
766 2361 921 2408 primum
951 2363 1136 2410 inquirens
1158 2377 1167 2403 :
1193 2366 1254 2403 Dic
1273 2396 1283 2412 ,
1307 2379 1388 2412 oro,
1407 2369 1438 2407 si

357 2422 438 2468 quis
459 2427 494 2467 te
511 2422 556 2459 ad
585 2433 734 2476 regnum
765 2430 936 2462 terrestre
963 2433 1110 2464 vocaret
1126 2455 1136 2472 ,
1156 2435 1264 2476 atque
1285 2437 1368 2468 ante
1387 2432 1442 2468 in-

353 2494 519 2533 gressum
535 2485 614 2532 ejus
630 2486 797 2533 civitatis,
819 2487 873 2526 vel
891 2494 1086 2538 antequam
1103 2500 1276 2533 coronam
1295 2493 1439 2540 accipe-

355 2557 414 2584 res
444 2547 478 2583 in
506 2547 686 2600 stabulum
709 2548 890 2587 divertere
911 2560 1060 2588 necesse
1086 2558 1205 2598 esset,
1229 2554 1287 2590 tibi
1316 2555 1380 2592 ltiti
1401 2567 1443 2593 ac

355 2610 443 2648 fumi
462 2610 655 2660 plurimum
677 2611 928 2659 viatorutnque
947 2613 1119 2656 tumultus
1139 2621 1251 2658 esset,
1274 2623 1309 2652 et
1331 2617 1444 2654 latro-

355 2685 439 2714 num
462 2675 924 2723 perturbati0,summaque
939 2686 1104 2723 presSura
1115 2683 1150 2714 et
1161 2679 1342 2726 angustia,
1356 2691 1442 2718 num

355 2735 402 2772 ad
433 2735 492 2782 illa
514 2735 629 2783 tristia
659 2737 877 2784 cogitatione
898 2740 1164 2787 convertereris
1180 2767 1190 2784 ,
1215 2751 1334 2778 nonne
1356 2753 1444 2779 vero

353 2798 414 2834 illa
440 2799 560 2836 omnia
579 2800 680 2846 quasi
703 2799 791 2837 nihil
813 2807 935 2838 essent
953 2804 1234 2851 contemneres?
1254 2805 1444 2848 Quomodo

353 2861 460 2907 igitur
475 2872 545 2897 non
561 2861 755 2906 absurdum
776 2861 902 2906 fuerit.
923 2865 1078 2901 terrenis
1101 2865 1208 2903 rebus
1226 2867 1441 2912 potiturum,

353 2932 417 2968 spe
437 2923 538 2973 regni
565 2923 702 2960 elatum
724 2923 811 2960 nihil
834 2923 989 2972 hisque:
1009 2926 1152 2963 interim
1180 2927 1332 2973 adversa
1355 2929 1444 2966 inci—

352 2985 473 3029 «let-int
498 2987 688 3032 contrahi,
709 2987 753 3025 ad
783 2988 891 3025 cmlos
909 2995 1030 3026 autem
1049 2991 1264 3029 accersitum
1285 3003 1348 3040 per
1365 2993 1442 3030 sin-

353 3048 433 3094 gula
452 3059 532 3096 qua:
553 3050 587 3086 in
606 3050 809 3088 diversorio
827 3051 1041 3104 contingunt
1059 3053 1176 3090 tristia
1197 3053 1368 3092 decidere
1387 3063 1440 3092 at-

352 3120 424 3156 que
451 3111 681 3157 perturbari?
702 3111 870 3166 Profecto
890 3114 986 3150 enim
1009 3113 1210 3156 diversorio
1231 3127 1273 3152 ac
1303 3117 1434 3154 stabuli

356 3171 579 3212 habitatione
598 3175 710 3227 nihilo
729 3178 921 3223 pressantis
937 3178 1019 3214 vitm
1035 3185 1150 3215 status
1166 3181 1316 3224 melior;
1336 3181 1444 3228 idque

353 3243 436 3268 cum
459 3236 574 3279 sancti
592 3237 697 3274 nobis
715 3231 874 3276 indicare
889 3247 1079 3290 cuperent.
1108 3241 1268 3288 liOSpites
1286 3253 1328 3280 ac
1355 3253 1437 3290 per-

354 3294 500 3340 egrittns
512 3297 652 3343 scipsos
670 3300 916 3346 appellabant,
936 3302 993 3338 his
1005 3303 1124 3340 verbis
1140 3314 1208 3342 nos
1219 3306 1438 3350 erudientes,

351 3359 388 3395 et
409 3354 489 3390 beta
509 3357 632 3393 saacnli
665 3361 854 3405 praesentis
880 3368 918 3404 et
945 3363 1058 3400 tristia
1079 3364 1246 3402 deridere
1261 3395 1271 3410 ,
1293 3372 1402 3414 atque
1420 3377 1440 3403 a

356 3424 451 3455 terra
477 3419 689 3467 longissime
707 3429 866 3473 remotos
884 3431 958 3463 toto
974 3429 1094 3465 animo
1111 3430 1268 3468 caelestia
1286 3433 1440 3478 ambire,

353 3487 462 3528 atque
481 3480 525 3520 ad
547 3491 589 3519 ea
612 3489 722 3518 totam
745 3485 944 3525 transferre
965 3490 1235 3536 cogitationem.

405 3543 514 3586 Hosis
544 3545 737 3592 exeinphun
766 3545 881 3590 aﬂ'ert.
903 3569 952 3576 —-
970 3552 1047 3598 Age
1074 3553 1196 3600 itaque
1223 3555 1268 3592 ad
1295 3562 1442 3594 sanctos

353 3607 452 3653 ipsos
471 3606 672 3652 veniamus,
687 3617 708 3647 ἢ
727 3606 860 3654 Ioseph
880 3610 924 3645 ad
940 3609 1073 3649 Mosem
1092 3615 1294 3652 orationem
1318 3623 1438 3653 trans-

354 3670 528 3708 ferentes.
551 3671 617 3712 ilic
631 3671 741 3714 enim,
759 3671 918 3711 omnium
943 3674 1002 3719 qui
1022 3673 1169 3712 interra
1203 3679 1439 3715 versabantur

357 3733 570 3771 mitissimus
585 3761 594 3777 ,
615 3733 772 3782 gignitur
790 3733 985 3781 gentilibus
1007 3735 1153 3780 quidem
1173 3739 1248 3774 suis
1268 3739 1303 3776 vi
1322 3740 1442 3778 duris-

355 3794 457 3834 simze
475 3796 658 3834 servitutis
679 3797 879 3847 oppressis,
900 3796 1215 3836 alienatusautem
1237 3811 1256 3835 a
1277 3803 1438 3848 parenti-

339 3847 358 3868 ι

399 3899 409 3917 ¹
426 3898 527 3947 colt».
548 3901 700 3947 Ejusdem
715 3902 759 3937 ad
775 3903 927 3938 eumdcnt
943 3902 1040 3945 etiam
1056 3901 1097 3936 de
1111 3901 1252 3938 tristitia.
1266 3905 1374 3947 Savil.,
1393 3905 1438 3939 ml

357 3940 506 3974 ciendum
520 3940 894 3986 stdgiriunt'sn'nw‘lu.
923 3955 929 3961 '
966 3942 973 3963 λ

1519 2121 1587 2158 bus
1602 2152 1611 2167 ,
1634 2123 1874 2174 ignoransque
1893 2137 1912 2164 a
1931 2128 2058 2176 quibus
2075 2128 2210 2175 genitus
2227 2132 2326 2168 esset.
2347 2124 2438 2174 priori
2455 2122 2524 2159 οηιιιί

1521 2192 1628 2223 :ctate
1655 2197 1674 2223 a
1705 2188 1867 2226 barbaris
1898 2191 1982 2228 viris
2013 2191 2184 2228 educatur
2203 2202 2212 2226 :
2233 2199 2296 2237 quo
2321 2186 2394 2235 quid
2418 2184 2526 2232 statim

1520 2247 1674 2286 Ilebru'o
1691 2279 1700 2295 ,
1722 2252 1964 2300 singularique
1981 2253 2164 2302 prudentia
2193 2251 2330 2300 prmdito
2352 2247 2525 2285 adolescenti

1519 2311 1635 2356 potuit
1655 2313 1882 2361 contingere,
1900 2316 1966 2352 etsi
1987 2315 2113 2352 millies
2131 2315 2218 2351 filius
2238 2312 2322 2358 regis
2335 2320 2402 2348 esse
2421 2313 2527 2354 putare

1521 2376 1607 2412 tur?
1629 2376 1707 2413 Non
1728 2384 1848 2414 autem
1870 2379 1938 2415 hoc
1958 2379 2036 2416 solo
2056 2377 2245 2426 angebatur
2262 2376 2314 2412 ille
2333 2380 2414 2413 tunc,
2433 2378 2526 2406 verum

1518 2439 1613 2485 quod
1641 2440 1842 2478 intueretur
1865 2450 2007 2490 gentem
2037 2453 2134 2480 suam
2161 2440 2300 2478 summis
2315 2433 2525 2474 οηΙηῐηῐιΩῐῖΙΝιε

1519 2503 1690 2549 opprimi.
1713 2504 1778 2549 Qui
1799 2505 1894 2542 enim
1920 2507 1998 2546 sine
2025 2505 2161 2541 illorum
2181 2503 2286 2540 salute
2303 2511 2342 2536 ne
2355 2498 2455 2548 vivere
2466 2493 2526 2542 qui-

1520 2563 1618 2609 detn,
1633 2576 1750 2613 neque
1767 2567 1800 2603 in
1817 2567 1880 2604 Dei
1897 2568 1988 2604 libro
2001 2565 2173 2606 conscribi
2188 2563 2378 2612 patiebatur,
2389 2554 2526 2606 quomodo

1518 2627 1611 2664 aula:
1633 2628 1742 2676 regia:
1763 2630 1935 2677 regnique
1955 2630 2058 2668 bonis
2086 2628 2152 2666 frui
2174 2626 2354 2675 potuisset,
2370 2621 2526 2682 cuintanta

1517 2700 1645 2727 omnes
1675 2696 1891 2738 tempestate
1915 2692 2052 2740 jactare
2075 2690 2222 2739 gentiles
2241 2679 2525 2740 cerneretit‘iamSl

1517 2761 1584 2788 nos
1603 2761 1748 2800 quoque
1771 2760 1850 2800 post
1873 2739 1942 2790 tam
1965 2753 2075 2790 nmlta
2098 2751 2222 2789 saecula
2239 2752 2368 2786 exortes
2383 2772 2390 2787 ,
2408 2739 2526 2778 nullam-

1516 2825 1587 2861 que
1617 2816 1820 2861 huiusmodi
1841 2827 1986 2854 causam
2006 2811 2314 2854 commiserationis
2330 2817 2402 2854 erga
2418 2801 2526 2869 iudices

1517 2877 1707 2921 habentes.
1731 2885 1827 2916 tanta
1846 2881 1942 2917 subit
1961 2880 2158 2917 occisorum
2179 2883 2354 2924 puerorum
2373 2871 2524 2933 comitiis?

1516 2941 1622 2984 ratio,
1645 2940 1732 2988 quid
1749 2941 1872 2979 beatus
1894 2943 1952 2979 ille
1971 2952 2041 2978 non
2060 2949 2182 2988 passus
2199 2942 2272 2980 est,
2290 2933 2343 2982 qui
2363 2937 2422 2968 ιτπη
2434 2931 2524 2988 ⁵¹¹¹ξ¹¹⁹

1517 3005 1582 3041 lari
1611 3005 1740 3042 alfectu
1769 3007 1865 3053 genti
1886 3016 1960 3043 sure
1989 3005 2176 3043 adstrictus
2202 3003 2292 3048 ipsas
2308 2986 2526 3060 eortutrciétgff

1517 3067 1631 3104 oeulis
1651 3068 1894 3114 percipiebat,
1917 3079 1960 3105 ac
1989 3079 2052 3106 eos
2083 3071 2250 3114 praeterea
2277 3059 2332 3108 qui
2359 3047 2526 3134 tantilsnﬁltr‘:

1517 3129 1621 3166 malis
1637 3129 1841 3166 atticiebant
1854 3138 2044 3178 parentum
2063 3129 2160 3166 titulo
2177 3127 2343 3163 honorare
2355 3115 2523 3182 cogi-halm!

1517 3193 1614 3230 Reor
1641 3193 1756 3240 ipsum
1778 3193 1932 3230 miseros
1957 3194 2038 3230 illos
2059 3199 2140 3229 tunc
2158 3189 2303 3226 infantes
2322 3183 2390 3231 plus
2404 3178 2526 3214 hmssc.

1517 3266 1624 3303 quam
1644 3255 1794 3293 fecerint
1813 3261 1982 3302 parentes
2001 3255 2065 3304 ipsi
2085 3267 2094 3291 :
2113 3251 2202 3301 quod
2219 3261 2261 3287 ex
2278 3241 2526 3304 iPSian"cl_q_u"f

1517 3299 1640 3365 postea
1658 3317 1782 3365 gessit.
1803 3299 1892 3354 Cum
1909 3319 2005 3355 enim
2015 3299 2102 3355 'eum
2117 3299 2174 3364 qui
2191 3318 2285 3361 pater
2297 3317 2368 3374 esse
2382 3299 2525 3374 Pl'Lf‘l’l‘T

1516 3359 1584 3418 nec
1602 3359 1786 3418 suadendo
1805 3381 1964 3435 ﬂectere,
1985 3390 2100 3428 neque
2119 3385 2244 3424 cogere
2263 3372 2401 3435 valeret,

1516 3445 1585 3481 lein
1616 3444 1914 3493 tyrannicamque
1943 3432 2138 3491 jusstonetu
2169 3437 2368 3476 removeret,
2395 3433 2460 3493 IPSE
2477 3425 2526 3493 “i‘j

1517 3484 1694 3543 malorum
1723 3484 1970 3544 commtinium
2002 3504 2111 3542 voluit
2137 3511 2214 3540 esse
2243 3495 2412 3546 ρητῑίεθιιε-
2437 3484 2528 3546 Νεβῃθ

1517 3568 1612 3605 istud
1633 3573 1689 3605 cst
1715 3568 1810 3616 quod
1841 3579 1907 3616 ego
1938 3577 2032 3604 nunc
2060 3570 2240 3612 tantopere
2262 3555 2415 3595 admiror,
2437 3543 2526 3616 scd

1515 3631 1614 3668 czede
1630 3631 1689 3668 illa
1702 3632 1912 3679 cenjiciens,
1923 3619 2028 3678 quam
2045 3626 2218 3676 praeterito
2234 3626 2382 3679 temp“?e
2396 3611 2526 3679 ωωτξπῗ

1517 3693 1700 3731 flammam
1731 3673 1872 3738 aluerit,
1902 3673 1944 3730 id'
1963 3673 2152 3729 admodum
2178 3693 2309 3747 stnPc‘?‘
2329 3677 2406 3716 Nam

1517 3757 1672 3792 maxima
1695 3757 1830 3794 doloris
1850 3757 1882 3792 vi
1903 3755 1946 3792 ad
1965 3751 2190 3790 homicidium
2211 3744 2360 3795 protinus
2377 3733 2530 3822 ῗτιιῐξὶοηξιέ

1517 3829 1560 3855 eo
1581 3831 1689 3863 opere
1709 3821 1768 3868 qui
1791 3820 1888 3867 prius
1907 3816 2015 3854 animi
2035 3816 2136 3852 dulor
2157 3793 2530 3885 fueritfo-stemh:i

1517 3858 1612 3918 enini
1640 3858 1742 3919 tanta
1773 3858 1854 3918 iilos
1884 3878 2105 3917 vehementia
2135 3858 2529 3944 ιιΙιιιεεῆξίεειεὶιἋιιιιῗ1

1517 3915 1622 3989 quam
1642 3937 1761 3990 patres
1782 3943 1846 3991 ipsi
1865 3951 1988 3980 eorum
2009 3938 2109 3977 malis
2127 3930 2369 3973 coritabuisset.
2387 3915 2464 3968 Quid
2481 3920 2506 3958 ις
