2726 4358
235 213 306 249 4ιῖ5

237 295 292 322 tur
313 293 544 336 posteaquam
571 288 650 326 illos
674 288 769 326 ultus
788 295 856 334 est,
880 301 963 326 num
990 290 1044 328 vel
1073 300 1198 338 parum
1219 293 1297 328 ani-

232 360 316 387 mus
351 361 394 388 ex
420 362 574 388 maerore
595 351 654 388 illo
675 352 854 388 relaxatus
881 353 962 390 est?
984 354 1144 400 potuitne
1163 353 1298 390 diutius

233 411 303 449 frui
329 414 572 450 consolatione
599 412 691 450 illius
709 414 880 451 ultionis?
909 415 974 450 Vix
995 415 1070 452 dies
1087 415 1198 452 altera
1219 415 1298 451 illu-

235 481 350 519 terat,
369 485 448 512 cum
467 476 610 512 beatum
629 475 727 511 illum
745 475 848 511 dolor
865 476 955 512 alius
969 482 1005 514 et
1019 475 1162 522 quidem
1179 476 1298 524 priore

234 535 338 583 longe
369 537 511 583 gravior
541 536 703 584 excepit,
732 543 921 584 lautusque
950 543 1078 582 metus,
1110 545 1148 574 ut
1179 537 1296 584 ipsum

233 598 388 648 Egypto
411 605 482 636 tota
499 599 720 636 deturbaret.
741 600 874 636 Durum
889 600 1030 647 quidem
1045 610 1086 636 ac
1103 601 1295 638 molestum

231 668 286 698 est
300 689 310 706 ,
333 671 352 697 a
371 662 497 708 quovis
518 661 662 698 homine
681 662 878 699 maledictis
897 663 1048 706 lacessi;
1069 673 1192 700 verum
1213 673 1294 699 cum

231 722 414 760 beneficiis
439 723 614 770 quispiam
639 723 785 760 allectus
805 723 974 760 beneﬁcia
1007 725 1081 771 ipsa
1100 725 1296 772 exprobra-

229 783 320 820 verit
340 795 348 819 :
370 783 548 831 Numquid
565 784 714 820 occidere
731 795 783 820 me
799 791 834 820 tu
851 785 912 830 vis,
933 785 1058 832 inquit,
1077 787 1296 831 quemadmo-

229 844 310 880 dum
324 843 527 894 Egyptian:
547 845 618 881 lteri
637 847 788 882 occidisti
805 846 937 893 (Exod.
953 847 992 882 2.
1011 847 1093 896 l4)?
1110 850 1292 895 tuncjam,

232 913 315 942 tunc
329 907 482 942 ellicitur
498 917 538 944 ea
560 907 777 944 contumelia
798 908 1044 950 intolerabilis,
1061 911 1108 945 ita
1129 916 1165 944 nt
1183 910 1294 956 possit

230 967 289 1003 illa
309 967 433 1004 laesum
454 968 632 1006 suffocare
649 982 656 1005 :
675 975 807 1005 tantam
827 970 914 1006 iram
935 970 1048 1006 dolori
1065 971 1291 1018 cenjunctam

229 1028 345 1066 all‘crt.
365 1030 410 1066 At
430 1040 515 1067 vero
533 1031 566 1066 in
591 1031 686 1068 Mose
707 1037 834 1078 pra‘ter
851 1031 927 1068 lta:e
946 1032 1043 1068 aliud
1063 1043 1202 1080 quoque
1217 1041 1290 1070 ter—

233 1090 320 1126 tium
342 1089 455 1127 inerat
468 1119 477 1135 ,
497 1092 590 1138 regis
609 1092 774 1128 videlicet
792 1099 906 1128 metus
920 1120 928 1134 ,
949 1093 1007 1140 qui
1027 1093 1213 1141 adcojusti
1231 1105 1292 1131 oe-

229 1159 418 1200 cupaverat
439 1155 618 1198 aninmm,
639 1161 677 1191 ut
697 1155 861 1192 universa
883 1155 980 1191 illmn
1003 1157 1148 1202 regione
1169 1163 1291 1193 extur-

228 1216 342 1252 baret.
382 1215 546 1252 Efficitur
573 1217 741 1264 fugitivus
769 1217 862 1262 regis
891 1216 996 1253 filius.
1020 1217 1139 1264 Itaque
1162 1217 1192 1254 si
1214 1219 1293 1264 quis

228 1277 333 1324 regia)
361 1277 459 1319 illum
489 1277 710 1318 educationis
739 1288 846 1315 causa
875 1279 1016 1314 beatum
1041 1279 1238 1324 putaverit,
1262 1279 1291 1314 is

225 1337 332 1374 tundo
353 1338 480 1384 prioris
502 1337 730 1374 abundantia:
750 1338 969 1382 recordetur,
993 1346 1097 1386 atque
1118 1341 1212 1376 illam
1229 1340 1287 1386 ju-

227 1406 283 1435 sto
305 1399 382 1435 viro
407 1399 540 1436 doloris
561 1400 712 1447 ingentis
731 1407 765 1437 et
785 1402 956 1448 angustia:
977 1402 1162 1438 materiam
1183 1403 1291 1440 fuisse

228 1459 376 1496 videbit.
405 1460 528 1506 Neque
555 1461 650 1497 enim
681 1461 773 1497 idem
797 1469 851 1498 est
875 1462 1077 1508 quempiam
1099 1463 1132 1498 in
1156 1464 1290 1508 privata

226 1524 395 1560 nutritum
407 1523 528 1568 domo,
545 1525 706 1570 plurimis
717 1525 790 1571 jam
806 1525 984 1562 laboribus
1002 1527 1194 1573 multisque
1211 1539 1289 1574 per‘

224 1585 502 1632 egrinationibus
517 1592 553 1622 et
578 1587 746 1622 aerumnis
764 1587 899 1624 exactis
913 1615 922 1631 ,
943 1587 1068 1634 longos
1093 1588 1218 1624 iterum
1240 1590 1291 1626 la-

223 1647 328 1683 bores
348 1652 454 1694 atque
473 1658 514 1684 ea
534 1647 758 1684 incommoda
779 1659 857 1695 (pro:
881 1655 981 1686 extra
1002 1651 1154 1696 patrium
1173 1651 1289 1688 solum

223 1711 426 1748 necessario
445 1711 629 1748 subeunda
649 1719 732 1747 sunt
751 1711 904 1758 perpeti,
926 1718 962 1748 et
979 1723 1059 1750 eum
1079 1715 1137 1760 qui
1160 1715 1223 1750 ista
1245 1725 1290 1752 ne

223 1774 406 1810 minimum
421 1773 568 1821 quidem
587 1773 693 1809 luerit
709 1779 892 1820 expertus,
909 1773 973 1810 sed
989 1775 1022 1810 in
1040 1785 1158 1810 rerum
1178 1775 1290 1810 abun-

218 1838 337 1875 dantia
364 1846 470 1874 omne
496 1842 638 1882 tempus
665 1836 861 1880 educatus,
889 1836 1040 1882 idipsum
1064 1837 1148 1882 pati.
1178 1837 1288 1872 Multo

218 1901 315 1938 enim
334 1899 475 1947 gravior
495 1899 527 1935 ei
556 1899 636 1946 fuga
659 1898 854 1942 videbitur,
875 1907 980 1944 quam
1001 1897 1075 1941 illi,
1095 1899 1124 1934 si
1145 1897 1288 1944 quando

217 1961 371 2009 experiri
399 1960 490 1998 banc
519 1961 722 1998 necessario
746 1966 894 2007 cogetur
917 1971 926 1995 :
949 1959 1042 2006 quod
1065 1959 1114 1996 illi
1145 1971 1286 2007 quoque

221 2032 304 2062 tunc
327 2024 488 2072 contigit.
510 2023 630 2070 itaque
649 2023 817 2070 profugus
834 2023 982 2059 effectus
995 2051 1004 2065 ,
1023 2023 1233 2070 alienigena:
1251 2031 1286 2061 et

217 2089 411 2125 idololatra:
425 2088 492 2125 viri
507 2087 661 2134 hospitio
677 2086 825 2123 fruitur:
839 2086 933 2134 quod
948 2097 1018 2122 non
1034 2087 1214 2123 mediocre
1230 2093 1286 2124 est

217 2151 370 2188 tristitia:
387 2155 652 2198 argumentum,
670 2155 740 2184 tam
759 2149 867 2196 longo
884 2149 1018 2184 scilicet
1038 2154 1198 2195 tempore
1212 2148 1285 2186 dac-

216 2214 418 2251 moniorum
448 2211 646 2249 sacerdotis
678 2211 853 2258 hospitem
880 2221 973 2247 esse.
995 2211 1138 2247 Tradita
1164 2217 1284 2248 autem

214 2276 282 2314 sibi
311 2273 481 2326 pascendi
508 2273 624 2321 gregis
648 2273 805 2310 custodia
823 2301 832 2316 ,
855 2273 1090 2320 quadraginta
1111 2275 1214 2310 annis
1236 2275 1285 2310 ita

216 2337 382 2385 perstitit.
399 2337 511 2374 Porro
526 2337 555 2372 si
572 2336 640 2372 hoc
653 2335 780 2372 durum
800 2345 870 2371 non
888 2345 969 2372 esse
983 2335 1090 2372 alicui
1107 2335 1282 2381 videatur,

214 2402 244 2436 is
263 2400 366 2436 velim
385 2409 447 2436 eos
463 2399 656 2440 examinet,
675 2407 746 2434 non
761 2397 820 2443 qui
836 2402 952 2432 metus
967 2402 1027 2432 aut
1045 2397 1183 2432 timoris
1198 2406 1284 2433 cau-

213 2473 253 2499 sa
273 2462 544 2508 ret-egrinantur
563 2466 598 2496 et
620 2459 764 2496 latebris
783 2458 978 2501 abduntur,
998 2457 1061 2494 sed
1082 2457 1142 2504 qui
1157 2465 1284 2504 sponte

215 2533 278 2560 sua
297 2523 405 2560 domo
424 2522 692 2565 abstrahuntur,
713 2531 818 2568 quam
838 2521 991 2558 moleste
1007 2547 1016 2562 ,
1039 2530 1143 2567 quam
1163 2520 1282 2568 gravi-

217 2593 270 2622 ter
287 2591 419 2632 agant,
441 2591 684 2633 quantumque
703 2582 882 2620 commodi
901 2583 934 2618 in
957 2582 1074 2620 reditu
1092 2588 1280 2630 reponant.

215 2646 303 2683 Cum
318 2656 403 2683 vero
417 2647 464 2682 illi
479 2653 515 2683 et
530 2653 646 2683 metus
659 2646 825 2690 adfuerit,
841 2652 878 2682 et
892 2646 962 2682 vita
977 2647 1146 2682 inrumpis
1162 2646 1280 2693 plena,

217 2709 355 2756 istaque
373 2718 524 2745 onerosa
545 2714 580 2745 et
599 2708 748 2744 molesta
767 2709 883 2745 reditu
905 2709 974 2745 isto
993 2708 1207 2745 suavissimo
1226 2708 1280 2745 le-

215 2771 312 2807 viora
327 2769 558 2818 judieaverit,
581 2769 769 2806 considera
784 2797 793 2813 ,
815 2779 950 2816 quaeso,
973 2770 1186 2808 calamitatis
1203 2770 1282 2818 ejus

216 2833 506 2882 magnitudinem.
521 2832 643 2880 Neque
657 2833 752 2868 enim
767 2833 975 2878 simpliciter
989 2834 1112 2870 audies
1124 2861 1133 2878 ,
1150 2832 1280 2870 Pasce-

213 2898 269 2934 bat
286 2926 296 2942 ,
315 2897 377 2934 sed
397 2897 516 2934 recole
535 2907 629 2933 nunc
645 2895 767 2933 Jacobi
786 2896 894 2932 verba
911 2923 922 2940 ,
943 2908 1022 2944 qua:
1047 2897 1091 2934 ad
1113 2907 1278 2935 socerum

212 2969 437 3006 conquerens
457 2959 544 2994 dixit
562 2969 570 2993 :
586 2957 660 3005 Ego
677 2969 698 2993 α
718 2958 844 3006 meipso
859 2957 1038 2994 reddebant
1055 2961 1147 3006 furta
1165 2959 1231 2996 diei
1249 2965 1280 2995 et

213 3022 304 3068 furta
323 3021 428 3058 noctis
447 3033 458 3056 :
477 3020 531 3057 die
549 3022 668 3056 urebar
689 3026 790 3064 wsttt,
813 3027 907 3056 nocte
923 3021 999 3068 gelu
1011 3048 1020 3065 ,
1042 3021 1280 3068 recedebatque

213 3095 348 3120 somnus
367 3085 410 3120 ab
435 3084 539 3121 oculis
561 3084 642 3120 meis
667 3085 678 3130 (
699 3082 784 3120 Gen.
806 3084 865 3120 51.
885 3083 944 3121 59.
962 3085 1008 3121 40
1029 3085 1056 3131 ).
1080 3084 1162 3121 lltec
1182 3085 1278 3121 enim

214 3145 331 3182 omnia
362 3145 412 3182 illi
443 3146 549 3182 etiam
579 3145 772 3192 contigisse
799 3145 992 3192 putandum
1024 3151 1098 3187 est,
1119 3146 1278 3182 ctannis

213 3205 374 3253 pluribus
389 3234 400 3252 ,
417 3215 452 3245 et
476 3208 601 3254 majori
631 3218 713 3245 cum
740 3207 946 3245 difficultate
966 3221 974 3244 :
994 3209 1126 3256 quippe
1151 3215 1207 3244 est
1235 3219 1277 3245 ea

215 3269 312 3317 regio
337 3270 440 3318 longe
457 3272 631 3310 desertior
649 3278 756 3320 atque
777 3273 962 3317 incultior,
981 3283 1088 3320 quam
1109 3271 1277 3319 MCSOpo-

216 3331 337 3368 tamia.
360 3332 460 3377 Quod
479 3335 508 3371 si
531 3347 598 3372 non
620 3336 668 3372 ita
685 3335 898 3382 querebatur
916 3336 1045 3379 Moses,
1068 3346 1134 3372 nec
1152 3335 1276 3372 beatus

214 3393 356 3442 quidem
375 3394 433 3431 ille
449 3403 594 3442 questus
613 3407 784 3444 umquam
801 3396 925 3434 fuisset
941 3424 950 3440 ,
973 3396 1040 3434 nisi
1054 3407 1194 3434 summa
1214 3407 1277 3434 ne-

215 3455 382 3493 cessitate
407 3458 612 3504 compulsus
629 3487 640 3505 ,
659 3465 766 3507 atque
793 3459 838 3496 ob
865 3459 1042 3506 ingratum
1059 3459 1175 3496 soceri
1195 3459 1275 3496 ani-

215 3529 312 3555 mum
339 3519 374 3555 in
404 3519 482 3556 haec
509 3522 618 3558 verba
645 3532 876 3570 prorumpere
903 3522 1106 3558 necessario
1132 3528 1277 3560 coactus

215 3585 325 3616 esset.
345 3579 482 3618 Sufﬁcit
500 3582 641 3629 quidem
659 3590 696 3621 et
715 3584 791 3632 ipsa
806 3595 870 3631 per
887 3594 926 3622 se
942 3585 1069 3620 alienae
1087 3590 1193 3622 terra:
1214 3586 1277 3622 ha-

215 3641 342 3678 bitatio
361 3641 404 3678 ad
427 3651 508 3678 eum
534 3642 790 3682 humiliandum
810 3646 926 3682 virum
944 3673 953 3689 ,
973 3645 1034 3692 qui
1054 3647 1276 3684 necessitatis

217 3709 354 3741 tantum
373 3715 480 3742 causa
501 3707 758 3753 peregrinatur.
777 3708 878 3745 Sicut
896 3708 991 3744 enim
1009 3708 1083 3744 avis
1099 3737 1108 3753 ,
1131 3719 1210 3746 cum
1231 3721 1274 3747 ex

217 3765 301 3803 nido
329 3776 394 3803 suo
419 3767 638 3812 avolaverit,
657 3768 792 3806 facilius
815 3769 952 3815 capitur
969 3769 1098 3818 (Prov.
1117 3771 1178 3809 9.7.
1196 3772 1241 3819 8)
1265 3785 1274 3808 :

216 3827 264 3864 ita
281 3833 318 3866 et
336 3827 456 3873 homo,
475 3839 554 3866 cum
571 3840 591 3866 a
609 3829 754 3867 sedibus
772 3831 922 3878 propriis
942 3831 1080 3878 longius
1099 3831 1276 3878 profectus

217 3889 338 3933 fuerit,
368 3890 514 3930 servitio
534 3892 730 3939 subjicitur.
754 3893 853 3930 Tunc
879 3903 962 3930 rere
982 3904 1046 3931 nec
1069 3894 1113 3932 de
1134 3897 1273 3944 propria

788 215 848 252 AD
875 215 1124 254 STAGIBIUM
1153 218 1177 253 Α
1209 217 1410 258 ιηΕΜοΝΕ
1438 223 1672 263 VEXATUM.
1701 227 1774 264 LIB
1818 229 1874 266 ΙΙΙ.

2363 240 2432 277 474

1373 296 1486 332 salute
1504 308 1652 336 securus
1669 311 1748 338 esse
1766 311 1904 349 poterat
1925 305 1996 350 ille,
2015 307 2077 344 sed
2097 315 2133 344 ut
2149 319 2273 348 servus
2289 313 2430 360 aliquis,

1371 356 1655 398 crudelissimum
1683 361 1864 400 dominum
1891 366 2087 414 ell'ngieus,
2112 377 2215 416 pavet
2233 356 2374 420 semper
2393 356 2434 412 ac

1374 417 1526 463 trepidat
1539 430 1585 456 ne
1599 422 1759 468 capiatur
1775 435 1784 460 :
1801 425 1847 462 ita
1861 433 1897 462 et
1912 427 2036 465 beatus
2052 429 2166 468 Moses
2183 433 2217 469 in
2234 417 2328 470 metu
2343 445 2434 473 sem-

1371 488 1435 524 per
1451 485 1529 516 erat
1549 491 1558 517 :
1579 481 1684 530 idque
1699 494 1742 520 ex
1761 495 1804 522 eo
1821 488 1974 525 maxime
1994 489 2125 537 liquet,
2149 494 2241 539 tpiod
2263 495 2334 532 Deo
2353 504 2432 544 post

1371 545 1507 604 tantum
1527 545 1698 589 temporis
1717 547 1946 594 prmcipienle
1961 558 1999 586 ut
2021 552 2151 589 rediret
2173 553 2205 589 in
2222 555 2430 604 Egyptian,

1370 599 1483 638 lueret
1507 613 1548 640 ac
1574 605 1722 651 titubat,
1739 607 1845 654 idque
1869 619 1949 646 cum
1976 613 2158 658 audisset,
2179 599 2365 664 Defuit-cius
2384 599 2432 656 est

1369 663 1427 710 qui
1443 665 1610 708 qumebat
1627 668 1776 704 animum
1795 677 1886 707 tuam
1908 672 2034 720 (Ea-od.
2058 676 2093 711 ll.
2120 677 2190 724 19).

1415 724 1451 760 2.
1487 726 1614 765 Postea
1648 740 1733 767 vero
1763 743 1869 779 quam
1902 737 2018 782 paruit
2052 743 2087 773 et
2117 740 2293 784 excessit,
2327 749 2432 788 ,ειιμιθ

1368 797 1518 824 uxorem
1549 799 1590 826 ac
1619 791 1750 828 liberos
1786 795 1988 842 relinquere
2021 806 2166 836 coactus
2201 809 2280 844 est,
2309 815 2432 842 rursus

1367 850 1598 895 querimonia:
1629 858 1666 889 et
1696 858 1920 894 contumelia:
1939 863 1974 894 et
2001 861 2106 896 mime
2133 862 2178 898 ab
2203 875 2246 899 eo
2265 866 2323 912 qui
2349 873 2431 904 tunc

1366 911 1539 957 regnabat
1565 913 1599 948 in
1617 913 1788 962 Egypto,
1809 918 2029 966 criminaque
2047 928 2082 958 et
2101 911 2287 962 maledicta
2313 928 2356 963 ab
2377 929 2430 965 eis

1366 973 1458 1020 ipsis
1479 985 1568 1022 quos
1585 976 1766 1015 beneficiis
1779 979 1932 1017 fovebat.
1947 983 2009 1019 Ille
2021 985 2114 1020 enim
2131 987 2248 1023 aiebat
2267 1001 2274 1024 :
2301 989 2426 1035 Quare,

1365 1034 1478 1072 Moses
1501 1044 1532 1072 et
1550 1038 1688 1084 Aaron,
1709 1043 1857 1078 auertitis
1887 1045 2050 1091 pupulum
2069 1047 2110 1082 ab
2137 1050 2294 1095 operibus
2329 1053 2397 1088 suis
2413 1054 2430 1088 ξ’

1366 1095 1522 1133 Recedite
1558 1101 1784 1146 unusquisque
1824 1111 1966 1141 vestrum
2003 1108 2049 1142 ad
2080 1121 2182 1156 opera
2214 1123 2276 1147 sua
2297 1112 2428 1159 (Exod.

1365 1155 1402 1192 5.
1423 1157 1484 1204 4).
1504 1157 1674 1198 Israelita:
1690 1168 1824 1207 autem,
1850 1164 1982 1211 Videat,
2005 1155 2162 1214 aiebant,
2183 1171 2273 1209 Deus
2292 1155 2430 1221 etjutli-

1365 1225 1417 1254 cet
1436 1230 1512 1264 vos,
1533 1222 1612 1268 quia
1630 1227 1867 1264 exsecrabilem
1890 1229 2014 1276 fecistis
2044 1231 2180 1268 odorem
2205 1243 2354 1272 nostrum
2374 1249 2430 1274 co-

1363 1290 1438 1315 ram
1459 1280 1642 1320 Pltaraone
1660 1293 1690 1320 et
1711 1297 1824 1323 coram
1844 1291 1946 1326 servis
1974 1293 2056 1335 suis,
2077 1300 2112 1328 ut
2138 1295 2262 1332 daretis
2278 1298 2430 1343 gladium

1363 1341 1398 1377 in
1420 1354 1542 1380 manus
1567 1357 1682 1382 eorum
1698 1349 1744 1384 ad
1769 1351 2038 1398 interﬁciendum
2065 1367 2125 1392 nos
2147 1357 2253 1405 (Ibid.
2282 1372 2313 1396 v.
2343 1362 2382 1398 9|
2400 1364 2424 1409 ).

1363 1402 1491 1442 Gravia
1509 1407 1650 1453 quidem
1669 1419 1772 1448 erant
1799 1413 1874 1450 lucc
1902 1421 1936 1450 et
1964 1417 2128 1461 molesta,
2151 1402 2220 1456 sed
2249 1422 2333 1458 illud
2354 1402 2430 1460 om-

1364 1466 1460 1502 nium
1481 1470 1744 1516 gravissimum,
1757 1474 1851 1520 quod
1871 1476 2052 1522 ingressus
2070 1479 2112 1516 ad
2131 1490 2215 1517 suos
2228 1483 2430 1521 innumera-

1363 1539 1433 1573 que
1451 1531 1662 1575 promittens
1689 1535 1794 1579 bona,
1818 1537 2031 1582 llbcrtatcm,
2053 1541 2329 1582 incmnbentinm
2351 1557 2428 1583 ma-

1365 1588 1478 1626 lorum
1497 1593 1715 1638 ereptionem
1733 1623 1742 1640 ,
1768 1597 1871 1634 fallav
1895 1610 1974 1636 esse
1996 1603 2194 1646 putabatur.
2215 1605 2290 1642 Non
2313 1608 2428 1644 solum

1364 1651 1458 1686 enim
1481 1652 1550 1689 illis
1569 1661 1652 1692 tunc
1671 1655 1823 1694 levatum
1844 1670 1913 1695 nun
1934 1668 1988 1698 est
2010 1663 2228 1702 imminentis
2245 1669 2428 1706 servitutis

1362 1723 1468 1762 onus,
1498 1726 1620 1753 verum
1649 1721 1792 1766 gravius
1816 1730 1868 1758 est
1891 1723 2068 1768 adjectum
2100 1737 2106 1760 :
2131 1733 2166 1762 et
2195 1729 2254 1774 qui
2285 1737 2426 1776 gentem

1362 1789 1504 1814 omnem
1531 1779 1748 1818 liberaturus
1765 1783 1992 1828 sperabatur,
2021 1785 2126 1832 idque
2155 1790 2378 1835 promiserat,
2399 1793 2429 1830 is

1360 1840 1583 1877 cruriatuum
1602 1847 1638 1878 ct
1651 1843 1838 1880 verberant
1861 1855 1966 1881 causa
1986 1846 2173 1886 insidiator
2185 1856 2220 1886 et
2238 1860 2427 1900 corruptor

1359 1913 1440 1940 esse
1456 1904 1659 1951 putabatur.
1681 1905 1766 1950 Quis
1784 1917 1855 1943 non
1878 1918 2032 1946 mmrore
2054 1917 2137 1947 tunc
2156 1911 2280 1949 fuisset
2297 1914 2423 1951 absor-

1361 1970 1457 2012 ptus,
1487 1975 1570 2002 cum
1597 1967 1778 2014 pollicitus
1810 1969 2068 2006 tot‘malorum
2098 1974 2318 2020 eruptionem
2349 1983 2427 2022 post

1361 2026 1653 2072 pollicitationem
1689 2028 1820 2065 diriora
1867 2031 2005 2067 videret
2037 2034 2237 2071 cumulari?
2278 2036 2427 2074 Dolebat

1358 2087 1500 2133 quidem
1520 2095 1690 2136 quantum
1719 2100 1782 2137 par
1807 2097 1885 2128 erat
1905 2102 1986 2129 eum
2015 2093 2076 2140 qni
2108 2095 2189 2132 talia
2219 2097 2359 2134 audiret
2391 2105 2426 2136 ct

1357 2149 1518 2194 videret;
1556 2161 1627 2188 non
1664 2162 1704 2189 ea
1727 2159 1844 2190 tamen
1878 2155 2148 2202 perturbatione
2177 2157 2424 2206 dejiciebatur,

1357 2210 1419 2246 sed
1438 2212 1606 2249 manebat
1624 2213 1830 2259 immobilis,
1849 2221 1886 2252 et
1909 2217 2054 2264 quidem
2073 2228 2153 2255 cum
2176 2222 2425 2267 promissioni-

1359 2271 1426 2308 bus
1439 2282 1480 2308 ea
1493 2283 1572 2319 ane
1591 2275 1845 2322 contingebant
1857 2289 1927 2314 non
1947 2279 2063 2316 solum
2081 2291 2151 2317 non
2165 2284 2422 2332 consentirent,

1357 2343 1480 2370 verum
1500 2340 1536 2370 et
1555 2337 1708 2372 maxime
1725 2337 2006 2376 obluctarentur.
2037 2341 2222 2380 Accedens
2239 2351 2358 2382 autem
2379 2349 2422 2384 ad

1359 2398 1483 2441 Deum,
1503 2403 1539 2434 et
1555 2399 1598 2436 dc
1612 2399 1667 2436 his
1682 2401 1899 2448 loquens,ac
1912 2404 2308 2453 multumingcmiseens
2323 2440 2332 2454 ,
2352 2411 2422 2448 Do-

1357 2460 1460 2502 mine.
1483 2462 1620 2508 inquit,
1643 2473 1748 2509 quare
1775 2465 1922 2511 aﬂlixistt'
1949 2469 2112 2513 populant
2133 2475 2240 2513 tuum,
2271 2479 2302 2508 et
2319 2485 2422 2519 quare

1356 2533 1408 2558 me
1423 2523 1542 2558 misis'i
1557 2523 1574 2558 ?
1586 2523 1675 2559 Ecce
1685 2525 1773 2560 enim
1788 2537 1829 2561 ea;
1842 2538 1906 2571 qtto
1924 2527 2096 2575 ingressus
2109 2541 2184 2565 sum
2201 2531 2247 2574 ad
2263 2531 2400 2570 lerao
2411 2555 2422 2561 -

1356 2595 1446 2628 nent,
1469 2591 1504 2620 ut
1521 2586 1674 2632 loquerer
1691 2586 1724 2622 in
1737 2587 1871 2622 nomine
1891 2595 1960 2631 tuo,
1983 2589 2102 2635 afﬂixit
2121 2592 2284 2638 populum
2309 2601 2418 2639 tuum,

1355 2657 1414 2681 nec
1435 2645 1585 2682 liberasti
1610 2658 1685 2683 eum
1701 2648 1712 2694 (
1729 2647 1820 2683 Ibid.
1841 2659 1872 2685 υ.
1895 2649 1972 2697 25).
2003 2651 2085 2687 llarc
2105 2662 2170 2699 ego
2187 2663 2267 2690 cum
2297 2655 2355 2692 ille
2372 2657 2422 2692 la—

1355 2713 1534 2744 mentatus
1548 2715 1656 2752 esset,
1677 2716 1784 2756 atque
1803 2710 1928 2748 eadem
1943 2712 2070 2748 iterum
2087 2713 2260 2757 audisset,
2281 2726 2421 2752 annun-

1356 2769 1417 2806 tiat
1435 2770 1578 2817 quidem
1595 2781 1634 2807 ea
1659 2782 1786 2808 rursus
1805 2772 1974 2810 lsraclitis
1991 2783 2000 2812 :
2017 2775 2080 2811 sed
2101 2775 2150 2812 illi
2170 2777 2318 2815 minimc
2334 2781 2422 2816 tole-

1354 2837 1446 2875 rant,
1464 2841 1507 2868 eo
1524 2832 1619 2878 quod
1635 2833 1764 2869 animte
1783 2834 1925 2870 illorum
1952 2835 2075 2872 labore
2099 2845 2362 2888 premerentur,
2379 2852 2421 2878 ac

1353 2903 1513 2929 ntccrore
1541 2893 1750 2930 deficerent.
1778 2893 1873 2938 Non,
1913 2895 2260 2944 ittquil,.audierunt
2290 2900 2420 2938 Mount

1353 2968 1423 3004 prec
1435 2957 1592 3004 angustia
1607 2964 1637 2992 et
1651 2957 1820 2994 laboribus
1840 2959 1935 2994 duris
1953 2960 2055 3008 (Gen.
2083 2961 2116 2996 6.
2136 2959 2188 3008 9).
2209 2961 2281 2998 Hoc
2301 2970 2420 3001 autem

1353 3019 1446 3055 haud
1467 3029 1593 3066 parum
1614 3019 1711 3055 illum
1727 3020 1916 3067 affligebat.
1935 3019 1981 3058 Ut
2001 3031 2087 3057 vero
2101 3022 2255 3070 adsigna
2274 3030 2420 3062 ventum

1351 3087 1420 3126 est,
1437 3081 1568 3127 sapius
1588 3092 1605 3117 a
1628 3081 1818 3118 Pharaone
1837 3081 1985 3119 delusus
2011 3093 2090 3120 eam
2123 3084 2324 3122 irrisionem
2344 3087 2420 3124 for-

1353 3146 1435 3180 titer
1457 3144 1549 3180 tulit.
1571 3144 1661 3180 Cum
1685 3155 1773 3180 vero
1801 3145 1973 3181 liberatus
1993 3146 2137 3182 tandem
2166 3159 2212 3184 ex
2245 3148 2418 3198 Egypto,

1350 3215 1458 3256 atque
1473 3219 1540 3245 una
1561 3218 1640 3244 cum
1663 3207 1878 3254 Judmisjam
1894 3208 1968 3244 fere
1981 3219 2127 3244 scenrns
2144 3211 2337 3253 videretur,
2357 3224 2420 3250 an-

1351 3276 1493 3318 tequam
1524 3270 1628 3316 plene
1654 3269 1894 3316 respirasset,
1928 3270 2069 3315 priore,
2104 3271 2175 3306 imo
2202 3282 2288 3309 vero
2318 3274 2422 3319 longe

1349 3333 1512 3380 graviore
1529 3337 1625 3368 metu
1644 3337 1831 3378 correptus
1847 3337 1915 3368 est.
1934 3331 1997 3369 Vix
2027 3333 2122 3369 enim
2146 3335 2249 3370 tertia
2279 3335 2423 3373 efﬂuxe-

1350 3401 1406 3432 rat
1422 3395 1513 3438 dies,
1543 3403 1623 3431 cum
1653 3399 1800 3441 repente
1827 3394 2000 3432 barbaros
2017 3405 2144 3434 omnes
2161 3405 2319 3434 armatos
2343 3408 2425 3434 cct-

1351 3464 1440 3495 nunt
1463 3467 1572 3504 super
1594 3467 1634 3494 se
1664 3458 1822 3501 irruere;
1842 3463 1949 3504 atque
1968 3458 2061 3495 idem
2087 3462 2182 3508 paSSi
2207 3466 2304 3504 sunt,
2324 3458 2421 3504 quod

1351 3519 1486 3565 fugitivi
1504 3519 1614 3564 servi,
1627 3519 1712 3556 dum
1733 3519 1767 3556 in
1783 3519 1900 3556 aliena
1919 3522 2066 3568 regione
2094 3527 2243 3566 repente
2258 3519 2421 3555 domino—

1350 3579 1428 3618 ru’m
1463 3581 1587 3618 oculos
1615 3581 1801 3618 olfendunt
1823 3593 1831 3619 :
1853 3583 1910 3620 vel
1939 3589 2038 3620 certe
2065 3581 2365 3628 quemadmodum
2389 3581 2418 3616 si

1349 3645 1400 3681 illi
1429 3644 1496 3692 ipsi
1525 3643 1716 3692 aliquando
1737 3646 1979 3682 somniassent
2009 3655 2049 3681 se
2073 3643 2202 3687 lzetari,
2224 3649 2259 3679 ct
2276 3653 2356 3680 esse
2377 3653 2416 3678 ea

1350 3706 1525 3744 servitute
1542 3706 1728 3751 liberatos,
1744 3717 1786 3744 ac
1802 3707 1946 3744 demum
1972 3705 2171 3751 experrecti
2194 3715 2233 3741 sc
2253 3705 2286 3740 in
2305 3704 2415 3752 IEgy—

1351 3775 1411 3816 pto
1429 3775 1466 3805 et
1493 3769 1530 3806 in
1550 3769 1685 3807 eisdem
1718 3770 1821 3806 malis
1842 3767 2076 3804 invenissent.
2102 3765 2176 3801 lmo
2194 3776 2279 3803 vero
2299 3770 2420 3804 nescio

1349 3831 1434 3876 quid
1451 3830 1500 3868 illi
1521 3832 1699 3868 somnium
1727 3836 1913 3878 reputasse
1937 3826 2166 3864 existimandi
2187 3834 2268 3864 sunt
2285 3827 2420 3872 potius,

1351 3895 1505 3931 triduinc
1542 3895 1638 3930 illam
1670 3891 1932 3932 liberationem,
1964 3899 2008 3925 an
2043 3895 2256 3935 prmsentem
2293 3901 2412 3926 rerqu
