2726 4358
357 222 429 260 475

361 299 489 336 faciem
510 299 731 336 horremlam
742 309 784 336 ac
801 300 998 347 pavendum
1015 315 1023 338 :
1039 308 1138 340 tanta
1147 304 1261 341 oculis
1277 305 1443 343 omnium

358 361 472 398 otlnsa
501 367 579 397 erat
618 361 787 398 mmroris
815 362 962 402 nebula.
1005 365 1145 403 Interea
1179 367 1299 405 Moses
1329 369 1443 405 multo

355 423 554 470 majoribus
573 425 734 462 tenebris
748 425 888 464 offusus
905 435 998 466 eral.
1017 429 1096 466 Non
1111 431 1207 468 enim
1220 432 1317 470 solos
1329 433 1444 482 Egy-

354 485 446 534 ptios
458 487 656 531 metuebat,
675 494 713 525 ut
729 489 874 538 reliqui,
893 502 1018 528 verum
1035 493 1133 540 ipsos
1147 505 1216 530 una
1234 495 1414 534 lsraelitas
1431 509 1440 534 :

355 559 508 599 utraque
519 553 615 589 enim
633 563 724 601 gens
743 553 844 591 illum
858 555 933 602 jam
963 562 1004 594 ut
1018 557 1248 596 seductorem
1263 571 1306 598 ac
1325 561 1442 598 versi-

351 613 484 660 pellem
505 625 720 662 aggressum
748 623 854 662 erat,
886 619 1046 668 Egyptii
1073 621 1218 668 quidem
1246 623 1442 662 irridentes

351 681 460 724 atque
487 677 702 716 invadentes
721 709 730 725 ,
751 679 925 719 lsraelitaa
954 693 1042 720 vero
1060 684 1256 721 exulcerati
1276 695 1318 722 ac
1346 695 1440 723 maz-

349 749 433 776 rore
451 739 620 777 confecti.
637 741 708 778 Sed
731 742 816 790 quid
835 754 893 780 me
913 754 1064 782 necesse
1080 753 1134 782 est
1153 746 1296 784 dolores
1317 758 1434 795 angu-

349 803 511 850 stiasque
529 803 596 840 viri
625 805 844 853 conjecturis
875 808 1060 856 colligere,
1083 821 1166 848 cum
1191 813 1374 858 possimus
1391 823 1437 850 ex

349 866 416 904 ista
444 868 520 914 ipsa
545 878 700 915 superna
733 881 821 907 voce.
849 877 1020 909 cunctum
1049 873 1164 920 ipsius
1188 874 1352 912 dolorem
1381 878 1438 912 in-

349 929 540 978 telligere?
561 931 708 968 Tacenti
737 933 832 969 enim
859 933 923 978 illi,
944 946 1061 982 neque
1091 936 1182 973 labia
1203 937 1344 984 aperire
1376 949 1440 975 au-

354 991 469 1036 denti,
497 993 587 1030 dixit
615 993 710 1030 Deus
741 1006 750 1029 z
789 995 881 1040 Quid
909 996 1039 1034 clamas
1071 998 1118 1033 ad
1149 997 1348 1044 me(EJ:od.
1377 1001 1436 1036 14.

351 1055 422 1102 i5)
440 1055 456 1090 ?
475 1056 670 1093 tutnultutn
697 1055 808 1094 animi
841 1058 954 1105 ipsius
985 1059 1088 1096 nobis
1109 1060 1177 1098 hoc
1199 1061 1308 1099 verbo
1332 1063 1440 1110 signi-

347 1117 475 1159 ticans.

397 1188 434 1223 5.
461 1185 494 1222 Μ
503 1186 599 1233 oysis
615 1196 788 1224 wrumua’
803 1186 839 1222 in
851 1185 1006 1225 deserto.
1020 1209 1066 1216 —
1082 1187 1212 1226 Postea
1226 1201 1311 1228 vero
1322 1203 1432 1240 quam

348 1249 381 1287 is
395 1254 507 1288 etiam
520 1249 668 1289 solutus
677 1255 732 1286 est
745 1255 882 1294 metus,
898 1251 1042 1296 majora
1057 1252 1190 1290 iterum
1209 1256 1433 1300 parabantur

345 1307 512 1344 adversa.
534 1307 622 1343 Nam
640 1319 702 1354 per
723 1320 830 1345 mune
847 1310 932 1346 illud
949 1311 1018 1347 iter
1031 1312 1161 1348 saevius
1179 1311 1433 1359 atqtteimma-

346 1368 429 1408 nius
449 1369 511 1411 illo
532 1371 584 1406 nsi
614 1377 696 1406 sunt
716 1373 738 1406 ii
757 1371 818 1418 qtti
841 1371 886 1408 ab
905 1383 948 1409 eo
967 1373 1187 1420 regebantur
1208 1375 1430 1412 innumeris-

347 1441 419 1477 que
449 1442 512 1477 per
538 1431 638 1467 illum
663 1431 767 1469 bonis
790 1433 1016 1477 fruebantur,
1049 1446 1155 1482 quam
1175 1437 1321 1473 fecisset
1341 1437 1436 1473 Pha-

347 1503 410 1529 rao
433 1493 510 1540 ipse
537 1499 574 1530 et
603 1493 779 1543 Egyptii.
812 1496 865 1532 Ac
888 1496 1044 1544 primum
1073 1498 1218 1545 quidem
1251 1499 1434 1537 instabant

345 1555 598 1598 vehementius
619 1558 720 1594 illtnn
740 1558 974 1603 suffocantes,
1008 1559 1273 1608 [Egyptiasque
1303 1573 1434 1599 carnes

344 1619 586 1665 requirentes,
602 1620 803 1668 ingratique
824 1622 1014 1668 prtrsentia
1035 1623 1276 1669 fastidiebam,
1293 1630 1329 1661 et
1343 1635 1434 1671 prcc-

345 1681 450 1719 terita
474 1681 733 1720 desiderabant
755 1696 763 1720 :
785 1685 880 1732 quod
903 1691 982 1721 erat
1003 1696 1091 1722 sane
1107 1687 1268 1723 omnium
1289 1687 1429 1734 gravis-

343 1743 490 1778 sitnttm.
513 1743 606 1786 Quid
633 1745 730 1780 enim
757 1747 828 1792 pati
861 1757 908 1792 po
925 1754 1003 1783 erat
1035 1747 1216 1792 acerbius,
1245 1749 1274 1784 si
1307 1760 1432 1786 anien-

345 1801 433 1837 tium
456 1802 785 1851 insanientiumth
800 1805 985 1842 homimun
1011 1809 1082 1844 dux
1103 1811 1324 1846 constitutus
1345 1811 1431 1848 fuis-

343 1863 430 1902 set?
461 1863 508 1900 Et
538 1870 656 1901 tamen
676 1866 795 1902 omnia
819 1867 944 1904 beatus
965 1869 1024 1906 ille
1046 1869 1188 1907 fortiter
1219 1871 1372 1914 ferebat,
1393 1880 1430 1910 et

343 1927 507 1970 nisiillos
527 1938 672 1964 summo
692 1927 824 1966 affectu
844 1929 1044 1975 dilexisset,
1079 1932 1268 1970 tolerabile
1291 1935 1426 1972 malum

341 1996 420 2032 erat
452 2000 534 2027 cum
563 2001 629 2038 pro
660 1991 737 2027 suis
775 1998 912 2028 tantum
945 1992 1120 2030 doluisset
1142 1995 1310 2042 injuriiS'
1345 2007 1426 2034 eum

342 2058 461 2091 autem
476 2063 558 2100 erga
581 2053 662 2089 illos
677 2063 748 2090 non
765 2063 870 2091 Secus
885 2065 991 2102 quam
1011 2061 1111 2102 pater
1131 2057 1352 2103 afficeretur,
1375 2071 1423 2098 ex

343 2115 412 2153 hoc
431 2115 562 2153 aﬂ'ectu
577 2116 686 2152 aliam
708 2128 836 2154 rursus
855 2119 1058 2155 molestiam
1071 2121 1195 2158 subire
1214 2123 1422 2170 cogebatur,

349 2187 480 2224 nempe
512 2177 558 2214 de
585 2178 728 2214 illorum
760 2180 996 2226 perversitate
1023 2191 1065 2217 ac
1094 2183 1267 2230 nequitia.
1301 2185 1426 2232 Neque

339 2237 436 2277 enim
469 2244 540 2273 tam
573 2238 672 2274 illum
703 2240 883 2287 angebant
911 2243 1154 2288 contumelias,
1189 2257 1295 2292 quam
1329 2248 1424 2294 quod

341 2299 391 2339 illi
424 2299 493 2347 ipsi
521 2303 772 2340 centnmeliosi
805 2311 940 2342 essent.
971 2305 1087 2344 Grave
1115 2309 1259 2355 quidem
1295 2321 1422 2348 revera

341 2362 457 2402 fuerat
487 2364 595 2403 etiam
624 2370 708 2402 ante
727 2366 807 2428 [cibi
843 2367 938 2405 illius
963 2369 1166 2408 mirabilem
1195 2372 1423 2420 largitionem

341 2427 501 2474 ingratos
519 2438 600 2465 esse
617 2439 626 2473 ;
653 2439 778 2466 verum
798 2430 849 2467 illi
867 2431 977 2469 etiam
1001 2433 1094 2470 inter
1111 2435 1228 2472 media
1249 2437 1422 2475 miracula

340 2488 536 2535 nequitiam
555 2489 797 2528 ostendebant
815 2502 932 2538 suam,
954 2493 1179 2542 iniquitatem
1199 2504 1234 2533 et
1253 2497 1423 2536 infrtuna-

339 2559 410 2590 tam
428 2551 649 2598 cupidinem,
673 2565 780 2600 quam
808 2555 1020 2603 colligentes
1040 2569 1169 2594 manna
1192 2569 1266 2605 pra:
1295 2570 1335 2598 se
1365 2561 1419 2598 fe-

337 2613 484 2659 rebant;
522 2621 630 2662 atque
661 2626 742 2653 cum
785 2627 910 2664 parum
950 2620 1242 2666 processissent,
1294 2633 1420 2660 tursus

337 2679 626 2724 tnurmurabant,
659 2690 785 2716 rursus
800 2680 846 2717 de
865 2680 928 2717 Dei
962 2682 1152 2720 beneficiis
1180 2683 1309 2732 ingrati
1331 2697 1419 2733 que-

335 2739 519 2777 rebantur.
549 2741 640 2778 Cum
657 2752 742 2778 vero
765 2753 829 2790 per
845 2742 986 2791 singula
1019 2747 1178 2792 quotidie
1207 2756 1414 2794 pecearent,

335 2802 460 2841 beatus
480 2803 538 2840 ille
555 2804 700 2850 lugebat
717 2805 794 2852 plus
819 2817 926 2852 quain
950 2807 1000 2844 illi
1026 2816 1190 2846 mmsius.
1212 2811 1301 2848 Nam
1333 2823 1414 2849 cum

333 2866 482 2902 vitulum
503 2865 680 2911 fecerunt,
717 2867 782 2914 ipsi
803 2869 947 2916 quidem
976 2870 1149 2909 ludebant
1181 2883 1223 2912 ac
1250 2875 1414 2913 lascivie-

334 2927 434 2973 haut,
456 2928 708 2966 Mosesautem
727 2930 853 2977 Ingens
874 2941 916 2968 ac
937 2943 1095 2971 tnmrore
1121 2935 1286 2980 aﬂ‘eetns,
1303 2939 1415 2976 male-

332 2989 468 3027 dictum
489 2990 574 3026 illud
592 2991 750 3027 terribile
770 2991 836 3028 sibi
859 2993 1139 3040 imprecabatur,
1161 2997 1414 3046 nihilqueom-

333 3051 418 3087 nino
447 3051 511 3099 ipsi
527 3053 745 3100 persuadere
761 3059 914 3101 poterat,
935 3063 1003 3092 uta
1027 3058 1266 3098 miserationis
1284 3063 1413 3101 affectu

331 3113 541 3152 abstineret.
563 3115 652 3152 Cum
668 3116 775 3163 igitur
789 3118 841 3155 sic
858 3118 1009 3156 dilectos
1021 3117 1056 3156 in
1071 3121 1252 3160 deteriora
1269 3134 1414 3171 semper

331 3177 498 3224 progredi
525 3179 766 3225 constiiceret,
789 3188 924 3228 quanto
943 3183 1044 3219 illum
1066 3184 1101 3220 in
1122 3185 1261 3232 dolore,
1281 3189 1412 3235 quibus

332 3237 500 3285 lacrymis
521 3239 654 3286 jugiter
676 3250 858 3279 versatum
878 3245 1014 3292 putas?
1031 3245 1068 3282 Si
1087 3247 1184 3283 enim
1201 3259 1311 3285 unum
1331 3251 1412 3297 quis

330 3304 469 3334 tantum
488 3299 625 3336 habens
647 3302 758 3339 tilium
778 3304 900 3343 vivere
920 3307 1000 3344 sine
1027 3307 1156 3346 dolore
1179 3321 1250 3346 non
1275 3317 1408 3358 potest,

329 3370 410 3395 etnn
424 3359 522 3396 illum
537 3371 682 3408 semper
696 3364 730 3400 in
748 3365 831 3402 vitia
845 3379 996 3413 pronttm
1013 3371 1280 3417 animadvertit,
1299 3376 1408 3412 etiam

328 3421 358 3458 si
379 3421 456 3469 ipse
485 3422 653 3458 omnibus
672 3426 824 3471 nequior
841 3431 888 3464 sit
907 3441 916 3472 ;
939 3431 968 3466 is
987 3433 1046 3478 qui
1069 3440 1122 3470 tot
1151 3436 1261 3473 millia
1291 3437 1408 3475 homi-

329 3493 415 3519 nunt
434 3482 469 3519 in
489 3481 644 3518 filiorum
666 3485 793 3522 ordine
810 3487 1004 3536 locaverat,
1024 3493 1097 3530 imo
1111 3506 1196 3532 vero
1219 3499 1407 3544 pIUSquam

329 3546 421 3584 filios
440 3546 584 3583 amabat
602 3545 746 3595 (nullus
770 3549 866 3586 enim
885 3559 1000 3598 pater,
1025 3557 1118 3593 sicut
1135 3559 1210 3604 ille,
1231 3571 1313 3598 cum
1337 3563 1408 3600 tilio

327 3619 397 3645 una
419 3609 537 3654 perire
557 3609 670 3656 cupit,
683 3619 763 3646 eum
780 3612 962 3658 praecipue
985 3616 1073 3655 nihil
1091 3624 1309 3672 peccaverit)
1331 3637 1339 3666 ;
1361 3626 1404 3670 is,

326 3670 488 3718 inquam,
504 3671 563 3720 qui
581 3677 633 3708 tot
647 3671 920 3716 habebatlilios,
938 3677 1030 3712 mala
1049 3688 1234 3726 aversaris,
1253 3670 1300 3721 ac
1314 3686 1406 3723 bona

326 3733 486 3770 studiose
503 3733 670 3781 diligens,
691 3735 777 3782 quid
799 3745 924 3782 passus
941 3746 1023 3774 esse
1044 3743 1223 3785 putandus
1237 3753 1306 3789 est,
1323 3759 1404 3784 cum

327 3802 391 3829 cos
415 3803 556 3840 omnes,
575 3795 688 3833 veluti
717 3807 760 3834 ex
779 3796 933 3844 quodam
965 3800 1146 3846 condicto,
1173 3805 1216 3841 ad
1237 3808 1405 3847 vitiorum

327 3855 520 3902 praecipitia
542 3868 688 3896 currere
709 3860 910 3898 intueretur
925 3861 940 3898 ?
954 3861 1076 3910 Neque
1101 3865 1197 3902 enim
1219 3869 1284 3905 nisi
1305 3877 1404 3908 tene-

327 3913 400 3952 bris
427 3915 563 3956 oﬂ‘usus
582 3921 774 3970 animaque
791 3934 833 3961 ex
864 3924 991 3962 intimo
1020 3925 1158 3965 doloris
1179 3939 1288 3968 sensu
1311 3934 1392 3970 cali-

863 221 900 260 S.
927 222 1114 263 JOANNIS
1140 225 1457 266 CHRYSOSTMH
1483 229 1698 270 ARCHIEP.
1725 234 2081 280 CONSTANTINOP.

2464 263 2510 301 476

1518 308 1602 355 gine
1617 312 1775 384 turbata,
1789 316 1934 384 tabulas
1957 320 2001 358 de
2021 324 2178 370 manibus
2195 339 2344 378 umquam
2369 337 2512 384 abies-issi“

1518 378 1626 420 atque
1645 376 1890 416 contrivisset.
1915 381 1985 420 Sed
2015 385 2085 422 cito
2102 389 2215 428 clades
2245 376 2294 431 illa
2313 376 2417 436 sedata

1517 442 1586 472 est.
1617 437 1798 485 Quonam,
1820 453 1954 490 qumso,
1974 449 2156 488 remedio?
2173 452 2296 502 Nempe
2308 461 2390 497 enim
2409 466 2514 504 etiamsi

1517 499 1714 538 curationis
1731 502 1794 540 illo
1811 514 1944 552 genere
1967 517 2124 548 sanatmn
2142 513 2242 552 fuerit
2257 499 2386 566 vulnus,
2405 524 2464 570 ipse
2481 534 2514 564 ια.

1515 572 1598 600 men
1619 571 1698 602 erat
1717 575 1860 614 semper
1889 569 1922 605 in
1959 569 2132 615 lacrvmis.
2159 575 2276 614 Nullus
2303 582 2385 618 enim
2406 569 2465 624 fere
2481 587 2512 624 iu

1515 630 1614 662 esset
1631 626 1806 674 lapideus,
1829 631 1886 677 qtti
1904 632 1988 669 nihil
2009 641 2181 680 pateretur
2199 638 2314 684 fratres
2337 651 2367 680 et
2381 656 2510 694 cognatos

1515 695 1534 722 a
1556 689 1632 726 suis
1646 689 1814 735 interfici,
1835 699 1942 741 atque
1960 696 2006 732 ad
2024 697 2141 744 viginti
2163 701 2260 742 trium
2276 704 2404 747 millium
2418 689 2510 750 nume.

1515 761 1595 788 rum
1627 762 1706 790 eam
1727 756 1863 793 credem
1893 760 2054 805 progredi
2079 765 2300 810 conspiciens.
2328 767 2390 807 Nos
2413 774 2510 820 quippe

1514 825 1596 853 cum
1617 817 1750 856 liberos
1771 827 1912 858 nostros
1945 823 1977 859 in
2003 824 2118 872 aliquo
2145 839 2300 874 peccasse
2325 817 2510 879 deprellendi-

1513 889 1607 923 mus,
1626 883 1815 919 tormentis
1834 884 1976 931 quidem
2005 897 2046 923 ac
2063 887 2176 936 ﬂagris
2191 890 2266 928 illos
2279 893 2456 933 subdimus:
2473 909 2509 935 ve-

1513 951 1592 978 rum
1615 943 1648 980 id
1668 955 1740 981 non
1758 947 1836 984 sine
1850 947 1974 985 dolore
1993 949 2152 995 facimus,
2173 963 2234 990 nec
2247 955 2350 992 minus
2365 967 2449 1004 quam
2466 962 2508 1006 qui

1513 1007 1696 1052 patiuntur
1707 1008 1914 1056 afﬂigimur.

1559 1070 1595 1106 4.
1617 1069 1697 1106 Alia
1720 1072 1936 1110 tribulatione
1955 1081 1986 1111 ct
2005 1087 2142 1113 mmrore
2161 1077 2286 1126 Moyses
2303 1080 2460 1118 diuexatur.
2477 1104 2506 1111 —

1510 1132 1600 1170 Cum
1620 1145 1708 1182 ergo
1727 1142 1762 1171 et
1780 1135 1879 1172 illum
1900 1143 2062 1174 etcastra
2082 1141 2246 1178 maximus
2264 1142 2365 1180 luctus
2379 1154 2508 1190 occupas-

1510 1201 1588 1240 set,
1619 1196 1688 1232 alia
1720 1208 1846 1234 rursus
1874 1199 2037 1236 anxietas
2063 1202 2194 1248 adjecta
2213 1208 2275 1239 est.
2295 1204 2376 1240 Deus
2393 1206 2466 1241 cnim
2481 1217 2507 1244 se

1510 1270 1581 1295 non
1600 1260 1674 1306 jam
1694 1261 1764 1298 illis
1779 1263 2013 1310 parciturum,
2029 1265 2089 1301 sed
2104 1265 2417 1311 eosderelictnrum,
2431 1279 2509 1314 auge-

1511 1323 1618 1370 loque
1647 1323 1814 1361 daturum
1845 1326 1986 1362 illorum
2019 1324 2136 1362 curam
2163 1327 2356 1364 minabatur.
2385 1329 2413 1364 Id
2445 1341 2506 1366 veru

1509 1385 1597 1422 Mosi
1617 1387 1732 1422 visunt
1755 1394 1810 1424 est
1832 1389 1990 1424 omnium
2011 1390 2278 1426 acerbissimum.
2298 1391 2375 1426 Audi
2393 1402 2508 1438 namque

1507 1447 1593 1494 quid
1613 1448 1672 1485 ille
1693 1449 1736 1486 ad
1760 1449 1868 1486 Deum
1891 1451 2055 1498 loquutus
2075 1452 2119 1488 sit
2146 1465 2154 1488 :
2178 1451 2251 1488 Nisi
2269 1454 2334 1499 ipse
2350 1455 2440 1489 venias
2456 1465 2505 1488 mc-

1507 1521 1584 1546 cum
1597 1539 1607 1555 ,
1636 1522 1678 1546 ne
1707 1511 1834 1549 educas
1854 1524 1907 1548 me
1934 1513 2012 1549 hinc
2031 1512 2163 1561 (Exod.
2179 1513 2234 1550 55.
2254 1512 2326 1563 lii).
2347 1514 2469 1553 VideSue
2481 1521 2505 1549 ut

1508 1571 1698 1609 timoribus
1728 1573 1890 1620 timores,
1922 1586 2161 1623 tumrorcsque
2189 1576 2380 1613 mmroribus
2401 1586 2506 1622 semper

1506 1635 1778 1672 successerint?
1809 1636 1932 1684 Neque
1961 1644 2078 1675 tamen
2107 1638 2267 1676 hactenus
2291 1644 2438 1675 steterunt
2459 1637 2504 1674 ad-

1506 1707 1608 1733 versa
1625 1726 1635 1742 ,
1657 1708 1780 1734 verum
1801 1709 1882 1736 cum
1904 1699 1937 1736 id
1958 1711 2098 1748 quoque
2126 1701 2343 1748 persuasiSset
2359 1701 2437 1744 Deo,
2459 1711 2504 1736 au-

1505 1760 1715 1808 nuissetqne
1745 1762 1806 1800 ille
1835 1763 2060 1808 clementius,
2085 1775 2126 1802 ac
2155 1765 2356 1812 praestitisset
2379 1763 2504 1811 gratiam,

1503 1823 1584 1860 aliis
1604 1835 1728 1862 rursus
1748 1825 1932 1864 doloribus
1949 1828 2128 1876 afﬂigitur.
2150 1829 2253 1864 Deum
2269 1827 2334 1874 jam
2356 1826 2505 1874 pmpitium

1503 1885 1554 1921 illi
1575 1887 1782 1934 irritantes,
1814 1899 1894 1928 sese
1924 1891 2072 1928 summis
2103 1890 2343 1928 calamitatibus
2367 1899 2504 1936 exposue-

1502 1953 1611 1984 runt:
1633 1960 1715 1986 nam
1736 1957 1817 1998 post
1831 1951 1964 1990 caedem
1985 1953 2080 1990 illam
2097 1953 2354 2002 lacrymabilem,
2369 1952 2407 1988 ita
2421 1952 2504 1989 Deum

1501 2021 1628 2048 rttrsus
1647 2012 1886 2058 offenderunt,
1909 2022 1945 2051 ut
1962 2021 2084 2052 contra
2105 2026 2142 2052 se
2159 2015 2342 2052 incendium
2361 2013 2430 2050 illud
2446 2023 2504 2060 pro«

1502 2080 1688 2118 vocarent,
1712 2086 1755 2112 ex
1785 2087 1856 2124 quo
1886 2088 2011 2115 omnes
2041 2079 2112 2115 fere
2139 2069 2323 2124 consumpti
2342 2077 2503 2124 periissem,

1501 2134 1567 2170 nisi
1586 2144 1726 2173 sunnna
1743 2148 1826 2186 erga
1856 2139 1934 2176 illos
1957 2139 2142 2176 clementia
2169 2151 2245 2176 usus
2258 2146 2339 2176 esset
2357 2140 2377 2174 '.
2403 2137 2502 2174 Mosetll

1498 2206 1586 2232 vero
1604 2197 1738 2244 dule
1759 2210 1903 2248 semper
1923 2203 2090 2239 mcestitia
2119 2203 2281 2250 angebat,
2301 2201 2382 2248 quod
2399 2207 2427 2236 et
2445 2199 2504 2235 illos

1498 2261 1632 2308 perire,
1655 2269 1690 2300 et
1709 2264 1868 2312 reliquos
1887 2266 2017 2312 corrigi
2036 2267 2140 2311 nolle,
2163 2266 2307 2312 nihilque
2328 2275 2365 2300 ex
2385 2271 2504 2310 pereun-

1499 2323 1586 2359 tium
1602 2325 1745 2362 casibus
1764 2327 1893 2364 lucrari
1912 2329 2147 2375 conspiceret.
2161 2328 2306 2364 Necdum
2321 2327 2400 2363 enim
2413 2323 2504 2360 clades

1497 2383 1554 2420 illa
1576 2384 1682 2422 linem
1702 2396 1904 2435 acceperat,
1922 2400 2003 2426 cum
2025 2391 2046 2426 ii
2065 2391 2122 2437 qui
2143 2389 2259 2437 reliqui
2277 2388 2403 2428 fuerant,
2421 2395 2503 2430 cepa-

1495 2457 1574 2484 rum
1595 2459 1789 2494 memores,
1807 2452 1908 2488 datas
1927 2453 1993 2490 sibi
2021 2463 2120 2490 escas
2139 2463 2228 2500 :rgre
2255 2451 2389 2488 ferebant
2405 2447 2504 2482 dicen-

1494 2516 1548 2546 tes
1577 2523 1586 2546 :
1619 2512 1703 2557 Quis
1734 2525 1796 2550 nos
1830 2515 1952 2551 cibabit
1983 2516 2168 2552 carnibus?
2196 2514 2396 2551 Recordemur
2419 2509 2503 2556 pism

1493 2584 1578 2620 quos
1605 2575 1638 2611 in
1661 2575 1816 2624 lEgyplo
1847 2579 2120 2621 tomcdebamus,
2149 2585 2380 2621 cucumercsqtte
2405 2579 2430 2608 et
2456 2582 2501 2616 με’

1493 2647 1598 2682 pones
1627 2644 1658 2673 et
1679 2651 1800 2684 porros
1824 2647 1856 2676 et
1885 2653 1986 2689 cepas
2009 2649 2038 2678 et
2058 2642 2152 2678 allia.
2185 2640 2281 2676 Nunc
2305 2643 2398 2672 autem
2415 2633 2502 2669 [mima

1493 2705 1611 2734 nostra
1627 2701 1762 2745 arescit,
1780 2702 1932 2748 nihili/tte
1949 2704 2040 2739 oculi
2053 2704 2157 2740 nostri
2169 2703 2326 2738 intuentur
2337 2697 2394 2734 nisi
2407 2703 2502 2730 mam"!

1495 2759 1622 2806 (Num.
1645 2762 1703 2798 Η.
1725 2763 1777 2810 5).
1803 2763 1866 2800 llic
1883 2765 1958 2812 jam
1981 2777 2050 2802 non
2074 2765 2149 2802 tulit
2166 2765 2310 2811 ingratos
2325 2760 2434 2801 Muses.
2449 2756 2502 2791 ί¹¹¹⁰

1490 2833 1577 2859 vero
1598 2824 1725 2862 dolore
1745 2834 1938 2874 superatus
1958 2829 2096 2866 illormn
2114 2828 2264 2876 regimen
2285 2827 2406 2861 recusat
2421 2849 2428 2864 ν
2443 2827 2500 2854 "’0‘

1489 2886 1593 2933 rique
1611 2895 1708 2933 optat
1730 2890 1848 2936 potius
1869 2903 1976 2938 quam
1997 2892 2030 2928 in
2053 2899 2145 2933 tanta
2167 2887 2381 2926 amaritudine
2397 2882 2498 2918 vivere.

1487 2947 1582 2984 Audi
1609 2949 1764 2997 denique
1795 2952 1908 2998 ipsius
1930 2953 2036 2990 verba
2057 2965 2065 2989 :
2089 2953 2132 2989 Et
2151 2952 2251 2995 dixit,
2280 2947 2398 2996 inquit,
2417 2942 2503 2979 M05"

1487 3011 1534 3046 ml
1553 3011 1664 3048 Deum
1687 3024 1698 3048 :
1721 3015 1836 3058 Quare
1855 3017 2004 3064 afﬂixiin
2023 3028 2152 3052 seri-um
2172 3023 2274 3056 tuum,
2293 3019 2320 3048 et
2337 3017 2427 3057 quare
2450 3014 2499 3068 uoti

1487 3075 1600 3111 inveni
1614 3077 1762 3123 gratiam
1781 3088 1896 3113 coram
1913 3085 1957 3124 te,
1975 3086 2009 3115 ut
2029 3080 2212 3125 imponeres
2228 3077 2372 3122 impetum
2388 3074 2500 3106 autem!

1487 3138 1607 3182 papuli
1634 3139 1738 3184 Imjus
1768 3150 1872 3186 super
1901 3153 1953 3177 me
1965 3143 1982 3178 ?
2002 3141 2094 3177 Num
2113 3151 2170 3188 ego
2188 3140 2221 3175 in
2241 3144 2326 3173 utero
2341 3137 2501 3197 σεειριέπῗι·

1485 3211 1562 3236 item
1587 3201 1752 3247 populum
1775 3203 1878 3238 istum
1893 3232 1902 3247 ,
1923 3211 1983 3240 aut
2007 3205 2107 3252 genui
2123 3215 2212 3244 eum,
2235 3200 2309 3245 quin
2331 3195 2402 3233 mihi
2424 3191 2498 3257 dicit,

1485 3262 1610 3308 Accipe
1639 3264 1738 3300 illum
1757 3265 1793 3300 iu
1819 3265 1897 3301 sinu
1928 3272 2008 3308 tuo,
2039 3266 2139 3303 veluti
2162 3264 2272 3300 muria:
2289 3261 2457 3296 iactentur,
2474 3260 2500 3284 tn

1485 3330 1610 3360 terram
1629 3336 1728 3370 quam
1741 3326 1859 3373 juravi
1877 3329 2032 3373 patribus
2049 3326 2188 3364 eorum?
2209 3323 2300 3361 Unde
2313 3318 2384 3356 milii
2397 3322 2502 3383 cupiet,

1483 3392 1520 3421 ut
1537 3387 1612 3421 dem
1631 3387 1725 3422 omni
1742 3388 1870 3434 populo
1887 3389 1956 3433 isti,
1974 3391 2054 3437 quia
2069 3391 2150 3437 [teut
2167 3387 2332 3422 adversum
2349 3390 2393 3416 me
2408 3378 2484 3413 dice"

1483 3457 1532 3486 tes
1547 3461 1560 3486 :
1579 3450 1633 3486 Da
1651 3450 1748 3488 nobis
1768 3463 1887 3489 carnes
1909 3460 1944 3489 ut
1963 3451 2204 3490 comedamus?
2224 3449 2298 3485 Non
2315 3451 2416 3492 Ροιεΐο
2433 3438 2501 3485 [me

1484 3513 1648 3560 populum
1669 3515 1772 3550 istum
1800 3515 1912 3560 solus,
1941 3516 2100 3562 quoniam
2119 3524 2217 3562 grare
2235 3509 2312 3546 mitti
2333 3511 2376 3542 est
2393 3499 2500 3564 uerbum

1482 3575 1558 3612 hoc.
1581 3576 1682 3620 Quod
1703 3579 1732 3614 si
1753 3590 1820 3615 non
1841 3579 1888 3615 ita
1909 3580 1994 3627 facis
2011 3579 2106 3621 milii,
2128 3576 2270 3617 obsecro,
2291 3569 2392 3607 occide
2409 3569 2499 3630 vitex-5|

1481 3639 1593 3675 iuveni
1621 3642 1767 3687 gratiam
1791 3623 1915 3678 τοναιη⁷
1933 3649 1965 3678 te
1989 3641 2115 3686 (Num.
2136 3641 2191 3676 ll.
2213 3632 2344 3680 1145)·
2373 3630 2430 3695 lii"
2451 3623 2500 3695 illi

1481 3700 1651 3748 loquutus
1671 3710 1749 3748 est,
1778 3705 1838 3751 qui
1859 3704 2002 3740 dixerat
2022 3715 2030 3738 :
2053 3702 2096 3738 Et
2115 3711 2202 3737 nunc
2219 3694 2370 3742 siquidem
2387 3689 2500 3752 diuiti!“

1481 3763 1528 3798 eis
1559 3773 1758 3810 peccatum,
1781 3767 1911 3802 dimitte
1931 3777 1942 3802 :
1961 3767 2012 3801 sin
2043 3771 2174 3807 autem,
2205 3760 2275 3796 dcte
2301 3765 2349 3792 me
2375 3752 2411 3788 de
2434 3745 2499 3784 Ιίθνθ

1481 3835 1580 3869 quem
1599 3828 1767 3874 scripsisti
1797 3828 1938 3875 (Exod.
1965 3827 2022 3864 52.
2052 3826 2118 3874 52)
2137 3838 2144 3861 :
2163 3823 2250 3860 adeo
2278 3819 2368 3855 illtun
2394 3817 2504 3851 mwrol‘

1524 3903 1534 3922 ί
1559 3903 1606 3948 sic
1623 3905 1715 3938 savii.
1736 3906 1766 3939 in
1782 3907 1947 3947 margine;
1965 3907 1996 3939 in
2017 3903 2154 3948 reliquis
2168 3902 2234 3934 iltBL'
2252 3892 2354 3947 tofm:
2370 3893 2502 3920 "'s""“"

1478 3948 1572 3988 esset,
1587 3945 1718 3982 desunt.
