2726 4358
215 274 282 310 477

215 348 498 396 perturbaverat.
518 345 617 392 Quod
638 351 674 382 et
693 351 856 390 parentes
875 352 970 388 stupe
989 341 1182 388 patiuntur,
1199 349 1279 376 eum

215 410 258 446 iis
278 409 504 456 indignantur
523 417 602 453 qua:
619 416 638 441 a
661 405 740 440 ﬁliis
757 404 858 441 ﬁunt.
879 402 966 439 Nam
991 401 1084 448 quod
1103 409 1167 436 nec
1185 405 1283 446 post-

215 480 257 506 ea
292 479 458 516 umquam
483 467 628 504 desierit
668 466 809 502 illorum
837 464 1018 507 misereri,
1041 463 1150 509 liquet
1178 471 1221 497 ex
1241 461 1283 496 iis

220 542 298 580 quae
318 537 438 578 postea
467 530 590 577 gessit.
611 528 700 566 Cum
721 527 818 565 enim
850 527 948 562 illum
969 530 1048 572 post
1068 523 1198 560 missos
1217 533 1282 560 ex-

221 594 418 640 ploratores
453 591 617 628 occidere
649 594 850 632 tentarent,
886 590 1074 634 ipsumque
1104 584 1282 632 lapidibus

215 656 382 696 obruere,
401 652 572 699 effugiens
591 651 733 688 illorum
751 659 891 692 manus,
908 657 1034 684 rursus
1049 645 1091 682 ad
1107 645 1280 682 orandum

216 727 280 763 pro
297 717 350 753 eis
366 714 660 756 convertebatur,
683 713 864 758 Deumque
885 710 953 765 illis
972 708 1164 756 propitium
1187 706 1280 749 ﬁeri,
1309 741 1313 744 .

214 779 274 826 qui
295 789 335 816 se
361 787 490 815 necare
518 775 710 823 cupiebant
725 803 734 819 ,
758 773 970 822 precabatur
991 784 998 807 :
1020 771 1110 807 adeo
1139 778 1282 816 quoque

216 841 367 877 naturali
389 849 512 876 amore
533 838 778 876 vehementior
805 837 854 873 illi
885 836 1000 872 inerat
1027 833 1188 870 aﬁ'ectus.
1211 831 1280 868 Ita-

215 913 284 949 que
301 901 589 948 exploratoribus
610 899 774 942 mortuis,
796 907 837 934 ac
857 895 1009 943 ingentis
1027 893 1142 930 adhuc
1167 891 1283 928 luctus

217 963 369 1000 necdum
398 962 485 998 hora
517 961 720 1008 praeterita,
743 967 866 995 rursus
899 957 948 993 illi
977 955 1065 992 alias
1091 953 1283 991 nectebant

216 1024 384 1060 niieroris
401 1033 541 1060 causas.
563 1022 684 1058 Primo
700 1020 795 1057 eniin
815 1029 973 1066 pugnare
994 1015 1196 1064 prohibenti
1211 1025 1281 1052 non

216 1083 569 1131 obtemperaverunt,
584 1081 742 1119 secundo
757 1081 802 1117 ab
814 1079 1022 1116 Amalecitis
1033 1077 1167 1116 concisi
1183 1082 1280 1121 sunt,

215 1152 251 1183 et
270 1154 354 1183 ante
379 1145 509 1182 bellum
531 1143 624 1181 islud
643 1149 678 1180 et
706 1143 788 1180 bilis
809 1148 844 1179 et
873 1141 964 1188 gulae
993 1150 1099 1177 causa
1128 1139 1283 1176 maxime

215 1207 418 1254 consumpti
435 1214 529 1244 sunt.
549 1205 642 1242 Nam
662 1205 799 1249 accidit,
816 1203 944 1250 inquit,
965 1202 1130 1248 plurimos
1151 1211 1280 1242 eorum,

215 1283 292 1308 cunt
311 1271 424 1306 adhuc
455 1281 531 1305 esca
561 1274 646 1305 esset
674 1269 710 1303 in
739 1277 797 1303 ore
825 1277 941 1302 eorum
969 1263 1094 1313 (Psal.
1115 1263 1174 1298 77.
1194 1261 1280 1308 50).

217 1333 352 1379 Ingenti
378 1337 495 1367 autem
520 1332 586 1366 hac
613 1329 752 1364 illorum
774 1327 872 1363 cmde
890 1327 1046 1371 inspecta
1062 1353 1071 1369 ,
1092 1333 1172 1360 cum
1194 1333 1281 1358 nee-

215 1395 299 1432 diiiii
322 1395 378 1430 hic
395 1393 498 1430 dolor
515 1391 721 1440 quievissel,
740 1389 811 1426 alio
828 1398 952 1425 rursus
973 1387 1150 1424 invaditur
1168 1386 1279 1430 luctu,

215 1465 382 1504 tantaque
413 1456 627 1493 necessitate
660 1452 874 1490 constrictus
901 1457 978 1492 est.
1001 1455 1040 1486 ut
1068 1450 1154 1486 istos
1185 1449 1281 1495 ipsos

215 1526 285 1555 tam
306 1518 455 1554 dilectos
481 1522 586 1562 atque
619 1514 858 1550 amatissimos
886 1522 980 1548 novo
999 1511 1118 1558 aliquo
1135 1521 1176 1546 ac
1197 1520 1280 1557 per-

214 1579 337 1626 egrino
358 1579 482 1614 mortis
511 1587 642 1624 genere
661 1576 769 1612 vitam
791 1574 894 1610 linire
915 1579 1134 1620 precaretur.
1154 1571 1204 1608 ita
1222 1570 1282 1607 alii

214 1640 358 1688 quidam
385 1643 596 1685 erumpente
614 1637 694 1684 igne
721 1641 871 1682 repente
898 1633 1064 1671 incendio
1081 1632 1280 1679 conﬂagra-

214 1709 367 1745 verunt,
389 1701 447 1737 alii
469 1708 574 1737 terra:
599 1699 697 1735 hiatu
717 1697 877 1744 absorpti
905 1703 1013 1732 sunt:
1034 1705 1148 1742 neque
1178 1695 1280 1742 pauci

214 1763 374 1810 aliquot,
395 1761 457 1799 sed
477 1761 576 1808 plura
596 1771 701 1808 quam
723 1759 926 1806 quindecim
957 1757 1140 1794 hominum
1169 1755 1280 1792 millia

213 1825 281 1862 ista
301 1825 394 1871 passi
415 1830 511 1860 sunt.
534 1823 610 1860 lloc
629 1826 773 1868 peracto
787 1849 796 1864 ,
817 1831 886 1866 quo
912 1819 1032 1855 animo
1053 1819 1194 1854 illorum
1216 1827 1279 1853 co—

212 1893 338 1934 gnatos
366 1891 402 1922 et
427 1885 561 1921 amicos
579 1883 770 1920 adversum
789 1881 924 1918 Mosem
945 1879 1055 1916 fuisse
1082 1877 1278 1926 putandum

212 1948 292 1984 est?
319 1957 390 1995 quo
421 1946 506 1983 item
525 1945 658 1982 illosem
680 1944 795 1990 ipsum
819 1953 899 1979 cum
929 1947 1094 1978 cerneret
1123 1940 1279 1988 pupillos

213 2009 304 2046 filios
321 2015 356 2046 et
375 2017 504 2044 uxores
526 2006 650 2043 viduas
669 2016 710 2042 ex
733 2015 774 2042 ea
795 2003 998 2040 calamitate
1018 2001 1095 2038 ﬁeri
1116 2002 1277 2045 videret;

211 2071 294 2108 item
317 2071 463 2107 fratrem
482 2080 586 2106 suum
606 2079 648 2104 ac
667 2077 827 2104 sororem
846 2065 918 2101 vita
935 2063 1148 2107 excessisse,
1166 2063 1280 2100 illius-

211 2143 281 2181 que
300 2133 391 2169 ﬁlios
413 2130 717 2180 praevaricationis
732 2129 883 2176 alicujus
903 2137 1010 2164 causa
1029 2127 1122 2174 ignis
1139 2127 1280 2162 ustione

211 2195 386 2242 periisse?
409 2194 543 2230 llorum
565 2202 653 2228 sane
678 2191 816 2238 singula
835 2189 924 2226 nihil
945 2189 1052 2226 etiam
1069 2195 1172 2224 antea
1194 2197 1278 2233 per-

212 2267 354 2303 pessum
381 2255 540 2292 animum
569 2253 714 2290 afﬁcere
741 2252 868 2289 dolore
897 2250 1120 2298 potuissent,
1150 2248 1279 2284 ncdnni

214 2325 265 2356 tot
279 2319 351 2366 jam
373 2319 477 2355 malis
503 2317 712 2354 exercitum.
737 2315 784 2352 Ut
809 2321 928 2352 autem
949 2313 1152 2350 Cliananaeo
1171 2321 1280 2358 supe-

212 2390 289 2419 rato
307 2383 453 2430 longum
471 2381 539 2418 iter
557 2379 750 2418 circumire
767 2379 1002 2426 cogebantur,
1021 2385 1164 2412 ruisum
1183 2385 1280 2410 mur-

213 2455 398 2482 muravcre
412 2443 542 2488 Judmi,
559 2451 775 2488 rursumque
791 2440 941 2486 periere,
959 2448 1030 2474 non
1046 2437 1120 2484 jam
1135 2435 1279 2483 quidem

213 2507 347 2544 morbis
366 2511 404 2542 ut
422 2506 536 2553 prius,
555 2515 625 2542 non
643 2504 724 2552 igne
742 2510 804 2539 aut
823 2503 921 2538 hiatu
942 2507 1046 2538 terrm
1059 2527 1070 2544 ,
1089 2499 1152 2536 sed
1171 2507 1281 2534 vene-

215 2576 377 2606 natorum
398 2568 620 2614 serpentium
648 2566 851 2610 morsibus,
883 2563 943 2612 qui
971 2563 1130 2610 profecto
1155 2570 1281 2598 omnes

215 2631 476 2678 perdidissent,
498 2630 565 2667 nisi
595 2639 720 2668 rursus
745 2628 922 2666 accedens
949 2626 994 2664 ad
1022 2626 1134 2662 Deum
1165 2624 1282 2661 Moses

215 2693 380 2739 precibus
397 2693 472 2730 suis
488 2692 567 2739 ejus
587 2691 775 2728 avertisset
794 2691 897 2728 iram.
918 2689 1047 2726 Postea
1067 2698 1152 2724 vero
1173 2696 1281 2734 quam

215 2767 257 2792 ex
291 2755 357 2792 hac
387 2761 486 2802 peste
521 2753 662 2792 liberati
695 2759 778 2790 sunt
811 2753 971 2799 vatisque
1004 2751 1282 2797 imprecatioues

215 2817 436 2864 eﬂ‘ugeruiit,
465 2827 608 2854 rursum
629 2816 768 2864 seipsos
799 2825 863 2862 per
881 2813 1075 2852 durissima
1103 2818 1283 2861 prmrupta

213 2879 391 2926 iecerunt,
413 2885 520 2926 atque
540 2884 621 2926 post
639 2877 908 2914 benedictiones
925 2876 1086 2920 Balaam,
1107 2875 1180 2912 imo
1196 2885 1284 2912 vero

218 2941 280 2978 Dei
299 2941 431 2988 (neque
450 2940 546 2977 enim
565 2939 661 2976 illius
677 2938 868 2974 voluntatis
893 2948 934 2974 ea
957 2937 1064 2974 verba
1084 2937 1195 2980 fuere,
1219 2935 1283 2972 sed

218 3003 394 3040 moventis
411 3013 451 3040 se
465 3003 575 3040 divini
594 3001 750 3049 afﬂatus)
773 3000 936 3037 fornicati
954 3005 1039 3036 sunt
1055 3010 1136 3037 cum
1156 2997 1284 3035 alieni-

218 3075 388 3111 genarum
407 3065 560 3109 ﬁliabus,
581 3071 618 3102 et
638 3063 765 3101 initiati
787 3069 870 3099 sunt
887 3063 1123 3110 Bcelphcgor.
1146 3063 1193 3098 At
1210 3060 1285 3098 Mo-

219 3135 277 3162 ses
310 3127 514 3174 liujnsmodi
547 3128 664 3164 scelus
694 3125 1015 3173 confusionemque
1044 3136 1115 3162 non
1148 3125 1283 3168 ferens,

221 3197 284 3225 eos
313 3201 436 3228 rursus
465 3201 503 3229 se
532 3192 684 3229 invicem
717 3189 907 3227 concidere
937 3200 980 3227 ac
1007 3199 1138 3228 necare
1162 3189 1283 3236 jussit,

222 3250 421 3297 lnterﬁcite,
442 3253 620 3300 inquiens,
639 3253 870 3300 unusquisque
887 3253 1078 3300 proximum
1096 3263 1208 3296 suum,
1227 3251 1286 3300 qui

221 3313 374 3348 initiatus
388 3320 436 3350 est
450 3314 658 3364 Beelpliegor
675 3315 802 3363 (Num.
814 3316 875 3352 25.
889 3315 925 3359 5)
941 3327 949 3351 :
967 3325 1037 3352 nou
1056 3324 1162 3352 secus
1178 3324 1285 3362 quam

222 3374 258 3410 in
280 3374 446 3420 vulnere,
465 3377 558 3423 quod
589 3378 750 3425 plurimis
777 3377 996 3414 sectionibus
1015 3377 1287 3424 ustionibusque

222 3435 399 3482 susceptis
416 3437 505 3473 nihil
523 3439 648 3476 melius
668 3437 855 3481 habuerit,
875 3438 1004 3485 aliquis
1017 3437 1141 3484 jubeat
1158 3447 1287 3475 rursus

222 3497 317 3544 quod
345 3497 520 3544 reliquum
541 3505 596 3536 est
619 3509 742 3537 secare
762 3505 870 3546 atque
897 3509 1014 3536 urere.
1035 3498 1212 3536 Cznterum
1234 3505 1285 3544 tu,

222 3570 303 3596 cum
322 3559 387 3596 has
406 3559 632 3598 difﬁcultates
659 3561 785 3606 audis,
815 3561 888 3598 noli
907 3568 1032 3608 putare
1053 3562 1119 3599 ista
1149 3567 1286 3599 tantum

221 3621 431 3668 contigisse,
459 3621 633 3668 siquidem
650 3631 686 3660 et
706 3624 782 3671 ipse
801 3634 848 3661 ex
871 3623 928 3660 his
945 3633 1024 3671 qua:
1049 3624 1179 3672 scripta
1203 3631 1289 3663 sunt

223 3695 294 3721 non
315 3695 426 3732 pauca
446 3693 622 3732 praetereo
635 3714 646 3732 ,
665 3693 750 3734 puta
770 3688 862 3725 bella
876 3687 1137 3733 {inimicorum
1165 3688 1287 3726 obsta-

222 3747 316 3792 cula,
338 3748 542 3796 longissima
563 3749 711 3794 itinera,
733 3750 868 3788 sororis
885 3751 1163 3798 contumeliam,
1190 3752 1286 3800 ejus-

221 3809 303 3846 dem
321 3820 458 3858 pmnas,
471 3811 599 3859 quibus
613 3811 823 3849 mitissimus
837 3813 897 3850 ille
907 3812 1023 3850 Moses
1037 3820 1121 3851 tunc
1135 3815 1289 3852 maxime

221 3872 388 3910 indoluit.
409 3873 482 3911 Sed
507 3885 548 3912 ea
576 3880 696 3912 tamen
723 3875 843 3913 omnia
864 3875 894 3912 si
915 3876 996 3924 quis
1015 3875 1288 3925 diligentissime

222 3935 257 3972 in
279 3946 388 3973 unum
408 3943 590 3986 congerat,
609 3946 656 3974 ne
677 3937 902 3975 millesimam
919 3938 1060 3986 quidem
1080 3946 1218 3987 partem
1239 3953 1280 3978 ex

772 269 832 305 AD
859 265 1106 305 STAGIRIUM
1132 266 1158 301 Α
1189 263 1393 301 ΒΑΣΜΟΝΕ
1420 262 1657 300 VEXATUM.
1687 261 1772 298 LIB.
1801 261 1858 299 lli.

2355 261 2422 298 ἅτε

1357 339 1400 376 iis
1421 349 1498 386 qua:
1529 339 1755 386 contigerunt
1781 337 1951 384 scriptam
1985 337 2092 374 fuisse
2120 342 2232 384 putet.
2263 335 2300 374 Si
2326 337 2421 373 enim

1355 411 1415 447 qui
1443 401 1476 436 in
1509 411 1576 436 una
1605 400 1713 436 domo
1740 399 1863 446 paucis
1892 406 2022 446 praeest
2049 400 2186 442 servis,
2217 397 2423 435 innumeras

1355 461 1513 509 quotidie
1528 467 1565 496 et
1582 461 1819 497 irritationum
1839 467 1874 497 et
1892 461 2058 498 mmmris
2075 461 2284 497 occasiones
2301 459 2422 501 habet,

1354 523 1412 569 qui
1443 529 1495 558 tot
1526 523 1682 558 millibus
1711 523 1944 570 quadraginta
1967 523 2070 560 annis
2102 533 2258 570 prreesse
2278 529 2423 559 coaetus

1352 592 1431 630 est,
1455 585 1560 632 idque
1589 586 1623 620 in
1654 585 1810 628 deserto,
1842 585 1902 621 ubi
1935 595 2051 632 neque
2083 595 2156 629 aer,
2189 595 2304 631 neque
2332 595 2422 631 aqua

1353 653 1445 690 erat,
1465 653 1551 694 quot
1581 647 1722 694 negotia
1741 646 1890 693 singulis
1917 645 2044 682 diebus
2071 645 2172 682 obire
2199 644 2423 692 cogebatur?

1353 715 1440 756 quot
1465 719 1582 752 curas,
1602 715 1688 755 quot
1707 719 1896 753 mterores,
1921 714 1958 744 et
1975 708 2174 745 viventibus
2194 708 2277 750 illis,
2300 715 2336 744 et
2352 708 2424 744 vita

1353 770 1509 806 functis?
1527 769 1621 806 Vidit
1635 771 1730 807 enim
1746 781 1886 814 omnes,
1901 779 1990 816 quos
2004 779 2046 806 ex
2059 769 2215 816 Egypto
2229 769 2423 812 eduxerat,

1353 839 1537 876 mortuos,
1570 839 1701 879 preter
1727 832 1818 868 duos
1845 832 1942 868 viros
1967 831 2082 868 solum
2105 844 2113 868 :
2133 820 2266 878 eosqde
2291 833 2350 877 qui
2380 841 2423 865 ex

1354 895 1426 932 illis
1446 895 1518 931 nati
1542 894 1680 930 fuerant
1710 895 1837 941 dignus
1865 894 2010 930 liabilus
2041 905 2111 930 non
2143 901 2198 930 est
2227 893 2262 929 in
2292 899 2422 929 terram

1353 956 1645 1004 repromissiOais
1679 955 1923 992 introducere.
1955 953 2132 992 Cinterum
2162 955 2251 991 vidit
2279 955 2422 1001 quidem

1353 1030 1432 1056 eam
1464 1025 1594 1056 terram
1624 1029 1666 1054 ex
1696 1019 1828 1056 vertice
1857 1019 1990 1055 montis
2021 1017 2158 1063 Naliau,
2189 1025 2425 1064 naturamque

1354 1083 1450 1120 illius
1484 1083 1618 1128 optime
1651 1082 1798 1125 didicit,
1829 1081 1897 1118 frui
1928 1089 2047 1119 autem
2082 1083 2140 1118 illa
2169 1093 2250 1119 cum
2279 1083 2426 1130 reliquis

1355 1145 1524 1182 lsraeiitis
1547 1146 1744 1192 permissus
1763 1155 1833 1181 non
1851 1149 1920 1188 est,
1938 1145 2000 1181 sed
2018 1152 2118 1181 extra
2139 1155 2216 1181 eam
2237 1146 2368 1182 mansit
2384 1155 2426 1182 ac

1354 1212 1518 1242 mortuus
1545 1212 1599 1242 est
1618 1217 1627 1250 ;
1658 1205 1764 1252 idque
1791 1206 1867 1252 ipse
1890 1206 2058 1242 lsraelitis
2079 1217 2306 1252 conquerens
2325 1207 2423 1243 diee-

1353 1267 1414 1304 bat
1435 1280 1443 1304 :
1461 1267 1506 1303 Et
1523 1266 1691 1304 Dominus
1708 1267 1802 1304 Deus
1819 1268 1928 1304 iratus
1947 1273 1994 1303 est
2019 1267 2101 1302 milii
2119 1267 2160 1302 de
2178 1267 2218 1304 iis
2237 1278 2313 1312 qua:
2331 1267 2424 1303 dice-

1353 1330 1476 1366 bantur
1493 1341 1513 1366 a
1532 1331 1622 1366 vobis
1637 1359 1646 1374 ,
1667 1331 1866 1378 jurauitque
1885 1337 1923 1366 ut
1953 1342 2020 1367 non
2048 1340 2216 1366 transeam
2235 1330 2426 1366 Jordanent

1352 1391 1477 1436 istum,
1501 1403 1562 1428 nec
1593 1392 1765 1440 ingrediar
1793 1393 1826 1428 in
1851 1398 1974 1428 terram
1991 1420 2001 1436 ,
2025 1403 2128 1440 quam
2147 1391 2314 1427 Dominus
2332 1391 2426 1427 Deus

1353 1455 1410 1490 dat
1429 1455 1488 1490 tibi
1507 1455 1541 1491 in
1569 1461 1672 1492 sorte.
1702 1455 1777 1502 Ego
1805 1455 1893 1490 enim
1915 1455 2042 1490 morior
2073 1455 2108 1490 in
2139 1455 2203 1489 hac
2231 1460 2344 1497 terra,
2365 1465 2426 1490 nec

1353 1521 1487 1551 transeo
1504 1515 1694 1551 .lordanem
1714 1516 1804 1552 hunc
1820 1527 1832 1552 :
1850 1526 1907 1552 vos
1927 1521 2038 1552 autent
2059 1516 2258 1559 transibitis,
2280 1522 2310 1551 et
2325 1516 2424 1552 liere-

1354 1576 1458 1612 ditate
1479 1577 1692 1622 possidebitis
1721 1583 1845 1614 (errant
1865 1577 1954 1612 lianc
1982 1577 2146 1624 optimam
2167 1577 2294 1624 (Deut.
2311 1577 2346 1612 4.
2363 1576 2424 1612 2|.

1353 1637 1414 1685 ‘22)
1425 1663 1433 1672 .
1449 1637 1621 1684 Quodque
1635 1637 1793 1674 omnium
1810 1644 1888 1675 erat
1902 1638 2191 1683 acerbissimum,
2205 1649 2286 1675 cum
2301 1638 2426 1675 dolore

1353 1699 1468 1746 ipsum
1489 1699 1522 1734 in
1543 1699 1724 1736 infernum
1740 1699 1901 1745 deduxit,
1919 1711 1998 1736 cum
2016 1701 2064 1736 illi
2085 1700 2202 1736 futura
2217 1700 2424 1737 Judazorum

1352 1759 1444 1795 mala
1465 1759 1710 1806 prieostendit,
1733 1760 1910 1796 idolorum
1933 1761 2070 1798 scilicet
2096 1761 2230 1797 cultum
2245 1789 2254 1805 ,
2273 1761 2425 1808 captivi-

1352 1825 1476 1865 tatem,
1508 1826 1543 1856 et
1563 1821 1786 1858 calamitates
1815 1821 2038 1868 innumeras,
2067 1829 2104 1859 ut
2133 1833 2202 1860 non
2237 1823 2351 1860 solum
2380 1823 2425 1861 de

1349 1881 1462 1928 gestis
1477 1892 1556 1928 qua:
1573 1882 1723 1926 viderat,
1744 1883 1807 1920 sed
1827 1884 1934 1921 etiam
1951 1883 1995 1920 dc
2013 1884 2056 1920 iis
2073 1895 2152 1931 quze
2169 1885 2322 1922 necdum
2339 1879 2430 1922 con?

1350 1943 1505 1990 tigcrant
1518 1971 1528 1987 ,
1546 1944 1768 1992 afﬂigerctur
1783 1947 1918 1983 animo.
1949 1947 2110 1994 Denique
2131 1957 2150 1982 a
2169 1948 2284 1995 prima
2303 1949 2423 1984 statim

1349 2012 1455 2043 atate
1474 2006 1519 2043 ita
1537 2007 1661 2045 dolere
1679 2019 1720 2045 ac
1742 2019 1895 2046 moerere
1915 2009 2066 2056 incepit,
2087 2016 2125 2046 ut
2142 2021 2338 2058 numquam
2360 2011 2424 2049 dc—

1350 2069 1493 2106 sistcret
1507 2097 1517 2112 .
1539 2071 1721 2119 vitamque
1737 2083 1818 2110 cum
1839 2073 2009 2111 maestitia
2028 2074 2159 2110 liniret.

1398 2131 1434 2168 5.
1456 2131 1564 2168 Josiie
1593 2143 1766 2170 successor
1790 2133 1826 2170 Μ
1832 2135 1899 2170 osis
1915 2141 1947 2170 et
1966 2135 2039 2182 ipse
2055 2135 2262 2183 aﬂlictus.—
2275 2136 2322 2172 At
2338 2146 2424 2173 vero

1351 2203 1541 2232 successor
1559 2195 1639 2242 ejus
1659 2196 1768 2234 Josue
1783 2225 1792 2241 ,
1813 2199 1972 2234 omnium
1989 2225 1998 2242 ,
2027 2205 2065 2235 ut
2091 2199 2138 2235 ita
2167 2198 2340 2242 dixerim,
2362 2199 2426 2234 tri-

1351 2255 1458 2291 stium
1486 2266 1567 2292 cum
1596 2267 1640 2294 eo
1672 2269 1741 2294 una
1773 2259 1970 2304 periculum
1999 2259 2108 2296 fecit:
2131 2261 2161 2296 si
2191 2259 2277 2307 quid
2303 2265 2424 2297 tamen

1352 2315 1466 2358 illum,
1497 2326 1540 2352 eo
1567 2317 1662 2363 quod
1687 2317 1809 2364 junior
1837 2326 1947 2362 esset,
1977 2319 2122 2367 effugit,
2145 2320 2213 2356 hoc
2231 2331 2318 2358 sane
2344 2327 2427 2368 post

1352 2383 1508 2413 mortem
1537 2378 1630 2414 illius
1656 2380 1690 2414 in
1719 2389 1762 2415 eo
1792 2380 2008 2416 cumulatius
2037 2382 2222 2428 impletum
2249 2391 2317 2420 est.
2345 2383 2424 2420 Non

1351 2440 1469 2476 solum
1489 2445 1608 2476 autem
1635 2440 1720 2476 dum
1750 2441 1888 2478 viveret
1914 2441 2029 2478 Moses
2057 2444 2269 2480 vestimenta
2298 2445 2418 2490 scidit,

1353 2503 1584 2550 cineremque
1609 2503 1718 2550 capiti
1741 2504 1908 2550 aspersit,
1933 2504 1996 2540 sed
2021 2505 2128 2541 etiam
2150 2511 2339 2553 pestquam
2365 2507 2426 2544 ille

1353 2563 1544 2602 defunctus
1570 2571 1625 2602 est
1651 2565 1798 2610 eadem,
1819 2566 1892 2603 imo
1914 2567 2020 2614 longe
2047 2568 2184 2614 majore
2213 2570 2426 2606 necessitate

1354 2626 1389 2664 id
1419 2627 1538 2664 facere
1565 2634 1711 2664 coactus
1735 2635 1812 2672 est,
1844 2639 1915 2665 non
1942 2629 2044 2666 brevi
2074 2636 2247 2677 tempore,
2276 2630 2338 2666 sed
2367 2630 2427 2668 die

1354 2695 1427 2726 tota
1445 2700 1578 2737 pronus
1599 2689 1634 2726 in
1659 2697 1752 2733 terra
1772 2691 1909 2738 jacens.
1935 2691 2029 2728 Audi
2055 2692 2178 2738 utique
2194 2692 2299 2728 verba
2317 2693 2425 2728 etiam

1353 2752 1450 2790 illius
1475 2760 1512 2790 et
1538 2754 1700 2800 ploratus
1727 2765 1734 2789 :
1773 2752 1819 2789 Et
1845 2753 1959 2796 scidit,
1992 2754 2104 2800 inquit
2137 2753 2258 2802 (Josue
2275 2754 2310 2790 7.
2331 2753 2424 2801 6-9),

1353 2815 1455 2852 Jesus
1471 2816 1666 2852 vestimenta
1681 2827 1758 2860 sua,
1775 2815 1983 2863 prociditque
1999 2816 2033 2851 in
2048 2816 2169 2863 faciem
2185 2827 2286 2862 super
2301 2821 2427 2851 terram

1355 2888 1470 2914 coram
1497 2877 1644 2914 Domino
1675 2888 1780 2924 usque
1810 2877 1856 2912 ad
1885 2887 2079 2924 vesperam,
2110 2877 2184 2923 ipse
2214 2883 2246 2912 et
2278 2877 2427 2913 seniores

1355 2938 1481 2983 Israel,
1504 2940 1732 2986 miseruntque
1752 2939 1923 2986 pulverem
1940 2950 2043 2986 super
2061 2939 2174 2986 capita
2191 2950 2274 2985 sua,
2293 2946 2322 2976 et
2341 2939 2428 2977 dixit

1355 3003 1458 3040 Jesus
1479 3013 1491 3038 :
1515 3001 1662 3038 Obsecro
1677 3030 1686 3044 ,
1709 3001 1876 3044 Domine,
1895 3008 1932 3037 ut
1955 3001 2036 3048 quid
2065 3001 2216 3036 traduxit
2245 3012 2328 3049 puer
2351 3007 2428 3038 tutis

1357 3065 1522 3112 populum
1539 3064 1629 3107 [tunc
1645 3070 1738 3101 trans
1755 3063 1961 3108 Jordaneni,
1984 3070 2020 3099 ut
2039 3063 2189 3099 traderes
2211 3074 2287 3099 eum
2302 3063 2427 3100 Antor-

1355 3127 1449 3163 rha’o
1469 3127 1514 3162 ad
1544 3126 1752 3173 perdendum
1776 3126 1866 3162 nos?
1889 3125 2028 3162 Utinam
2047 3125 2348 3173 perinansissemus
2363 3154 2372 3171 ,
2398 3133 2428 3162 et

1357 3190 1514 3227 collocati
1541 3201 1688 3226 essemus
1703 3190 1788 3225 citra
1805 3188 2008 3225 Iordanem.
2034 3188 2075 3224 Et
2095 3188 2179 3236 quid
2197 3188 2310 3224 dicam
2331 3195 2428 3236 post-

1356 3265 1458 3302 quam
1486 3254 1584 3290 νει-ιη
1608 3252 1720 3290 Israel
1745 3259 1838 3300 terga
1864 3253 2033 3289 inimico?
2055 3252 2176 3288 Audiet
2201 3251 2428 3296 Clianantuns,

1356 3325 1388 3354 et
1407 3327 1522 3353 omnes
1541 3317 1598 3364 qui
1620 3316 1770 3352 habitant
1797 3323 1920 3352 terram
1935 3344 1944 3360 ,
1965 3321 1994 3352 et
2013 3315 2270 3352 circumdabant
2295 3327 2378 3359 nos,
2399 3320 2430 3349 et

1358 3379 1516 3417 delebant
1533 3379 1574 3415 de
1589 3386 1692 3414 terra.
1713 3378 1812 3414 Talia
1825 3385 1988 3416 orantem
2007 3377 2158 3416 audiens
2174 3379 2266 3415 Deus
2283 3386 2428 3414 causam

1358 3442 1407 3479 illi
1423 3471 1433 3488 ,
1454 3453 1520 3479 cur
1548 3442 1705 3489 superati
1738 3440 1902 3485 fuerant,
1929 3441 2070 3488 aperuit
2096 3453 2105 3476 :
2127 3452 2234 3488 quam
2262 3441 2320 3476 ille
2345 3447 2427 3474 eum

1358 3503 1557 3548 didicisset,
1579 3503 1735 3550 perdidit
1755 3513 1825 3540 una
1851 3513 1976 3540 omnes
1989 3532 2000 3548 ,
2020 3513 2090 3540 non
2109 3513 2190 3540 eum
2210 3501 2270 3548 qui
2302 3508 2430 3545 pecca-

1359 3573 1461 3605 verat
1489 3566 1630 3610 solnm,
1666 3565 1730 3603 sed
1759 3571 1932 3614 cognatos
1963 3575 2108 3612 quoque
2141 3569 2176 3600 et
2209 3561 2430 3608 propinquos

1360 3637 1576 3675 omnemque
1605 3626 1774 3664 familiam
1802 3637 1886 3664 cum
1919 3634 2087 3674 pecorum
2117 3620 2356 3660 multitudine.
2391 3619 2428 3656 Id

1359 3697 1480 3728 autem
1501 3689 1594 3726 haud
1619 3699 1746 3737 parum
1774 3689 1874 3726 illius
1901 3683 2124 3734 perturbavit
2147 3681 2320 3718 animum.
2340 3679 2428 3717 Nam

1361 3753 1390 3790 si
1407 3763 1472 3790 nos
1489 3763 1570 3790 cum
1587 3752 1724 3790 alienos
1737 3761 1879 3799 quoque
1897 3746 2016 3795 puniri
2033 3743 2229 3787 cernimus,
2247 3753 2294 3780 ne
2308 3741 2430 3780 videre

1360 3816 1506 3865 quidem
1527 3816 1735 3859 toleramus,
1757 3812 1842 3860 quid
1862 3811 1921 3847 ille
1938 3819 2008 3846 non
2029 3815 2157 3855 passus
2174 3810 2242 3848 est,
2263 3804 2323 3852 qui
2341 3815 2428 3841 con-

1362 3878 1512 3917 tribules
1529 3884 1566 3916 et
1582 3875 1846 3914 commilitones
1863 3869 1972 3908 tantis
1989 3867 2167 3905 afﬁciebat
2186 3865 2318 3904 malis?
2336 3866 2430 3912 Quid

1362 3947 1481 3978 autem
1501 3939 1779 3978 Gabaonitarum
1809 3933 1906 3970 fraus
1926 3931 2155 3978 tribuumque
2181 3935 2279 3966 trans
2313 3928 2433 3967 lonia-
