2726 4358
351 301 419 342 479

352 389 434 416 nem
466 372 704 414 habitantium
734 373 916 421 suspicio,
940 372 1024 421 quid
1053 378 1228 420 perpetua
1254 371 1433 409 bellorum

351 447 460 487 atque
481 447 681 485 pugnarum
703 435 942 474 exercitatio?
961 445 1068 482 quem
1087 435 1154 472 ista
1172 440 1306 471 statum
1324 434 1434 470 animi

350 514 422 540 non
442 499 691 538 evertissent?
721 499 797 536 Etsi
825 499 922 536 enim
943 497 1108 535 vincebat
1139 497 1273 545 jugitet‘
1287 525 1296 542 ,
1317 497 1434 534 victo-

349 565 412 602 riae
432 570 550 600 tamen
565 562 788 608 voluptatem
807 561 1028 608 reliquorum
1047 560 1222 598 bellorum
1240 570 1325 596 cura
1343 558 1434 596 otius

347 625 498 669 scabat,
527 624 754 670 sortimnque
781 621 991 660 diStrihutio
1020 629 1182 658 samntos
1211 621 1260 658 illi
1291 621 1434 658 labores

348 688 588 734 ingentesque
605 685 838 723 difﬁcultates
861 685 1036 732 pariebat.
1057 683 1196 721 Norunt
1212 683 1278 721 ista
1297 684 1357 731 qui
1377 683 1434 721 vel

348 750 537 787 minimam
559 747 798 786 substantiam
829 747 1021 790 fratribus,
1044 752 1106 783 aut
1125 746 1346 794 quibuslibet
1365 746 1432 783 ali-

345 812 452 859 cujus
482 811 680 848 heredibus
712 809 999 846 distribuendam
1031 815 1282 856 susceperunt.
1313 807 1433 845 Plebis

346 881 468 912 autem
489 873 648 921 reliquas
675 872 847 920 deinceps
875 871 1100 908 calamitates
1128 880 1196 908 nec
1223 869 1432 907 referendas

346 937 533 974 existimo.
567 935 693 984 Neque
713 935 809 972 enim
837 941 894 973 est
913 935 1086 982 propositi
1107 934 1221 971 nostri
1251 943 1433 971 aerumnas

346 999 570 1047 singulorum
601 1009 817 1044 numerare,
849 997 914 1034 sed
944 1006 1071 1035 eorum
1101 1002 1240 1034 tantum
1266 996 1327 1044 qui
1357 996 1432 1034 Deo

346 1062 541 1100 admodum
565 1062 749 1109 placuere.

395 1125 430 1162 6.
452 1125 624 1161 Samuelis
645 1123 800 1172 exemplo
818 1134 891 1160 rem
923 1122 1087 1159 illustrat.
1111 1142 1156 1148 —
1171 1120 1346 1166 Quocirca
1365 1147 1374 1164 ,
1401 1119 1433 1157 si

345 1187 510 1231 videtur,
535 1186 614 1223 lleli
651 1187 884 1228 omittamus,
903 1185 1036 1232 quippe
1055 1190 1090 1221 et
1121 1184 1150 1220 is
1191 1194 1255 1230 per
1275 1183 1432 1220 ﬁliorum

344 1252 444 1297 vitia,
462 1251 535 1288 imo
553 1261 640 1288 vero
653 1261 716 1298 per
733 1259 835 1286 suam
857 1249 1113 1296 negligentiam
1131 1247 1281 1284 offendit
1303 1247 1429 1282 Deutn.

345 1315 467 1362 Neque
486 1315 581 1351 enim
603 1313 684 1350 ideo
703 1312 798 1360 quod
828 1311 942 1348 malos
962 1310 1110 1347 haberet
1132 1309 1226 1346 ﬁlios
1257 1309 1431 1356 punieba-

345 1383 426 1420 tur,
451 1376 515 1414 sed
541 1376 624 1423 quia
643 1375 734 1412 ultra
755 1374 917 1412 debitum
939 1371 1173 1420 increpationi
1191 1377 1430 1418 pepercerat,

344 1447 380 1476 et
400 1449 482 1474 cum
513 1439 572 1473 Dei
596 1438 694 1484 leges
721 1437 958 1480 violarentur,
979 1435 1145 1472 severius
1165 1434 1201 1470 in
1222 1433 1303 1470 illos
1333 1433 1432 1470 ultus

347 1511 418 1537 non
439 1507 507 1536 est.
525 1499 637 1547 Cujus
663 1499 713 1536 rei
733 1506 768 1536 et
789 1499 866 1546 ipse
886 1497 953 1536 sibi
983 1497 1149 1534 eonscius
1164 1503 1246 1544 post
1266 1497 1431 1544 ingentes

346 1563 426 1600 illas
457 1562 573 1599 minus
591 1562 736 1600 aiebat:
758 1561 928 1598 Dominus
947 1562 1021 1609 ipse
1046 1560 1137 1608 quod
1163 1561 1288 1598 bonum
1313 1567 1362 1597 est
1393 1561 1430 1598 in

346 1625 454 1662 oculis
471 1625 540 1661 suis
559 1625 661 1674 faciet
680 1622 942 1674 (l.lleg.5.18).
957 1624 1010 1660 Eo
1022 1624 1142 1670 itaque
1157 1623 1292 1660 omisso
1307 1623 1351 1659 ad
1361 1623 1430 1660 Sa-

346 1688 500 1723 muelcnt
536 1688 735 1724 veniamus.
760 1687 793 1724 ls
807 1698 827 1724 a
845 1697 956 1734 puero
971 1687 1128 1723 ttutritus
1143 1687 1179 1723 in
1200 1686 1336 1734 templo
1357 1686 1430 1722 Deo

343 1758 490 1793 semper
510 1758 616 1784 carus
653 1754 689 1784 et
711 1749 938 1794 gratissimus
960 1747 1055 1792 fuit,
1089 1754 1258 1795 tantaque
1289 1748 1430 1784 virtutis

345 1809 473 1846 indicia
495 1819 516 1844 a
534 1810 644 1856 prima
665 1811 785 1845 statim
819 1816 926 1846 mtate
955 1809 1112 1856 prartulit
1131 1837 1141 1853 ,
1180 1817 1218 1846 ut
1235 1815 1428 1857 antequam

345 1870 391 1907 ad
412 1870 533 1906 viriles
561 1879 677 1908 annos
700 1870 871 1908 evaderet
894 1871 990 1908 inter
1019 1871 1202 1907 mirabiles
1234 1871 1430 1918 prophetas

346 1932 628 1976 inscriberetur,
652 1933 756 1980 idque
785 1943 867 1970 cum
889 1944 930 1970 ea
951 1943 1010 1970 res
1039 1940 1124 1970 tunc
1142 1933 1317 1970 defecisse
1346 1943 1428 1970 ont-

348 1995 434 2030 nino
453 1994 648 2032 videretur.
669 1995 750 2032 Non
765 1996 853 2032 enim
867 2003 952 2040 erat,
971 1996 1100 2043 inquit,
1115 1996 1196 2033 visio
1218 1997 1427 2040 discernens,

347 2064 484 2104 eratque
518 2058 654 2094 verbum
689 2059 872 2106 pretiosum
901 2059 952 2104 (l.
975 2058 1058 2106 Reg.
1081 2059 1116 2096 5.
1150 2058 1202 2106 1).
1242 2058 1307 2095 llic
1342 2068 1430 2106 ergo

345 2119 504 2165 Samuel,
527 2120 587 2167 qui
607 2126 688 2168 post
707 2121 836 2158 multas
857 2121 1033 2167 lacrymas
1065 2126 1170 2157 natus
1191 2120 1327 2166 fuerat,
1353 2121 1428 2168 pri—

347 2192 444 2218 mum
465 2181 610 2228 quidem
640 2192 720 2219 cum
745 2183 946 2220 intueretur
967 2183 1177 2231 magistrum
1198 2183 1235 2220 in
1272 2192 1426 2222 mortem

346 2243 442 2278 illam
477 2243 720 2280 miserabilem
757 2244 973 2289 devectum,
1013 2246 1060 2282 ita
1103 2245 1276 2282 confusus
1318 2254 1428 2294 atque

348 2306 511 2344 turbatus
530 2313 611 2352 est,
648 2315 687 2344 ut
720 2307 871 2345 decebat
898 2315 1038 2356 gratum
1071 2311 1299 2358 amicumque
1318 2310 1429 2348 disci-

345 2369 482 2414 pulmn.
503 2369 632 2406 Postea
667 2369 834 2408 Judaicas
852 2373 1075 2409 calamitates
1093 2372 1183 2410 flere
1215 2374 1424 2421 cogebatur.

346 2430 460 2467 Porro
479 2431 542 2468 ﬁlii
573 2433 707 2480 ipsius,
729 2443 810 2470 cum
847 2433 959 2482 iniqui
979 2441 1015 2472 et
1033 2435 1116 2472 mali
1145 2443 1268 2473 essent
1284 2465 1294 2481 ,
1317 2443 1426 2484 atque

343 2495 387 2532 ad
430 2497 571 2534 culmen
617 2497 815 2545 iniquitatis
854 2500 1124 2546 pervenissent,
1169 2505 1206 2536 ct
1241 2499 1309 2538 hoc
1347 2500 1426 2548 ipso

343 2568 500 2598 maerore
524 2561 624 2598 illum
655 2561 861 2600 efﬁciebant
878 2592 887 2606 ,
921 2563 1069 2610 etquod
1089 2565 1156 2601 sibi
1185 2565 1334 2612 prmstiti
1357 2565 1425 2602 lto.

344 2623 442 2660 noris
477 2623 628 2662 heredes
649 2635 813 2662 essenon
833 2635 992 2673 possent.
1015 2627 1198 2664 Successit
1229 2627 1311 2664 huic
1332 2638 1423 2665 mce-

345 2686 416 2722 rori
435 2714 446 2729 ,
467 2687 538 2723 imo
558 2697 644 2724 vero
676 2698 748 2725 non
781 2689 958 2726 successit
977 2717 987 2734 ,
1017 2701 1099 2726 cum
1133 2690 1230 2737 prior
1263 2691 1422 2727 nendum

343 2749 562 2795 quicvissct,
600 2750 663 2787 sed
711 2750 875 2798 adjectus
923 2757 978 2788 est
1015 2753 1138 2796 alius,
1179 2752 1423 2790 Israelitarum

347 2810 484 2848 scilicet
507 2811 741 2859 iniustissima
777 2814 917 2862 petitio.
937 2815 1013 2860 Qua
1047 2815 1080 2851 in
1111 2815 1214 2852 reita
1235 2816 1422 2861 concidit,

345 2879 384 2910 ut
413 2875 546 2922 ingenti
580 2876 826 2913 censulatione
857 2877 1046 2926 indigeret.
1069 2877 1162 2914 Audi
1189 2879 1311 2925 itaque
1336 2878 1422 2925 quid

344 2935 393 2972 illi
409 2936 543 2975 dixerit
563 2937 678 2975 Deus:
704 2938 786 2975 Non
807 2946 838 2976 le
868 2947 1077 2988 spreverunt,
1099 2941 1160 2977 sed
1177 2953 1231 2976 me
1261 2940 1420 2989 (lbid.8.

346 2999 382 3035 7.
401 3006 432 3036 et
460 3000 584 3048 seqq).
618 3000 703 3038 Post
718 3001 796 3038 hate
815 3007 935 3040 tamen
956 3003 1022 3040 istc
1039 3003 1131 3040 adeo
1147 3004 1326 3041 sollicitus
1344 3011 1424 3041 erat

345 3059 428 3105 illis,
449 3067 488 3098 ut
512 3063 650 3101 diceret
671 3075 680 3101 :
701 3063 790 3101 Milti
809 3071 923 3101 autem
951 3066 1037 3102 absit
1055 3072 1093 3101 ut
1113 3077 1261 3114 peccent,
1289 3073 1320 3103 et
1339 3067 1423 3103 ἀνείη

343 3131 436 3158 stum
451 3135 514 3170 pro
530 3126 624 3161 vobis
637 3137 741 3162 orare
761 3127 837 3175 (Ib.
855 3127 1001 3176 12-23).
1022 3129 1116 3168 Istos
1131 3131 1246 3178 igitur
1263 3132 1314 3170 ita
1329 3133 1424 3172 dile-

345 3193 424 3222 ctos
449 3197 468 3222 a
496 3198 535 3224 se
554 3198 639 3224 cum
659 3188 817 3236 opprimi
841 3191 1090 3238 conspiceret,
1112 3198 1224 3240 atque
1249 3193 1287 3230 in
1315 3195 1424 3234 bellis

345 3249 526 3294 superari,
545 3249 732 3297 Deumque
747 3258 877 3288 contra
889 3262 929 3288 se
943 3263 1148 3300 provocare
1160 3264 1270 3302 quam
1283 3255 1424 3294 sentire

346 3309 571 3356 voluptatem
594 3317 740 3358 poterat
754 3312 770 3348 ?
782 3313 960 3360 quidnam
977 3316 1156 3362 temporis
1171 3317 1313 3364 abSqnc
1331 3327 1424 3355 tutn-

345 3381 430 3408 rore
445 3377 482 3408 et
492 3371 668 3420 lacrymis
680 3375 829 3412 vivere?
843 3376 936 3414 Cum
951 3389 1040 3415 vero
1057 3378 1147 3416 Saul
1164 3381 1424 3418 constituisset

344 3445 484 3482 regem,
502 3435 634 3473 alterni
656 3437 723 3484 ipsi
744 3441 986 3488 perpetuique
1006 3443 1167 3490 gemitus
1185 3443 1419 3490 adiicieban-

345 3501 417 3532 tttr.
435 3495 602 3544 Namque
615 3507 698 3534 cum
713 3499 936 3537 sacrificium
956 3503 1016 3539 ille
1029 3509 1164 3550 praeter
1175 3503 1238 3540 Dei
1255 3504 1424 3540 volunta-

345 3561 416 3592 tem
437 3558 584 3602 obtulit,
601 3564 638 3596 et
651 3570 734 3596 cmn
751 3564 937 3609 superatis
951 3563 1168 3602 Amalecitis
1189 3566 1334 3602 illorum
1357 3576 1420 3614 pe-

345 3621 462 3666 percit
484 3623 559 3669 regi
573 3650 581 3666 ,
607 3622 718 3670 idque
735 3631 866 3662 contra
882 3627 1090 3673 jussionem
1109 3627 1197 3671 Dei,
1219 3629 1268 3664 ita
1297 3629 1424 3665 animo

345 3681 530 3726 perculsus
547 3688 616 3728 est,
638 3689 677 3721 ut
705 3694 753 3721 ex
787 3695 832 3722 eo
856 3685 933 3733 jam
955 3697 1026 3722 non
1046 3687 1176 3724 viderit
1192 3689 1308 3725 virum
1326 3717 1336 3733 ,
1357 3687 1422 3726 sed

344 3752 460 3790 usque
485 3746 530 3782 ad
547 3746 714 3784 ultimum
735 3749 832 3786 diem
859 3749 906 3786 de
935 3759 978 3786 eo
1000 3750 1129 3786 luxerit
1146 3757 1182 3787 et
1202 3751 1421 3801 lacryruatus

345 3804 406 3848 sit,
427 3808 571 3852 qttaudo
606 3810 714 3847 etiam
747 3811 794 3848 ob
826 3811 964 3848 doloris
991 3812 1256 3851 vehementiam
1285 3823 1309 3851 a
1345 3815 1421 3852 Deo

347 3865 549 3915 increpatus
580 3879 648 3910 est.
685 3874 870 3920 Quousque
901 3876 998 3912 enirn
1019 3905 1028 3920 ,
1069 3876 1209 3922 inquit,
1249 3883 1288 3913 tu
1328 3877 1422 3924 luges

348 3926 436 3964 Salii
452 3957 460 3970 ,
480 3939 510 3966 et
535 3945 594 3980 rgo
621 3937 732 3982 repuli
754 3938 852 3972 illum
880 3937 1004 3984 (Ibid.
1036 3938 1094 3974 16.
1125 3938 1192 3984 1)?
1227 3936 1265 3975 Si
1301 3947 1420 3976 autem

348 3990 402 4026 his
421 3991 466 4028 ita
483 3996 769 4044 centiagentibus
795 3998 950 4046 lugebat,
971 4011 1043 4050 quo
1059 4000 1181 4039 animo
1199 4007 1281 4040 tunc
1311 4001 1420 4040 fuisse

835 295 874 332 S.
901 292 1091 332 JOANNlS
1117 290 1440 331 CHRYSOSTOMI
1467 288 1684 331 ARCHIEP.
1713 290 2069 334 CONSTANTINOP.
2453 310 2505 350 1,30

1511 371 1772 409 existimandus
1810 379 1889 418 est,
1922 384 2002 411 cum
2041 381 2093 412 tot
2119 377 2309 416 sacerdotes
2335 380 2400 419 sine
2427 395 2506 424 causa

1508 433 1718 472 interfecit?
1746 435 1890 482 quando
1933 447 2038 482 cum,
2067 440 2124 485 qui
2158 449 2195 476 se
2222 442 2330 478 multis
2368 443 2507 485 beneﬁciis

1509 497 1686 544 nullisque
1723 495 1864 544 injuriis
1889 497 2075 544 affecerat,
2103 501 2252 540 secundo
2285 512 2318 540 ut
2337 503 2508 547 interﬁceret

1507 559 1694 606 profectus
1711 559 1792 597 est?
1813 559 1955 606 quando
1973 560 2102 600 nudum
2122 563 2214 600 illurn
2235 565 2466 612 prophetautcm
2481 583 2509 608 ac

1506 620 1732 658 decidentem
1762 621 1882 659 vidit?
1912 633 1992 660 cum
2023 623 2153 661 audivit
2187 626 2286 662 David
2322 628 2352 664 in
2381 628 2508 667 familiari

1505 695 1702 732 congressu
1720 686 1832 722 multa
1849 693 1975 724 contra
1995 687 2092 724 illum
2111 691 2392 736 conquerentem?
2504 680 2506 683 ’

1555 747 1590 783 7.
1609 746 1725 783 David
1753 748 1855 785 etiam
1870 749 2031 786 (erumnis
2048 756 2192 788 vexatus.
2207 771 2252 778 —
2266 751 2430 799 Postquam
2445 764 2506 791 vero

1505 809 1551 846 de
1572 810 1681 847 David
1700 811 1921 848 mentionem
1947 811 2033 856 feci,
2056 813 2172 850 nescio
2193 813 2270 861 quid
2288 823 2388 862 agam,
2407 815 2507 853 latueri-

1506 879 1589 909 tane
1619 873 1715 910 illius
1735 873 1842 922 leuga
1873 880 1909 912 et
1941 874 2080 912 assidua
2093 903 2102 920 ,
2123 886 2199 924 qua:
2218 877 2250 912 in
2269 877 2394 923 psalmis
2409 878 2508 926 scripta

1505 941 1586 972 Sunt
1605 961 1616 980 ,
1638 935 1672 971 in
1707 935 1864 972 medium
1885 935 2058 974 adducam
2073 965 2082 981 ,
2104 947 2148 974 an
2166 937 2227 975 ista
2259 939 2314 976 tibi
2332 939 2361 976 in
2391 940 2450 976 otio
2467 952 2508 977 ro-

1504 997 1685 1034 censcnda
1706 997 1916 1044 permittens
1947 998 2056 1046 ipsius
2075 999 2187 1046 potius
2211 999 2406 1038 calamitates
2426 1001 2508 1048 expli-

1505 1066 1598 1094 cem.
1621 1057 1654 1096 ls
1681 1059 1788 1106 igitur
1808 1059 1960 1107 plurima
1980 1059 2120 1107 quidem
2143 1071 2220 1098 cum
2249 1071 2362 1108 greges
2385 1069 2508 1108 pasceret

1503 1120 1654 1157 adversa
1678 1131 1870 1168 perpessus
1887 1151 1896 1166 ,
1918 1122 2159 1170 adversusque
2192 1123 2278 1160 acris
2305 1123 2503 1171 intemperiem

1504 1191 1539 1220 et
1575 1183 1777 1220 belluarum
1797 1183 1975 1222 feritatem
2005 1184 2193 1222 reluctatus
2211 1192 2273 1222 est.
2291 1185 2428 1230 Quorum
2443 1187 2504 1224 alte-

1505 1257 1584 1282 rum
1605 1257 1648 1283 ex
1680 1247 1724 1284 iis
1755 1258 1836 1296 quae
1873 1247 1983 1285 Jacob
2014 1247 2130 1293 dixit,
2163 1248 2301 1285 alterum
2327 1259 2368 1286 ex
2394 1250 2429 1286 iis
2451 1259 2508 1297 qua:

1504 1309 1548 1346 ad
1579 1308 1666 1346 Sai'tl
1693 1310 1738 1347 de
1769 1313 1875 1347 leone
1907 1317 1942 1348 et
1972 1321 2053 1348 ursa
2084 1311 2244 1358 loquutus
2270 1315 2340 1355 est,
2363 1321 2508 1358 possumus

1503 1363 1804 1410 animadvertere.
1837 1373 1964 1410 Postea
1993 1383 2076 1410 vero
2103 1383 2203 1420 quam
2235 1373 2352 1411 omissa
2389 1374 2444 1409 vita
2465 1373 2507 1410 illa

1503 1434 1674 1480 pastorali
1697 1434 1780 1472 belli
1805 1435 1946 1481 negotia
1978 1435 2238 1482 intempestivus
2256 1435 2349 1471 miles
2371 1433 2506 1480 arripuit,

1503 1496 1630 1533 omitto
1644 1496 1794 1534 fratrum
1812 1497 1993 1542 invidiam,
2009 1498 2073 1535 etsi
2091 1497 2324 1535 molestissima
2339 1507 2374 1534 ea
2391 1507 2436 1533 res
2451 1496 2504 1539 fuit,

1503 1565 1586 1594 Cum
1620 1557 1860 1596 clarissimam
1891 1559 1986 1595 illam
2040 1558 2338 1607 admirabilemqne
2365 1557 2506 1594 victoriam

1503 1621 1656 1667 adeptus
1687 1629 1812 1666 esset,
1842 1623 2143 1660 vehementiorem
2172 1622 2302 1670 dejecto
2325 1621 2442 1660 Goliatlt
2469 1621 2508 1656 in-

1504 1685 1606 1722 venit
1637 1685 1822 1722 initnicum
1857 1685 1941 1724 Saul
1962 1714 1972 1731 ,
1995 1697 2074 1724 cum
2099 1697 2118 1722 a
2141 1697 2179 1724 se
2204 1685 2369 1723 beneﬁciis
2396 1683 2508 1720 allectus

1503 1755 1613 1786 esset.
1635 1748 1760 1796 Neque
1783 1749 1877 1786 enim
1897 1749 2012 1796 palam
2030 1749 2195 1786 adversus
2219 1759 2292 1786 eum
2315 1747 2507 1795 praeliabatur,

1503 1810 1566 1847 sed
1588 1812 1786 1848 amantium
1815 1811 1880 1849 sibi
1910 1822 2097 1859 personam
2133 1821 2332 1854 assumens,
2365 1809 2509 1856 ipsiusque

1504 1872 1632 1910 honori
1667 1880 1704 1910 et
1733 1874 1894 1922 dignitati
1917 1875 2118 1922 prospicere
2146 1883 2183 1910 se
2209 1872 2386 1915 simulans,
2403 1871 2440 1906 ita
2461 1868 2508 1905 ad-

1503 1944 1630 1971 versus
1650 1935 1747 1972 illum
1767 1937 1900 1974 inimici
1918 1947 2018 1973 more
2037 1935 2183 1973 affectus
2207 1941 2290 1972 erat.
2309 1933 2404 1970 Porro
2424 1940 2510 1978 (pnn-

1505 2003 1578 2034 tttm
1601 1998 1735 2036 malum
1773 2000 1820 2036 sit
1840 2010 1904 2046 pro
1922 1999 2025 2036 bouis
2057 1999 2148 2036 mala
2175 1997 2344 2042 recipere,
2361 1993 2429 2031 audi
2445 1993 2507 2029 bras

1503 2067 1577 2096 tum
1599 2062 1813 2109 prophetam
1845 2062 2075 2098 lamentatcm
2099 2060 2226 2108 jngiter
2241 2086 2250 2104 ,
2267 2063 2300 2094 et
2321 2066 2403 2104 agre
2419 2054 2508 2091 feren-

1501 2128 1574 2160 tetn
1601 2135 1645 2161 ac
1671 2124 1849 2162 dicentem
1871 2137 1879 2161 :
1897 2125 1938 2162 Si
1957 2123 2140 2161 redduntur
2158 2121 2235 2158 mihi
2258 2120 2338 2157 mula
2363 2129 2416 2166 pro
2438 2115 2508 2152 bouis

1505 2185 1592 2234 (Jer.
1616 2186 1674 2224 18.
1691 2187 1769 2236 20).
1802 2187 1897 2225 Sane
1913 2187 2020 2224 etiam
2039 2186 2138 2223 nullo
2163 2184 2228 2221 alio
2255 2185 2412 2230 prasente
2439 2177 2508 2214 malo

1501 2249 1588 2286 illud
1607 2250 1726 2288 solum
1748 2251 2039 2288 moleStissimum
2060 2254 2134 2286 erat
2151 2277 2161 2293 ,
2183 2245 2268 2295 quod
2293 2244 2354 2281 dux
2369 2240 2508 2279 exercitus

1501 2319 1708 2359 suSpectum
1729 2324 1768 2350 se
1781 2319 1944 2350 cerneret
1959 2312 2048 2360 regi,
2061 2311 2119 2358 qui
2141 2321 2178 2348 se
2192 2309 2292 2346 torvis
2305 2305 2404 2344 oculis
2419 2304 2509 2340 intue-

1499 2379 1614 2412 retur.
1632 2375 1769 2422 Ecquid
1782 2374 1863 2412 dico
1877 2375 1948 2412 dux
1961 2373 2137 2412 exercitus
2147 2371 2239 2420 regi?
2255 2369 2332 2406 Nam
2347 2367 2370 2403 si
2387 2365 2508 2410 idipsum

1499 2445 1566 2472 nos
1581 2446 1599 2471 a
1613 2437 1727 2473 servis
1741 2437 1931 2484 patiamur,
1947 2435 2090 2482 indigne
2107 2433 2260 2474 ferimus;
2279 2439 2349 2466 cum
2361 2432 2456 2491 autem
2468 2432 2508 2491 .ex

1499 2498 1583 2535 odio
1616 2499 1756 2536 insidiis
1773 2499 1882 2536 vitam
1903 2499 2096 2546 impetunt,
2119 2507 2195 2544 qua:
2213 2495 2278 2530 vita
2304 2491 2355 2528 illa
2379 2485 2510 2524 acerbior

1498 2561 1624 2598 fuerit?
1633 2561 1786 2600 Ferebat
1797 2570 1915 2600 tamen
1931 2562 1988 2598 ille
1995 2560 2112 2598 omnia
2125 2564 2161 2596 et
2173 2550 2510 2596 tolerabat,adcratqnc

1498 2625 1548 2661 illi
1569 2625 1630 2672 qui
1649 2635 1688 2662 se
1701 2626 1880 2672 perimere
1894 2624 2142 2666 meditabatur,
2165 2627 2265 2667 atque
2277 2617 2358 2654 illius
2372 2611 2445 2676 bella
2460 2617 2508 2676 ὅς’

1497 2689 1614 2726 t‘cbal.
1632 2689 1760 2726 Postea
1792 2699 1880 2727 vero
1905 2699 2010 2736 quam
2028 2685 2184 2728 recessit,
2202 2689 2301 2728 atque
2317 2689 2334 2715 a
2350 2674 2421 2714 belli
2436 2674 2510 2708 ευτίε

1497 2745 1654 2798 seipsmu
1670 2751 1910 2796 rcmovit,hoc
1922 2752 2000 2798 ipso
2015 2749 2154 2796 quidem
2165 2744 2252 2794 quod
2263 2752 2299 2780 se
2309 2737 2510 2804 ΡτθθξξΙ

1499 2819 1600 2850 verat
1615 2823 1632 2848 a
1639 2820 1830 2860 pertasque
1844 2813 2047 2851 inimicitias
2055 2810 2291 2849 censtitucrat,
2304 2797 2440 2840 nonnihil
2450 2794 2510 2842 plus

1496 2875 1635 2911 fiducia:
1651 2874 1947 2912 habebatzvernm
1959 2885 2039 2912 cum
2051 2873 2214 2910 adversus
2224 2873 2330 2906 tantas
2343 2861 2508 2926 capiasjm'l

1496 2937 1760 2984 quadringiutis
1774 2938 1861 2974 viris
1875 2937 2046 2975 dimicare
2059 2939 2252 2982 cogeretur,
2269 2933 2355 2965 metu
2371 2919 2508 2968 ampliore

1495 3012 1604 3049 quam
1639 3001 1736 3048 prius
1755 3003 1957 3040 tenebatur.
1977 3001 2065 3038 Nam
2083 2999 2138 3036 cui
2157 3003 2265 3043 neque
2284 2991 2378 3028 urbcs
2393 3014 2402 3031 ι
2421 2987 2509 3046 "eq"?

1495 3065 1773 3109 munimentum,
1794 3075 1912 3112 neque
1925 3064 2025 3108 socii,
2044 3071 2156 3110 neque
2167 3057 2294 3096 reditus
2305 3055 2406 3093 erant.

1493 3127 1580 3165 dera
1592 3138 1662 3175 quo
1677 3128 1799 3164 animo
1809 3133 1898 3171 erat,
1913 3138 1994 3164 cum
2005 3126 2172 3163 adversus
2190 3121 2310 3158 fretum
2321 3115 2370 3154 his
2381 3106 2510 3175 introibit!

1495 3201 1656 3238 pugnare
1673 3196 1878 3238 cogeretur,
1901 3199 1982 3234 nec,
2004 3193 2132 3236 prmter
2150 3184 2282 3220 deserta
2296 3184 2329 3214 et
2341 3171 2508 3238 spem“???

1495 3263 1566 3301 quo
1586 3254 1824 3300 confugeret,
1857 3252 2018 3299 reperire
2055 3253 2183 3298 posset.
2205 3243 2286 3281 Nunt
2317 3245 2388 3276 cum
2413 3229 2510 3301 Iubet!“

1494 3296 1591 3354 (icila
1611 3296 1756 3384 nomine
1785 3296 2000 3384 occupasset
2019 3296 2069 3364 (li.
2097 3312 2182 3380 lleq.
2202 3303 2402 3384 εἰ
2425 3296 2512 3384 νὶἓὲἇ

1496 3391 1562 3418 nus
1589 3379 1741 3424 resiliit,
1771 3360 1970 3416 sacerdotis
2002 3360 2180 3422 resp0nsis
2217 3363 2402 3432 adrntntill'ts

1494 3443 1524 3480 si
1546 3442 1620 3480 illic
1649 3452 1798 3480 manere
1833 3445 2022 3489 pergeret,
2039 3439 2131 3476 Deus
2150 3434 2244 3474 illum
2259 3439 2277 3466 θ
2305 3422 2512 3501 ξδωξξιὶηἷᾘ

1494 3506 1564 3543 bus
1584 3515 1656 3542 non
1689 3511 1882 3552 erepturus
1900 3509 2008 3542 esset.
2030 3501 2078 3538 At
2099 3506 2185 3535 vero
2210 3487 2372 3556 sacerdos.
2389 3479 2512 3558 "iﬁlli:

1495 3537 1563 3543 η,
1584 3537 1656 3542 η-.-
1691 3537 1880 3552 _--,..___-
1903 3537 1994 3542 ---υ
2032 3537 2038 3538 ,
2367 3548 2372 3556 '
2479 3547 2484 3558 ι

1494 3575 1598 3612 erat,
1639 3567 1701 3615 qui
1728 3568 1848 3604 Saulis
1885 3575 2012 3604 ntanus
2041 3561 2234 3608 effugerat,
2256 3559 2290 3590 el
2321 3537 2512 3628 φηωξὲῗξᾚξξ

1493 3630 1797 3668 luctuosissimam
1816 3641 1896 3677 qua:
1917 3629 1950 3664 in
1970 3625 2104 3663 Nomba
2123 3606 2512 3690 emitigerat'lfittltuiﬂx

1495 3697 1571 3742 regi
1591 3723 1600 3738 ,
1621 3693 1766 3741 quando
1799 3693 1833 3729 in
1855 3689 2116 3733 amarissimam
2143 3687 2279 3730 quoque
2307 3667 2500 3742 illantmtiﬂl'll‘l:

1495 3721 1505 3731 Ι
1543 3721 1569 3730 ⁷⁷1
1591 3723 1600 3738 ι
1621 3721 1766 3741 ιίὶΙΙΙΙΙυῚΙ
1799 3721 1832 3729 ιιι
1855 3721 2089 3733 ...δι-ν---πν---νγκ
2157 3721 2164 3730 Ι
2224 3721 2233 3727 .
2325 3736 2332 3744 ,
2497 3735 2510 3744 ⁸

1494 3721 1642 3794 vozem:
1666 3756 1742 3804 Ego
1761 3757 1851 3792 enim
1877 3765 1950 3791 sum
1967 3762 2049 3789 reus
2061 3751 2253 3786 cunctarum
2279 3736 2447 3808 animant?
2462 3721 2495 3789 ίξθ

1649 3827 1656 3830 .
1683 3821 1689 3827 ι
1732 3825 1740 3830 .
1770 3820 1778 3828 ο
1813 3817 1842 3830 ιι
1896 3815 1962 3830 n__
1999 3813 2046 3830 na
2078 3809 2138 3830 OM
2185 3805 2299 3830 Imm“!
2315 3803 2389 3830 eum
2407 3789 2510 3828 lito)“.

2429 3809 2438 3823 Α

1597 3821 1708 3866 μαινίς
1811 3817 1862 3866 (ιο
1883 3813 2059 3880 μεθιείς
2078 3809 2153 3880 2a:
2184 3805 2511 3880 res

1494 3858 1832 3928 giter'congreSsus
1856 3878 1940 3915 nillil
1961 3872 2056 3912 aliud
2081 3875 2156 3938 erat
2189 3858 2424 3938 qtlﬂil'lli‘f'f‘.”

1496 3914 1771 3980 :tonimentuum.
1799 3941 1890 3979 Cum
1927 3939 2021 3976 enim
2052 3935 2085 3971 in
2105 3932 2200 3969 illum
2219 3914 2504 4004 intuemllg062ﬁ

2025 3999 2032 4004 .
2125 4002 2132 4004 Α
2168 3993 2274 4004 ...,,-,
2301 3991 2371 4004 ...ιη

1496 4005 1723 4043 sacerdotum
1757 4014 1900 4052 semper
1927 3999 2148 4038 meminerat.
2168 3993 2275 4030 Porro
2299 3985 2400 4032 ἱρειυσ
2414 3979 2457 4008 cm
