2726 4358
164 237 226 274 Iri?!
713 239 772 276 AD
797 239 1045 278 STAGIRIUM
1073 242 1099 277 Α
1130 239 1218 277 Βιαεὲ

1296 242 1331 280 [Ε
1363 241 1598 285 VEXATUM.
1628 244 1698 286 LIB
1741 246 1797 286 ΙΙΙ.

164 323 326 355 memor.
347 311 496 360 ejusque
524 323 667 350 causam
707 315 774 352 sibi
812 316 1016 363 imputans,
1052 317 1230 352 damnatis

164 375 332 411 omnibus
359 374 534 412 infelicius
567 374 732 422 degebat.
773 377 848 413 Etsi
891 379 986 414 enim
1019 379 1106 415 nihil
1133 379 1228 414 aliud

165 437 261 472 illum
290 435 560 482 perturbasset,
591 437 755 475 sufficere
791 438 826 475 id
862 446 999 486 poterat
1031 440 1074 476 ad
1104 441 1228 476 vulne-

166 497 316 532 randum
338 496 656 544 suffucandlumque
673 499 854 541 animum,
884 501 977 546 quod
999 501 1155 546 seipsqu
1176 508 1227 536 tot

161 557 388 594 sacerdotum
402 566 664 604 peremptorem
684 559 919 596 existimaret.
933 561 1005 598 llac
1025 571 1110 597 vero
1130 563 1226 608 cogi-

162 619 296 656 tatione
322 619 465 656 saucius
481 646 491 663 ,
511 631 592 666 qua:
621 621 681 657 diu
701 628 878 668 noctuque
900 623 977 668 plus
1005 633 1110 669 quam
1130 624 1224 660 tinea

164 679 273 724 ipsius
290 679 505 716 corrodehat
521 681 678 718 animum
699 709 709 725 ,
731 688 768 718 et
801 683 870 718 alia
887 683 1057 730 deinceps
1077 684 1223 720 vulnera

109 746 114 751 ‘
161 739 332 775 erutinua
352 751 394 776 ac
413 747 583 787 perpetua
604 741 844 788 suscipiebat:
865 743 998 789 quippe
1011 753 1090 781 cum
1111 743 1223 780 Nabal

163 810 226 844 per
257 809 380 836 servos
417 811 502 837 suos
521 811 602 838 eum
636 801 861 838 contumeliis
891 803 1075 846 afficeret,
1103 804 1223 850 fugiti—

161 871 338 907 vumqne,
359 861 543 908 perfugum
559 891 570 907 ,
595 870 700 910 atque
731 863 906 910 ingratum
939 875 1082 901 servum
1099 865 1226 912 appel-

160 923 250 958 laret
267 949 276 963 .
307 933 376 958 non
397 924 474 960 sine
505 924 632 961 dolore
649 925 758 962 verba
780 926 839 962 illa
859 928 1030 972 percepit.
1065 927 1110 963 Et
1141 937 1222 964 cum

159 984 204 1020 ad
223 985 367 1020 Auchus
383 985 563 1031 profectus
591 996 754 1022 Insanum
779 997 818 1023 se
854 988 1027 1024 simulans
1053 989 1223 1026 ceucide-

161 1052 234 1089 ret,
253 1053 482 1093 versaretque
498 1047 622 1084 oculos
637 1075 647 1091 ,
666 1053 774 1094 atque
802 1058 938 1096 spuma:
959 1049 1149 1095 pluritnum
1176 1060 1221 1086 ex

158 1117 222 1144 ore
239 1109 446 1151 dimitteret,
465 1110 570 1156 longe
589 1111 743 1156 amplius
769 1111 998 1148 cruciabatur
1012 1139 1022 1155 ,
1045 1123 1152 1158 quam
1172 1113 1223 1149 illi

158 1167 216 1212 qui
237 1177 361 1204 revera
391 1170 632 1216 corripiuntur
657 1182 676 1206 a
700 1171 864 1208 daemone
880 1199 891 1216 ,
912 1182 994 1208 cum
1012 1183 1134 1210 secum
1162 1184 1222 1210 re-

159 1235 299 1274 putaret
317 1231 351 1266 in
365 1242 470 1278 quam
492 1232 551 1268 illc
565 1242 604 1268 se
617 1233 864 1270 necessitatem
882 1233 1100 1276 deduxisset,
1117 1245 1221 1281 quem

156 1292 306 1328 summis
325 1292 509 1329 beneficiis
535 1292 686 1330 foverat.
708 1294 796 1330 Cum
817 1305 902 1332 vero
931 1296 1110 1342 paululum
1127 1296 1221 1342 apud

157 1352 276 1388 hostes
308 1354 528 1398 quievisset,
550 1361 713 1401 essetque
744 1356 778 1391 in
799 1355 940 1392 hostem
977 1357 1119 1393 illorum
1155 1357 1220 1394 de-

154 1413 337 1450 ducendus
363 1416 542 1452 exercitus
559 1444 568 1460 ,
599 1417 728 1453 invidia
747 1418 916 1454 commoti
947 1418 1118 1456 adversus
1139 1429 1220 1456 eum

155 1481 307 1520 Satrapzc
321 1503 332 1519 ,
351 1481 458 1522 atque
493 1476 542 1512 illi
562 1477 654 1523 apud
673 1487 793 1524 regem
829 1488 932 1514 suum
964 1479 1193 1516 detrahentes
1209 1508 1218 1523 ,

155 1545 220 1569 suo
249 1535 346 1570 illum
369 1537 528 1572 exercitu
567 1537 784 1582 deturbant,
819 1539 926 1576 veluti
955 1540 1116 1576 inutilem
1153 1541 1220 1577 sibi

155 1602 190 1630 et
221 1595 460 1634 insidiatorem
492 1599 782 1646 proditoremque
812 1599 986 1638 futurum.
1005 1601 1090 1637 [rati
1117 1609 1219 1644 sunt.

155 1659 468 1704 inquit,ndversus
505 1661 602 1696 illum
639 1668 788 1709 satrapae
823 1663 1090 1710 alienigenarum
1123 1664 1220 1699 dixe-

153 1728 300 1768 rmttqtte
317 1733 342 1756 rt
353 1723 388 1767 gi
404 1733 417 1758 :
435 1721 562 1758 Emitte
577 1723 684 1759 rirum
699 1751 709 1768 ,
728 1731 758 1760 et
775 1730 959 1760 revertatur
974 1725 1020 1760 ad
1035 1726 1146 1761 locum
1166 1725 1222 1762 ubi

152 1787 187 1815 tu
208 1782 302 1816 illum
329 1783 498 1826 statuisti,
521 1795 580 1819 nec
599 1785 709 1819 veniat
741 1784 914 1823 nobiscum
943 1787 989 1820 ad
1005 1785 1129 1822 bellant
1144 1815 1154 1830 ,
1189 1793 1220 1822 et

153 1853 218 1876 mm
235 1843 278 1877 sit
296 1843 473 1878 insidiator
490 1844 524 1879 in
560 1845 694 1880 castris.
719 1843 763 1880 In
781 1856 847 1891 quo
866 1846 954 1881 enim
979 1847 1041 1881 iste
1066 1847 1216 1882 reconci-

151 1901 297 1938 liubatur
311 1903 448 1938 domino
475 1915 556 1945 suo,
579 1905 646 1939 nisi
661 1905 696 1940 in
724 1905 890 1950 capitibus
919 1907 1065 1942 virorum
1083 1907 1218 1942 illorum

151 1965 200 2008 (l.
219 1963 309 2012 Rrg.
329 1964 388 2002 29.
408 1966 447 2012 4)
463 1965 478 2000 ?
494 1966 630 2011 Quibus
651 1967 710 2004 ille
731 1967 847 2005 verbis
869 1969 1052 2014 perculsus
1071 1975 1215 2016 accepta

149 2036 288 2062 summa
307 2029 517 2064 contumelia
541 2029 688 2066 recessit
707 2039 864 2066 maerens
883 2057 892 2074 ,
914 2040 956 2066 ac
969 2030 1114 2066 domum
1133 2031 1217 2067 retl-

151 2088 227 2124 iens
270 2095 366 2124 tanta
406 2089 497 2124 mala
523 2089 670 2126 olfendit
689 2117 699 2134 ,
735 2096 771 2126 ut
801 2100 892 2136 pene
921 2100 1076 2128 tumrure
1105 2092 1218 2127 suffo-

148 2155 302 2186 raretur.
331 2150 419 2196 Qua:
445 2151 540 2187 enim
573 2159 678 2188 tunc.
703 2152 931 2199 contigerunt
965 2153 1140 2198 adversa,
1176 2165 1218 2190 ea

149 2217 253 2248 ciant
269 2239 279 2254 ,
302 2218 341 2247 ut
371 2219 516 2258 possent
539 2213 688 2258 prasvisa
717 2213 825 2250 etiam
851 2213 945 2250 illius
969 2215 1128 2250 animum
1165 2221 1218 2252 te-

150 2273 272 2308 nebris
291 2272 472 2310 obducere
492 2285 500 2307 :
521 2283 626 2320 porro
655 2285 700 2310 ex
728 2275 909 2321 insperato
931 2277 1218 2322 supervenientia

148 2334 258 2380 duplo
277 2345 382 2380 quam
409 2342 513 2372 erant
543 2337 705 2383 graviora
736 2336 950 2372 videbantur
967 2365 975 2379 ,
998 2347 1114 2384 neque
1144 2337 1218 2384 jam

151 2396 363 2436 tolerabilia.
384 2397 530 2434 Abierat
549 2397 644 2434 enim
679 2398 738 2434 ille
769 2399 870 2445 quasi
891 2399 1076 2446 quieturus
1093 2399 1216 2443 domi,

150 2459 315 2494 tnmroris
337 2458 505 2504 prteteriti
525 2459 806 2496 Consolatiouem
826 2460 1033 2496 invenlttrus
1049 2487 1059 2504 ,
1088 2471 1218 2497 uxores

151 2519 285 2556 scilicet
311 2529 354 2556 ac
384 2520 514 2557 liberos
534 2549 544 2564 ,
581 2531 662 2557 cum
706 2527 854 2568 repente
889 2522 1024 2558 audivit
1057 2523 1136 2559 illos
1183 2523 1216 2558 in

151 2579 332 2615 servitium
356 2580 402 2616 ab
419 2575 581 2617 hostibus
601 2581 794 2626 abductos,
815 2583 972 2630 viditque
993 2583 1110 2630 ignem
1128 2611 1138 2626 ,
1163 2583 1217 2619 fn-

153 2649 263 2683 mum,
288 2641 494 2686 sanguinem
517 2669 526 2686 ,
553 2643 750 2688 cadavera;
775 2651 881 2690 atque
916 2652 1107 2691 antequam
1127 2647 1217 2683 istos

154 2700 290 2748 lugeret
311 2729 322 2746 ,
352 2702 582 2750 captivosque
599 2703 770 2749 defieret,
795 2705 934 2743 irruunt
967 2708 1000 2744 in
1031 2718 1114 2744 eum
1134 2708 1221 2744 feris

151 2764 318 2800 erunibus
341 2764 531 2802 immanius
560 2767 777 2804 habitatores
800 2769 954 2806 civitatis
977 2796 988 2814 ,
1013 2776 1216 2816 quast-entes

153 2827 279 2872 singuli
294 2836 439 2862 casuutn
457 2837 603 2864 suorum
623 2829 902 2866 consolationem
913 2841 958 2867 ex
976 2833 1068 2870 illius
1083 2833 1216 2880 capite.

155 2889 197 2924 Et
233 2889 532 2936 qucumdmodum
559 2901 640 2928 eum
667 2893 760 2928 venti
780 2894 1010 2931 coutrarii'iu
1041 2906 1140 2933 mare
1169 2897 1217 2932 ir-

153 2957 278 2995 ruunt,
300 2952 422 2999 ingens
449 2959 485 2990 et
501 2963 598 2990 satva
616 2955 768 3001 procella
795 2964 838 2991 ex
859 2966 900 2992 ea
921 2967 1036 3004 pugna
1056 2959 1215 2995 concita-

154 3020 208 3049 tur
227 3025 235 3048 :
256 3015 300 3050 ita
321 3021 358 3052 et
384 3023 468 3052 tunc
496 3017 636 3053 tristitia
657 3023 694 3054 et
719 3017 912 3064 metujusti
931 3019 1037 3067 hujus
1067 3026 1214 3067 pertur-

155 3074 318 3113 bantibus
341 3078 521 3121 animum,
557 3085 750 3126 tempestas
786 3080 938 3116 maxima
971 3081 1216 3129 tumultusque

155 3136 280 3172 harum
314 3139 516 3183 passionum
553 3140 706 3176 invicem
733 3151 773 3185 se
807 3142 1049 3180 collidentium
1082 3144 1217 3192 iugiter

155 3199 280 3234 inerat.
300 3198 386 3235 Cum
409 3207 526 3238 autem
561 3201 616 3239 his
636 3203 780 3250 elapsos
805 3204 906 3240 malis
938 3216 1068 3242 uxores
1087 3217 1129 3243 ac
1149 3217 1214 3242 ua—

155 3265 208 3294 tos
233 3260 542 3310 eaptivitatemque
583 3275 728 3302 omnem
768 3268 984 3314 recepisset,
1022 3275 1214 3316 antequam

155 3321 311 3356 victoria:
332 3321 426 3358 illius
443 3325 620 3372 voluptate
647 3325 828 3363 frueretur
843 3356 852 3371 ,
881 3331 1112 3367 mtestiszsimo
1134 3341 1214 3378 per-

154 3393 280 3420 cussus
307 3389 364 3420 est
393 3387 514 3423 nuntio
533 3415 543 3431 ,
571 3396 723 3426 mortem
757 3389 926 3426 .Jonathre
955 3393 1213 3438 comperiens:

153 3455 232 3490 quae
263 3445 357 3482 illius
376 3446 533 3484 animum
555 3455 650 3496 tanto
679 3451 805 3488 dolore
825 3454 1040 3499 prostravit,
1061 3462 1214 3501 quantus

153 3516 197 3540 ex
214 3506 308 3543 illius
327 3506 578 3546 lamentatione
595 3514 834 3558 cognoscitur.
865 3513 994 3549 Incidit
1019 3515 1113 3551 enim
1130 3543 1139 3558 ,
1159 3516 1214 3552 itt-

153 3567 250 3612 quit,
269 3578 372 3614 super
403 3580 455 3604 me
483 3570 615 3615 dilectio
644 3574 714 3616 tui,
736 3575 833 3621 quasi
870 3575 1006 3612 dilectio
1037 3577 1213 3613 mulierum

155 3629 206 3675 (2.
225 3629 314 3675 Reg.
346 3630 380 3666 1.
407 3630 484 3679 26).
516 3632 606 3678 Quid
633 3643 750 3672 autem
785 3637 1058 3674 lamentationes
1091 3649 1214 3686 prosc-

152 3691 272 3738 quar?
297 3691 364 3736 Qui
385 3693 480 3729 cnitn
513 3703 647 3741 patrem
681 3698 800 3744 illius,
832 3699 1078 3737 insidiatorem
1107 3713 1212 3738 sumu

151 3759 257 3804 atque
274 3756 456 3794 inimicum
473 3765 507 3794 et
521 3759 580 3806 qui
597 3761 724 3798 miliies
737 3769 888 3800 mortem
902 3773 1004 3800 suam
1024 3768 1214 3812 concupie-

153 3828 220 3866 rat,
242 3823 289 3858 ita
309 3822 428 3865 flevit,
457 3823 542 3870 quid
569 3833 696 3870 passus
711 3825 935 3862 existimetur
950 3855 960 3872 ,
989 3837 1070 3864 cum
1091 3829 1188 3866 illum
1203 3859 1214 3872 ,

152 3886 210 3932 qui
240 3886 308 3924 sibi
327 3887 362 3924 in
385 3888 453 3925 illis
472 3888 639 3935 periculis
671 3899 814 3936 semper
843 3891 1053 3937 adstiterat,
1072 3903 1114 3931 ac
1143 3903 1209 3930 sa:-

365 3961 544 3999 νέω-μοι.
571 3943 661 3996 011..
683 3957 852 3998 XLVII.

2296 256 2364 295 #32

1304 319 1448 364 pissime
1471 325 1580 368 patris
1600 326 1736 362 insidiis
1753 329 1951 374 eripuerat,
1974 335 2265 377 secretorumque
2283 343 2365 368 suo-

1303 391 1381 416 rum
1398 385 1574 430 particeps
1592 385 1718 428 l'uerat,
1735 399 1814 424 cum
1833 399 1905 435 quo
1924 396 2024 436 pacta
2051 391 2200 435 plurima
2221 393 2362 434 inierat,

1301 450 1382 477 cum
1405 442 1450 478 illi
1487 452 1714 491 acceptorum
1750 448 2005 486 beneficiorum
2039 451 2151 488 vicem
2176 460 2366 488 restituere

1303 501 1458 544 valeret.
1479 509 1551 539 tum
1575 516 1595 542 e
1627 509 1694 542 vita
1715 509 1914 546 decessisse
1937 511 2089 548 didicit?

1349 565 1384 600 8.
1403 564 1491 601 Cum
1511 567 1626 604 adhuc
1642 569 1776 617 vigeret
1800 572 1856 608 illa
1885 575 2102 618 perturbatio
2118 600 2128 619 ,
2149 576 2220 612 alio
2241 587 2364 612 rursus

1302 637 1456 664 mu‘rore
1477 628 1546 664 dux
1568 631 1664 667 illum
1684 643 1757 669 sum
1776 635 1912 671 militia:
1929 637 2122 681 excruciat,
2139 638 2222 674 dum
2245 640 2364 675 Abeu-

1302 699 1366 725 ner
1383 715 1393 732 ,
1421 691 1479 735 qui
1499 693 1576 726 sine
1592 692 1710 730 labore
1728 720 1738 736 ,
1757 695 1827 730 imo
1845 702 1880 732 et
1899 706 1978 732 cum
1997 697 2164 735 facilitate
2184 701 2280 736 omni
2312 707 2364 736 to-

1301 758 1374 786 tum
1395 751 1442 787 illi
1465 754 1662 789 exercitum
1683 765 1720 790 se
1743 757 1974 801 pra-biturum
2012 759 2190 804 pollicitus
2221 761 2334 798 fuerat
2352 790 2362 806 ,

1299 819 1380 850 ante
1403 813 1582 859 impletam
1615 817 1902 861 pollicitationem
1935 809 2114 865 OCCItpans
2133 849 2142 862 .
2162 821 2285 858 fraude
2311 824 2364 859 in-

1301 874 1445 910 terimit.
1467 875 1528 911 Cui
1548 877 1635 912 ca-di
1669 877 1702 912 in
1725 883 1859 914 tantum
1895 880 2099 924 eontloluit,
2137 889 2174 918 ut
2207 890 2242 919 et
2281 891 2364 920 tunc

1299 935 1390 971 mala
1419 935 1510 973 .loab
1531 938 1788 984 imprecarctur
1805 967 1814 982 ,
1847 947 1884 976 et
1911 942 1989 987 ipso
2019 946 2142 980 mortis
2161 955 2236 980 sua:
2271 953 2362 982 tem-

1299 1007 1384 1043 pore
1406 999 1478 1034 lilio
1493 999 1684 1046 imperaiet
1704 1029 1712 1042 ,
1736 1008 1773 1037 ut
1792 1003 1962 1041 ultionem
1981 1005 2024 1040 ab
2044 1015 2088 1042 eo
2109 1007 2193 1041 lauti
2213 1008 2361 1044 seeleris

1298 1058 1458 1104 exigeret
1475 1071 1484 1095 :
1501 1069 1542 1096 ac
1570 1061 1680 1097 verba
1699 1061 1772 1107 ipsa
1805 1063 2068 1101 latnentationis
2088 1076 2161 1101 sum
2181 1068 2365 1113 perturba-

1299 1120 1432 1156 tionem
1453 1122 1563 1157 animi
1599 1123 1694 1158 illius
1721 1124 1822 1160 facile
1854 1126 1957 1162 nobis
1984 1128 2166 1165 insinuare
2199 1137 2359 1175 possunt.

1301 1181 1450 1217 Elcvavit
1482 1183 1570 1218 enim
1589 1195 1670 1228 rex,
1691 1185 1802 1232 inquit
1821 1213 1830 1228 ,
1852 1197 1963 1222 uocem
1982 1199 2078 1224 suam
2095 1217 2104 1232 ,
2129 1201 2169 1224 nc
2185 1191 2276 1236 ﬂevit
2303 1203 2362 1226 sn-

1299 1253 1359 1288 per
1375 1244 1503 1280 tumulo
1533 1244 1688 1282 Abcmter
1706 1275 1716 1290 ,
1737 1254 1767 1282 et
1787 1247 1872 1284 dixit
1901 1248 1971 1286 :Si
2004 1252 2189 1286 secundum
2225 1262 2363 1288 mortem

1299 1303 1417 1340 Nabal
1450 1307 1610 1342 morietur
1643 1308 1823 1352 Abenner,
1860 1321 1982 1346 manus
2017 1319 2084 1348 mre
2127 1325 2194 1348 non
2228 1317 2364 1360 [iterant

1299 1366 1417 1402 vinctre
1432 1394 1442 1410 ,
1462 1379 1571 1416 neque
1604 1370 1705 1416 pedes
1725 1372 1774 1406 tui
1802 1371 1836 1406 in
1867 1373 2084 1419 compedibus
2100 1402 2109 1418 ,
2132 1386 2237 1416 neque
2253 1387 2364 1410 acers-

1296 1428 1371 1465 sisti
1395 1429 1482 1465 sicut
1502 1430 1616 1467 Nabal
1637 1441 1650 1467 .'
1666 1443 1780 1468 coram
1817 1433 1890 1478 ﬁlio
1919 1435 2104 1481 iniquitatis
2121 1437 2277 1472 cori-nisti
2309 1439 2359 1485 (2.

1298 1489 1384 1538 Reg.
1405 1491 1440 1528 3.
1461 1492 1614 1539 52-54).
1633 1493 1725 1537 Quid
1744 1494 1850 1540 igitur
1867 1501 1943 1541 post
1967 1495 2076 1533 htrc?
2109 1499 2194 1534 Dolo
2223 1500 2358 1534 interli-

1297 1553 1390 1589 citur
1421 1553 1705 1600 Memphibosthe
1725 1557 1763 1597 ⁸,
1795 1559 2037 1604 successitque
2071 1559 2152 1596 hine
2185 1572 2318 1598 ηιξκιε-οι
2349 1574 2358 1601 ;

1297 1615 1428 1660 quippe
1461 1621 1498 1651 et
1527 1616 1624 1652 illum
1669 1618 1715 1654 ita
1751 1617 1839 1654 luxit
1872 1627 2016 1665 postea,
2049 1627 2084 1656 ut
2115 1622 2364 1658 interfectores

1297 1676 1374 1722 ejus
1392 1682 1508 1713 morte
1541 1677 1732 1715 mulctaret
1751 1691 1760 1715 :
1781 1680 1910 1716 cohors
1941 1681 2024 1718 item
2045 1682 2252 1718 claudorum
2293 1683 2358 1718 nb-

1292 1737 1387 1782 jecta
1415 1737 1513 1773 illmn
1544 1739 1732 1776 immodice
1759 1741 1927 1776 turbavit.
1969 1742 2028 1778 Eis
2059 1748 2176 1778 tamen
2212 1744 2361 1788 aliiSque

1297 1797 1460 1834 hostibus
1477 1800 1656 1836 nonnullis
1671 1802 1870 1847 superatis,
1891 1812 2009 1838 arcam
2042 1803 2174 1850 ingenti
2197 1813 2276 1840 cum
2299 1804 2362 1839 la:—

1296 1861 1370 1894 titia
1403 1859 1572 1896 reducere
1605 1860 1758 1904 inStituit
1789 1861 1839 1908 (2.
1864 1862 1948 1910 Reg.
1972 1863 2009 1898 ϐ.
2032 1863 2092 1910 3).
2123 1864 2252 1900 Verum
2279 1875 2359 1900 cuni

1293 1930 1336 1956 ea
1357 1921 1606 1964 reduceretur,
1629 1922 1865 1968 gaudentibus
1884 1924 2069 1966 omnibus,
2099 1925 2132 1960 iu
2154 1926 2272 1961 medio
2301 1927 2361 1961 lm-

1297 1982 1384 2018 titite
1419 1992 1476 2018 res
1502 1984 1672 2030 cuntigit',
1693 1995 1773 2031 qua:
1793 1985 2010 2031 voluptatem
2046 1987 2257 2025 obscuraret
2281 1999 2361 2024 om-

1295 2044 1391 2080 nium
1408 2072 1418 2088 ,
1449 2045 1613 2092 regisque
1628 2047 1784 2082 anituum
1807 2048 1938 2094 ingenti
1955 2048 2078 2085 dolore
2098 2061 2140 2086 ac
2162 2058 2257 2086 metu
2276 2061 2362 2087 cou-

1295 2105 1447 2143 fodcret.
1473 2107 1544 2144 Oza
1573 2109 1666 2144 enim
1697 2119 1779 2146 cum
1801 2111 1909 2146 vellet
1940 2121 2059 2147 arcam
2090 2112 2266 2148 labantem
2287 2115 2360 2148 cri-

1293 2163 1404 2216 gere,
1428 2170 1488 2206 Dei
1507 2171 1694 2206 confestim
1715 2172 1896 2208 iracundia
1920 2183 2108 2218 percussus
2129 2185 2170 2210 ac
2197 2181 2358 2210 murium.

1293 2236 1349 2267 est
1369 2242 1376 2265 :
1400 2241 1512 2276 Usque
1549 2232 1638 2267 adeo
1665 2240 1784 2268 autem
1811 2234 1903 2280 regis
1937 2235 2096 2270 animum
2141 2241 2256 2272 metus
2293 2237 2360 2272 isto

1294 2293 1502 2335 commovit,
1522 2299 1560 2328 ut
1589 2304 1659 2328 nou
1681 2295 1779 2340 prius
1805 2295 1950 2331 auderet
1971 2306 2093 2331 aream
2119 2296 2164 2332 ad
2189 2308 2228 2333 se
2249 2299 2361 2333 intro-

1293 2353 1427 2390 ducere
1445 2365 1576 2401 ,quam
1598 2355 1802 2394 addisceret
1837 2367 1992 2403 quonam
2022 2358 2130 2393 modo
2160 2370 2243 2406 erga
2277 2373 2358 2398 eum

1293 2426 1333 2452 se
1362 2423 1526 2463 gereret,
1547 2417 1606 2463 qui
1639 2417 1734 2452 illam
1769 2424 1978 2465 susceperat
1995 2418 2196 2456 Aheddara.
2233 2422 2359 2460 Postea

1295 2486 1438 2516 mortuo
1473 2481 1756 2516 Autmanitarum
1785 2490 1870 2528 rege
1881 2479 1932 2526 (2.
1947 2477 2030 2527 Reg.
2044 2479 2162 2528 £0.52),
2182 2479 2256 2516 rem
2277 2485 2360 2520 boni

1293 2552 1336 2578 ac
1358 2541 1498 2590 benigni
1521 2542 1678 2578 hominis
1709 2541 1868 2584 faciens,
1891 2543 1986 2580 misit
2004 2545 2062 2590 qui
2089 2545 2361 2582 Consolarentur

1294 2606 1406 2642 lilium
1436 2607 1527 2652 ejus,
1558 2606 1886 2652 persuaderentquc
1905 2607 2015 2652 patris
2029 2607 2162 2642 obilttm
2187 2609 2361 2654 patienter

1294 2669 1463 2706 tolerare.
1499 2667 1589 2704 Tum
1631 2668 1689 2704 ille
1723 2679 1790 2714 pro
1830 2668 1966 2704 honore
2008 2677 2174 2715 Suscepto
2223 2671 2362 2716 injuriis

1291 2731 1466 2768 abeuntes
1483 2737 1721 2778 prosequatus
1741 2730 1994 2768 dehonestatos
2009 2732 2145 2768 remisit
2163 2732 2206 2768 ad
2221 2743 2357 2778 regem.

1291 2794 1469 2831 Parumne
1500 2793 1568 2830 hoc
1589 2793 1652 2830 tibi
1677 2793 1858 2830 videretur
1887 2793 1932 2830 ad
1966 2793 2163 2830 feriendum
2184 2794 2360 2840 dejicien-

1291 2859 1449 2906 dumquc
1468 2857 1655 2894 animum?
1672 2868 1790 2894 annon
1812 2857 1943 2894 bellum
1963 2856 2048 2894 hinc
2066 2864 2100 2894 et
2121 2868 2192 2893 uou
2222 2857 2291 2892 alia
2317 2858 2361 2893 de

1291 2931 1397 2958 c:IIJS:t
1423 2928 1614 2967 sequutum
1639 2920 1672 2956 id
1699 2919 1878 2964 ostendit,
1898 2920 1992 2967 quod
2021 2919 2055 2956 in
2077 2926 2215 2956 tantum
2249 2920 2358 2957 vehe-

1292 2983 1436 3022 meutia:
1467 2991 1696 3029 progressum
1717 2987 1794 3023 est.
1817 2988 1854 3017 ut
1889 2981 2088 3017 iumuncris
2125 2981 2222 3016 illum
2257 2981 2359 3016 malis

1291 3044 1479 3080 afﬁceret?
1496 3043 1670 3080 Sufficcre
1689 3043 1834 3090 quidem
1869 3047 1905 3078 et
1931 3043 1997 3078 ista
2019 3048 2197 3088 poterant,
2220 3042 2359 3078 etiamsi

1291 3107 1344 3143 eis
1361 3105 1536 3154 quispiam
1557 3105 1913 3151 innumerajucunda
1935 3105 2180 3152 permisceat,
2201 3105 2246 3140 ad
2265 3105 2358 3140 illius

1291 3171 1400 3207 vitam
1427 3171 1521 3206 inter
1547 3179 1610 3206 eos
1629 3168 1884 3205 numerandum
1899 3197 1908 3212 ,
1930 3168 1989 3215 qui
2009 3169 2042 3204 iu
2065 3169 2161 3204 luctu
2193 3174 2228 3204 et
2249 3169 2357 3204 mise-
2384 3215 2386 3217 _

1291 3234 1354 3270 riis
1375 3234 1540 3270 vixerunt
1563 3245 1572 3269 :
1593 3239 1630 3268 at
1649 3232 1729 3268 talia
1752 3232 1979 3278 postmodum
2009 3238 2159 3278 sequuta
2189 3237 2272 3267 sunt
2293 3260 2300 3272 ,
2322 3239 2358 3266 ut

1291 3306 1357 3334 nec
1377 3296 1462 3332 olim
1491 3305 1578 3331 vere
1613 3295 1726 3330 tristia
1746 3295 1818 3340 pati
1839 3295 1991 3341 coepisse
2011 3295 2186 3330 videatur.
2219 3293 2362 3340 Quippe

1293 3357 1431 3395 fabulas
1449 3367 1576 3393 omnes
1595 3366 1816 3404 omnemque
1836 3355 2045 3403 tragoediam
2077 3355 2240 3392 vicerunt
2259 3357 2356 3402 regis

1291 3423 1398 3468 hujus
1429 3420 1651 3458 mlamitates
1673 3432 1682 3456 :
1705 3425 1796 3456 adeo
1845 3425 2050 3466 portentosa
2087 3425 2123 3456 et
2160 3419 2359 3465 frequentia

1289 3484 1411 3522 domui
1437 3484 1515 3530 ejus
1531 3483 1715 3530 contigere
1735 3484 1826 3518 tuala
1841 3511 1850 3524 .
1869 3493 1950 3518 eum
1971 3483 2194 3519 calamitates
2208 3480 2356 3515 aliarum

1289 3547 1533 3584 calamitatum
1550 3544 1712 3582 remedio
1739 3551 1967 3581 curarentur.

1339 3608 1535 3646 Sceleribus
1581 3605 1730 3652 ﬁliorum
1759 3606 1917 3654 affligitur
1945 3599 2355 3661 Darii—Considera.

1289 3680 1436 3718 qumso:
1468 3667 1648 3705 adamavit
1667 3678 1828 3704 sororem
1849 3667 2006 3702 Thamar
2025 3665 2181 3704 Amnon,
2203 3665 2358 3696 amatam

1290 3735 1322 3770 vi
1341 3732 1535 3780 oppressit.
1565 3741 1774 3778 Oppressam
1795 3729 1879 3768 odio
1905 3727 2028 3763 habui!
2042 3753 2050 3767 .
2072 3732 2223 3769 emnqvc
2243 3721 2358 3758 Viola-

1331 3859 1340 3878 ¹
1359 3857 1406 3890 sic
1416 3864 1532 3890 omnes
1547 3860 1616 3888 ttss.
1629 3857 1728 3896 atque
1737 3851 1828 3889 editi;
1840 3849 1898 3896 sed
1914 3847 2102 3890 tegendum,
2119 3844 2286 3882 tesbmthr.
2299 3844 2364 3878 nisi

1291 3901 1332 3932 sit
1347 3900 1570 3932 mnemnnicus
1585 3905 1672 3931 νει-ιιι
1685 3903 1692 3924 ι
1707 3895 1908 3937 hry..ustonu.
2112 3943 2138 3982 8

2085 3953 2108 3981 2

2085 3953 2108 3981 2
