2726 4358
357 253 427 292 ὑεῖς

357 332 490 366 tionem
513 325 765 372 nefariumqne
791 325 1022 362 concubitum
1039 325 1116 372 ipse
1139 325 1308 372 patefecit
1326 327 1431 363 alieni

357 402 400 428 ex
422 389 552 430 servis.
575 388 753 426 mandans
771 395 810 424 nt
825 389 972 426 invitam
993 389 1142 435 pelleret
1163 389 1293 434 domo,
1310 399 1354 426 ac
1373 400 1438 437 per

357 453 510 499 plateam
533 452 716 490 emitteret
741 452 960 489 clamantem
989 453 1278 500 plorantemque.
1301 452 1336 488 Id
1355 463 1436 490 eum

355 512 543 550 didicisset
562 513 756 559 Absalom,
784 513 830 551 ad
853 514 1040 561 prandium
1062 514 1192 551 fratres
1211 514 1336 551 invitat
1357 515 1438 550 uni—

357 585 496 618 versos,
517 575 611 612 inter
628 585 720 624 quos
745 581 782 612 et
807 581 992 623 stuprator
1015 576 1073 613 ille
1098 577 1260 613 sororins
1286 575 1437 618 aderat,

356 636 526 674 edentem
547 637 647 675 illum
676 649 756 674 cum
777 639 920 675 caneris
940 644 1048 686 atque
1067 638 1251 676 bibentem
1275 649 1338 685 per
1357 648 1438 675 ser-

359 711 426 738 vos
444 701 599 748 jugulat.
621 701 706 738 lnde
727 701 906 749 quispiam
925 711 1150 748 exsurgens,
1173 712 1239 738 nec
1259 701 1366 748 plene
1387 700 1438 738 rei

358 769 470 809 gestae
487 763 652 801 ordinem
675 773 830 801 noscens
849 765 896 800 ob
915 764 1105 801 tumultum
1123 793 1133 809 ,
1169 763 1244 811 regi
1279 769 1440 800 mortuos

359 836 489 863 omnes
504 826 598 863 illius
615 827 706 863 tilios
721 828 924 864 annuntiat.
935 827 1037 864 Tunc
1051 827 1112 865 ille
1125 827 1255 865 sedens
1273 827 1440 870 filiorum,

359 900 441 936 qua:
464 901 533 926 non
553 897 658 935 erat,
690 891 833 938 lugebat
860 891 1011 928 cmdem.
1033 891 1228 938 Postquam
1261 901 1336 926 rem
1359 900 1442 926 Vere

361 960 500 1000 gestam
539 955 664 997 norit,
703 955 778 992 lilio
811 955 956 1001 quidem
988 954 1242 990 interminatus
1270 959 1326 990 est
1352 963 1444 989 tuor-

363 1023 458 1058 tem;
479 1027 561 1053 cum
583 1027 668 1053 vero
686 1017 745 1053 ille
765 1016 962 1064 effugisset,
988 1022 1176 1060 totumque
1196 1015 1388 1052 triennium
1409 1015 1443 1051 in

363 1079 482 1116 aliena
503 1079 652 1117 vixisset
683 1081 848 1128 regione,
887 1087 961 1117 toto
981 1081 1042 1116 illo
1064 1087 1226 1128 tempore
1263 1090 1328 1116 rex
1360 1090 1442 1126 per-

366 1143 498 1180 mansit
520 1144 656 1180 iratus:
678 1150 716 1182 et
743 1151 893 1182 netunc
913 1144 1059 1192 quidem
1082 1145 1183 1182 illum
1203 1144 1419 1181 accersisset
1433 1172 1442 1187 ,

366 1205 434 1241 nisi
453 1215 536 1241 cum
558 1205 662 1242 ducis
679 1207 734 1242 sui
767 1206 944 1253 sapientia
966 1205 1141 1244 ﬂexisset.
1172 1205 1226 1242 Eo
1245 1212 1364 1242 :mtem
1385 1214 1446 1241 ac-

363 1267 512 1318 cersito.
537 1277 582 1304 ne
601 1268 654 1304 sic
673 1267 818 1315 quidem
839 1268 1017 1304 exstincta
1038 1273 1095 1304 est
1112 1267 1248 1304 doloris
1279 1267 1444 1311 ﬂamma,

364 1327 429 1366 sed
439 1329 530 1366 duos
540 1339 665 1367 rursus
673 1341 788 1368 annos
798 1330 898 1367 illum
911 1338 1061 1377 aspectu
1072 1330 1448 1376 removitsuo.vixque

365 1397 446 1437 post
459 1391 552 1428 adeo
572 1392 751 1438 prolixum
768 1399 913 1439 tempus
925 1403 948 1429 a
965 1392 1240 1430 duce'exoratus
1257 1392 1332 1428 suis
1347 1392 1447 1428 illum

363 1453 573 1499 aspectibus
605 1453 775 1500 dignatus
807 1460 875 1490 est.
900 1455 948 1490 At
968 1465 1055 1492 vero
1075 1454 1134 1491 ille
1167 1455 1294 1490 harum
1326 1465 1448 1490 rerum

365 1515 540 1551 memoria
563 1515 782 1563 indignatus,
801 1515 878 1553 sive
894 1516 984 1554 alias
1005 1515 1230 1565 tyrannidem
1249 1515 1422 1553 aﬂ'ectans
1438 1543 1448 1558 ,

365 1575 520 1624 insurgit
538 1577 573 1613 in
596 1583 762 1625 patrem,
799 1578 973 1626 illumque
1007 1577 1196 1614 rursusrad
1224 1577 1327 1625 fugas
1345 1587 1450 1614 erro-

365 1648 512 1686 resque,
535 1650 842 1688 quos-perpessns
862 1647 942 1676 erat
970 1639 1036 1676 sub
1055 1639 1140 1676 Saﬁl
1155 1667 1164 1683 ,
1183 1645 1357 1677 revocat:
1377 1638 1451 1674 imo

367 1701 418 1738 illi
439 1703 554 1738 mttlto
588 1703 778 1740 molestior
809 1715 851 1740 ea
872 1703 968 1751 fuga,
997 1714 1105 1750 quam
1125 1703 1225 1750 prior
1259 1702 1341 1739 fuit.
1360 1702 1450 1739 Nam

366 1761 466 1808 prius
485 1763 630 1808 quidem
647 1764 718 1800 dux
736 1775 816 1800 cum
832 1771 944 1810 esset,
967 1765 1033 1801 ista
1054 1773 1246 1811 perpessus
1263 1770 1339 1802 est:
1357 1773 1453 1801 nunc

367 1828 488 1859 autem
509 1833 590 1858 cum
610 1824 716 1860 annis
735 1823 899 1870 plurimis
919 1831 1130 1872 regnasset,
1164 1825 1360 1872 hOStesque
1377 1824 1453 1862 fere

369 1891 498 1919 omnes
519 1891 744 1930 superasset,
767 1885 924 1932 migrare
955 1885 1154 1932 cogebatur
1171 1912 1180 1928 ,
1216 1895 1258 1922 ac
1277 1885 1452 1934 profugus

371 1943 448 1981 fieri
468 1955 477 1980 :
499 1945 560 1992 qui
579 1951 700 1982 autent
724 1946 822 1983 illum
844 1947 1032 1994 profugum
1051 1947 1195 1995 agebat,
1219 1958 1291 1984 non
1311 1948 1454 1987 alienus

371 2005 552 2053 quispiam
569 2034 580 2051 ,
601 2007 680 2044 sive
703 2008 818 2044 hostis
835 2015 913 2044 erat
929 2036 939 2052 ,
975 2009 1039 2046 sed
1066 2010 1125 2057 qui
1144 2019 1187 2046 ex
1210 2009 1324 2056 ipsius
1342 2016 1454 2048 utero

372 2077 545 2114 egressus
563 2069 707 2115 fuerat,
736 2071 830 2106 sicut
857 2077 894 2107 et
913 2071 990 2118 ipse
1011 2071 1278 2109 larnentabatur
1307 2073 1456 2120 plorans

375 2129 440 2177 (2.
462 2130 549 2180 Reg.
578 2131 638 2168 16.
661 2133 700 2168 11
720 2131 750 2181 ).
781 2132 828 2168 Ει
847 2133 933 2168 olim
967 2133 1111 2180 quidem
1147 2144 1228 2171 cum
1251 2135 1286 2171 in
1313 2135 1456 2174 fervore

370 2199 468 2229 esset
477 2193 608 2237 aetatis,
622 2193 716 2230 ferre
731 2195 898 2232 universa
912 2194 1053 2232 fortiter
1060 2203 1213 2244 poterat;
1227 2208 1321 2236 nunc
1334 2205 1454 2236 autem

373 2253 436 2290 illo
459 2259 622 2302 tempore
635 2265 796 2300 emenso,
819 2258 964 2304 quando
979 2259 1175 2296 senectutis
1192 2270 1268 2296 sua:
1287 2261 1455 2298 solatium

373 2315 568 2352 scelestum
589 2315 691 2353 illum
712 2317 844 2355 habere
861 2318 1062 2366 debuerat,
1085 2327 1167 2358 tunc
1189 2322 1344 2360 maxime
1365 2323 1454 2360 insi-

375 2377 516 2414 diosum
535 2379 676 2427 sibique
705 2380 980 2418 infestiSsimum
1011 2383 1203 2420 sentiebat.
1233 2385 1456 2432 Egredieba-

375 2447 503 2488 turque
522 2453 602 2479 cum
626 2443 762 2490 paucis,
783 2445 934 2492 pedibus
953 2446 1059 2484 nudis
1073 2458 1150 2490 rex,
1172 2459 1212 2486 se
1232 2460 1304 2496 pra:
1321 2450 1458 2497 pudore

374 2506 574 2549 occultans,
608 2517 651 2544 ac
669 2508 849 2556 lacrymas
869 2509 1038 2547 fundens.
1056 2511 1194 2548 Bellum
1215 2512 1348 2560 quippe
1369 2513 1457 2551 illud

375 2580 445 2606 non
464 2571 682 2608 calamitatis
703 2579 862 2618 tantum,
883 2573 945 2610 Sed
965 2573 1188 2612 confusionis
1217 2587 1360 2624 quoque
1381 2587 1458 2614 ma-

377 2633 464 2669 teria
487 2633 535 2669 illi
557 2641 650 2670 erat.
673 2634 790 2671 Tanto
808 2636 903 2672 enim
924 2638 1207 2674 contumeliosus
1226 2649 1335 2686 quam
1355 2639 1456 2686 Sat‘tl,

375 2696 507 2743 impius
524 2696 617 2734 [ilius
631 2707 712 2734 cum
729 2697 834 2735 beato
849 2699 911 2735 illo
927 2705 1010 2736 tunc
1024 2700 1167 2747 agebat,
1189 2707 1226 2736 ut
1244 2702 1356 2748 patris
1369 2712 1463 2749 quo-

371 2769 442 2806 que
467 2759 690 2796 concubinas
718 2761 896 2805 violaret,
933 2761 1040 2808 idque
1069 2773 1139 2799 non
1171 2763 1290 2806 clam,
1325 2763 1388 2800 sed
1423 2764 1458 2800 in

374 2821 510 2859 solario
529 2823 679 2868 domus,
699 2823 904 2861 videntibus
924 2824 1106 2870 onmibus,
1141 2831 1180 2862 ut
1204 2825 1286 2873 jura
1319 2833 1458 2863 natura:

328 2935 335 2942 '
377 2884 544 2932 legesque
563 2886 778 2924 concubitus
797 2897 860 2934 per
881 2888 1044 2934 nimiam,
1066 2899 1136 2936 qua
1159 2889 1192 2925 in
1213 2896 1348 2937 patrem
1366 2890 1459 2928 fere-

377 2948 482 2986 batur
497 2976 508 2994 ,
529 2949 705 2986 insaniam
729 2958 974 2997 perverteret:
997 2959 1106 2999 atque
1125 2953 1284 2990 amentia
1317 2954 1455 2997 ebrius,

373 3012 468 3050 bello
483 3013 636 3050 necdum
653 3014 832 3059 confecto,
849 3015 948 3060 quasi
961 3015 1036 3062 jam
1051 3015 1212 3062 vicisset,
1228 3017 1460 3064 captivosque

375 3073 539 3112 duxisset
555 3075 798 3121 adversaries,
829 3077 897 3113 ista
918 3077 1076 3114 audebat
1093 3088 1136 3115 ac
1157 3089 1230 3125 pra:
1247 3089 1286 3115 se
1306 3079 1457 3116 ferebat.

376 3133 436 3172 Sic
458 3135 565 3183 igitur
595 3146 764 3175 mmsutm
785 3145 822 3175 et
843 3146 1062 3176 metuentem
1086 3140 1171 3178 Siba
1200 3151 1282 3178 cum
1303 3141 1460 3180 invenis-

373 3204 442 3240 set,
463 3200 618 3237 turbavit
633 3202 802 3248 amplius.
818 3203 1002 3240 dominum
1018 3205 1256 3243 calumniatus
1267 3217 1387 3252 suum,
1401 3218 1460 3245 as-

373 3268 572 3308 sercnsque
591 3263 690 3300 illum
713 3266 898 3312 tyrannice
916 3268 1064 3304 sentire.

425 3321 462 3358 9.
483 3322 572 3360 lluie
599 3327 775 3364 successit
797 3327 916 3366 Semei
934 3355 945 3373 ,
966 3329 1020 3366 vir
1038 3329 1185 3377 quidam
1207 3331 1404 3368 sceleratus
1423 3338 1460 3368 et

376 3383 552 3432 ingratus,
569 3388 840 3438 innumerisque
857 3392 956 3429 illum
973 3393 1114 3440 probris
1130 3395 1318 3441 respersit,
1338 3394 1460 3432 verbis

377 3447 515 3495 lapides
529 3450 753 3490 admiscens:
774 3453 958 3502 Egredere,
976 3456 1157 3504 inquiens,
1170 3457 1221 3493 vir
1230 3459 1456 3505 sanguinem,

375 3517 407 3547 et
427 3511 478 3548 uir
494 3523 653 3560 nequam.
675 3514 848 3554 Convertit
865 3518 900 3554 iu
919 3525 950 3556 te
967 3518 1137 3556 Dominus
1164 3531 1298 3556 omnem
1319 3521 1458 3568 sangui-

376 3585 452 3610 nem
471 3574 593 3613 domus
613 3575 716 3624 Sail,
734 3579 792 3626 qui
809 3582 960 3628 regnasti
977 3592 1040 3629 pro
1059 3592 1098 3618 eo
1127 3588 1159 3618 et
1179 3581 1272 3618 dedit
1291 3581 1459 3619 Dominus

375 3647 518 3685 regnum
535 3639 570 3676 in
590 3651 696 3678 manu
713 3641 876 3680 Absalom
895 3644 960 3690 ﬁlii
991 3645 1053 3688 tui,
1075 3645 1287 3692 ostenditque
1306 3645 1366 3681 tibi
1386 3657 1458 3680 ma-

375 3698 484 3736 litiam
501 3707 609 3746 tuam,
624 3703 704 3750 quia
719 3705 770 3742 vir
783 3707 1041 3754 sanguinum-es
1057 3712 1094 3742 tu
1108 3705 1159 3754 (2.
1175 3706 1261 3755 Reg.
1280 3707 1341 3745 16.
1357 3707 1390 3743 7.
1404 3705 1457 3755 8).

375 3759 440 3796 llis
470 3762 529 3800 ille
548 3765 679 3803 auditis
709 3773 818 3815 atque
851 3767 1012 3806 toleratis
1042 3767 1252 3806 tabescebat
1283 3769 1456 3816 quidem,

377 3823 472 3868 quod
487 3834 530 3861 ex
546 3825 634 3873 ipsis
652 3827 820 3868 lamentis
835 3830 1026 3868 manifeste
1039 3831 1309 3879 comprobatur,
1332 3842 1457 3869 verum

379 3880 466 3919 nihil
485 3885 575 3924 ultra
597 3887 717 3928 facere
733 3892 910 3937 audebat;
931 3891 994 3931 sed
1012 3903 1094 3931 cum
1121 3892 1273 3930 dixisset
1293 3892 1458 3931 :Dimitte

382 3945 482 3982 illum
509 3951 710 3990 maledicere
740 3957 848 3993 mihi:
881 3957 1048 3994 Dominus
1075 3958 1164 3994 enim
1193 3959 1279 3995 dixit
1312 3957 1382 3993 illi:
1413 3963 1452 3992 ut

838 249 876 285 S.
903 246 1092 285 JOANNIS
1118 247 1441 286 CHRYSOSTOMI
1465 247 1680 285 ARCHIEP.
1709 246 2065 285 CONSTANTINOP.
2448 253 2500 291 tat

1510 325 1622 362 uideat
1649 325 1876 362 humilitate»:
1902 335 2022 368 meum,
2051 324 2264 373 rctribuatque
2286 328 2357 364 mihi
2381 329 2504 370 Dominis

1508 388 1596 426 bona
1605 400 1668 435 pro
1683 387 1918 424 maledictione
1929 388 1994 423 diei
2005 387 2104 435 hujus
2120 386 2168 435 (ἓ.
2186 388 2264 437 Reg.
2273 386 2323 425 16.
2339 387 2440 436 10-ιῆ
2449 394 2503 432 ni-

1510 461 1590 486 vum
1611 450 1658 487 ab
1672 461 1712 486 se
1728 449 1828 486 abire
1849 449 2020 496 permisit.
2038 447 2104 495 Ipsi
2121 455 2231 485 autem
2245 449 2342 487 Chusi
2359 451 2506 490 adventum

1512 513 1800 560 praestolabatur,
1824 510 2066 558 sollicitusque
2083 521 2123 548 ac
2141 518 2284 549 tremens
2303 513 2347 549 rei
2360 524 2503 560 exspecta-

1513 576 1572 613 bat
1603 577 1754 614 exitum.
1777 575 1823 613 Ut
1840 582 1957 612 autem
1985 583 2021 611 et
2039 575 2101 611 ista
2120 576 2268 612 nuntiata
2294 582 2388 619 sunt,
2409 577 2507 614 bellum

1513 639 1770 684 instruebatur,
1787 638 1892 676 bellis
1905 637 2070 674 omnibus
2083 648 2160 684 qua:
2169 648 2321 685 umquam
2333 641 2510 685 contigerunt

1513 700 1749 745 insolentius,
1782 699 1962 748 zenigmati
1997 710 2101 746 quam
2139 700 2268 736 veritati
2295 700 2431 738 similius.
2446 702 2510 739 Eua:

1513 764 1609 801 enim
1626 765 1686 812 qui
1701 775 1808 800 causa
1825 763 1941 800 fuerat
1960 763 2128 800 malorum
2143 764 2303 808 omnium,
2319 765 2442 812 ejusque
2451 767 2510 803 belli

1516 833 1628 862 totam
1651 827 1838 862 materiam
1861 826 2058 873 prmbuerat
2074 852 2085 870 ,
2105 831 2139 863 et
2167 835 2234 872 quo
2251 832 2372 862 mortuo
2399 826 2511 863 adversa

1517 889 1638 925 omnia
1663 889 1880 925 finiebantur
1897 916 1906 932 ,
1927 898 2008 924 eum
2027 916 2036 932 ,
2058 888 2209 935 inquam,
2229 887 2362 925 ducibus
2376 889 2436 925 suis
2461 896 2512 925 tota

1517 951 1740 997 providentia
1755 958 1791 987 et
1807 959 1894 988 cura
1913 949 2194 995 commendabat,
2212 950 2271 986 ista
2289 951 2348 986 illis
2359 950 2462 997 jugitrr
2474 962 2514 987 rr-

1520 1013 1656 1059 plicans
1672 1025 1680 1048 :
1699 1012 1852 1056 Parcite,
1866 1012 1994 1055 aiebat,
2015 1012 2087 1058 ﬁlio
2103 1023 2173 1048 meo
2188 1011 2331 1048 Absalom
2344 1012 2406 1059 (Μ.
2424 1013 2465 1049 l8.
2477 1013 2513 1053 5).

1516 1075 1614 1121 Quid
1633 1075 1701 1112 hac
1718 1075 1946 1112 lnesitatione
1973 1080 2009 1110 et
2027 1074 2248 1120 ambiguitate
2275 1073 2434 1111 deterius?
2454 1074 2514 1120 quid

1518 1149 1561 1176 ea
1583 1138 1795 1175 difficultate
1816 1137 2088 1175 miserabilius?
2105 1136 2282 1184 Suscipere
2300 1136 2413 1173 bellum
2435 1145 2513 1182 coge-

1522 1201 1639 1245 batur,
1664 1200 1699 1236 in
1727 1211 1798 1248 quo
1816 1205 1854 1236 et
1871 1200 2016 1236 vincere
2035 1205 2071 1236 et
2093 1199 2181 1235 vinci
2199 1208 2293 1246 :eque
2311 1198 2354 1233 illi
2371 1197 2513 1233 molestum

1521 1268 1614 1300 erat.
1636 1262 1726 1300 Nam
1745 1272 1862 1309 neque
1889 1261 2048 1309 superari
2073 1261 2221 1303 volebat,
2241 1260 2294 1306 qui
2313 1266 2410 1295 tantas
2431 1258 2517 1304 capias

1519 1325 1712 1369 emiserat;
1742 1334 1860 1372 neque
1877 1334 2018 1360 rursum
2035 1332 2210 1370 superare,
2229 1321 2284 1369 qui
2297 1321 2368 1358 belli
2383 1326 2516 1356 auctorem

1523 1387 1646 1424 necari
1663 1387 1893 1434 prohibebat.
1915 1386 2046 1424 Verum
2061 1385 2210 1423 discreto
2223 1385 2318 1428 bello,
2335 1393 2370 1420 ac
2383 1384 2518 1429 linequettt

1523 1450 1634 1487 voluit
1652 1450 1747 1487 Deus
1764 1457 1988 1497 eonsequuto
2004 1477 2012 1492 ,
2033 1460 2074 1486 ac
2106 1447 2272 1496 parricida
2289 1447 2342 1483 illo
2361 1444 2514 1484 interfecto.

1524 1513 1673 1561 reliquis
1693 1514 1861 1550 omnibus
1875 1513 1920 1550 ein
1935 1513 2055 1550 laztitia
2072 1518 2107 1550 et
2121 1511 2244 1560 gaudio
2257 1509 2427 1558 agentibus,
2447 1507 2512 1543 solus

1511 1587 1584 1614 irex
1606 1572 1758 1625 lugebat
1789 1583 1825 1614 et
1855 1577 2130 1625 lacrymabatur,
2159 1584 2199 1612 ac
2215 1573 2357 1621 seipsum
2379 1570 2519 1608 includens

1512 1637 1732 1676 defunctum
1759 1637 2000 1686 compellabat
2033 1637 2138 1674 lilium
2155 1664 2165 1682 ,
2201 1635 2384 1682 ferebatque
2409 1632 2520 1680 graviter

1523 1701 1696 1749 quodpro
1710 1700 1773 1738 illo
1790 1701 1870 1748 ipse
1892 1710 1962 1738 non
1979 1696 2404 1744 occubuissenouisenim,
2427 1693 2519 1732 aiebat.

1519 1764 1608 1800 mihi
1625 1764 1713 1800 mori
1731 1775 1795 1811 pro
1812 1770 1845 1800 te
1861 1763 1967 1808 dabit,
1990 1761 2148 1799 ΛιιεαίοΜ
2176 1761 2225 1808 ﬁli
2251 1760 2294 1796 mi
2321 1757 2394 1806 (Μ.
2416 1767 2444 1792 υ.
2463 1753 2522 1799 33]?

1523 1825 1617 1871 Quid
1636 1827 1704 1864 hac
1723 1826 1926 1864 calamitate
1940 1825 2141 1874 perplexius
2159 1831 2314 1869 umquam
2324 1819 2453 1856 auditum
2465 1815 2522 1853 est?

1519 1888 1676 1934 Quando
1691 1887 1837 1926 fratrem
1856 1887 1917 1925 ille
1935 1892 2134 1932 necaverat,
2149 1885 2258 1934 ipsum
2275 1881 2443 1919 interﬁcere
2453 1887 2521 1924 quu-

1518 1950 1641 1996 :rebat;
1656 1949 1802 1998 quando
1815 1955 1933 1986 autem
1943 1955 2065 1986 contra
2081 1957 2120 1986 se
2137 1955 2279 1985 vesanus
2289 1943 2449 1984 ferebatur,
2462 1945 2519 1974 tunc

1526 2011 1599 2049 ﬁlio
1613 2012 1797 2060 parcebat.
1807 2012 1930 2060 Neque
1944 2011 2030 2050 ﬂere
2041 2011 2181 2060 quidem
2193 2009 2368 2047 destitisset
2377 2009 2522 2042 mortuum.

1527 2074 1594 2111 nisi
1611 2075 1646 2111 in
1667 2085 1816 2122 gressus
1831 2074 1922 2112 Joab
1939 2073 2178 2122 indignitatem
2195 2071 2242 2109 rei
2257 2069 2421 2117 argnisset,
2436 2075 2468 2101 ac
2481 2071 2524 2098 ve-

1527 2137 1736 2176 hementius
1748 2138 1937 2186 alloquens
1951 2138 2122 2176 erexisset
2133 2132 2478 2180 illum,exercitumque
2486 2124 2524 2162 de-

1526 2202 1622 2238 centi
1651 2201 1774 2239 habitu
1801 2203 1986 2250 suscipere
1998 2199 2246 2250 persmsisset.
2263 2196 2307 2232 Nc
2331 2199 2396 2230 tum
2419 2189 2524 2238 quidem

1526 2263 1649 2301 clade<
1669 2265 1749 2312 ejus
1769 2265 1875 2302 tinem
1894 2270 2122 2312 acceperunt,
2141 2261 2200 2298 sed
2219 2259 2322 2307 primo
2333 2255 2484 2292 adversum
2497 2258 2524 2284 ³⁸

1523 2328 1623 2364 versi
1666 2328 1700 2364 in
1730 2328 1943 2365 seditionem
1982 2327 2110 2364 milites
2145 2323 2304 2369 divisique
2331 2317 2526 2360 suut:postea

1523 2401 1616 2428 vero
1639 2401 1746 2438 quam
1773 2391 1830 2428 vix
1853 2397 1890 2428 et
1914 2401 1980 2440 per
2005 2399 2160 2428 summas
2189 2383 2357 2423 blanditias
2373 2379 2527 2440 cessarunt:

1528 2452 1732 2490 resilientes
1750 2463 1874 2490 rursus
1888 2453 2117 2490 adhaeserunt
2137 2448 2256 2490 Saber‘.
2271 2444 2438 2487 ιπεηυηπῐυθ
2453 2432 2526 2473 ³¹ί¹¹δ

1529 2515 1678 2552 conﬂari
1690 2515 1812 2562 erepit,
1827 2526 1907 2552 cum
1921 2514 2038 2551 adhuc
2046 2511 2171 2560 prioris
2181 2507 2325 2556 reliquiae
2335 2502 2526 2542 remanerent.

1529 2577 1666 2623 Quibus
1695 2578 1805 2616 rebus
1831 2577 2060 2626 perturbatus
2079 2573 2200 2618 David,
2235 2569 2354 2608 coactis
2380 2563 2529 2610 colilis'eas

1529 2650 1610 2676 eum
1623 2641 1775 2677 ducibus
1788 2641 1904 2677 misit:
1916 2639 2006 2678 Joab
2017 2645 2132 2676 autem
2152 2643 2187 2674 et
2203 2645 2242 2672 ex
2261 2633 2319 2669 hoc
2333 2627 2412 2665 bello
2423 2627 2528 2672 peracta

1531 2702 1680 2739 victoria
1690 2712 1762 2738 non
1784 2703 1947 2748 permisit
1961 2701 2118 2738 victoria
2128 2697 2326 2744 voluptatem
2334 2691 2400 2728 sine
2415 2690 2530 2756 tnme

1533 2766 1758 2813 contingere.
1775 2765 1938 2814 Namque
1953 2765 2080 2803 ducem
2104 2772 2169 2800 una
2190 2767 2301 2798 secum
2325 2754 2528 2814 constitutum.

1533 2829 1592 2874 qui
1612 2811 1759 2865 omnem
1781 2811 1953 2876 populum
1973 2827 2174 2874 subjecerat
2199 2818 2334 2860 Davidi,
2352 2811 2528 2877 innare-Mel:

1533 2873 1570 2927 et
1587 2891 1646 2937 qui
1663 2891 1698 2926 in
1717 2873 1815 2927 nullo
1831 2873 1874 2928 se
1893 2873 2058 2934 lmserati;
2086 2885 2224 2925 invidi:e
2251 2877 2387 2918 stimulis
2417 2873 2530 2939 δεξιθίξξξ

1533 2930 1677 2990 occidit.
1698 2953 1786 2998 Qua:
1815 2963 1874 2990 res
1895 2953 1943 2989 ita
1960 2930 2078 3000 gravis
2105 2959 2146 2986 ac
2165 2945 2305 2984 molesta
2334 2939 2391 2976 fuit
2406 2931 2483 3000 regi.

1535 3015 1608 3052 tilio
1633 3016 1794 3052 moriens
1820 3015 2002 3052 mandarit
2027 3013 2182 3050 Amessa:
2209 3003 2396 3052 sanguinem
2426 2994 2528 3030 uchSCI-

1535 3077 1640 3124 Quod
1661 3087 1748 3114 vero
1766 3078 1872 3125 longe
1891 3077 2035 3126 gravius
2054 3080 2128 3117 est,
2153 3073 2197 3109 ita
2213 3068 2346 3106 affectus
2363 3059 2531 3126 neque

1533 3141 1626 3178 roris
1646 3140 1700 3177 sui
1722 3117 1869 3176 causam
1891 3117 2020 3176 dicere
2045 3135 2217 3176 audebat,
2237 3140 2277 3167 e0
2299 3122 2382 3174 fl"0d
2401 3117 2532 3180 “Vm,”

1535 3204 1724 3240 innumera
1744 3201 1970 3240 incommoda
1995 3201 2068 3249 jam
2097 3197 2288 3235 obluctatus
2315 3189 2406 3226 essel-

1533 3273 1614 3312 Post
1644 3265 1820 3302 bellorum
1855 3243 2030 3301 tumultus
2062 3262 2170 3299 fames
2213 3259 2362 3293 cunctam
2393 3243 2531 3312 resiluit:Il

1531 3305 1690 3374 excepit,
1708 3333 1744 3364 et
1760 3337 1843 3364 cum
1863 3328 1940 3374 ejus
1959 3326 2043 3363 mali
2061 3322 2266 3362 solutionem
2283 3305 2533 3374 qua‘rerttbfi‘igfi

1532 3367 1638 3427 batur
1659 3367 1752 3427 ﬂlios
1769 3389 1855 3427 Saftl
1873 3367 1917 3427 ad
1939 3394 2088 3426 mortem
2110 3382 2258 3452 tradere:
2277 3367 2532 3452 Quippejtnoncacf"

1531 3453 1622 3491 leste
1639 3455 1824 3490 oraculum
1846 3451 2097 3500 percipiebat:
2115 3455 2212 3492 super
2227 3439 2320 3482 Sail.

1530 3527 1635 3564 super
1659 3516 1799 3552 domum
1823 3489 1897 3564 eius
1915 3516 1986 3552 hara
2002 3509 2186 3561 injustitia,
2215 3515 2250 3578 eq
2269 3497 2350 3569 quod
2367 3489 2533 3578 (ξξθῗῑὲᾗ

1530 3555 1632 3617 mare
1664 3555 1849 3617 addixerit.
1871 3578 1956 3628 (Id.
1989 3555 2048 3613 2ιῖ
2069 3575 2127 3642 1):
2150 3555 2534 3642 paeda-si

1529 3649 1702 3691 quantum
1747 3643 1867 3681 Saulis
1910 3645 2060 3678 mortem
2103 3629 2298 3706 deﬂexerit.

1529 3674 1614 3752 fluid
1631 3711 1705 3742 tum
1720 3715 1863 3754 quoilue
1884 3713 2008 3752 passus
2021 3700 2078 3742 sit,
2095 3707 2173 3768 qum
2191 3674 2534 3768 ﬁlios

1530 3741 1629 3804 uitis.
1651 3741 1820 3804 Attamen
1845 3741 2186 3802 et'tsta‘tolerabat,
2207 3741 2534 3823 utteriuﬁ‘lfffﬁﬂ:

1531 3834 1626 3866 tates
1651 3829 1908 3876 procedebant.
1929 3825 2015 3863 Nam
2037 3827 2116 3870 post
2137 3818 2258 3884 tamen!

1529 3894 1623 3930 rexit
1640 3863 1768 3940 prestis,
1783 3890 2060 3934 eecideruntque
2073 3883 2108 3920 in
2122 3877 2262 3950 dimidii.)

1529 3924 1832 4004 milliarvirorum,
1854 3950 1997 4001 quando
2013 3941 2208 3986 miseranda
2223 3937 2279 3977 illa
2297 3929 2392 3970 verba
2407 3924 2484 3968 lottlll

2323 4263 2662 4328 ...ι-Δ
