2726 4358
241 253 308 290 illi

241 332 298 365 est
324 337 401 363 rex.
423 326 510 364 Cum
533 327 627 364 enim
645 326 796 363 vidisset
815 326 979 374 angelum
999 326 1198 363 districtum
1226 325 1306 372 gla-

240 388 545 430 diumtenentem,
561 387 712 424 diccbat:
731 386 819 422 Ecce
830 398 890 434 ego
905 394 1020 434 pastor
1033 384 1179 434 peccavi,
1199 391 1306 432 dego

245 457 361 496 pastor
379 449 466 484 male
486 449 549 496 feri
566 460 578 484 :
592 449 648 484 isti
661 449 718 496 qui
737 455 815 484 sunt
828 459 910 496 gres:
923 476 933 492 ,
955 447 1035 495 quid
1053 447 1233 496 fecerunt?
1253 447 1308 483 Sit

239 511 274 546 in
287 521 339 546 me
351 522 469 546 atauus
481 516 550 553 tua,
565 511 640 546 etin
651 511 786 546 domum
801 511 906 557 patris
919 511 981 545 mei
992 509 1048 557 (Ξ.
1056 508 1139 556 Reg.
1153 507 1214 544 24.
1231 508 1314 554 17).

241 571 398 617 Denique
416 571 526 616 ipsius
537 581 662 608 omnes
675 581 852 608 aerumnas
871 571 1071 617 diligentius
1085 568 1304 607 enumerare

242 631 411 679 possibile
426 643 494 668 tton
511 639 586 668 est:
605 642 718 679 neque
735 633 828 668 enim
844 641 968 668 omnes
981 631 1191 678 conscriptae
1211 636 1306 674 sunt,

240 705 362 730 verum
385 705 428 730 ex
449 695 558 741 ipsius
577 695 739 731 lamentis
757 700 793 730 et
810 693 1000 739 gemitibus
1016 703 1204 740 possumus
1220 703 1307 729 con-

240 755 352 800 jicere
372 755 613 791 calamitatum
629 765 770 802 quoque
785 755 997 791 omissarnm
1013 753 1306 800 magnitudinem,

240 823 348 862 utque
359 816 476 862 justus
489 816 546 852 ille
559 826 750 862 numquam
773 815 940 862 plangere
953 826 994 852 ac
1008 816 1130 852 dolere
1147 815 1306 852 desierit.

238 877 328 922 Quid
349 877 443 914 enim
475 877 533 914 ille
565 878 639 914 ait?
658 877 741 914 [)ies
761 888 930 912 annorum
955 883 1148 912 nostrorum
1167 876 1202 912 in
1221 877 1305 923 ipsis

240 941 448 988 septuaginta
472 940 628 977 anni:si
659 947 770 976 autem
795 941 830 976 in
861 939 1106 986 potentatibus,
1139 940 1309 987 octoginta

239 1002 321 1036 anni
335 1029 344 1045 ,
376 1009 406 1037 et
432 1003 578 1050 amplius
598 1013 714 1038 eorum
742 1001 838 1038 labor
865 1009 896 1038 et
915 1001 1013 1038 dolor
1033 1001 1112 1048 (Ps.
1135 1001 1194 1038 89.
1219 1002 1304 1050 10).

238 1062 300 1099 Sin
322 1073 405 1100 vero
437 1069 472 1100 tu
493 1064 628 1100 dixeris
653 1074 716 1110 per
745 1063 822 1100 lucc
849 1063 947 1099 illum
975 1063 1086 1100 verba
1113 1073 1182 1100 non
1203 1073 1306 1100 suam

237 1124 369 1168 solum,
390 1125 451 1161 sed
471 1135 696 1161 communem
713 1126 820 1161 vitam
842 1125 1000 1160 omnium
1017 1123 1306 1172 reprehendisse,

237 1186 316 1232 plus
330 1187 462 1234 aliquid
477 1197 583 1234 quam
599 1197 664 1234 ego
679 1186 785 1223 velim
799 1185 1228 1232 concedis,.plurimisque
1241 1195 1308 1221 nos

236 1249 488 1285 controversiis
501 1249 642 1290 liberas,
657 1249 733 1294 ipse
743 1248 971 1284 consentiens
983 1259 1052 1284 non
1067 1248 1160 1284 illius
1173 1247 1306 1292 solum,

235 1309 297 1346 sed
315 1321 360 1346 ne
379 1309 525 1346 alterius
540 1309 682 1356 quidem
699 1309 908 1356 cujusquam
925 1309 1033 1345 vitam
1053 1309 1204 1344 inveniri
1220 1317 1306 1354 pos-

235 1381 296 1414 se,
319 1373 420 1417 cujus
435 1382 504 1406 non
527 1371 640 1408 multo
657 1371 730 1407 sint
755 1370 855 1417 plura
877 1371 989 1406 tristia
1006 1380 1112 1416 quam
1127 1369 1300 1417 jucunda.

235 1431 418 1478 Siquidem
438 1431 510 1475 illc,
532 1438 570 1468 ut
588 1439 623 1468 tu
642 1441 786 1479 quoque
815 1431 884 1468 rite
902 1431 1108 1475 conﬁteris,
1130 1441 1201 1468 non
1222 1441 1308 1470 suas

239 1494 355 1529 solum
377 1494 599 1530 calamitates
615 1521 624 1537 ,
646 1493 714 1530 sed
731 1493 883 1530 aliorum
903 1503 1046 1540 quoque
1063 1493 1098 1529 in
1116 1501 1307 1529 commune

234 1554 482 1598 considerans,
505 1555 552 1591 ita
571 1555 716 1592 demum
734 1554 826 1591 hanc
843 1555 1063 1591 sententiam
1083 1553 1164 1590 tulit
1181 1552 1306 1590 eadem

235 1625 314 1662 qu:c
341 1615 539 1661 patriarcha
565 1615 730 1662 loquutus
748 1643 756 1656 ,
791 1615 857 1652 nisi
877 1615 971 1662 quod
993 1615 1061 1651 iste
1081 1614 1206 1660 majori
1225 1623 1307 1650 cum

236 1675 478 1712 vehementia.
497 1677 610 1721 Quam
627 1677 722 1713 enim
737 1677 796 1713 ille
813 1676 857 1714 de
874 1682 990 1724 parte,
1009 1676 1068 1712 hic
1083 1675 1128 1712 de
1142 1675 1308 1712 omnibus

236 1738 397 1784 protulit.
421 1738 548 1774 Aiebat
565 1739 636 1782 ille,
661 1737 765 1775 Parvi
784 1745 815 1774 et
833 1739 916 1774 ntali
929 1744 1005 1774 sunt
1023 1738 1094 1774 dies
1115 1737 1179 1774 mei
1194 1736 1206 1784 (
1218 1735 1306 1774 Gen.

235 1799 294 1834 47.
317 1798 364 1845 9)
383 1811 392 1834 :
425 1799 482 1836 hic
501 1805 618 1836 autem
636 1827 646 1844 ,
668 1799 751 1836 Dies
779 1811 946 1836 annorum
962 1807 1153 1837 nostrorum
1171 1799 1207 1834 in
1225 1799 1322 1846 ipsis.

235 1861 450 1908 septuaginta
471 1862 578 1897 anni:
597 1861 665 1898 hoc
683 1868 752 1907 est,
773 1863 930 1899 omnium
950 1861 1158 1906 hominum;
1179 1867 1209 1898 et
1229 1871 1304 1898 am-

233 1923 323 1970 plius
339 1935 452 1959 eorum
474 1924 568 1960 labor
585 1931 616 1962 et
643 1925 753 1961 dolor.

282 1984 340 2021 l0.
370 1985 497 2021 Verum
529 1985 622 2022 enim
643 1997 728 2024 vero
750 1987 839 2032 lucc,
876 1987 1020 2032 ttt’dixi,
1051 1987 1114 2025 tibi
1144 1987 1300 2034 diligens

232 2047 302 2084 tius
323 2049 357 2084 in
379 2049 450 2084 otio
471 2049 707 2086 examinanda
726 2050 933 2096 relinquens
953 2060 1020 2097 ego
1035 2049 1081 2086 ad
1108 2049 1304 2097 prophetas

182 2105 185 2116 ⁵
233 2110 372 2146 veniam
405 2111 560 2156 reliquos
589 2123 599 2147 :
628 2111 771 2147 tametsi
799 2121 974 2158 nusquam
993 2110 1102 2146 vitam
1127 2120 1228 2147 suam
1252 2110 1304 2146 illi

232 2173 334 2209 nobis
365 2173 608 2219 conscriptam
634 2173 885 2219 reliquerunt,
911 2172 958 2209 ob
983 2173 1158 2209 malorum
1185 2178 1304 2208 tamen

231 2244 314 2280 quae
349 2234 428 2270 illos
457 2240 714 2280 oppresserttnt
748 2234 1029 2280 magnitudinem
1065 2233 1121 2270 vel
1155 2243 1200 2270 ex
1233 2243 1304 2270 uno

233 2296 342 2332 verbo
369 2306 513 2332 omnem
545 2296 623 2332 illos
651 2296 759 2332 vitam
789 2296 824 2332 in
853 2296 1048 2340 laboribus,
1078 2295 1252 2332 aerumnis
1269 2300 1306 2332 et

231 2358 414 2395 doloribus
451 2359 568 2406 egisse
602 2369 684 2395 reor
720 2357 862 2395 ostendi
893 2368 1012 2405 posse.
1053 2359 1104 2394 Ac
1134 2358 1302 2404 primum,

231 2421 326 2467 quod
361 2431 552 2457 commune
581 2421 650 2458 illis
677 2421 844 2458 omnibus
865 2419 944 2465 fuit,
968 2419 1068 2462 torti,
1093 2419 1304 2456 verberibus

231 2482 364 2525 allecti,
385 2483 487 2526 secti,
522 2482 701 2529 lapidibus
721 2481 854 2526 obruti,
875 2481 1080 2518 carceribus
1106 2480 1246 2523 inclusi,
1266 2479 1309 2517 in

231 2543 410 2579 occisione
430 2543 535 2590 gladii
557 2543 766 2588 morientes,
797 2543 1062 2580 circumeuntes
1094 2543 1129 2578 in
1161 2541 1303 2578 melotis

233 2612 269 2642 et
288 2605 438 2652 pellibus
463 2605 634 2652 caprinis,
663 2611 810 2652 egentes
837 2610 874 2642 et
897 2603 1010 2652 pressi
1034 2609 1070 2640 et
1099 2603 1220 2640 afﬂicti
1241 2613 1306 2650 per

232 2677 374 2704 Omnem
411 2668 518 2704 \‘ilam
555 2669 784 2714 perstiterunt
808 2668 912 2716 (Heb.
943 2669 999 2704 tl.
1020 2667 1096 2717 57).
1133 2667 1189 2704 Ad
1226 2667 1304 2704 hmo

231 2731 338 2767 aliam
357 2741 498 2778 quoque
525 2731 690 2768 mmroris
713 2731 950 2778 adjectionem
982 2731 1049 2768 bac
1077 2731 1301 2768 acerbiorem

233 2794 406 2839 habuere,
425 2793 527 2841 quod
547 2794 689 2830 illorum
722 2794 932 2842 nequitiam,
951 2795 1010 2842 qui
1033 2805 1074 2832 se
1101 2795 1149 2830 ita
1167 2794 1302 2831 afﬁcie-

233 2856 333 2900 bant,
354 2867 498 2903 semper
514 2856 558 2893 ad
573 2856 752 2894 deteriora
771 2857 936 2905 progredi
962 2858 1212 2896 intuerentur:
1231 2867 1300 2904 qua

230 2928 272 2954 ex
304 2929 342 2954 re
363 2917 468 2965 longe
485 2917 567 2965 plus
593 2929 699 2966 quam
730 2929 774 2955 ex
805 2919 974 2956 aerumnis
991 2919 1228 2967 angebantur.
1258 2919 1302 2956 Et

229 2979 319 3016 alius
339 2979 483 3027 quidem
507 2981 626 3017 aiebat
647 2993 656 3017 :
677 2979 876 3017 Baseeratio
895 2988 926 3018 et
949 2982 1163 3018 mendacium
1179 2989 1209 3018 et
1226 2985 1300 3030 [ur-

230 3047 300 3077 tum
317 3048 350 3078 et
365 3042 571 3080 adulterium
589 3049 619 3080 et
640 3043 859 3079 homicidium
875 3043 982 3088 effusa
999 3052 1077 3081 sunt
1094 3045 1130 3081 in
1145 3051 1248 3088 terra,
1269 3051 1301 3082 et

229 3104 424 3150 sanguinem
450 3116 555 3152 super
584 3106 793 3152 sanguinem
813 3105 999 3143 admiscent
1018 3106 1124 3154 (Osee
1164 3107 1200 3143 4.
1234 3107 1298 3154 2);

231 3177 296 3210 per
320 3167 395 3204 haec
411 3169 516 3206 verba
537 3170 681 3206 malitiae
702 3169 882 3207 licentiam
903 3172 1246 3219 perplexitatemque
1263 3175 1300 3208 et

229 3228 368 3274 copiam
393 3231 494 3268 nobis
514 3231 713 3268 insinuans.
736 3233 838 3269 Alius
857 3244 980 3270 rursus
999 3234 1178 3272 clamabat
1197 3247 1207 3271 :
1236 3233 1298 3270 Vw

229 3290 336 3332 mihi,
371 3293 448 3337 quia
474 3295 585 3342 factus
613 3307 688 3332 sum
713 3295 798 3332 sicut
829 3297 886 3343 qui
913 3298 1042 3346 colligit
1069 3299 1231 3346 stipulam
1261 3300 1296 3336 iu

229 3363 348 3396 messe,
375 3363 405 3389 et
425 3354 510 3392 sicut
534 3368 706 3393 racemum
722 3358 758 3394 in
785 3357 966 3403 vindmia,
996 3371 1072 3396 cum
1097 3371 1166 3398 non
1184 3361 1298 3397 adsint

229 3415 316 3451 bom‘
333 3415 456 3462 (Mielt.
477 3418 511 3453 7.
534 3418 592 3466 l)‘;
613 3431 675 3466 per
692 3420 769 3458 inec
787 3413 969 3458 raritatem
989 3422 1162 3460 bonomm
1181 3423 1298 3462 homi-

230 3487 312 3513 num
335 3477 539 3524 deplorans.
553 3480 638 3518 ltcm
653 3483 744 3520 alius
757 3484 825 3520 alia
845 3483 972 3520 similia
990 3486 1162 3532 queritur.
1181 3487 1295 3525 Porro

227 3541 411 3587 caprarius
430 3541 490 3578 ille
519 3553 588 3579 non
607 3555 729 3582 eorum
749 3547 832 3582 vitia
852 3545 997 3594 lugebat
1023 3547 1152 3592 solum,
1168 3559 1293 3586 verum

229 3601 308 3652 plus
327 3601 362 3637 in
383 3602 524 3639 illorum
547 3604 822 3652 calamitatibus,
845 3618 950 3655 quam
972 3608 1007 3644 in
1031 3609 1106 3646 suis
1126 3611 1294 3648 tentatio-

228 3663 332 3698 nil-ns
352 3664 540 3710 maerebat,
568 3675 610 3702 ac
628 3667 736 3704 Deum
755 3668 980 3714 obsecrabat,
1000 3670 1147 3709 dicens:
1167 3672 1294 3721 Propi-

229 3724 294 3760 tius
323 3730 406 3768 esto,
428 3725 596 3770 Domine;
614 3729 687 3774 quis
705 3729 878 3766 suscitabit
893 3729 1018 3776 Iacob,
1036 3733 1116 3781 quia
1132 3736 1294 3780 paruulus

228 3787 301 3823 est?
312 3786 480 3824 Pumileat
500 3795 543 3833 te,
564 3789 718 3836 Domine,
735 3803 836 3840 super
849 3793 910 3830 hoc
925 3793 1055 3841 (Amos.
1075 3797 1109 3833 ’1,
1125 3798 1162 3834 2.
1177 3798 1230 3847 6).
1250 3799 1294 3836 Ει

229 3861 274 3888 ne
305 3851 356 3888 sic
376 3852 518 3900 quidem
549 3863 693 3900 precum
719 3866 863 3893 suarum
894 3857 1022 3896 ell‘ectu
1055 3861 1184 3908 potitus
1213 3868 1290 3906 est;

231 3911 318 3953 dixit
341 3913 450 3958 enim,
469 3913 512 3950 Et
525 3926 592 3952 non
609 3915 776 3961 ﬁet,dieit
793 3915 962 3957 Dominus
975 3920 1188 3971 (Ib.).lsaias
1205 3935 1290 3963 vero

812 249 872 286 AD
896 247 1142 287 STAGIRIUM
1169 249 1195 285 A
1226 246 1427 285 ΒιΕΜΟΝΕ
1455 248 1692 289 VEXATUM.
1723 251 1810 289 LIB.
1837 251 1894 289 Ill.

2375 256 2446 294 486

1383 335 1462 360 cum
1483 325 1640 363 audisset
1659 327 1739 374 quia
1760 327 1901 365 deserta
1921 329 1990 366 erit
2015 339 2132 367 omnis
2159 336 2266 376 terra,
2288 341 2334 369 ne
2355 343 2442 369 con-

1382 385 1490 421 solari
1517 387 1660 433 quidem
1689 388 1813 433 voluit,
1852 389 1914 426 sed
1941 389 2082 428 assidue
2105 391 2262 438 lugebat,
2295 393 2416 430 dicens
2436 404 2448 428 ι

1382 445 1550 484 Dimittite
1574 459 1640 492 me,
1661 461 1776 486 amare
1800 449 1914 497 ﬂebo;
1939 451 2042 487 nolite
2068 453 2281 496 contendere,
2304 461 2341 489 ut
2359 464 2449 488 con-

1383 510 1605 547 soleminime
1619 510 1721 559 (Isai.
1735 512 1794 548 22.
1817 511 1870 561 «1).
1891 512 2059 550 Ieremia:
2081 521 2198 552 autem
2217 514 2449 552 lamentatio-

1381 579 1444 605 nes
1465 577 1501 607 et
1528 581 1691 608 seorsum
1715 573 1952 620 conscriptas,
1971 581 2008 611 et
2035 585 2100 622 per
2125 585 2269 613 omnem
2289 576 2446 624 prophe-

1381 631 1465 667 tiam
1480 632 1674 679 dispersas,
1687 645 1731 672 ac
1745 636 1873 682 partim
1889 636 1933 673 de
1949 637 2104 682 civitate,
2121 639 2250 685 partim
2269 639 2314 676 de
2328 639 2447 686 seipso

1380 694 1610 738 compositas,
1638 696 1719 742 quis
1749 696 1860 742 possit
1890 698 1968 734 sine
1988 698 2154 746 lacrytnis
2183 699 2328 747 legere?
2357 699 2446 736 Nam

1379 763 1474 790 nunc
1493 755 1636 802 quidem
1655 757 1774 793 aiebat
1793 770 1802 794 :
1824 757 1909 802 Quis
1926 760 2018 796 dabit
2038 761 2140 808 capiti
2161 772 2234 797 meo
2259 773 2396 808 aquam,
2415 769 2447 798 et

1379 814 1486 851 oculis
1517 817 1598 853 meis
1618 817 1744 864 fontem
1765 819 2009 866 lacrymarum,
2043 829 2074 857 et
2100 823 2261 870 plangant
2282 823 2447 870 populum

1378 879 1480 914 istum
1495 878 1550 914 die
1566 891 1606 924 ac
1626 887 1723 916 nocte
1743 881 1830 928 (Jer.
1853 883 1888 920 9.
1911 883 1945 930 l)
1963 883 1978 919 ?
1999 894 2093 920 nunc
2112 892 2231 920 autem
2249 897 2256 920 :
2277 885 2361 930 Quis
2381 885 2447 921 da-

1379 940 1426 976 bit
1453 941 1536 977 milti
1559 942 1594 978 in
1621 942 1752 979 deserto
1777 945 1988 981 mansionem
2018 952 2216 989 extremam,
2247 954 2277 983 et
2303 947 2449 983 derelin-

1377 1011 1479 1048 quam
1501 1003 1666 1050 populum
1685 1004 1802 1048 istaut,
1822 1011 1852 1040 et
1872 1005 2026 1040 recedam
2053 1005 2093 1042 ab
2113 1007 2190 1042 eis?
2207 1005 2334 1043 Omnes
2358 1007 2447 1043 enim

1379 1061 1525 1098 adulteri
1541 1069 1621 1098 sunt
1641 1063 1750 1110 (Ibid.
1773 1075 1806 1100 υ.
1821 1064 1874 1112 2).
1891 1066 2166 1114 Nonnumquam
2187 1079 2270 1104 vero
2289 1079 2448 1106 maerens

1379 1123 1556 1160 clamabat
1575 1135 1585 1160 :
1614 1125 1672 1160 Va:
1692 1126 1788 1170 mihi,
1807 1134 1926 1171 mater,
1943 1134 1979 1163 ut
1992 1129 2074 1173 quid
2092 1139 2144 1164 me
2159 1129 2305 1176 genuisti
2323 1130 2446 1173 virum,

1379 1183 1438 1230 qui
1462 1183 1646 1230 discernat,
1685 1192 1718 1222 et
1739 1185 1902 1234 dijudicet
1929 1188 2022 1223 omni
2042 1194 2141 1224 terra:
2159 1188 2233 1235 (Id.
2263 1189 2322 1226 15.
2356 1189 2448 1236 £0)?

1378 1245 1582 1293 Aliquando
1609 1247 1680 1284 diei
1711 1249 2147 1296 quoquenativitatissuae
2176 1251 2372 1295 maledixit,
2394 1252 2449 1288 di-

1379 1317 1466 1344 cens
1481 1319 1491 1344 :
1512 1307 1698 1345 Maledicta
1716 1310 1789 1347 dies
1801 1339 1812 1356 ,
1831 1311 1867 1347 in
1885 1321 1953 1359 qua
1968 1319 2067 1348 natus
2085 1323 2161 1348 sum
2180 1313 2216 1349 in
2236 1325 2276 1350 ea
2293 1313 2367 1362 (Id.
2383 1313 2446 1350 20.

1381 1369 1456 1414 14).
1487 1368 1558 1406 Sed
1579 1371 1725 1408 etcmni
1744 1371 1857 1416 lacus,
1885 1379 1921 1410 et
1949 1373 2172 1410 vinculorum
2193 1384 2385 1421 pressura},
2415 1382 2451 1412 et

1378 1429 1542 1476 verbera,
1571 1437 1608 1468 et
1629 1432 1782 1477 insidiae,
1805 1433 2060 1482 irrisionesque
2079 1442 2262 1482 perpetua:
2282 1436 2329 1474 ita
2350 1437 2450 1474 illum

1379 1494 1649 1538 excruciabant,
1681 1501 1718 1532 ut
1736 1495 1810 1542 jam
1831 1506 1922 1543 pene
1951 1497 2173 1544 desperaret.
2202 1498 2292 1544 Quid
2313 1507 2449 1541 autem,

1379 1555 1522 1600 quando
1539 1561 1641 1602 capta
1660 1557 1749 1593 urbe
1767 1548 1992 1611 providentia
2019 1565 2056 1595 et
2077 1559 2212 1596 honore
2241 1569 2262 1596 a
2289 1560 2450 1598 barbaris

1379 1614 1546 1662 dignatus
1580 1617 1662 1653 est?
1689 1629 1777 1654 num
1805 1618 1874 1654 ista
1907 1619 2107 1656 sentiebat?
2141 1620 2216 1656 lmo
2250 1632 2336 1658 vero
2367 1627 2451 1658 tunc

1379 1677 1534 1714 maxime
1561 1680 1682 1714 a'mara
1713 1679 1772 1714 illa
1791 1679 1947 1716 lamenta
1971 1682 2197 1728 conscripsit,
2230 1690 2392 1718 mortuos
2415 1690 2452 1719 et

1378 1737 1551 1776 abeuntes
1569 1739 1707 1786 lugens.
1730 1740 1852 1788 Neque
1873 1743 2011 1778 minora
2030 1743 2080 1778 illi
2100 1744 2274 1780 visasunt
2293 1755 2450 1791 sequen-

1379 1800 1426 1835 tia
1449 1800 1541 1836 tnala
1560 1796 1762 1847 prseteritis,
1791 1813 1872 1839 cum
1895 1804 1918 1839 ii
1949 1806 2008 1851 qui
2035 1815 2088 1840 ex.
2109 1805 2203 1842 bello
2225 1806 2352 1853 reliqui
2373 1806 2451 1844 lue-

1379 1868 1462 1898 rant
1491 1873 1614 1899 rursus
1643 1874 1708 1910 per
1731 1874 1796 1901 sua
1821 1865 1958 1902 scelera
1991 1866 2102 1903 Deum
2135 1867 2331 1904 irritarent.
2361 1866 2450 1904 Cum

1379 1925 1474 1962 enim
1493 1926 1639 1972 polliciti
1659 1933 1780 1964 essent
1799 1937 1838 1964 se
1853 1927 1902 1964 illi
1923 1929 2122 1974 pcromnia
2137 1929 2448 1977 obtemperaturos

1379 1985 1540 2033 nihilque
1568 1986 1820 2032 relnctaturos,
1849 1989 1884 2025 in
1916 1988 2112 2037 [Egyptum
2143 1991 2450 2028 rursusdescen-

1377 2045 1520 2091 derunt,
1543 2048 1690 2085 oraculo
1704 2050 1883 2087 contraria
1903 2051 2145 2098 praecipiente,
2167 2052 2450 2101 prophetatnque

1376 2117 1500 2145 secum
1516 2108 1754 2155 deduxerunt,
1777 2121 1820 2148 ac
1837 2121 1900 2158 per
1918 2122 2020 2150 suam
2039 2113 2328 2160 ingratitudinem
2348 2115 2447 2152 illum

1377 2169 1444 2206 sibi
1463 2171 1568 2218 longe
1594 2172 1758 2218 graviora
1786 2173 1966 2221 prioribus
1983 2174 2104 2212 dicere
2121 2181 2230 2223 atque
2255 2175 2448 2224 imprecari

1375 2240 1585 2280 coegerunt.
1607 2233 1701 2280 Quid
1727 2246 1814 2273 vero
1833 2237 2028 2274 Ezechiel?
2051 2237 2134 2285 quid
2157 2239 2304 2275 Daniel?
2328 2249 2449 2276 nonne

1377 2296 1414 2331 in
1435 2295 1646 2342 cnptivitate.
1673 2303 1814 2344 tempus
1835 2309 1942 2336 omne
1967 2300 2164 2337 vixerunt?
2181 2302 2340 2346 Quorum
2367 2303 2451 2350 qui-

1379 2356 1463 2394 dem
1489 2359 1588 2405 prior
1603 2357 1698 2396 fame
1715 2370 1757 2396 ac
1774 2361 1832 2396 siti
1852 2371 1917 2406 pro
1935 2361 2062 2398 alienis
2089 2363 2450 2410 cruciabatur-malis,

1378 2429 1561 2466 uxoreque
1576 2420 1743 2457 defuncta
1761 2431 1844 2458 eum
1872 2431 1995 2458 casum
2025 2422 2160 2469 absque
2181 2423 2349 2472 lacrymis
2365 2435 2450 2472 per-

1377 2479 1472 2517 ferre
1487 2481 1696 2528 jubebatur.
1715 2481 1830 2519 Porro
1844 2482 1930 2530 quid
1948 2483 2091 2530 gravius
2111 2483 2179 2520 dici
2196 2485 2322 2531 possit,
2341 2495 2448 2532 quam

1379 2543 1414 2579 in
1442 2544 1518 2579 suis
1543 2543 1704 2580 adversis
1733 2544 1876 2582 casibus
1906 2555 1953 2582 ne
1979 2544 2067 2582 ﬂere
2097 2545 2246 2592 quidem
2269 2546 2452 2592 permitti?

1379 2605 1514 2642 Omitto
1533 2612 1652 2643 autem
1669 2607 1777 2643 modo
1796 2606 1890 2654 quod
1914 2607 1948 2643 in
1978 2606 2063 2644 [imo
2081 2617 2207 2654 panem
2219 2617 2328 2644 suum
2348 2618 2448 2645 com-

1377 2669 1486 2705 edere
1513 2674 1660 2706 coactus
1683 2670 1744 2712 sit,
1774 2676 1812 2719 et
1841 2669 1937 2716 quod
1975 2679 2084 2716 super
2104 2681 2214 2706 unum
2246 2670 2340 2707 latus
2363 2681 2448 2708 cen-

1377 2736 1452 2766 tum
1483 2736 1522 2766 et
1549 2730 1744 2778 nonaginta
1765 2730 1901 2768 diebus.
1917 2730 2054 2778 jacere,
2085 2731 2226 2779 aliaque
2244 2731 2450 2779 hujusmodi

1373 2792 1530 2830 tolerare
1545 2793 1724 2840 sitjussus
1742 2792 1885 2841 (Eucti.
1905 2793 1943 2830 4.
1965 2792 2042 2840 l2).
2064 2792 2140 2830 Etsi
2159 2794 2253 2830 enim
2273 2793 2322 2830 illi
2343 2803 2387 2830 ex
2406 2793 2450 2832 iis

1373 2865 1453 2901 qua:
1471 2855 1527 2892 vel
1557 2854 1766 2900 omisimus,
1796 2855 1854 2892 vel
1883 2854 2064 2899 diximus,
2095 2855 2182 2892 nihil
2209 2855 2311 2892 triste
2334 2856 2450 2893 contie

1373 2917 1499 2964 gisset.
1529 2923 1629 2954 certe
1647 2915 1683 2952 id
1702 2916 1819 2953 solum
1839 2915 1934 2964 quod
1951 2917 2047 2954 inter.
2065 2916 2188 2954 hostes
2215 2927 2257 2953 ac
2275 2917 2450 2954 barbaros

1375 2980 1608 3026 impurosque
1637 2979 1804 3016 homines
1837 2978 1892 3015 vir
1923 2978 2044 3026 justus
2075 2984 2112 3016 et
2143 2984 2288 3016 sanctus
2316 2977 2450 3026 jugiter

1373 3046 1534 3078 versntus
1551 3041 1610 3084 sit,
1629 3040 1727 3077 omni
1748 3046 1824 3077 erat
1844 3040 1895 3076 illi
1913 3040 2090 3087 supplicio
2106 3040 2285 3077 acerbius.

1422 3103 1579 3140 Danielis
1597 3112 1772 3140 terumme.
1791 3122 1838 3129 —
1856 3103 1902 3139 At
1929 3112 2014 3139 vero
2043 3103 2170 3140 Daniel
2198 3103 2350 3140 summis
2369 3103 2450 3149 qui-

1372 3165 1455 3203 dem
1476 3165 1676 3202 honoribus
1695 3163 1781 3208 frui,
1794 3169 1830 3201 et
1853 3164 1956 3212 quasi
1981 3174 2054 3201 non
2085 3164 2120 3200 in
2141 3164 2364 3212 captivitate,
2383 3163 2448 3202 sed

1373 3229 1409 3266 in
1434 3227 1532 3276 regia
1557 3227 1692 3275 jugiter
1709 3233 1915 3264 versaretur
1939 3227 2034 3271 aula,
2064 3236 2146 3264 esse
2171 3227 2443 3274 potentissimus

1373 3291 1564 3330 videbatur
1581 3303 1590 3327 :
1610 3295 1782 3328 caeterum
1809 3289 1840 3328 si
1863 3291 1944 3337 quis
1973 3289 2070 3327 illius
2089 3290 2289 3328 orationem
2307 3290 2442 3335 audiat,

1367 3355 1619 3404 jejuniumque
1635 3353 1854 3398 consideret,
1887 3352 2063 3401 lacieique
2084 3354 2384 3396 immutationem,
2404 3362 2446 3388 ac

1366 3419 1471 3466 juges
1503 3418 1751 3464 precationes,
1791 3421 2032 3464 agnoscatque
2063 3415 2256 3463 diligenter
2291 3424 2441 3462 quorum

1369 3482 1498 3530 gratia—
1526 3481 1594 3518 ista
1634 3480 1814 3525 iaciebat,
1855 3479 2117 3518 animadvertat
2150 3478 2245 3514 hunc
2283 3475 2444 3512 omnimn

1371 3543 1528 3580 maxime
1563 3543 1598 3580 in
1627 3542 1814 3580 doloribus
1843 3541 2108 3590 angoribusque
2137 3538 2282 3574 vixisse.
2318 3534 2442 3581 Neque

1369 3605 1464 3644 enim
1500 3605 1599 3642 illum
1634 3605 1824 3653 praesentia
1862 3610 2001 3642 tantum
2031 3601 2126 3638 mala
2159 3596 2414 3636 excruciabant
2433 3623 2442 3636 ,

1370 3678 1496 3706 verum
1517 3673 1554 3705 et
1582 3667 1700 3705 futura
1721 3667 1979 3716 perturbabant
1995 3675 2004 3699 :
2023 3671 2103 3710 qua:
2122 3659 2228 3696 etiam
2249 3668 2332 3694 cum
2353 3667 2441 3694 nec—

1368 3729 1453 3766 dum
1481 3729 1738 3778 contigissent,
1766 3734 1992 3776 prmnoseere
2020 3723 2150 3769 dignus
2183 3724 2239 3756 est
2280 3718 2438 3760 habitus,

1368 3798 1478 3840 atque
1506 3791 1724 3840 propheticis
1756 3789 1868 3826 oculis
1893 3785 2067 3832 aSpieere.
2099 3781 2261 3828 Cumque
2287 3779 2438 3817 necdum

1369 3854 1479 3902 priori
1497 3855 1670 3892 servitute
1689 3853 1858 3890 liberatos
1874 3847 2020 3886 Judaaos
2043 3850 2222 3886 cerneret,
2245 3843 2348 3878 altam
2362 3841 2434 3878 illis

1369 3927 1497 3956 rursus
1509 3917 1752 3966 captivitatem
1771 3910 1966 3959 praevidere
1985 3907 2176 3955 cogebatur
2195 3919 2202 3942 :
2221 3909 2253 3940 et
2276 3912 2354 3952 qua?
2369 3909 2438 3938 non
