2726 4358
243 240 311 277 ι89

245 315 412 364 quoniam
445 321 482 352 tu
518 313 747 361 pecuniarum
777 311 992 349 detrimenta
1026 305 1180 350 irrides,
1215 302 1304 339 alios

245 363 354 416 etiam
371 377 418 414 ita
439 376 585 412 affectos
613 373 818 418 arbitreris;
853 372 985 419 quippe
1013 377 1134 406 earum
1159 363 1307 400 amissio

247 439 422 486 plurimos
441 439 475 474 in
492 437 667 472 insaniam
683 441 718 472 ct
741 444 878 471 summa
898 431 1109 469 detrimenta
1127 425 1306 473 perduxit.

247 504 294 538 At
312 503 406 538 enim
426 501 552 536 fortem
571 499 732 535 animum
746 503 910 534 neutrum
931 495 1054 530 horttm
1073 489 1230 536 dejicere
1243 497 1308 521 va-

249 563 316 606 iet;
347 561 536 598 imbecillis
551 570 636 596 vero
663 569 706 595 ac
735 556 869 594 steculo
897 554 1072 596 addictus,
1104 551 1165 587 illo
1191 547 1310 596 potius

248 635 353 672 quam
375 624 444 660 isto
457 621 659 660 cruciatur?
677 620 750 658 Cur
769 619 830 656 id?
847 617 935 664 Quia
949 616 1042 653 idem
1067 624 1139 650 non
1170 618 1238 656 est,
1259 611 1310 646 fa-

249 697 344 723 mem
361 696 504 732 semper
521 690 703 726 metucre,
730 687 766 718 et
795 680 916 728 paucis
937 677 1062 714 diebus
1091 673 1215 722 agitari
1245 672 1312 707 hoc

251 747 392 784 morbo.
411 745 498 782 Nam
523 746 580 781 hic
593 743 734 792 quidem
749 741 847 779 brevi
869 737 1039 785 temporis
1052 741 1154 783 parte
1175 733 1212 770 fit
1233 732 1310 768 vio-

253 808 360 844 lentia
377 807 505 849 omnis,
527 816 597 842 non
624 814 727 840 secus
755 813 862 844 quam
889 800 997 836 febris
1020 796 1204 844 cujusdam
1220 822 1229 836 ,
1253 797 1314 828 aut

252 871 392 916 rigoris,
408 868 462 904 vel
481 868 628 904 alterius
645 864 864 902 imminentis
893 861 1058 909 periculi;
1093 859 1165 894 into
1199 855 1314 892 minus

253 932 423 978 temporis
455 935 629 976 occupat,
656 938 764 975 quam
796 927 861 961 ista
889 923 1022 960 omnia.
1058 920 1127 956 Sed
1165 919 1314 954 fortasse

253 994 360 1030 vineit
377 991 627 1030 vehementia?
646 989 754 1036 Atqui
775 987 946 1034 plurimos
969 985 1031 1020 tibi
1053 991 1194 1029 possem
1211 979 1314 1026 equi-

253 1055 338 1091 dem
356 1053 547 1090 ostendere
565 1051 768 1087 laborantes
788 1046 960 1089 febribus,
981 1045 1038 1091 qui
1060 1052 1140 1079 cum
1163 1051 1208 1078 eo
1235 1041 1316 1086 igne

253 1115 509 1162 corripiuntttr,
526 1113 638 1148 multo
661 1111 774 1157 magis
793 1118 899 1156 quam
926 1107 962 1150 ii,
983 1105 1042 1152 qui
1065 1102 1317 1150 perturbantur

254 1187 274 1212 a
292 1176 469 1218 dtemone,
486 1173 722 1220 exagitantur.
739 1171 786 1206 At
805 1179 888 1206 vero
908 1166 1110 1214 indigentim
1126 1171 1254 1207 metus,
1273 1171 1318 1198 ne

255 1238 374 1274 desint
390 1234 607 1278 necessaria,
625 1232 736 1269 veluti
755 1230 886 1268 vermis
905 1228 1068 1265 assiduus
1085 1226 1217 1274 jugitcr
1235 1233 1318 1270 per-

255 1299 402 1335 turbans
415 1303 521 1342 atque
538 1293 714 1336 assidens,
733 1301 928 1339 pauperum
959 1288 1116 1325 corrodit
1145 1286 1317 1322 animum.

255 1360 302 1396 Et
329 1359 412 1405 quid
443 1368 509 1403 ego
539 1362 782 1403 paupertatem
814 1350 1106 1390 dicam?0mncs
1134 1348 1318 1384 hominum

253 1406 473 1456 calamitates
490 1418 520 1454 si
536 1417 766 1454 dinumerare
790 1414 962 1456 velimus,
990 1422 1062 1448 non
1091 1409 1157 1456 ipsi
1187 1409 1317 1450 solum,

255 1479 318 1517 sed
337 1487 374 1516 tu
394 1489 533 1526 quoque
551 1479 706 1514 lamenta
731 1483 790 1512 tua
810 1485 853 1512 ac
870 1475 1030 1522 ploratus
1049 1472 1202 1508 fortasse
1221 1469 1319 1506 ride-

257 1541 326 1578 bis.
347 1541 504 1587 Denique
523 1550 592 1576 non
611 1539 726 1576 solum
748 1547 887 1579 omnes,
907 1535 970 1572 sed
995 1545 1040 1572 ne
1068 1533 1320 1570 brevissimam

257 1601 543 1647 quidemearutn
576 1605 712 1646 partem
742 1598 859 1644 eloqui
890 1597 993 1634 nobis
1017 1594 1184 1642 possibile
1213 1598 1320 1630 esset.

259 1663 381 1710 Neque
406 1663 501 1699 ettim
525 1662 657 1699 scimus
678 1660 756 1696 illas
769 1688 780 1703 ,
801 1669 917 1706 neque
929 1658 958 1694 si
977 1657 1164 1699 sciremus,
1183 1662 1323 1700 tempus

258 1734 367 1760 omne
387 1722 581 1758 narrationi
601 1721 784 1758 sufficeret
805 1732 814 1756 :
833 1729 954 1756 verum
987 1725 1118 1764 paucas
1145 1726 1190 1752 ex
1211 1714 1323 1761 pluri-

260 1787 328 1822 mis
345 1796 408 1832 pro
422 1785 554 1821 viribus
570 1784 758 1830 colligens,
777 1793 820 1819 ex
849 1782 903 1818 his
930 1780 991 1816 tibi
1020 1789 1082 1816 eas
1107 1777 1213 1815 etiam
1243 1787 1323 1823 qua:

259 1847 364 1883 dictae
381 1855 454 1882 non
471 1851 567 1888 sunt,
587 1843 828 1890 conjiciendas
846 1842 1058 1888 relinquam.

238 1946 252 1956 ,
306 1907 504 1954 Demophili
519 1905 674 1953 exemplo
693 1905 824 1942 solatur
839 1903 1042 1952 Stagirium.
1056 1922 1106 1930 -—
1129 1900 1322 1944 Memento,

258 1980 393 2018 quzeso,
415 1969 511 2006 senis
529 1968 624 2004 illius
642 1965 874 2008 amicissimi,
897 1963 1145 2010 Demophilum
1163 1961 1256 2002 dico.
1275 1970 1322 1998 ex

259 2041 386 2077 tttagna
405 2029 602 2075 illustrique
621 2028 766 2064 familia.
783 2027 848 2062 Hic
871 2026 944 2072 jam
969 2025 1132 2072 quintum
1160 2029 1196 2060 et
1224 2022 1324 2058 deci-

261 2106 357 2130 ntum
388 2104 520 2130 annum
551 2093 636 2138 agit,
667 2101 712 2126 ex
736 2101 807 2136 quo
835 2088 923 2124 nihil
943 2088 1059 2123 facere
1088 2085 1167 2132 plus
1193 2089 1324 2132 potest,

257 2167 364 2202 qttatn
380 2155 524 2197 mortui,
538 2154 606 2188 nisi
621 2151 716 2198 quod
732 2150 852 2186 tremit
864 2149 995 2196 jugiter
1009 2154 1044 2185 et
1055 2147 1227 2194 loquitur,
1243 2157 1326 2183 sen-

258 2228 410 2263 sutnque
431 2215 626 2262 perfectum
642 2223 787 2249 suorum
809 2212 916 2248 habet
939 2211 1128 2247 tnalorunt.
1147 2209 1325 2246 Caeterum

261 2279 296 2314 in
314 2286 452 2314 summa
473 2281 678 2323 paupertate
697 2274 805 2310 vitam
824 2274 907 2320 agit,
927 2272 1091 2308 ministro
1106 2277 1242 2308 tantum
1257 2279 1327 2306 uno

260 2341 488 2376 adolescente
513 2339 716 2380 comitatus,
751 2337 845 2374 bono
873 2336 1016 2384 quidem
1042 2345 1084 2371 ac
1109 2335 1244 2370 domini
1273 2333 1328 2370 sui

260 2403 435 2447 studioso,
457 2413 526 2437 non
544 2407 662 2438 tamen
679 2401 738 2448 qui
753 2400 992 2436 calamitatem
1007 2398 1101 2434 illam
1121 2397 1228 2432 solari
1247 2406 1330 2443 pos-

261 2466 321 2500 sit.
344 2463 465 2510 Neqtte
485 2463 580 2500 enim
603 2463 758 2510 inepiam
776 2462 902 2508 jurarc
922 2466 1050 2508 potest,
1083 2469 1198 2506 neque
1226 2467 1328 2494 reso-

263 2525 408 2561 lutionis
428 2530 620 2561 tremorem
651 2524 791 2568 sistere,
821 2522 1088 2560 sedbutecllam
1112 2526 1247 2557 tantttm
1273 2519 1326 2556 ori

264 2586 399 2622 domini
419 2597 614 2632 apponere,
633 2587 764 2633 quippe
783 2596 898 2632 neque
917 2584 960 2620 ad
993 2585 1061 2620 hoc
1083 2583 1180 2619 illum
1204 2583 1330 2630 juvare

267 2653 416 2694 possunt
446 2657 592 2692 manus,
623 2654 660 2684 et
688 2647 818 2684 offerre
843 2647 1006 2690 calicem,
1033 2651 1072 2682 et
1097 2650 1328 2692 purgamenta

266 2711 403 2746 narium
419 2709 625 2756 abstergere
649 2709 830 2756 prtevalet,
849 2708 944 2744 aliud
963 2714 1080 2746 autem
1100 2707 1180 2754 plus
1198 2706 1327 2742 inferre

267 2771 370 2808 nihil.
394 2770 438 2806 Et
453 2771 518 2807 iste
538 2769 696 2816 quidem,
718 2776 758 2806 ut
783 2770 868 2812 dixi,
889 2769 1091 2816 quindecim
1117 2768 1191 2815 jam
1217 2777 1328 2804 annos

267 2834 302 2870 in
318 2832 493 2879 eiusmodi
512 2832 680 2868 :erumnis
697 2831 790 2878 degit
817 2842 827 2866 :
851 2842 918 2878 ego
937 2837 1054 2868 autem
1082 2831 1182 2868 illum
1208 2830 1331 2867 consi-

267 2895 369 2939 dero,
387 2895 445 2942 qui
465 2894 606 2942 triginta
625 2900 662 2930 et
680 2901 762 2930 octo
788 2893 891 2930 annis
919 2893 986 2930 hoc
1013 2893 1138 2930 morbo
1165 2893 1331 2930 detentus

267 2956 384 2992 fuerat
401 2954 520 3004 (Joan.
542 2955 594 3003 5).

314 3017 504 3054 Aristoxeni
524 3017 714 3064 exemplum
731 3026 773 3051 ea:
789 3014 963 3063 Bithynia.
975 3035 1026 3043 -ο
1043 3015 1096 3053 Tu
1114 3015 1219 3053 velim
1236 3025 1331 3062 pra:-

267 3087 362 3116 terea
385 3079 635 3116 Aristoxenum
656 3089 798 3126 quoque
826 3088 870 3114 ex
893 3078 1054 3128 Bithynia
1073 3080 1222 3126 cogites.
1243 3079 1333 3114 lluic

267 3141 362 3178 enim
387 3151 518 3188 corpus
543 3141 700 3178 nondum
728 3141 924 3177 resolutum
955 3148 1010 3178 est
1031 3147 1065 3178 ut
1086 3143 1134 3178 illi
1155 3142 1246 3186 setti,
1269 3151 1331 3178 ve-

270 3211 347 3237 rum
365 3202 514 3250 languor
532 3203 624 3239 alius
640 3203 814 3246 imminet,
837 3203 941 3250 longe
961 3204 1116 3252 paralysi
1137 3204 1195 3240 illa
1216 3204 1332 3240 mole-

269 3264 371 3300 stior.
389 3263 548 3312 Namque
567 3265 636 3302 alvi
654 3265 917 3302 contractiones
936 3267 1099 3313 quaedam
1117 3267 1333 3314 doloresque

271 3327 459 3362 tormentis
475 3328 640 3364 omnibus
658 3327 874 3372 acerbiores,
893 3339 990 3366 nunc
1005 3329 1147 3377 quidem
1175 3330 1333 3367 verubus

269 3387 436 3424 militibus
463 3389 598 3426 acutius
622 3396 837 3438 puugentes,
875 3401 970 3428 nunc
997 3393 1078 3439 igne
1109 3393 1334 3431 vehementis

271 3455 432 3493 urentes,
452 3449 644 3498 diebusque
665 3453 816 3500 singulis
844 3463 886 3489 ac
909 3455 1072 3491 noctibus
1099 3467 1180 3492 eum
1210 3457 1334 3502 exagi-

272 3518 402 3556 tatttes,
421 3513 512 3558 apud
535 3513 676 3561 ignaros
694 3517 773 3562 ejus
793 3516 908 3553 morbi
924 3527 1093 3554 vesanum
1107 3519 1208 3555 illum
1219 3519 1333 3556 videri

270 3573 426 3618 faciunt;
447 3574 537 3612 adeo
568 3581 734 3622 torquent
763 3579 860 3614 illius
893 3579 1058 3626 pupillas,
1095 3581 1179 3618 adeo
1207 3593 1336 3619 manus

271 3635 454 3682 pedesque
475 3637 703 3681 contrahunt,
731 3645 770 3676 et
796 3647 933 3676 mutum
969 3640 1065 3676 illum
1101 3644 1333 3682 constituunt.

272 3696 384 3734 Porro
404 3697 583 3735 clamores
601 3698 680 3746 ejus
695 3710 737 3737 ac
755 3701 906 3748 gemitus
929 3703 1024 3751 (nam
1044 3711 1120 3750 post
1140 3705 1236 3742 illam
1259 3707 1335 3753 pri--

271 3759 448 3796 rationem
473 3761 572 3798 vocis
592 3771 862 3810 nonnumquam
883 3764 918 3801 in
947 3764 1137 3803 clamorem
1163 3769 1331 3816 erumpit)

271 3821 424 3858 lamenta
453 3824 726 3870 parturientium
751 3832 946 3872 superant,
971 3827 1061 3865 adeo
1087 3835 1125 3865 ut
1152 3831 1281 3878 sacpius
1311 3831 1334 3867 ii

269 3883 391 3928 etiam,
411 3884 538 3932 quibus
559 3885 785 3934 longinquius
801 3887 846 3925 ab
868 3888 962 3927 illius
992 3888 1190 3929 habitaculo
1206 3877 1327 3930 remo:

764 236 824 272 AD
849 231 1098 274 STAGIRIUH
1125 230 1153 266 Α
1173 225 1376 264 ΒΕΜΟΝΕ
1397 223 1634 262 γιΧΑτυΜ.
1653 223 1738 262 LIB.
1765 223 1823 260 Ill.

2372 221 2440 260 £90

1380 300 1423 335 tis
1442 299 1573 335 infirmi
1587 305 1683 343 sunt,
1703 309 1778 346 pra:
1793 297 1990 345 vigiliarum
2009 296 2115 336 ttedio
2143 296 2271 335 turbati
2300 297 2444 334 r.tittant

1377 359 1577 406 culpantes,
1593 359 1688 406 quod
1709 369 1753 396 ex
1771 359 1867 396 illius
1886 358 2102 396 clamoribus
2120 357 2272 395 inﬁmis
2285 358 2362 395 suis
2377 357 2441 392 dc-

1379 423 1490 458 terius
1505 422 1561 458 sit.
1579 422 1631 459 llli
1651 431 1737 459 vero
1757 433 1827 458 non
1847 431 1890 458 ex
1910 421 2112 468 longinquis
2142 419 2352 464 intervallis,
2379 419 2442 456 sed

1379 485 1512 530 saepius
1529 483 1656 520 diebus
1673 484 1824 530 singulis
1840 493 1883 520 ac
1899 483 2066 520 noctibus
2091 481 2280 529 contingit,
2306 487 2446 518 sextus-

1379 555 1449 592 que
1461 545 1534 592 jam
1550 545 1609 581 hic
1627 555 1744 582 annus
1763 545 1928 589 vertitur,
1950 554 1993 580 ex
2008 554 2080 589 quo
2096 543 2350 580 molestissimo
2365 541 2447 578 huic

1379 605 1521 652 flagello
1534 606 1696 643 addictus
1713 613 1783 650 est,
1803 615 1920 652 neque
1933 615 2064 643 servus
2080 605 2170 642 ullus
2183 605 2298 646 adest,
2308 605 2368 651 qui
2386 615 2449 640 cu-

1381 679 1457 704 ram
1472 668 1549 715 cjus
1569 668 1711 714 habeat,
1733 679 1850 716 neque
1867 667 2042 711 medicus,
2062 667 2123 714 qui
2151 666 2360 704 cousoletur
2382 677 2392 702 :
2411 665 2447 702 id

1382 737 1528 776 propter
1546 729 1716 776 inopiam,
1737 729 1830 765 istud
1849 729 1930 776 quia
1950 733 2095 775 superat
2111 737 2253 764 omnem
2285 727 2374 763 artis
2399 727 2450 762 in-

1383 791 1556 828 dustriam
1577 791 1607 827 is
1627 791 1786 828 morbus.
1810 791 1966 826 Plurima
1987 789 2082 826 enim
2107 789 2249 836 plurimi
2267 799 2348 825 cttm
2365 799 2449 835 ege-

1386 853 1458 889 rint
1476 853 1570 899 (erat
1589 852 1684 889 enitn
1703 859 1809 888 antea
1827 851 1987 898 pecuniis
2006 851 2150 898 frctus),
2179 850 2266 887 nihil
2289 850 2451 896 profece-

1387 920 1484 952 rttut.
1501 915 1677 962 Quodque
1695 913 1752 951 his
1771 913 1937 950 omnibus
1963 913 2106 960 gravius
2129 916 2198 956 est,
2223 919 2338 958 neque
2365 911 2454 946 anti-

1386 987 1510 1012 corutu
1525 977 1654 1022 aliquis
1673 985 1754 1012 eum
1771 975 1845 1022 jam
1864 975 1986 1011 videre
2014 973 2104 1017 vult,
2129 972 2193 1009 sed
2219 983 2301 1010 eum
2329 980 2454 1008 omnes

1387 1038 1638 1080 deseruerunt,
1657 1043 1694 1073 et
1713 1037 1736 1072 ii
1762 1035 1824 1084 qui
1836 1035 1999 1082 plurimis
2013 1040 2118 1072 antea
2137 1034 2182 1070 ab
2206 1043 2250 1070 eo
2274 1031 2454 1070 beneficiis

1389 1100 1530 1136 fuerant
1543 1099 1673 1136 affecti.
1691 1098 1793 1142 Quod
1812 1098 1844 1134 si
1863 1098 1943 1144 quis
1960 1108 2127 1144 umquam
2144 1096 2354 1143 ingreditur,
2375 1105 2456 1142 pro-

1390 1161 1484 1197 tinus
1513 1160 1657 1196 resilit:
1683 1165 1781 1196 tanto
1807 1159 1935 1196 faetore
1961 1158 2090 1194 domus
2119 1157 2176 1194 illa
2200 1158 2301 1204 plena
2323 1163 2389 1199 est,
2412 1165 2456 1192 co

1389 1221 1484 1269 quod
1510 1221 1631 1258 nullus
1651 1220 1744 1257 adsit
1763 1221 1822 1268 qui
1843 1231 1964 1256 curam
1997 1219 2076 1266 ejus
2110 1225 2226 1265 gerat.
2255 1217 2330 1255 Utta
2359 1217 2454 1254 cnitn

1389 1291 1427 1320 et
1456 1283 1530 1320 sola
1567 1283 1616 1319 illi
1648 1282 1775 1319 ancilla
1804 1281 1952 1325 assidet,
1985 1286 2119 1317 tantum
2154 1280 2204 1316 illi
2235 1278 2456 1319 ntinistrans,

1390 1350 1560 1391 quantum
1579 1349 1700 1391 potest
1726 1343 1869 1387 mulier,
1887 1353 1966 1379 cum
1986 1343 2033 1378 sit
2049 1347 2086 1378 et
2104 1341 2194 1386 sola,
2216 1347 2252 1378 et
2274 1351 2319 1376 ex
2349 1348 2478 1386 opere.

1391 1415 1561 1442 manuum
1589 1405 1726 1442 vivens.
1753 1405 1925 1450 Quaenam
1939 1415 2024 1451 ergo
2037 1403 2240 1440 daemonum
2261 1401 2462 1438 vexatioil—

1391 1467 1462 1504 lius
1480 1467 1650 1504 aerumnis
1669 1467 1868 1514 cornparari
1890 1466 2032 1514 potest?
2053 1465 2128 1503 Etsi
2153 1465 2248 1502 enim
2279 1474 2361 1500 eum
2393 1463 2459 1500 ho-

1393 1539 1472 1565 rum
1493 1528 1579 1565 nihil
1595 1529 1832 1575 perturbaret,
1843 1528 1927 1576 quid
1944 1539 2016 1564 non
2032 1533 2214 1574 pateretur
2226 1525 2458 1563 considerans

1393 1591 1484 1628 adeo
1505 1591 1682 1638 prolixum
1701 1597 1855 1637 tempus,
1878 1600 1950 1638 quo
1965 1590 2038 1638 jam
2066 1589 2100 1626 in
2133 1588 2265 1626 lectulo
2293 1586 2460 1632 decubat,

1394 1653 1628 1700 ingentesque
1645 1658 1820 1699 sumptus,
1837 1652 1896 1700 qui
1914 1661 1952 1688 se
1971 1652 2006 1688 in
2026 1660 2230 1698 Suprematn
2248 1649 2461 1698 redegerunt

1394 1715 1566 1763 inopiam,
1576 1717 1770 1752 amicorum
1783 1721 2039 1762 contemptum,
2059 1713 2269 1750 famulorum
2282 1718 2388 1758 atque
2399 1710 2462 1747 oh-

1394 1777 1620 1824 sequentium
1635 1776 1865 1814 solitudinem
1886 1782 1962 1820 :ct,
1997 1775 2030 1810 id
2057 1773 2152 1820 quod
2181 1772 2336 1809 maxime
2366 1782 2460 1808 nunc

1394 1837 1510 1881 doles,
1529 1843 1665 1874 certam
1687 1836 1824 1872 nullam
1846 1835 2009 1872 fiduciam
2032 1833 2140 1871 habet
2157 1844 2200 1870 an
2218 1833 2324 1869 finem
2342 1832 2462 1869 clades

1394 1897 1472 1936 ista:
1493 1898 1666 1935 habitura:
1693 1897 1778 1940 sint,
1800 1898 1872 1934 imo
1891 1906 1978 1934 vero
2007 1902 2140 1934 certam
2168 1895 2346 1938 notitiam,
2368 1893 2462 1941 quod

1395 1969 1436 1996 se
1457 1959 1600 1996 vivente
1630 1969 1673 1996 ac
1695 1959 1855 2006 spirante
1881 1967 2074 2004 numquam
2104 1955 2298 2010 finientur?
2325 1955 2464 2002 Quippe

1396 2022 1474 2068 ejus
1494 2021 1610 2058 morbi
1629 2021 1697 2064 vis,
1713 2026 1750 2058 et
1764 2019 1994 2068 quotidianus
2027 2019 2062 2055 in
2085 2017 2265 2055 deteriora
2299 2026 2446 2064 pregre:

1395 2093 1471 2126 sus,
1491 2082 1557 2119 hoc
1572 2082 1800 2130 pollicentur.

1446 2145 1503 2183 15.
1531 2145 1748 2182 Xenodocltit'
1763 2145 1876 2180 aditus
1901 2143 2143 2180 consolationis
2161 2141 2306 2178 occasio.
2325 2159 2376 2168 —-
2393 2139 2463 2176 Ve-

1398 2217 1477 2243 rum
1511 2217 1555 2244 ne
1577 2217 1642 2254 per
1661 2207 1822 2254 singultis
1851 2215 2069 2244 enumerans
2087 2215 2152 2242 eos
2178 2205 2237 2252 qui
2259 2201 2464 2250 hujusmodi

1397 2269 1560 2306 adversis
1578 2269 1720 2306 casibus
1739 2269 1861 2306 afflicti
1877 2275 1975 2313 sunt,
1997 2267 2178 2305 fastidium
2200 2266 2400 2314 legentibus
2415 2263 2466 2300 fa-

1399 2331 1505 2376 ciam,
1535 2341 1658 2378 perge,
1679 2341 1816 2378 quaeso,
1853 2331 1897 2366 ad
1919 2331 2028 2378 {illum
2062 2331 2120 2365 cui
2140 2327 2354 2366 xcnodoehii
2383 2337 2467 2363 cura

1401 2394 1573 2441 permissa
1595 2399 1663 2437 est,
1693 2403 1736 2428 ac
1752 2393 1838 2438 jube
1854 2397 1888 2428 te
1905 2391 1948 2427 ad
1969 2391 2014 2428 ibi
2029 2391 2191 2438 jacentes
2218 2389 2408 2432 introduci,
2431 2395 2466 2424 ut

1399 2463 1542 2492 omnem
1562 2454 1770 2491 morborum
1791 2453 1960 2499 inspicias
1979 2451 2150 2494 radicem,
2179 2460 2342 2496 novaque
2372 2449 2470 2485 infir-

1400 2518 1562 2554 mitatum
1581 2526 1728 2564 genera,
1759 2524 1956 2560 omnesque
1985 2512 2152 2551 materias
2172 2511 2353 2548 maeroris.
2383 2510 2468 2546 lude

1402 2587 1438 2618 te
1455 2579 1500 2616 ad
1533 2589 1716 2616 carcerem
1745 2577 1881 2621 confer,
1917 2576 2128 2622 cunctisque
2163 2573 2256 2610 illius
2275 2572 2468 2608 habitaculi

1401 2641 1590 2688 diligenter
1609 2639 1820 2687 ettploratis,
1850 2637 2078 2686 proficiscere
2097 2635 2142 2672 ad
2168 2636 2374 2672 balnearum
2406 2644 2468 2670 ve-

1402 2703 1546 2748 stibula,
1567 2711 1640 2750 quo
1667 2702 1702 2738 in
1721 2701 1814 2744 loco,
1843 2701 1928 2736 fimo
1947 2705 1984 2736 et
2003 2698 2132 2745 stipula
2152 2708 2217 2744 pro
2245 2696 2403 2734 vestibus
2435 2701 2471 2732 et

1402 2765 1512 2802 domo
1541 2771 1684 2802 utentes
1715 2763 1836 2810 jaceat
1865 2761 2026 2798 nonnulli
2045 2761 2144 2804 nudi,
2179 2759 2324 2808 frigore,
2345 2759 2471 2795 morbo

1402 2828 1566 2874 fameque
1587 2832 1757 2874 perpetua
1790 2823 1939 2866 obsessi,
1975 2828 2194 2870 aspectuque
2223 2821 2302 2858 solo
2327 2830 2370 2858 ac
2397 2827 2470 2858 tre~

1403 2902 1506 2928 more
1519 2891 1682 2938 Corporis
1698 2896 1733 2926 et
1749 2889 1869 2926 sonitu
1888 2898 1928 2924 se
1939 2887 2184 2924 collidentiunt
2205 2885 2364 2922 dentium
2381 2895 2469 2932 prte-

1403 2958 1589 2991 tereuntes
1607 2952 1650 2989 ad
1669 2950 1954 2989 misericordiam
1981 2948 2181 2992 flectentes,
2210 2956 2326 2994 neque
2346 2957 2472 2984 vocem

1403 3018 1584 3062 emittere,
1608 3025 1724 3063 neque
1738 3025 1882 3052 manum
1901 3012 2098 3050 extendere
2117 3013 2291 3056 valentes,
2313 3019 2358 3047 eo
2376 3009 2470 3057 quod

1399 3079 1474 3128 jam
1494 3079 1550 3116 his
1569 3078 1674 3114 malis
1705 3077 1848 3124 penitus
1875 3075 1985 3112 attriti
2015 3079 2112 3112 sunt.
2146 3072 2269 3120 Neque
2299 3073 2472 3108 hactenus

1404 3141 1576 3189 pe'rsistas
1595 3140 1717 3183 velim,
1734 3138 1799 3176 sed
1819 3138 1864 3174 ad
1887 3146 2082 3184 pauperum
2100 3134 2353 3176 diversorium,
2375 3132 2471 3181 quod

1405 3211 1488 3242 ante
1512 3203 1636 3240 urbem
1658 3208 1726 3245 est,
1752 3200 1925 3248 egredere
1943 3211 1954 3236 :
1975 3197 2171 3246 perspicies
2197 3197 2354 3245 profecto
2375 3206 2474 3240 eum.

1404 3277 1476 3314 quo
1495 3275 1590 3302 nunc
1603 3264 1789 3308 detineris,
1815 3271 2008 3299 maerorem
2030 3267 2172 3309 portum
2193 3269 2274 3298 esse
2295 3259 2470 3306 tranquil.

1404 3329 1595 3366 lissmtum.
1615 3327 1706 3372 Quid
1722 3327 1818 3364 enim
1837 3325 1958 3362 dicere
1975 3334 2122 3362 necesse
2141 3328 2210 3366 est,
2226 3322 2282 3359 vel
2297 3321 2448 3368 elephan
2460 3339 2475 3349 ι

1405 3391 1452 3428 tia
1463 3395 1698 3436 consumptos
1712 3387 1880 3433 viros,vel
1896 3396 2027 3425 cancro
2041 3383 2234 3422 mulieres?
2248 3383 2364 3420 Ambo
2378 3381 2472 3418 enim

1406 3455 1464 3492 isti
1488 3452 1602 3490 morbi
1623 3457 1660 3489 et
1679 3452 1773 3499 longi
1793 3457 1878 3488 sunt
1897 3456 1934 3488 et
1963 3449 2180 3487 insanabiles
2199 3459 2208 3483 :
2231 3447 2358 3482 horum
2387 3453 2472 3478 vero

1405 3523 1555 3562 uterque
1571 3525 1663 3562 quos
1675 3513 1916 3560 occupaverit,
1932 3512 2006 3550 suis
2020 3511 2167 3548 urbibus
2180 3506 2474 3549 elituinat,nequc

1406 3578 1535 3616 lavacr.‘
1558 3587 1635 3620 eos,
1665 3587 1780 3624 neque
1797 3575 1878 3620 fori,
1899 3584 2017 3622 neque
2033 3571 2180 3608 alterius
2205 3565 2402 3612 cujuspiam
2422 3564 2474 3600 in-

1407 3647 1461 3678 tra
1483 3640 1588 3688 ρ(ιείιὶ
1610 3639 1678 3677 loci
1698 3638 1890 3686 participes
1909 3634 1986 3674 fieri
2005 3635 2058 3670 fas
2075 3636 2143 3668 est.
2164 3629 2288 3674 Neque
2305 3625 2403 3688 istud
2413 3635 2474 3661 so-

1406 3706 1480 3742 lum
1499 3703 1666 3741 acerbum
1685 3709 1755 3748 est,
1776 3711 1899 3739 verum
1919 3697 2024 3735 etiam
2044 3692 2137 3741 quod
2154 3700 2272 3738 neque
2288 3687 2472 3726 confidere

1406 3771 1569 3814 possunt,
1603 3765 1806 3803 necessaria
1829 3760 1934 3799 victui
1967 3757 2034 3794 sibi
2066 3764 2138 3791 non
2168 3751 2346 3814 defutura.
2378 3749 2472 3796 Quid

1405 3813 1490 3865 vero
1511 3828 1590 3865 illos
1609 3835 1821 3868 memorem,
1837 3821 1896 3870 qui
1915 3820 2045 3856 frustra
2062 3820 2192 3863 saeptus
2213 3822 2255 3850 ac
2273 3813 2350 3850 sine
2363 3823 2468 3850 causa

1407 3892 1451 3930 ad
1473 3892 1614 3931 metalla
1644 3887 1801 3928 damnati
1830 3884 1938 3924 sunt?
1957 3881 2094 3928 Nempe
2119 3877 2176 3917 isti
2205 3886 2332 3916 omnes
2361 3876 2472 3914 multo
