2726 4358
324 227 390 267 491
413 225 452 264 S.
481 226 610 264 JOAN.
641 223 908 264 ClliiYSOST.
933 221 1154 261 ARCIIIEP.
1183 223 1350 264 CONST.
1383 229 1448 266 AD
1477 231 1734 271 STAGllilUM
1757 233 1788 268 Α
1814 232 2030 272 DIEHONE-
2049 236 2275 281 VEXATUM.
2301 245 2335 282 L.
2363 247 2410 285 Ill;
2433 252 2492 290 192

331 303 497 350 graviore
511 300 636 338 dolore
653 299 873 342 cruciantur,
892 307 1002 346 quam
1023 298 1082 346 qui
1099 309 1121 336 a
1141 298 1308 337 daemone
1324 310 1406 342 cor-

334 364 525 410 ripiuntur.
544 361 580 398 Si
610 370 696 398 vero
723 371 795 398 non
817 359 940 398 credis
955 387 966 404 ,
986 360 1075 397 nihil
1095 361 1226 398 mirum
1243 368 1313 399 est.
1332 361 1407 400 No-

329 430 404 460 stra
415 423 511 459 enim
529 433 599 459 non
609 421 742 458 eadem
757 421 952 466 sententia,
964 432 1034 469 qua
1049 422 1166 459 aliena
1180 423 1406 460 incommoda

328 483 488 530 judicare
507 482 785 519 consuevimus:
807 492 889 519 cum
912 481 970 519 illa
991 481 1136 530 quidem
1162 483 1272 521 verbo
1291 484 1407 521 solum

328 551 364 581 (ll
384 551 550 592 aspectu,
582 551 704 581 nostra
724 555 810 582 vero
829 545 1080 593 experimento
1113 556 1156 584 ac
1183 557 1304 590 5611511,
1325 558 1406 584 611111

329 606 442 642 nostri
473 606 633 653 ipsorum
660 606 894 645 miseratione
919 607 1125 656 conjuncta,
1157 608 1406 646 didicerimus.

326 672 446 716 Atque
458 669 592 707 idcirco
613 671 680 707 ista
695 671 858 717 graviora
871 681 966 715 esse,
982 671 1173 718 minusque
1193 671 1406 717 tolerabilia,

325 741 434 777 quam
451 731 508 768 illa
524 733 876 773 censemus,tametsi
893 732 996 770 valde
1017 733 1106 770 levia
1123 740 1207 770 sunt
1226 741 1260 771 et
1277 735 1408 772 tolera-

328 792 427 829 bilia.
441 793 478 831 Si
496 805 581 831 vero
599 795 776 841 quispiam
794 795 840 832 ab
856 795 1024 832 omnibus
1041 795 1132 834 liber
1149 797 1292 834 illorum
1305 805 1410 834 uatu-

329 866 406 892 ram
426 857 636 904 diligentius
655 858 876 903 consideret,
908 865 943 896 et
962 869 1026 896 eos
1045 859 1106 906 qui
1131 860 1166 896 in
1189 859 1247 896 illa
1269 861 1406 897 incide-

329 923 413 954 runt
443 919 722 963 animadvertat,
754 919 812 958 hic
830 921 994 968 profecto
1013 921 1118 960 nobis
1135 921 1180 958 de
1201 921 1406 968 lmjusmodi

328 979 423 1016 feret
456 980 700 1028 incorruptam
725 982 956 1019 sententiain.
979 982 1050 1020 Sed
1071 983 1227 1021 fortasse
1245 984 1408 1022 dicturus

327 1051 383 1086 es,
402 1052 528 1079 omnes
559 1043 640 1080 illos
666 1045 814 1082 morbos
832 1045 926 1082 circa
957 1056 1088 1093 corpus
1117 1047 1252 1084 versari
1272 1047 1405 1093 solum,

329 1103 421 1141 hanc
437 1109 558 1142 autem
577 1112 716 1154 pestem
739 1107 853 1155 ipsam
877 1109 1034 1145 animam
1053 1109 1244 1156 attingere,
1266 1110 1408 1158 illisque

327 1167 497 1204 omnibus
514 1178 595 1204 esse
615 1167 800 1206 ditiorem.
817 1169 952 1218 Nempe
969 1172 1036 1208 hoc
1055 1172 1133 1220 ipso
1149 1173 1313 1219 inprimis
1326 1183 1406 1210 eam

327 1230 551 1268 inveniemus
571 1232 642 1270 illis
665 1234 834 1271 omnibus
851 1245 933 1272 esse
954 1235 1139 1274 leviorem.
1161 1236 1285 1284 Neque
1307 1238 1404 1274 enim

328 1293 406 1330 haec
425 1300 462 1330 ut
477 1295 526 1331 illi
542 1305 675 1342 corpus
689 1298 902 1344 corrumpit,
920 1299 982 1335 sed
999 1299 1115 1336 solum
1131 1301 1288 1336 animam
1304 1300 1403 1337 brevi

328 1362 490 1403 tempore
503 1358 662 1405 exagitat
680 1371 688 1396 :
704 1365 873 1396 caeterum
891 1361 940 1397 illi
957 1361 1023 1408 ipsi
1043 1361 1174 1407 morbi,
1193 1373 1282 1410 quos
1298 1363 1406 1400 modo

327 1419 612 1464 numeravimus,
650 1432 732 1458 cum
753 1422 787 1458 in
809 1433 917 1460 carne
933 1424 1140 1472 gignantur,
1160 1437 1238 1462 ram
1260 1437 1405 1463 omnem

327 1489 464 1527 pestem
484 1493 554 1518 non
576 1490 728 1521 eatenus
748 1485 894 1530 sistunt,
921 1497 1046 1524 verum
1066 1488 1110 1524 ad
1130 1489 1286 1524 animam
1301 1491 1406 1526 emit-

327 1549 421 1588 tunt,
443 1549 652 1591 torquentes
673 1545 770 1582 illam
785 1546 932 1595 jugitcr,
964 1555 999 1584 et
1017 1559 1082 1595 per
1098 1549 1235 1586 doloris
1255 1560 1298 1587 ac
1316 1561 1406 1588 nite-

328 1607 422 1644 roris
453 1607 600 1645 aculeos
628 1618 916 1657 corrumpentes.
943 1611 989 1648 Ut
1019 1613 1123 1658 enim,
1154 1613 1280 1660 inquit,
1301 1614 1406 1650 ulceri

325 1674 460 1704 acetum
495 1669 633 1706 minime
661 1673 829 1717 conuenit,
850 1674 898 1709 ita
917 1680 949 1711 et
980 1675 1117 1712 morbus
1146 1677 1180 1712 in
1205 1687 1331 1724 corpus
1349 1677 1404 1713 in-

326 1736 439 1765 tectus
456 1731 630 1776 perturbat
654 1744 713 1769 cor
735 1733 855 1782 (Prov.
876 1736 936 1772 25.
959 1735 1020 1784 9.0)
1054 1736 1132 1774 Non
1155 1739 1262 1784 igitur
1281 1738 1314 1775 id
1342 1749 1404 1775 so-

325 1789 398 1825 lum
419 1789 568 1836 dixeris,
592 1791 658 1830 hos
676 1799 813 1830 tantum
839 1796 935 1842 gigni
964 1808 1008 1833 ex
1029 1807 1196 1844 corpore,
1227 1799 1291 1836 sed
1318 1800 1404 1837 illud

327 1852 444 1898 potius
459 1853 625 1898 ostende,
639 1865 712 1901 quo
727 1863 830 1903 pacto
843 1865 981 1904 pestem
993 1868 1139 1896 onmem
1156 1867 1192 1896 et
1205 1863 1407 1907 corruptio-

325 1923 408 1950 nem
431 1913 475 1950 ad
493 1916 650 1952 animam
671 1927 744 1954 non
761 1918 918 1955 mittant.
934 1919 1073 1968 Quippe
1089 1928 1125 1958 et
1147 1923 1258 1968 pestis
1281 1923 1291 1944 ¹
1321 1933 1404 1961 cum

324 1987 399 2014 non
417 1977 586 2033 gignatur
604 1990 648 2017 ex
667 1981 894 2030 corporibus,
920 1983 1118 2031 corrumpit
1137 1991 1172 2021 et
1192 1985 1308 2032 perdit
1323 1996 1405 2023 cor-

326 2047 428 2084 pora,
448 2040 620 2090 virusque
637 2050 864 2090 serpentum,
883 2055 965 2082 cum
985 2055 1032 2082 ex
1049 2047 1103 2082 eis
1125 2047 1289 2093 prodeat,
1318 2059 1403 2094 pcr-

325 2100 377 2137 dit
397 2101 482 2138 item
515 2113 606 2140 nos:
640 2104 689 2141 ita
709 2111 746 2142 et
773 2105 808 2142 in
829 2105 886 2142 Itis
908 2107 1046 2144 morbis
1079 2109 1309 2146 sentiendum
1331 2118 1400 2155 est,

324 2164 385 2210 qui
404 2175 486 2202 cum
505 2166 698 2213 gignantur
716 2177 762 2204 ex
779 2177 948 2215 corpore,
962 2170 1108 2206 maliti:e
1125 2181 1200 2208 suae
1215 2182 1352 2208 venena
1368 2174 1402 2210 iu

323 2225 482 2263 animam
503 2234 664 2264 nostram
685 2228 956 2267 transl'uudunt.
973 2230 1081 2269 Omni
1101 2243 1255 2282 namque
1275 2235 1401 2272 obses-

324 2287 427 2324 sione
446 2287 624 2340 diabolica
647 2291 828 2337 potentior
846 2299 903 2331 est
931 2293 977 2331 ad
995 2295 1198 2334 nocendum
1231 2299 1399 2336 maeroris

323 2350 547 2398 magnitudo.
575 2351 737 2400 Namque
753 2360 791 2392 et
806 2355 949 2392 daemon
970 2367 1218 2406 quoscumque
1239 2366 1398 2408 superat,

324 2423 389 2459 per
406 2423 601 2452 [utmorem
621 2423 769 2464 superat
793 2428 803 2454 :
826 2428 909 2455 cum
929 2421 958 2456 si
977 2419 1134 2466 auferas,
1166 2421 1254 2459 nihil
1279 2435 1299 2460 a
1327 2424 1402 2461 da:-

326 2485 434 2512 mone
462 2477 652 2526 quisquam
671 2480 752 2517 ltedi
783 2484 928 2529 poterit.
948 2483 994 2520 Et
1013 2486 1210 2532 quomodo,
1243 2487 1398 2536 inquies,

322 2539 400 2576 lieri
419 2547 550 2587 potest,
587 2548 625 2579 ut
644 2554 803 2582 mterore
822 2547 970 2584 vacem?
991 2547 1068 2595 Ego
1087 2557 1214 2586 contra
1237 2558 1269 2588 te
1288 2551 1400 2589 inter-

321 2602 470 2649 rogabo,
483 2603 568 2651 quid
583 2615 702 2644 causa:
718 2615 774 2644 est
791 2609 887 2656 quod
904 2620 977 2646 non
998 2610 1104 2648 liceat
1119 2622 1138 2648 a
1159 2623 1317 2650 Interore
1338 2625 1399 2651 va-

319 2675 418 2702 care.
437 2665 527 2702 Naiu
560 2669 590 2704 si
621 2668 852 2715 adulterium,
887 2673 918 2708 si
947 2671 1196 2720 homicidium,
1218 2676 1248 2712 si
1278 2677 1399 2714 scelus

320 2727 464 2774 aliquod
483 2728 689 2776 hujusmodi
710 2740 972 2779 perpetrasses,
1001 2735 1096 2782 quod
1119 2743 1153 2774 te
1184 2748 1296 2786 regno
1323 2749 1396 2776 ca:-

322 2788 402 2826 lesti
421 2791 644 2837 excluderet,
665 2800 762 2832 recte
781 2806 956 2833 tutereres
976 2807 1019 2834 ac
1040 2797 1184 2846 lugeres
1205 2801 1397 2850 nullusque

319 2857 354 2886 te
371 2852 579 2898 prohiberet
595 2866 604 2890 :
621 2855 715 2902 quod
733 2856 762 2892 si
779 2868 842 2904 per
855 2857 1076 2904 Deigratiam
1097 2861 1142 2897 ab
1159 2861 1214 2898 his
1230 2863 1398 2914 omnibus

323 2911 530 2962 longissime
545 2924 706 2954 remotus
723 2919 867 2966 es,quid
887 2919 1019 2957 frustra
1040 2923 1192 2971 teipsum
1208 2911 1396 2964 concidis?

370 2977 430 3013 M.
453 2976 521 3014 Cur
539 2990 715 3015 mmrorem
734 2979 827 3016 Deus
846 2987 972 3019 θεοδιηε
991 2990 1126 3022 natura:
1143 2986 1335 3023 inseruerit.
1347 3007 1396 3015 —

320 3036 512 3076 Iiocrorcm
537 3051 680 3088 quoque
702 3042 798 3080 Deus
832 3043 984 3080 inseruit.
1013 3049 1392 3096 naturaeinortalium,

321 3109 394 3136 non
407 3102 521 3139 utabs
539 3113 578 3139 re
595 3109 632 3139 et
665 3105 916 3151 intempestive
933 3106 995 3143 illo
1014 3107 1050 3145 in
1069 3108 1175 3146 rebus
1202 3112 1394 3148 contrariis

320 3167 476 3202 ut.unur.
501 3173 619 3210 neque
644 3171 684 3202 ut
703 3166 868 3213 uosipsos
889 3169 1121 3216 perimamus,
1146 3183 1268 3208 verum
1293 3180 1330 3209 ut
1348 3184 1393 3210 ex

317 3231 363 3256 eo
389 3224 543 3260 maxima
565 3225 804 3264 emolumenta
826 3238 1104 3278 consequamur.
1127 3232 1291 3280 Quonam
1311 3245 1394 3271 Vero

319 3283 427 3320 modo
470 3285 528 3322 illa
555 3291 846 3336 consequemur?
881 3291 920 3330 Si
951 3294 1052 3332 illum
1090 3298 1302 3344 tempesme
1337 3307 1395 3334 as-

320 3354 516 3383 sumamus.
541 3347 652 3386 POI'I‘O
671 3353 838 3391 maeroris
863 3361 1006 3403 tempus
1025 3368 1096 3394 llOll
1119 3365 1203 3397 tunc
1219 3367 1288 3404 est,
1309 3370 1392 3396 cum

317 3406 450 3454 aliquid
482 3410 638 3456 patimur
661 3414 817 3462 adversi,
858 3419 922 3456 sed
947 3431 1032 3458 cum
1059 3422 1154 3460 male
1183 3435 1390 3470 operantur.

318 3469 364 3504 At
384 3479 468 3506 vero
488 3482 554 3510 nos
565 3475 729 3514 ordinetn
744 3482 998 3528 pervenimus,
1016 3490 1250 3533 temporaque
1269 3487 1393 3523 immu-

315 3532 486 3579 tavimus,
515 3536 574 3582 qui
599 3548 681 3575 cum
711 3540 899 3580 innumera
929 3545 1023 3584 mala
1048 3555 1312 3594 perpetremus,
1347 3558 1391 3584 nc

315 3593 474 3632 breviter
502 3599 646 3646 quidem
666 3601 792 3640 dolore
806 3605 1056 3644 contrahimur
1074 3619 1083 3644 :
1105 3593 1160 3644 sin
1181 3619 1266 3646 vero
1283 3610 1391 3658 quip-

315 3656 410 3700 piam
429 3669 449 3695 a
463 3670 640 3708 quoquam
659 3665 838 3711 patiamur
852 3668 952 3712 mali,
974 3669 1138 3714 protinus
1149 3671 1389 3716 concidimus,

317 3716 508 3767 haeremus,
533 3723 749 3774 liberarique
766 3735 802 3766 et
817 3727 946 3766 cedere
961 3740 1004 3766 ex
1027 3731 1096 3766 vita
1113 3731 1341 3769 festinamus.

362 3780 490 3820 Gravis
515 3784 621 3832 igitur
639 3796 676 3826 et
694 3800 847 3828 onerosa
874 3801 917 3828 ea
937 3802 995 3829 res
1012 3793 1166 3838 videtur,
1195 3806 1265 3832 non
1286 3806 1391 3834 secus

317 3847 422 3883 quam
445 3842 625 3884 iracundia
643 3853 1100 3900 ctcoucupiseentia.Nam
1124 3854 1389 3894 etltwcdamna

359 3913 372 3946 -‘
398 3916 446 3948 δίε
460 3917 611 3963 Plerique
625 3929 696 3960 Mss.
709 3931 742 3960 In
753 3932 799 3968 3.,
813 3930 929 3971 fames,
947 3931 1054 3966 minus
1069 3937 1174 3965 recte.

1483 303 1720 350 importarent
1735 303 1772 347 ii,
1787 305 1848 352 qui
1859 305 1901 343 iis
1918 316 1988 344 non
2002 313 2225 360 recte-neque
2241 324 2488 363 opportonesmt

1482 364 1550 399 usi.
1572 363 1826 413 Contingitque
1845 365 1938 404 idem
1956 369 2049 416 quod
2069 370 2103 407 in
2121 374 2378 425 medicamentis,
2395 393 2459 429 qua
2471 397 2486 423 a

1481 425 1630 463 medicis
1653 427 1870 466 traduntur:
1899 431 2031 478 quippe
2053 439 2098 470 et.
2108 433 2162 472 illa
2184 437 2211 473 si
2232 448 2296 476 non
2313 425 2488 485 suoaidine

1481 497 1516 526 et
1536 496 1710 537 tempore,
1738 501 1780 528 ac
1806 502 1872 540 pro
1891 493 2018 540 quibus
2039 497 2168 534 morbis
2193 507 2302 546 parata
2328 512 2412 551 sunt,
2438 509 2488 546 sed

1482 562 1546 598 pro
1560 551 1638 589 aliis
1653 553 1881 600 imponantur
1891 555 1974 600 alia,
1989 567 2057 594 non
2073 558 2183 596 solum
2198 561 2490 614 iu-lirmoslanguore

1481 623 1552 649 non
1583 613 1748 658 liberant,
1771 615 1833 652 sed
1859 615 2099 656 infirmitatem
2115 621 2224 666 potius
2238 613 2431 671 aggravant:
2450 631 2487 667 ita

1481 685 1628 722 prorsus
1659 684 1696 714 et
1726 688 1861 716 mceror
1888 679 1986 726 facit,
2011 693 2052 720 ac
2077 685 2200 722 merito
2216 697 2305 724 sane.
2334 689 2408 727 Nam
2423 703 2486 730 cum

1481 745 1662 776 austerum
1681 741 1729 777 sit
1745 738 2010 792 cor-rodensque
2031 746 2322 797 medicamentum,
2341 758 2442 800 atque,
2459 762 2489 792 nt

1481 799 1527 836 ita
1547 799 1714 846 dixerim,
1739 802 1904 841 vitiorum
1929 816 2008 853 qua:
2030 807 2063 844 in
2081 808 2180 846 nobis
2201 819 2278 848 sunt
2299 799 2448 861 pungatio,
2465 819 2489 854 si

1480 861 1714 901 admoveatur
1729 864 1846 902 otioso
1861 876 1904 903 ac
1921 867 2071 906 delicato
2087 870 2214 915 animo,
2229 871 2408 922 ingentique
2425 886 2490 923 pee-

1479 932 1642 962 catorum
1661 927 1820 973 pondere
1837 939 2022 976 oppresso,
2043 933 2230 970 maximam
2244 934 2290 972 illi
2313 935 2419 975 afferet
2437 941 2491 974 uti-

1479 987 1616 1024 litatem
1636 999 1646 1024 :
1666 989 1863 1028 sin'autem
1880 992 1998 1029 animo
2015 992 2400 1042 decertanti.dimicanti,
2413 1000 2490 1037 labe.

1480 1050 1580 1088 ribus
1608 1053 1782 1101 exercito,
1815 1054 1910 1091 curis
1931 1065 2113 1102 oppresso,
2143 1059 2330 1106 etpiurima
2350 1071 2490 1108 perpesso

1479 1113 1706 1162 adhibeatur,
1727 1123 1964 1165 przeterquam
1981 1119 2074 1166 quod
2093 1119 2177 1156 nihil
2199 1121 2340 1167 prodest,
2366 1125 2489 1161 maxime

1480 1184 1600 1224 nocet,
1633 1179 1904 1218 imbecilliorem
1935 1182 2031 1219 illum
2061 1181 2187 1220 faciens
2205 1191 2302 1232 atque
2323 1195 2496 1234 expugnato

1462 1239 1637 1278 facilem.
1671 1241 1846 1288 Quocirca
1877 1245 2052 1282 stantibus
2085 1253 2121 1282 et
2145 1247 2268 1284 acriter
2293 1248 2488 1295 pugnantibus

1481 1303 1612 1340 Paulus
1643 1313 1725 1341 cum
1756 1305 1946 1348 scriberet,
1971 1306 2135 1344 dicebat:
2157 1308 2298 1346 Gaudete
2320 1309 2351 1346 in
2376 1309 2494 1347 Domith

1477 1376 1611 1414 semper
1625 1378 1640 1411 ;
1663 1368 1784 1414 iterum
1801 1369 1890 1414 dico,
1919 1371 2062 1418 gaudete
2080 1371 2184 1419 (Phil.
2205 1373 2238 1410 4.
2253 1371 2300 1422 4).
2319 1373 2413 1410 Porro
2429 1374 2485 1409 dis-

1477 1429 1605 1466 solutis
1619 1431 1874 1480 ingentemque
1899 1434 2109 1473 habentibus
2125 1442 2300 1480 tumorem,
2320 1435 2360 1473 Et
2375 1448 2431 1480 vos,
2448 1437 2488 1473 in-

1477 1491 1568 1537 quit,
1587 1492 1700 1540 iri/lati
1717 1495 1824 1539 estis;
1842 1503 1874 1531 et
1891 1507 1958 1532 non
1980 1499 2088 1544 potius
2103 1498 2234 1544 ﬂevistis
2253 1497 2378 1547 (LCor.
2395 1499 2423 1535 5.
2438 1497 2489 1545 2')?

1479 1554 1603 1602 itaque
1615 1555 1645 1592 is
1662 1556 1808 1603 quidem
1827 1559 1888 1605 qui
1908 1566 2130 1606 peccatorum
2149 1560 2263 1606 sagina
2277 1561 2486 1608 impingoatur,

1477 1622 1694 1654 extenuetur
1719 1629 1762 1655 ac
1789 1619 1941 1657 siccetur
1970 1621 2036 1658 huc
2066 1622 2335 1660 medicamento:
2360 1623 2409 1670 qui
2425 1632 2488 1658 vero

1479 1678 1582 1716 bona:
1597 1679 1816 1718 habitudinis
1838 1689 1907 1727 est,
1929 1690 2036 1730 atque
2054 1683 2088 1720 in
2116 1684 2248 1720 decenti
2267 1691 2348 1721 statu
2363 1685 2494 1733 seipsuut

1477 1748 1610 1785 servat,
1649 1743 1734 1790 quid
1770 1751 1825 1780 est
1857 1755 1996 1791 causae,
2028 1756 2091 1783 cur
2109 1757 2168 1793 per
2191 1756 2362 1788 tumorem
2385 1745 2493 1782 bonam

1477 1814 1578 1839 suam
1610 1805 1852 1842 Valetudinem
1885 1807 2114 1854 etirrumpat?
2146 1807 2240 1844 Adeo
2263 1813 2313 1844 est
2337 1807 2416 1843 enim
2442 1806 2492 1842 ille

1477 1875 1562 1901 acer
1583 1872 1692 1914 atque
1709 1867 1852 1913 efﬁcax,
1880 1877 1918 1906 ut
1935 1871 2040 1906 etiam
2058 1880 2126 1916 ope
2149 1880 2208 1906 sua
2226 1868 2448 1916 indigentibus,
2464 1868 2487 1903 si

1477 1927 1557 1974 plus
1576 1927 1748 1976 temporis
1767 1941 1874 1979 quam
1894 1942 2042 1969 necesse
2059 1933 2104 1969 sit
2126 1933 2334 1974 immoratur,
2348 1930 2489 1968 maximo-

1475 2000 1555 2026 rum
1573 1991 1750 2029 malornm
1777 2003 1890 2030 causa
1901 1994 1960 2031 sit.
1983 1994 2082 2040 Quod
2114 2000 2150 2031 et
2166 1993 2282 2030 beatus
2307 1991 2417 2029 Paulus
2431 2001 2490 2026 me-

1478 2058 1582 2090 tuens
1602 2055 1675 2092 cito
1703 2056 1818 2102 illum,
1840 2064 2026 2104 postquam
2057 2057 2186 2095 fecerat
2210 2055 2295 2104 quod
2313 2065 2401 2092 suum
2417 2059 2484 2096 erat,

1473 2117 1606 2153 auferri
1623 2117 1746 2164 jussit,
1775 2129 1992 2168 causamque
2017 2121 2144 2167 adjecit
2163 2130 2234 2157 eam
2256 2117 2330 2157 :Ne
2345 2119 2431 2166 forte.
2449 2117 2482 2152 ἰιι·

1472 2180 1564 2226 quit,
1583 2180 1828 2218 abundantiori
1854 2181 1992 2219 tristitia
2017 2183 2225 2219 absorbeatur
2247 2181 2293 2229 (Ξ.
2309 2179 2379 2216 Cor.
2395 2178 2426 2215 ‘2.
2446 2178 2482 2222 'l}.

1479 2241 1592 2278 Porro
1627 2243 1656 2279 si
1695 2244 1827 2280 nimius
1851 2255 1987 2282 maeror.
2020 2247 2169 2289 irruens,
2190 2255 2249 2282 eos
2267 2243 2361 2280 etiam
2385 2239 2487 2287 quibus

1478 2309 1556 2340 erat
1575 2307 1816 2352 necessarius,
1833 2308 1963 2354 saipius
1981 2307 2143 2354 perdidit,
2158 2305 2236 2353 quid
2249 2305 2312 2341 illis
2323 2303 2426 2344 faciet,
2440 2299 2493 2346 qui

1473 2375 1555 2402 cum
1586 2376 1659 2403 non
1686 2366 1884 2414 indigeant,
1911 2375 2038 2416 sponte
2065 2369 2159 2404 illum
2185 2367 2247 2404 sibi
2273 2361 2486 2402 consciscunl?

1473 2427 1524 2464 ita
1543 2437 1643 2472 sane,
1667 2429 1819 2476 inquies,
1855 2431 1936 2468 nevi
1964 2432 2030 2468 hoc
2049 2437 2084 2468 et
2111 2431 2210 2476 ipse:
2235 2427 2293 2465 sed
2317 2436 2376 2473 ίΙυο
2399 2428 2491 2470 Paci“

1471 2487 1573 2525 illum
1613 2490 1818 2534 excludam,
1854 2499 1960 2539 atque
1992 2492 2038 2529 ab
2069 2493 2182 2528 anima
2217 2500 2290 2527 mea
2321 2494 2482 2525 amoveam.

1471 2551 1608 2588 nescio.
1631 2553 1674 2588 Et
1691 2553 1794 2600 cujus
1814 2553 1882 2591 hoc
1901 2554 2131 2598 difficultatis,
2150 2547 2389 2589 amantissime?
2413 2544 2483 2582 Nam

1471 2615 1500 2650 si
1521 2617 1812 2663 concupiscentia
1841 2625 1936 2655 esset
1961 2619 2090 2666 aliqua,
2121 2618 2149 2654 si
2179 2623 2351 2662 Corporum
2369 2612 2492 2648 insanus

1469 2685 1586 2721 amor,
1618 2677 1648 2713 si
1678 2677 1795 2714 inanis
1813 2679 1936 2726 gloria:
1955 2680 2126 2728 tyrannis,
2155 2677 2270 2713 vitium
2287 2672 2422 2721 profecto
2435 2679 2482 2705 su-

1471 2744 1597 2784 peratu
1623 2737 1875 2776 difficillimum
1890 2769 1900 2784 ,
1921 2747 1982 2776 aut
1997 2740 2128 2787 aliquid
2147 2736 2418 2787 perturbationum
2435 2731 2486 2766 hu-

1465 2799 1682 2846 juscemodi,
1700 2801 1829 2837 merito
1847 2812 1947 2839 esses
1963 2802 2008 2839 de
2019 2800 2215 2850 huiusmodi
2231 2795 2412 2836 liberatione
2426 2791 2484 2828 sol-

1470 2860 1602 2899 licitus.
1635 2862 1708 2899 Eos
1729 2863 1825 2900 enim
1859 2865 1917 2910 qui
1945 2864 2002 2900 bis
2028 2864 2119 2911 capti
2145 2863 2276 2900 fuerunt
2291 2869 2353 2896 non
2369 2853 2482 2903 quidem

1467 2930 1524 2960 est
1540 2923 1776 2971 impossibile,
1795 2925 1927 2962 difﬁcili
1933 2926 2041 2963 imum
2063 2933 2176 2962 tamen
2187 2934 2225 2960 ea
2238 2921 2318 2958 retia
2331 2917 2482 2983 dri-lingere.

1469 2986 1540 3022 Cur
1557 2986 1590 3022 id
1606 2987 1621 3022 ’ἶ
1648 2985 1738 3032 Quia
1761 2987 1922 3035 voluptas
1943 2988 1986 3025 iis
2003 2993 2209 3035 cooperator
2223 2992 2320 3032 atque
2337 2980 2388 3017 illa
2402 2977 2482 3022 adlu‘

1468 3055 1540 3084 vat.
1573 3048 1622 3085 Ea
1643 3059 1728 3085 vero
1747 3056 1816 3094 est,
1844 3061 1924 3097 quae
1955 3051 2067 3088 semel
2097 3050 2206 3096 captis
2228 3047 2322 3084 funes
2346 3041 2484 3091 plurimos

1467 3111 1630 3156 innectit,
1659 3111 1824 3158 istudque
1856 3113 2009 3160 primum
2038 3111 2248 3150 difficultatis
2277 3104 2482 3171 plenissimum

1467 3180 1534 3216 est,
1550 3175 1766 3221 persuadere
1783 3179 1904 3212 animo
1921 3179 1972 3214 sic
1989 3177 2138 3220 irretito,
2156 3180 2192 3210 ut
2211 3173 2308 3220 plane
2321 3178 2358 3205 ac
2373 3170 2484 3231 Ρέηξξξξδ

1468 3235 1554 3272 velit
1581 3246 1622 3272 ac
1651 3237 1772 3282 cupiat
1799 3237 1898 3274 hisce
1930 3238 2033 3275 nodis
2056 3235 2194 3274 liberari
2216 3246 2224 3270 :
2253 3233 2351 3294 fitque
2374 3223 2486 3294 simll'i‘

1467 3309 1578 3344 mum,
1601 3299 1709 3336 veluti
1725 3299 1755 3336 si
1781 3301 1860 3347 quis
1878 3301 2035 3338 scabiem
2053 3311 2093 3338 ac
2113 3297 2316 3346 pruriginem
2333 3292 2484 3336 ἀεροείιιιο

1466 3373 1527 3399 rus
1546 3361 1673 3398 morbo
1693 3371 1759 3398 suo
1776 3361 1987 3405 delectetur.
2019 3369 2054 3400 et
2071 3363 2104 3399 in
2121 3359 2277 3398 eumdem
2305 3356 2404 3420 ipsa-nt
2422 3355 2486 3420 se?

1466 3422 1612 3470 injiciat.
1637 3423 1814 3460 Caeterum
1849 3424 1899 3462 ad.
1921 3424 2143 3472 etfugandum
2173 3426 2349 3458 maerorem
2375 3411 2405 3449 id
2429 3417 2484 3446 non

1465 3495 1590 3532 parum
1609 3486 1762 3532 coul‘ert,
1784 3487 1812 3524 si
1842 3487 1984 3524 interim
2005 3487 2141 3534 ingrate
2159 3484 2250 3520 illum
2277 3477 2482 3516 admittamus-

1463 3547 1552 3584 Nam
1573 3547 1632 3594 qtti
1654 3559 1693 3584 re
1709 3548 1826 3596 aliqua
1845 3556 2024 3596 gravatur,
2043 3549 2113 3585 cito
2131 3547 2222 3582 illam
2235 3543 2278 3580 ab
2293 3550 2328 3578 se
2345 3539 2484 3596 exculti”

1463 3609 1632 3646 studehit.
1661 3610 1752 3656 Quid
1768 3595 1870 3658 ergo,
1891 3612 1920 3648 si
1935 3611 2014 3659 quis
2031 3621 2106 3646 eam
2119 3609 2162 3644 ab
2177 3617 2215 3643 se
2228 3604 2348 3651 ejicere

1465 3681 1532 3707 nec
1554 3653 1691 3717 possiti
1706 3672 1782 3708 Non
1797 3653 1956 3710 remittai
1975 3671 2142 3713 studium,
2161 3675 2195 3705 et
2210 3667 2276 3702 cito
2293 3653 2484 3727 βρωτὴ-ξς

1462 3732 1534 3779 gita
1555 3716 1672 3770 lenitn
1715 3734 1978 3778 Christianum,
2008 3733 2037 3769 si
2065 3730 2202 3779 quando
2229 3727 2386 3764 tristetur.
2413 3716 2486 3786 fma"

1465 3798 1601 3830 tantum
1630 3795 1746 3842 justas
1763 3796 1896 3833 habere
1915 3795 2078 3834 maeroris
2098 3801 2232 3834 causas,
2258 3786 2307 3824 vel
2322 3792 2392 3820 cum

1466 3855 1520 3891 vel
1537 3866 1618 3892 cum
1641 3859 1826 3904 proximus
1845 3858 1992 3896 offendit
2018 3858 2125 3894 Deum
2141 3866 2149 3890 :
2169 3863 2245 3890 cum
2262 3858 2340 3885 vero
2356 3846 2486 3908 pransus

1465 3927 1600 3954 maror
1630 3903 1711 3957 tuus
1742 3922 1873 3958 nullam
1891 3918 2094 3968 hujusmodi
2117 3919 2330 3955 occasionum
2357 3903 2484 3941 radicem
