4004 6208
281 221 387 272 liii".

286 321 498 386 habent,
523 319 746 390 tcipsum
770 317 958 374 frustra
976 316 1281 391 discrucias.
1302 315 1367 371 Et
1389 317 1529 371 unde
1557 315 1604 370 id
1626 326 1855 379 constet,

285 412 532 479 inquies,
587 411 728 480 quod
781 426 882 463 non
933 408 1284 462 oﬂ'eusionum
1331 418 1632 463 nostrarum
1673 423 1859 477 pinnas

270 502 657 555 ‘e\StllV:llllu5?
687 500 737 552 id
761 499 970 568 quidem
1001 501 1224 554 maxime
1254 499 1437 568 liquet,
1466 499 1558 553 sed
1593 499 1690 552 hoc
1721 499 1856 552 inte-

273 593 383 646 rim
406 609 511 646 non
529 592 828 646 asserimus.
854 590 1045 645 Verum
1069 592 1156 658 sit,
1179 592 1222 646 si
1250 592 1347 656 vis,
1375 591 1427 644 id
1452 606 1555 644 non
1575 591 1856 654 incertum,

281 687 376 739 sed
406 686 629 739 maxime
670 685 1029 749 manifestum,
1063 694 1118 738 ut
1157 694 1207 737 tu
1234 685 1388 750 dicis,
1419 684 1555 737 hanc
1583 699 1700 737 esse
1729 699 1854 752 pec-

279 786 516 831 catorum
549 785 754 828 tuorum
788 775 1220 828 retributionem:
1253 791 1398 837 num,
1428 789 1628 843 qumso.
1660 774 1858 827 idcirco

283 883 474 920 nimios
515 874 570 919 et
606 865 797 919 doles?
838 866 994 934 Atqui
1031 866 1259 935 gaudere
1288 866 1462 934 potius
1501 865 1682 928 debes,
1716 865 1854 936 quod

277 958 366 1011 hic
415 966 630 1025 peccata
669 965 756 1009 tua
801 955 892 1009 tibi
931 956 1295 1019 remittantur,
1361 973 1428 1010 ue
1477 972 1597 1010 cum
1655 957 1852 1009 mundo

276 1049 569 1102 damneris.
617 1048 716 1115 Qui
747 1048 888 1101 enim
929 1047 1092 1110 dolet,
1139 1063 1241 1101 non
1286 1050 1405 1118 quia
1437 1048 1720 1108 cruciatur,
1761 1047 1852 1100 sed

273 1143 397 1211 quia
425 1141 643 1195 oll‘endit
672 1141 860 1206 Deum,
889 1140 1068 1194 dolere
1111 1141 1286 1195 debet.
1333 1142 1552 1195 Peccata
1597 1141 1736 1194 enim
1767 1156 1854 1196 se-

274 1240 461 1300 parant
489 1247 516 1283 a
549 1230 700 1284 nobis
731 1231 914 1285 Deum.
948 1231 1378 1300 constituuntque
1401 1231 1554 1284 nobis
1579 1231 1723 1283 illmn
1750 1231 1851 1283 ini-

274 1323 468 1374 micum
495 1339 506 1374 :
540 1320 804 1374 cruciatus
827 1335 953 1373 vero
994 1320 1146 1374 nobis
1172 1321 1317 1373 illum
1349 1319 1674 1383 reconciliet,
1719 1336 1852 1388 pra:-

259 1423 531 1481 -paratque
579 1423 633 1466 ut
662 1413 916 1482 propitius
945 1427 1007 1467 ac
1032 1413 1358 1482 propinquus
1383 1412 1468 1465 sit.
1499 1411 1648 1477 Quod
1673 1422 1850 1466 autem

269 1503 439 1557 sodor
484 1505 578 1558 iste
619 1517 735 1558 tuus
770 1519 872 1558 non
923 1504 992 1557 sit
1025 1515 1356 1572 peccatorum
1390 1504 1538 1568 ultio,
1581 1503 1672 1559 sed
1700 1521 1852 1580 coro-

274 1609 462 1648 Irarum
486 1596 658 1664 potius
687 1595 1132 1665 praemiorumque
1162 1595 1400 1658 materia,
1433 1595 1554 1649 hinc
1581 1610 1710 1648 sane
1740 1611 1848 1647 ma-

274 1684 525 1738 nifestum
573 1697 671 1740 est.
723 1686 777 1741 Si
833 1686 972 1739 enim
1021 1686 1167 1754 prius
1209 1687 1432 1756 turpiter
1475 1701 1539 1740 ac
1581 1686 1851 1740 luxuriose

273 1776 530 1842 vixisses,
586 1788 741 1847 atque
773 1777 852 1831 ita
892 1787 944 1832 te
985 1777 1048 1830 ad
1084 1776 1460 1832 monachorum
1491 1777 1852 1832 conversatio-

274 1883 394 1920 nem
425 1869 773 1933 contulisses,
822 1884 888 1924 ne
917 1871 992 1923 sic
1021 1869 1231 1937 quidem
1270 1868 1382 1922 lucc
1417 1869 1646 1938 suspicio
1673 1869 1848 1922 locum

258 1956 560 2012 habuisset.
589 1958 717 2012 Nam
764 1959 808 2014 si
840 1959 908 2012 ob
937 1958 1036 2013 ltoc
1076 1959 1214 2014 Deus
1263 1973 1447 2027 poenas
1485 1959 1660 2023 infert,
1710 1969 1764 2012 ut
1798 1959 1847 2012 in

266 2048 426 2101 malis
441 2059 842 2116 perseverantes
859 2049 922 2103 ad
951 2049 1313 2119 pmnitentiam
1333 2058 1608 2120 provocet,
1637 2060 1848 2103 ostensa

266 2138 578 2206 paenitentia
618 2139 881 2208 superﬂua
927 2140 1034 2208 jam
1079 2141 1182 2194 erit
1211 2154 1384 2209 ptena.
1437 2140 1664 2193 Tantum
1707 2141 1848 2195 enim

261 2230 414 2285 abest
438 2240 506 2284 «ut
537 2247 632 2286 nos
669 2231 856 2300 punire
882 2231 1006 2284 velit
1031 2232 1188 2294 Deus,
1233 2239 1292 2284 ut
1323 2247 1443 2284 cum
1481 2245 1850 2299 saepenumero

260 2323 440 2391 pontis
476 2321 633 2391 digna
665 2320 921 2376 faciamus
943 2361 959 2388 ,
1000 2337 1314 2392 summaque
1341 2321 1688 2375 conversione
1716 2337 1850 2390 opus

260 2412 576 2476 habeamus,
600 2411 1009 2466 comminatione
1026 2412 1196 2466 solum
1213 2412 1495 2480 verbisque
1521 2411 1844 2465 terribilibus

260 2519 365 2558 nos
403 2505 665 2574 castigare
701 2504 891 2559 malit:
933 2505 1089 2574 idque
1129 2504 1282 2559 facile
1307 2505 1567 2574 quispiam
1613 2503 1851 2557 animad-

259 2608 435 2653 vertet
473 2607 527 2653 et
569 2601 619 2652 in
650 2599 934 2653 Israelitica
966 2599 1144 2668 plebe,
1171 2614 1231 2655 et
1257 2600 1310 2654 in
1342 2600 1690 2654 Ninivitarum
1719 2599 1849 2654 civi-

263 2698 395 2742 tate.
423 2689 532 2744 Non
567 2689 747 2742 solum
771 2691 911 2742 enim
940 2691 1192 2758 supplicia
1224 2705 1328 2744 non
1357 2691 1550 2755 intulit,
1586 2705 1704 2744 cum
1738 2705 1850 2759 pai-

261 2780 538 2833 nitcntiam
589 2780 961 2842 ostenderent,
1018 2780 1113 2835 sed
1169 2791 1222 2833 et
1273 2783 1443 2834 minas
1491 2781 1632 2848 ipsas
1671 2781 1847 2834 statim

271 2872 523 2925 removit.
567 2870 730 2924 Multo
777 2869 921 2925 enim
961 2872 1127 2937 magis
1168 2856 1415 2940 vult‘ipse
1441 2871 1572 2924 nihil
1613 2885 1709 2925 nos
1740 2871 1846 2939 pati

266 2962 417 3026 ntali,
455 2977 610 3031 quam
643 2977 740 3015 nos
783 2963 904 3032 ipsi,
953 2963 1234 3032 nullusque
1271 2963 1370 3016 sibi
1417 2962 1488 3016 ita
1521 2974 1760 3031 parceret
1785 2962 1850 3016 li-
1885 2986 1894 2994 -

267 3053 474 3119 Denter,
507 3061 560 3108 ut
587 3053 739 3106 nobis
765 3053 1009 3107 omnibus
1040 3054 1196 3107 Deus.
1247 3053 1444 3108 Deinde
1469 3055 1516 3107 is
1537 3053 1628 3122 qui
1655 3054 1850 3123 sa-pius

268 3155 550 3216 peccantes
583 3145 761 3200 verbis
791 3155 992 3200 tantum
1033 3155 1284 3207 exterret,
1324 3159 1421 3200 nec
1459 3145 1628 3213 punit,
1677 3146 1848 3213 posui-

272 3256 552 3316 tentesque
581 3246 680 3300 hac
709 3245 993 3300 formidine
1021 3243 1228 3308 liberat,
1275 3251 1326 3296 te
1351 3244 1439 3312 qui
1471 3251 1611 3296 tanta
1643 3242 1852 3310 religio-

271 3338 379 3402 nis,
421 3346 562 3392 tanta
591 3337 798 3391 virtutis
823 3338 878 3391 et
908 3334 1187 3404 probitatis
1219 3332 1408 3387 indit-ia
1441 3348 1548 3401 pra:
1583 3341 1632 3385 te
1663 3331 1848 3394 tulisti,

269 3445 379 3484 non
421 3430 590 3483 solum
631 3429 714 3482 liis
739 3428 895 3482 minis
936 3435 1095 3495 atque
1126 3425 1226 3480 hoc
1255 3435 1458 3478 terrore
1499 3439 1602 3477 non
1634 3422 1847 3491 eripuit,

273 3535 453 3574 verum
484 3529 538 3573 et
570 3534 627 3572 re
653 3519 762 3587 ipsa
793 3516 1066 3586 suppliciis
1081 3516 1324 3583 exposuit
1343 3515 1365 3566 ?
1385 3523 1436 3568 et
1461 3512 1726 3581 quomodo
1750 3511 1850 3564 ali-

269 3611 389 3680 quis
412 3611 511 3664 boc
535 3608 758 3663 credat?
778 3611 1022 3662 Attamen
1051 3607 1093 3660 si
1125 3605 1268 3675 prior
1294 3604 1380 3658 illa
1407 3613 1490 3656 tua
1519 3601 1851 3656 conversatio

272 3709 518 3770 corrupta
534 3699 720 3753 luisset
743 3713 803 3752 ac
829 3697 1050 3766 perdita,
1067 3705 1122 3750 ut
1147 3695 1471 3762 dixi,aliquis
1493 3693 1542 3745 id
1563 3692 1645 3744 vel
1675 3691 1850 3759 Stlspi-

274 3792 382 3846 rari
407 3806 474 3861 po
501 3800 582 3847 set
602 3809 618 3842 :-
634 3805 751 3844 cum
783 3804 909 3844 vero
928 3787 1384 3856 deleriorquidem
1406 3785 1488 3837 illa
1514 3782 1664 3837 fuerit
1694 3797 1851 3852 quam

276 3899 508 3953 praesens
533 3883 620 3944 sit,
660 3889 844 3934 ornata
874 3889 1048 3932 tamen
1091 3888 1144 3933 et
1186 3878 1296 3946 ipsa
1327 3890 1638 3942 summaque
1683 3873 1851 3926 bone-

278 3983 408 4027 state
441 3973 659 4040 pollens,
696 3969 933 4040 profecto
963 3969 1117 4022 nobis
1152 3968 1296 4022 omni
1322 3982 1385 4022 ex
1417 3977 1563 4033 parte
1588 3963 1853 4018 constabit

1725 207 2059 264 MONITUM.

3433 212 3538 266 404

1964 318 2360 374 colluctationes
2421 319 2514 374 lias
2565 329 2680 376 tuas
2718 334 3031 374 coronarum
3075 319 3167 374 tibi
3216 318 3536 389 majorisque

1962 411 2143 481 gloria:
2161 415 2491 468 occasionem
2511 429 2646 468 esse.
2661 415 2878 484 Oportet
2898 416 3074 485 igitur,
3091 426 3143 469 ut
3162 415 3287 480 dixi,
3308 426 3359 470 et
3377 415 3470 469 bas
3484 425 3535 468 ct

1965 501 2261 571 lmjusmodi
2283 504 2626 572 Cogitationes
2649 521 2880 559 movere.
2911 505 3169 560 Convenit
3195 509 3316 560 item
3342 517 3531 560 etcum

1975 593 2055 646 bis
2082 609 2208 658 una,
2233 595 2337 647 imo
2359 605 2478 648 ante
2511 595 2622 655 bas,
2651 597 3138 652 ratiocinationibus
3161 598 3532 666 perpetuisque

1965 685 2352 753 precationibus
2389 687 2482 738 ltas
2512 687 2752 740 tenebras
2781 687 3056 756 dissipare.
3085 687 3213 741 Nam
3254 699 3306 740 et
3347 687 3530 740 beatus

1963 774 2144 836 David,
2164 789 2381 844 magnus
2405 775 2490 829 ille
2514 776 2589 828 vir
2604 786 2762 845 atque
2782 777 3058 841 mirabilis,
3080 777 3160 829 liis
3177 777 3532 830 medicamen-

1964 867 2026 919 tis
2051 865 2354 935 frequenter
2383 858 2506 919 usus
2527 875 2626 930 est,
2658 867 2838 936 bisque
2866 867 3119 935 plurimos
3145 867 3352 920 dolores
3382 881 3530 932 pres-

1961 970 2198 1009 sorarum
2241 958 2460 1010 removit
2503 972 2564 1012 ac
2599 958 2821 1026 repulit,
2851 973 2988 1010 nunc
3017 956 3226 1025 quidem
3251 970 3428 1019 orans,
3468 970 3529 1008 ac.

1959 1049 2161 1114 dicens,
2199 1050 2559 1104 Tribulationes
2596 1051 2760 1104 cordis
2791 1051 2884 1104 mei
2923 1050 3266 1118 multiplicatae
3291 1059 3426 1115 sunt,
3468 1048 3530 1102 de

1959 1139 2327 1192 necessitatibus
2355 1141 2474 1193 meis
2508 1157 2623 1193 erue
2649 1157 2725 1194 me
2765 1139 2932 1209 (Psal.
2958 1140 3047 1194 2i.
3081 1139 3169 1208 l7)
3207 1157 3219 1190 :
3265 1154 3402 1192 nunc
3426 1138 3527 1203 piis

1957 1244 2018 1283 ac
2079 1229 2337 1300 religiosis
2396 1231 2880 1286 ratiocinationibus
2946 1231 3175 1285 admotis
3236 1233 3524 1301 inquiens:

1960 1320 2127 1385 Quare
2165 1322 2319 1374 tristis
2347 1338 2418 1387 es,
2467 1322 2636 1374 anima
2677 1340 2804 1384 mea,
2848 1333 2893 1375 et
2917 1339 3071 1391 quare
3101 1324 3364 1375 conturbas
3406 1321 3530 1374 me?

1957 1411 2121 1477 Spera
2157 1411 2206 1464 iu
2232 1410 2357 1475 Deo,
2407 1413 2643 1483 quoniam
2673 1413 2837 1464 adhuc
2870 1412 3142 1478 conﬁtebor
3179 1413 3256 1465 illi
3286 1410 3398 1485 (Ps.
3435 1413 3525 1466 ΛΞ.

1956 1502 2031 1572 5).
2053 1503 2382 1572 Rursumque
2404 1520 2469 1558 ex
2487 1503 2972 1558 ratiocinationibus
2993 1502 3295 1571 huiusmodi
3325 1503 3388 1555 ad
3416 1517 3531 1556 ora-

1957 1595 2128 1647 tiones
2153 1609 2447 1647 conversus
2481 1611 2494 1648 :
2529 1593 2762 1658 Remitte,
2805 1593 2992 1662 inquit,
3022 1594 3164 1657 mihi,
3196 1604 3245 1644 ut
3267 1593 3529 1660 refrigerer

1955 1687 2242 1756 priusquam
2280 1687 2475 1750 abeam,
2521 1695 2569 1738 et
2599 1685 2733 1738 ultra
2758 1685 2863 1750 iam
2890 1701 2988 1737 non
3014 1701 3099 1736 ero
3135 1683 3252 1752 (Ps.
3280 1683 3368 1736 58.
3405 1684 3525 1751 H);

1953 1787 2110 1844 atque
2139 1776 2206 1828 ab
2235 1775 2562 1829 orationibus
2589 1775 2653 1828 ad
2683 1773 3112 1828 ratiocinationes
3146 1789 3160 1827 :
3206 1772 3338 1836 Quid
3370 1773 3524 1836 enim,

1953 1867 2044 1929 ait,
2067 1867 2188 1918 mihi
2208 1875 2277 1918 est
2308 1867 2357 1918 in
2378 1867 2519 1930 caelo,
2541 1874 2701 1918 etate
2723 1865 2844 1934 quid
2875 1865 3006 1918 volui
3025 1880 3175 1932 super
3200 1873 3380 1914 terram
3402 1861 3522 1932 (Ps.

1955 1956 2042 2008 72.
2068 1956 2196 2025 ‘25)?
2229 1957 2299 2009 ita
2327 1969 2375 2011 et
2403 1956 2505 2010 Job
2530 1956 2678 2010 uxori
2709 1971 2825 2024 qua:
2861 1955 3018 2008 verba
3044 1953 3300 2007 diabolica
3334 1969 3526 2022 sugge-

1953 2047 2120 2110 rebat,
2151 2046 2639 2099 ratiocinationibus
2666 2045 3040 2109 reluctabatur,
3073 2043 3319 2112 illamque
3357 2043 3528 2096 incre-

1948 2153 2082 2205 pans
2144 2136 2359 2193 dicebat
2384 2159 2401 2196 :
2429 2140 2606 2202 Quare
2681 2146 2935 2204 tamquam
2973 2151 3073 2187 una
3115 2135 3380 2187 stultorum
3411 2151 3524 2185 mu-

1952 2225 2127 2277 lierum
2153 2226 2356 2294 loquuta
2374 2225 2462 2279 es?
2483 2225 2540 2279 Si
2556 2223 2686 2277 bona
2706 2225 3014 2290 suscepimus
3040 2223 3102 2276 de
3124 2241 3272 2276 manu
3297 2221 3518 2284 Domini,

1953 2317 2088 2368 mala
2117 2332 2216 2369 non
2267 2315 2618 2368 sustinebimus
2661 2315 2780 2387 (Job
2808 2314 2862 2366 Ξ.
2897 2315 3026 2384 10)?
3069 2313 3148 2367 Ad
3197 2316 3359 2368 Deum
3403 2330 3527 2368 vero

1953 2407 2196 2475 precibus
2225 2406 2488 2460 utebatur.
2517 2409 2594 2459 Ae
2621 2405 2806 2458 beatus
2838 2405 3026 2457 Paulus
3057 2404 3292 2474 utrisque
3324 2403 3405 2457 his
3438 2420 3525 2456 ar-

1953 2496 2054 2548 mis
2079 2510 2212 2558 cos,
2241 2495 2331 2564 qui
2361 2496 2412 2548 iti
2445 2495 2704 2562 presseris
2742 2509 2805 2546 ac
2831 2493 3214 2546 tentationibus
3243 2501 3412 2556 erant,
3438 2494 3526 2560 ju-

1953 2586 2127 2649 vabat,
2153 2599 2293 2637 nunc
2315 2584 2524 2652 quidem
2546 2583 2757 2636 dicens:
2783 2582 2843 2636 Si
2863 2593 3025 2634 autent
3052 2592 3192 2635 extra
3214 2583 3529 2653 disciplinam

1952 2675 2088 2738 estis,
2127 2691 2246 2745 ergo
2274 2673 2563 2736 adulteriui,
2593 2689 2692 2725 non
2713 2673 2844 2740 ﬁlii;
2887 2675 2994 2741 quis
3023 2673 3152 2724 enim
3185 2673 3343 2740 ﬁlius,
3386 2689 3529 2742 quem

1953 2766 2272 2832 noncorripit
2293 2762 2604 2834 pater(lleb.
2631 2762 2714 2816 12.
2735 2765 2787 2816 8.
2806 2762 2898 2828 7)?
2917 2778 3156 2832 nuncque
3179 2778 3354 2826 orans,
3381 2762 3529 2815 Fide-

1953 2856 2034 2919 lis,
2065 2855 2250 2924 inquit,
2281 2853 2417 2906 Deus
2444 2863 2532 2916 est,
2568 2853 2649 2922 qui
2678 2870 2777 2905 non
2809 2854 3025 2920 patietur
3053 2869 3137 2904 vos
3165 2854 3344 2905 tentari
3375 2870 3528 2923 supra

1951 2947 2005 2998 id
2031 2945 2164 3014 quod
2188 2947 2390 3015 potestis
2411 2943 2608 3016 (LCor.
2632 2944 2716 2998 l0.
2749 2943 2834 3012 15)
2861 2960 2876 2998 :
2908 2952 2961 2997 et
2983 2959 3208 3008 rursum,
3243 2943 3304 2997 Si
3332 2945 3530 3013 quidem

1945 3039 2137 3106 justum
2166 3036 2303 3106 apud
2333 3035 2491 3088 Deum
2521 3045 2613 3101 est,
2642 3034 2911 3088 retribuere
2935 3033 3305 3086 retributionem
3333 3033 3410 3086 Itis
3445 3035 3530 3102 qui

1952 3143 2037 3182 vos
2061 3128 2318 3191 tribulam,
2347 3135 2392 3179 et
2411 3126 2542 3178 vobis
2561 3127 2645 3196 qui
2662 3125 2990 3190 tribulamiui,
3016 3125 3232 3193 requiem
3255 3123 3328 3194 ('2.
3353 3123 3526 3177 Thess.

1958 3223 2004 3274 l.
2035 3222 2086 3274 6.
2121 3221 2197 3288 7).
2227 3217 2283 3272 Si
2317 3219 2477 3288 igitur
2504 3218 2664 3272 armis
2695 3216 2777 3272 his
2805 3217 2918 3286 ipse
2937 3231 3146 3286 quoque
3185 3231 3310 3270 usus
3347 3214 3528 3280 lueris,

1953 3327 2015 3366 ac
2057 3312 2282 3378 teipsum
2314 3309 2546 3379 perfecte
2573 3308 2806 3378 undique
2850 3310 3164 3372 armaveris,
3195 3307 3530 3377 cogitationi-

1953 3405 2051 3459 bus
2093 3404 2338 3458 maaro-‘is
2379 3399 2668 3456 retundens
2708 3400 2984 3468 impetum,
3035 3400 3364 3453 orationibus
3405 3415 3532 3454 vero

1955 3507 2062 3551 tam
2108 3495 2233 3562 tuis,
2279 3509 2436 3563 quam
2480 3492 2703 3546 aliorum
2743 3500 2795 3546 te
2835 3491 2994 3544 veluti
3045 3507 3197 3544 muro
3243 3490 3531 3545 fortissimo

1955 3591 2220 3653 muniens,
2251 3587 2498 3643 celeriter
2521 3584 2818 3654 disciplina:
2839 3583 2993 3638 istius
3022 3584 3281 3652 percipies
3305 3582 3528 3636 fructus.

1955 3683 2068 3735 Non
2091 3680 2232 3734 enim
2261 3678 2362 3732 hoc
2387 3677 2560 3732 solum
2593 3675 2904 3741 lucraberis,
2935 3673 3076 3745 quod
3105 3675 3383 3744 praesentia
3427 3673 3532 3726 for-

1957 3775 2077 3826 titer
2097 3770 2258 3834 feras,
2303 3785 2485 3825 verum
2519 3768 2599 3822 his
2623 3766 3094 3823 exercitationibus
3127 3765 3530 3820 robustissimus

1955 3865 2196 3930 effectus,
2227 3864 2383 3918 nullis
2393 3862 2509 3932 jam
2533 3863 2650 3916 vita:
2679 3861 2833 3931 hujus
2857 3860 3100 3916 adversis
3125 3859 3335 3913 casibus
3363 3856 3527 3926 frangi

1957 3961 2037 4014 vel
2059 3958 2212 4026 dejici
2242 3957 2459 4024 poteris.

2233 4205 2268 4212 _-
2291 4197 3484 4215 —---———————_—————————-—-.—.

1712 4369 1924 4430 ’ΜΟΝΙ
1938 4371 2101 4431 TUM

261 4705 707 4767 Palladiusvero,
738 4705 1004 4760 sincerior
1031 4721 1210 4760 rerum
1245 4707 1620 4779 (Ihrysostomi
1647 4723 1843 4778 praeco,

266 4799 320 4854 in
347 4799 574 4868 Dialogo
613 4799 776 4852 hasce
811 4799 1089 4853 orationes
1133 4799 1200 4853 ad
1235 4800 1448 4855 initium
1500 4802 1847 4870 episcopatus

263 4885 383 4954 ejus
415 4885 576 4940 refert
611 4904 622 4936 τ
655 4907 672 4937 ι
710 4885 800 4940 Sic
828 4889 1113 4943 ordinatus
1145 4888 1406 4953 Joannes,
1433 4891 1629 4960 inquit,
1662 4908 1844 4945 rerum

265 4992 451 5030 curam
495 4977 825 5047 aggreditur,
875 4994 970 5047 per
1011 4979 1385 5034 rationabilem
1442 4984 1675 5036 tlstulam
1712 4999 1846 5038 oves

265 5067 490 5134 probare
515 5083 767 5122 exorsus.
795 5067 940 5122 Raro
956 5082 1141 5123 autem
1171 5070 1436 5124 adhibe-is
1464 5072 1624 5125 etiam
1648 5075 1843 5141 pedum

267 5159 676 5228 increpationis,
714 5175 1021 5216 sermonem
1057 5162 1241 5232 dirigit
1287 5163 1574 5217 adversum
1608 5166 1840 5218 ementi-

261 5258 370 5303 tum
399 5251 634 5306 l'ratrum
667 5267 1026 5323 sororumque
1057 5255 1390 5320 convictum,
1412 5271 1470 5310 re
1502 5272 1625 5310 vera
1658 5268 1836 5310 autem

261 5349 470 5408 turpem
497 5341 915 5410 improbumque
938 5345 1269 5405 convictum,
1297 5346 1363 5397 de
1388 5345 1837 5409 subintrotluctts.

260 5431 649 5493 συνεισάκτων,
705 5442 766 5486 ιιι
815 5442 1030 5497 vocant,
1091 5449 1254 5502 agens
1313 5436 1738 5506 ostendensque,
1797 5442 1836 5462 "

262 5519 526 5572 malorum
568 5520 726 5574 detur
773 5520 944 5589 optio,
988 5523 1243 5578 meliores
1275 5525 1398 5579 istis
1447 5527 1666 5582 lenones
1697 5546 1834 5584 esse.

267 5610 345 5664 Illi
392 5625 629 5678 namque
679 5615 868 5681 procul
906 5630 934 5668 a
985 5615 1210 5670 medicis
1247 5617 1573 5681 habitantes,
1607 5622 1744 5690 apud
1785 5640 1842 5676 se

265 5706 512 5755 morbum
549 5701 767 5767 habent,
800 5706 890 5760 sed
924 5707 1227 5764 volentibus
1259 5710 1344 5763 :lti
1371 5722 1549 5766 autem
1573 5712 1623 5765 iu
1651 5714 1841 5769 salutis

1957 4709 2171 4763 ofﬁcina
2215 4709 2546 4772 habitantes.
2581 4711 2742 4765 etiam
2779 4726 2944 4766 sanos
2978 4712 3262 4783 impellunt
3293 4714 3358 4768 ad
3389 4731 3542 4770 mor-

1946 4801 2250 4856 buiande
2280 4818 2406 4872 pars
2439 4802 2566 4857 cleri
2606 4802 2832 4857 minime
2878 4803 3152 4875 religiosa,
3187 4822 3308 4874 quae
3339 4812 3532 4862 morbo

1949 4893 2041 4945 illo
2089 4892 2394 4953 tenebatur,
2443 4902 2715 4947 commota
2748 4902 2849 4949 est.
2895 4913 2912 4943 ι
2953 4895 3075 4949 llaec
3109 4895 3405 4964 Palladius,
3437 4900 3524 4953 cui

1949 4994 2136 5053 utpote
2159 4985 2375 5038 oculato
2412 4985 2533 5038 testi
2567 4985 2722 5039 Iidem
2775 4987 2971 5040 habere
3009 5002 3108 5055 par
3144 4999 3245 5042 est.
3279 4989 3532 5042 Socrates

1954 5094 2083 5131 vero
2116 5078 2298 5131 omnia
2355 5078 2592 5132 miscuit.
2632 5079 2778 5134 Licet
2822 5090 3001 5135 autem
3051 5082 3164 5135 lia-c
3204 5081 3269 5134 ad
3316 5081 3528 5133 initium

1952 5172 2301 5239 episcopatus
2333 5171 2452 5240 ejus
2491 5172 2768 5227 t'el'erenda
2800 5174 2927 5234 sint,
2974 5182 3209 5227 attamen
3255 5171 3439 5224 Savilii
3477 5183 3530 5226 et

1953 5262 2246 5317 Frontonis
2282 5263 2458 5317 Dille
2493 5267 2592 5318 hac
2625 5266 2677 5319 in
2709 5276 2858 5334 parto
2891 5266 3134 5318 ordinem
3165 5263 3318 5330 sequi
3350 5263 3529 5317 visutn

1949 5365 2053 5418 est,
2083 5356 2175 5426 qui
2214 5372 2297 5410 res
2331 5373 2521 5412 omnes
2554 5357 2618 5412 ad
2652 5357 2969 5418 monachos,
3007 5362 3236 5418 ascetas,
3269 5355 3528 5424 virgines,

1950 5447 2248 5515 viil-nasque
2275 5457 2581 5516 spectantes
2616 5449 2781 5503 simul
2813 5453 3130 5516 posuerunt.
3343 5441 3350 5448 ’

2021 5535 2522 5607 lnterprctationem
2587 5538 2830 5592 Latinam
2887 5537 3078 5591 incerti
3136 5537 3276 5605 viri,
3337 5539 3523 5594 multis

1946 5627 1998 5680 iu
2055 5630 2187 5684 locis
2237 5633 2576 5686 emendatam
2637 5646 2667 5685 e
2710 5631 2928 5702 regione
2965 5631 3135 5687 Graeci
3185 5642 3366 5688 textus
3423 5649 3523 5704 po-

1946 5734 2178 5775 SUllllUS.
