2726 4358
1290 517 1432 578 EJU

1445 519 1657 580 SDEM

639 694 892 741 ADVERSUS
915 702 1006 741 EOS
1033 705 1112 755 ριν
1145 705 1268 747 APUD
1296 707 1355 746 SE
1385 707 1574 746 HABENT
1604 711 1824 752 VIRGINES
1846 715 2279 758 SUBINTRUDUCTAS.

389 1025 421 1061 1.
445 1025 641 1071 Majmiluis
671 1030 804 1064 nostris
829 1029 909 1065 dua!
937 1035 1076 1068 tantum
1104 1031 1250 1068 fuerunt
1275 1042 1394 1068 causa:
1411 1061 1420 1076 ,

329 1094 488 1142 prop'er
513 1097 602 1134 quas
636 1089 848 1126 mulieribus
876 1091 940 1127 viri
973 1092 1237 1130 cohabitarcnt.
1275 1093 1321 1130 Et
1353 1104 1422 1130 una

337 1147 483 1192 quidem
516 1156 617 1185 vetus
647 1157 701 1186 est
728 1161 769 1186 ac
793 1151 891 1198 justa
912 1153 1117 1201 rationique
1145 1161 1388 1192 consentanea
1412 1167 1419 1190 :

339 1221 469 1256 nempe
488 1212 773 1258 matrimonium,
792 1214 886 1259 quod
906 1214 978 1252 Deo
993 1215 1198 1262 lcgislatorc
1217 1217 1419 1253 instittttum

337 1279 417 1309 est:
443 1271 590 1320 Propter
607 1275 672 1311 hoc
699 1276 816 1320 enim,
849 1277 986 1324 inquit,
1019 1278 1182 1324 relinquet
1211 1280 1262 1316 vir
1288 1286 1420 1326 patrem

335 1345 435 1370 suum
449 1340 479 1370 et
499 1343 640 1372 matrem
653 1348 766 1382 suam,
787 1345 816 1375 ct
835 1339 1022 1376 adluzrebit
1037 1351 1137 1376 uxori
1151 1351 1236 1384 sum,
1257 1349 1420 1386 eruntque

335 1397 404 1433 duo
424 1397 460 1432 in
487 1409 624 1434 carnem
643 1411 746 1435 tutam
765 1399 870 1447 (Cen.
890 1401 928 1437 2.
947 1401 1034 1449 2-1);
1055 1403 1166 1439 altera
1186 1415 1272 1440 vero
1293 1415 1418 1440 recen-

335 1459 418 1503 tior,
440 1459 560 1507 iniqua
579 1467 614 1498 et
634 1461 702 1508 legi
724 1463 891 1508 adversa,
915 1475 1044 1511 nempe
1062 1465 1267 1508 fornicatio.
1290 1478 1372 1515 qua:
1397 1477 1415 1503 a

335 1522 502 1570 malignis
519 1523 722 1562 introducta
744 1532 798 1562 est
817 1526 1056 1562 dtetttonibus.
1072 1527 1189 1574 Atque
1211 1535 1332 1566 nostra
1351 1529 1418 1566 hac

333 1590 440 1622 :etale
469 1585 596 1622 tertius
615 1587 760 1633 quidam
782 1597 898 1624 novus
918 1595 953 1625 et
975 1589 1142 1627 insolitus
1163 1600 1242 1626 mos
1261 1591 1414 1637 prodiit,

331 1645 435 1692 cujus
460 1658 605 1684 causam
633 1649 726 1686 haud
755 1649 859 1688 facile
891 1651 1178 1700 investigaveris.
1199 1654 1289 1691 Sunt
1317 1655 1414 1692 enim

332 1710 518 1753 nonnulli,
547 1712 607 1758 qui
637 1713 775 1758 puellas
795 1715 998 1761 nuptiarum
1032 1717 1239 1765 inexpertas
1265 1719 1412 1755 domum

330 1769 488 1812 ducunt,
519 1779 556 1807 ct
577 1783 691 1819 u3que
712 1775 748 1810 iu
779 1782 978 1812 extremam
1001 1787 1223 1816 senectutem
1256 1781 1414 1818 inclusas

331 1837 455 1868 tenent
471 1842 514 1869 ac
532 1832 668 1878 fovent,
693 1846 764 1870 non
785 1839 1091 1883 procreandorum
1113 1841 1307 1878 liberorum
1327 1854 1412 1890 gra-

330 1894 396 1937 tia,
419 1901 551 1941 negant
569 1895 668 1943 enim
687 1907 726 1934 se
745 1908 826 1934 cum
857 1899 927 1937 illis
948 1911 1022 1937 rem
1045 1903 1202 1948 habere;
1231 1915 1349 1952 neque
1370 1907 1409 1942 li-

328 1954 460 1992 bidinis
474 1967 582 1993 causa
597 1986 608 2002 ,
628 1959 728 1996 aiunt
747 1961 844 1998 enim
875 1963 970 2009 quod
994 1963 1072 2000 illas
1091 1965 1318 2014 incorruptas
1333 1979 1408 2006 scr-

327 2024 410 2054 veul
429 2029 438 2053 :
459 2023 495 2055 et
517 2021 547 2057 si
569 2021 651 2067 quis
669 2022 716 2059 ab
736 2023 789 2059 eis
807 2034 950 2061 causam
973 2029 1150 2074 rogaverit
1164 2057 1173 2071 ,
1195 2029 1317 2066 dicunt
1339 2032 1407 2068 sdii

326 2080 456 2117 tnultas
484 2093 588 2128 esse;
619 2084 683 2121 sed
705 2085 868 2134 fingunt:
891 2099 958 2136 ego
975 2090 1072 2126 enim
1093 2091 1224 2128 nullam
1255 2105 1318 2130 eos
1339 2094 1404 2131 ha-

325 2140 414 2178 bere
433 2134 666 2186 crediderim.
687 2159 766 2194 qua:
788 2150 841 2186 vel
861 2152 1009 2189 honesta
1033 2153 1088 2190 vel
1111 2154 1143 2190 id
1171 2166 1238 2192 nea
1254 2157 1314 2193 sit.
1339 2157 1406 2195 Ve-

324 2211 404 2237 rum
435 2203 481 2240 de
508 2204 563 2241 his
594 2208 752 2244 nandum
783 2211 972 2249 dicemus:
1002 2214 1194 2253 aﬂ'eremus
1215 2225 1334 2256 autem
1369 2221 1402 2258 in

323 2263 481 2300 medium
504 2276 610 2313 quam
639 2280 704 2304 nos
735 2273 960 2318 potissimum
981 2286 1127 2315 causam
1161 2281 1400 2327 suspicamur.

323 2326 368 2362 Et
387 2339 550 2374 quamam
569 2339 623 2368 est
644 2333 728 2370 illa?
749 2335 904 2374 Omnino
918 2366 928 2383 ,
951 2340 981 2376 si
1001 2351 1020 2376 a
1039 2352 1150 2389 scopo
1167 2343 1398 2389 aberrat-ero,

321 2388 374 2426 fas
395 2392 496 2428 vobis
513 2400 579 2447 cst
600 2401 638 2432 nt
666 2408 723 2434 me
743 2398 979 2448 redarguatis.
1005 2403 1047 2440 Et
1073 2416 1237 2452 qutenam
1266 2411 1399 2446 causa?

319 2452 400 2498 quis
421 2453 482 2490 ille
511 2446 730 2501 pri-textus?
749 2459 898 2499 Videtur
917 2463 1003 2500 mihi
1033 2467 1194 2504 mulieris
1211 2471 1398 2509 convictus

318 2524 388 2550 non
406 2525 450 2552 ex
473 2516 550 2564 lege
575 2521 779 2566 nuptiarum
809 2524 940 2569 modo,
963 2527 1026 2563 sed
1049 2529 1156 2566 etiam
1177 2530 1314 2579 abSqne
1333 2545 1398 2570 nu—

316 2577 400 2623 ptiis
417 2589 460 2616 ac
480 2590 689 2628 congressu,
713 2585 905 2633 voluptatis
929 2588 1065 2628 habere
1093 2595 1270 2632 nonnihil.
1292 2597 1395 2641 Quod

315 2641 343 2676 si
364 2652 432 2677 non
453 2650 550 2681 recte
568 2647 705 2690 sentio,
725 2659 796 2686 non
816 2661 961 2697 possunt
986 2653 1134 2694 dicere:
1155 2669 1270 2696 meam
1293 2662 1395 2699 vobis

315 2705 530 2742 sententiam
563 2719 696 2746 narro:
721 2712 812 2750 forte
842 2721 964 2752 autem
999 2728 1068 2754 non
1103 2730 1218 2757 meam
1249 2723 1392 2767 solum.

313 2768 374 2804 sed
395 2775 430 2805 et
463 2771 629 2817 illarum;
663 2787 744 2813 nam
766 2785 802 2815 et
833 2779 902 2817 illis
931 2781 983 2820 sic
1012 2784 1166 2832 videtur,
1185 2789 1279 2834 quml
1308 2789 1392 2828 hinc

315 2830 440 2876 liquet.
463 2833 614 2872 Tantam
643 2840 737 2876 enim
766 2841 918 2888 gloriam
939 2852 976 2882 et
997 2852 1093 2884 tanta
1114 2851 1282 2889 scandala
1304 2864 1390 2890 neu-

311 2893 445 2940 tiquam
466 2896 708 2947 despicerent,
731 2905 798 2941 nisi
817 2905 944 2953 ingens
960 2911 1124 2956 qumdam
1141 2919 1177 2950 et
1195 2914 1389 2953 vehemens

309 2956 538 2995 enhahitandi
555 2962 722 3012 voluptas
739 2974 847 3002 esset.
865 2968 966 3015 Quod
989 2971 1017 3007 si
1041 2972 1134 3010 forte
1151 2984 1389 3015 succenseant

308 3018 475 3063 quidam,
508 3023 603 3068 qttod
626 3023 704 3062 haec
732 3027 918 3075 dicamus,
941 3041 1070 3078 ιπρρωι·
1094 3041 1131 3072 ιιι
1159 3039 1262 3074 nobis
1282 3041 1386 3078 venia

309 3077 424 3122 detur,
445 3082 612 3132 absitque
631 3086 854 3135 indignatio:
879 3103 996 3140 neque
1015 3097 1110 3132 enim
1133 3099 1248 3137 libens
1265 3112 1308 3138 ac
1330 3111 1384 3140 te-

307 3149 406 3177 mere
426 3141 517 3180 hanc
537 3146 759 3186 inimicitiam
775 3154 1012 3201 susciperem.
1033 3157 1110 3195 Non
1125 3169 1204 3196 smn
1225 3169 1294 3199 tam
1319 3165 1383 3202 nti-

305 3209 365 3235 ser
379 3212 421 3238 ac
435 3214 674 3252 mrunmosns,
689 3213 748 3258 qui
765 3220 902 3253 temere
917 3227 1042 3255 omnes
1054 3220 1237 3260 offendere
1251 3226 1357 3263 velim
1371 3240 1380 3272 ;

305 3260 370 3296 sed
391 3263 493 3300 valde
522 3266 627 3305 doleo
645 3280 688 3307 ac
707 3275 861 3320 crttcior,
883 3285 918 3314 et
945 3279 1097 3326 gloriam
1128 3283 1188 3321 Dei
1214 3260 1382 3335 ldasphe:

304 3325 393 3360 mari
417 3326 572 3372 intuens.
595 3337 628 3367 et
661 3336 853 3376 multorum
871 3341 1024 3380 salutem
1047 3353 1194 3393 propter
1213 3350 1378 3398 volupta-

302 3392 373 3422 lem
407 3386 500 3424 hanc
529 3392 698 3436 paulatim
733 3399 864 3443 perire.
896 3402 998 3448 Quod
1021 3407 1116 3444 enim
1152 3410 1238 3447 illud
1269 3423 1379 3452 suave

300 3450 359 3488 sit.
382 3455 420 3486 ct
439 3453 588 3498 nuptiali
604 3460 788 3495 consortio
807 3463 1048 3504 ardentiorem
1070 3473 1184 3516 pariat
1199 3485 1374 3522 amorem,

298 3522 394 3549 nunc
416 3512 506 3550 forte
520 3515 710 3562 stupehitis
723 3520 923 3565 audientes.
940 3528 1003 3562 sed
1023 3512 1080 3566 ubi
1097 3532 1130 3568 id
1149 3512 1377 3574 demonstra;

298 3583 396 3616 \‘i-ro,
419 3585 482 3612 vos
503 3577 610 3613 etiam
641 3579 913 3622 confitebimini.
936 3587 1076 3627 Etenim
1107 3603 1188 3630 cum
1216 3596 1372 3644 legitima

297 3635 448 3674 muliere
465 3639 636 3687 congredi
655 3651 736 3678 cum
757 3653 826 3680 non
851 3645 895 3681 sit
915 3651 1062 3686 vetitum
1079 3681 1087 3696 ,
1111 3635 1369 3704 eonenpisren-

871 3769 1100 3822 ψῖἔίδθδίοηῖῆι
1117 3777 1273 3822 ααιτνδιιδ
1299 3784 1372 3822 illos

293 3799 348 3864 q
355 3799 469 3864 hit???
483 3801 512 3864 17'
514 3803 622 3864 rgfnes
631 3805 735 3864 {ubiut
739 3799 798 3864 ioci
801 3799 891 3846 ίιξὶαξ
896 3799 1020 3853 Eh‘b'r'L-‘i

295 3848 312 3864 Υ
325 3863 328 3864 ν
411 3851 420 3864 Ι
461 3851 491 3864 ,ΙΙ
503 3853 550 3864 1-111
596 3856 630 3864 β..
653 3853 738 3864 ..ΑΙ-ι...
767 3856 817 3864 ,ΑΑΔ
832 3863 853 3864 ,7
909 3859 916 3864 .
946 3863 950 3864 ν

295 3840 865 3906 ῑῗιῗιρᾘξῗέίξὲἣξ.,ξ’ίένέῐῖξδαξιεεξιτε-
898 3840 1369 3906 tam

386 3876 394 3880 ν
594 3876 865 3894 ἴημα-.-ηηνωιω
909 3876 1187 3901 ...ιυιιιιυδιυι·υ,
1218 3876 1368 3906 ωιιδαεηι

293 3876 711 3951 Eii/fi‘iii'ifiﬂif.fliam“
736 3903 770 3928 ⁵⁸
800 3897 905 3938 [mm
935 3907 1062 3934 ‘0'"0’“
1090 3903 1258 3946 σάορτέτνιε
1287 3919 1368 3951 φίας

288 3917 685 3966 suI2it:trodurlus'tvordiii:

1498 1033 1582 1070 tiam
1605 1035 1703 1072 sedat
1716 1064 1726 1081 ,
1747 1043 1782 1074 et
1809 1050 2055 1088 smpenumero
2073 1049 2260 1088 satietatem
2279 1053 2387 1101 alii-rt,
2406 1057 2502 1096 immo-

1496 1093 1616 1131 dicum
1635 1097 1864 1146 resdnguens
1884 1103 2063 1142 ardorem.
2087 1108 2253 1148 Prwtcrca
2273 1093 2420 1160 partus'et
2439 1130 2500 1166 par-

1495 1161 1595 1192 tuum
1613 1157 1778 1205 dolores,
1803 1172 2066 1214 puerorumque
2084 1157 2330 1216 procreationes
2345 1188 2380 1215 ac
2399 1157 2500 1218 educa-

1494 1219 1636 1262 tiones.
1670 1233 1809 1260 necnon
1837 1232 1874 1262 et
1904 1227 2106 1276 frequentes
2130 1235 2186 1281 qui
2210 1246 2249 1272 ex
2277 1237 2326 1276 bis
2343 1250 2500 1288 sequuntur

1493 1281 1610 1318 morbi
1631 1293 1762 1331 corpus
1783 1286 1959 1335 afﬂigunt,
1987 1291 2108 1330 ﬂorem
2129 1297 2237 1334 aetatis
2253 1301 2418 1338 marcidum
2434 1304 2497 1340 red-

1491 1341 1593 1386 dunt,
1617 1344 1886 1396 invalidumque
1907 1352 2099 1400 voluptatis
2115 1357 2228 1395 calcar
2244 1359 2380 1399 faciunt:
2397 1364 2422 1399 in
2437 1365 2492 1401 vir-

1490 1405 1574 1452 gine
1592 1413 1713 1444 autem
1732 1410 1993 1452 cohabitatriee
2011 1416 2094 1454 nihil
2115 1418 2235 1457 horum
2253 1424 2394 1470 reperies.
2408 1426 2494 1463 Abest

1489 1469 1586 1506 enim
1605 1471 1744 1517 coitus,
1777 1475 1836 1522 qui
1868 1483 2006 1516 natura:
2038 1484 2203 1529 impetum
2231 1469 2380 1532 deprimat
2393 1495 2422 1524 et
2441 1489 2495 1525 ob-

1490 1531 1636 1577 tundat;
1658 1544 1774 1582 nequc
1795 1536 1942 1576 dolores
1959 1547 2101 1587 partus,
2123 1554 2232 1592 neque
2253 1531 2413 1592 puerorum
2429 1548 2496 1585 edu-

1487 1595 1650 1633 Cationes
1669 1607 1816 1636 carnem
1847 1611 2070 1642 marcescere
2097 1605 2248 1646 faciunt:
2265 1609 2320 1646 sed
2339 1609 2494 1657 juvmilcm

1487 1656 1647 1704 \‘igttl‘etlt
1669 1658 1730 1696 diu
1749 1670 1940 1700 conservat
1955 1693 1964 1706 ,
1991 1671 2114 1714 utpote
2134 1668 2256 1706 intacta
2275 1681 2414 1708 manens.
2433 1672 2494 1708 Ρομι

1486 1725 1611 1764 partus
1629 1721 1726 1758 enim
1757 1729 1793 1760 et
1813 1724 2046 1765 educationes
2077 1740 2256 1776 puerorum
2286 1743 2494 1779 oorporauxo-

1485 1789 1565 1816 rum
1585 1781 1783 1820 inﬁrmiora
1805 1786 1916 1832 liunt;
1943 1789 2013 1826 illa:
2039 1798 2154 1828 autem
2172 1803 2274 1840 usque
2291 1795 2322 1830 in
2338 1795 2494 1842 quadrage.

1482 1843 1616 1881 simum
1635 1857 1768 1885 annmn
1788 1849 1823 1886 in
1841 1861 1902 1887 sua
1920 1861 2130 1900 permanent
2143 1856 2262 1900 forma,
2281 1864 2312 1894 et
2325 1868 2392 1894 cum
2410 1859 2492 1905 virgi-

1483 1913 1589 1942 nibus
1603 1906 1678 1954 jam
1699 1909 1884 1949 elocandis
1911 1921 2064 1952 certant.
2093 1917 2178 1954 Hinc
2194 1925 2244 1954 est
2267 1919 2350 1966 quod
2374 1919 2492 1956 cohabi-

1482 1971 1602 2005 tantes
1617 1969 1750 2018 duplici
1770 1975 1850 2021 igne
1868 1977 2134 2023 accenduntur;
2154 1991 2228 2017 nam
2241 1987 2274 2018 et
2287 1981 2381 2018 ardor
2393 1991 2490 2018 corum

1480 2041 1552 2068 non
1573 2035 1808 2084 restinguitur
1821 2040 1914 2077 coitu
1933 2042 1986 2080 eis
2001 2044 2196 2092 interdicto,
2219 2053 2250 2083 et
2269 2047 2390 2084 ardoris
2403 2047 2492 2083 fomes

1479 2101 1602 2132 manet
1632 2099 1868 2149 rcddturque
1888 2105 2052 2143 validior.
2072 2107 2168 2145 Hanc
2190 2119 2250 2156 ego
2273 2108 2365 2156 hujus
2387 2114 2490 2145 contu-

1477 2153 1592 2193 bernii
1614 2169 1760 2197 causam
1782 2165 1968 2212 suspicor;
1997 2168 2060 2206 sed
2080 2179 2124 2206 ne
2140 2170 2232 2207 valde
2255 2178 2490 2207 succenseamus

1476 2217 1552 2261 eis,
1584 2230 1702 2268 neque
1733 2223 1898 2264 difﬁciles
1927 2229 2039 2266 simus
2066 2237 2101 2268 et
2129 2231 2314 2279 importuni.
2339 2231 2414 2268 Nam
2440 2231 2488 2276 qui

1475 2292 1610 2329 :rgrum
1628 2287 1703 2322 vult
1721 2289 1924 2335 restituere,
1948 2303 2018 2330 non
2038 2293 2104 2331 hoc
2117 2296 2184 2342 agit
2197 2295 2245 2332 ira
2257 2301 2289 2331 et
2302 2293 2486 2334 verberibus.

1474 2344 1536 2380 sed
1558 2346 1663 2383 offert
1694 2349 1886 2396 pharmaca
1905 2364 1986 2390 cum
2010 2367 2132 2402 magna
2152 2366 2228 2393 cura
2255 2361 2286 2394 et
2309 2353 2414 2391 blanda
2437 2353 2486 2387 Id-

1473 2403 1692 2445 hortatioae.
1725 2411 1865 2450 Etenim
1897 2416 1926 2451 si
1949 2416 1994 2452 ah
2015 2417 2082 2454 illis
2103 2428 2221 2465 punias
2241 2423 2386 2464 expetere
2400 2414 2482 2450 nobis

1470 2472 1695 2516 propositum
1717 2482 1832 2520 esset,
1857 2483 1893 2514 et
1911 2479 1939 2514 si
1954 2479 2114 2526 judicu-m
2129 2481 2278 2517 ordinem
2298 2485 2480 2516 teneremus.

1471 2530 1648 2580 indignari
1668 2546 1874 2586 oporteret;
1897 2543 1961 2578 seti
1975 2544 2004 2580 si
2024 2544 2084 2580 illo
2102 2545 2241 2581 dimissa
2255 2541 2436 2580 medicorum
2453 2546 2482 2574 et

1469 2604 1600 2634 curare
1621 2599 1816 2638 volentium
1837 2615 1968 2642 mumts
1989 2608 2234 2654 suscipiamus,
2256 2604 2382 2646 hortari,
2399 2602 2482 2638 obse-

1466 2667 1581 2701 cvare,
1603 2667 1652 2701 ct.
1677 2663 1704 2698 si
1721 2673 1811 2710 Opus
1826 2667 1885 2711 sit,
1904 2678 2018 2715 genua
2037 2675 2176 2717 tangere
2194 2678 2276 2715 opus
2291 2675 2348 2710 est,
2363 2672 2394 2702 ut
2407 2662 2482 2711 quod

1465 2720 1644 2766 agendum
1663 2727 1888 2772 suscepimus
1906 2729 2140 2775 perficiamus.
2168 2731 2268 2778 Igitur
2287 2726 2479 2776 qnemadtnoo

1464 2781 1548 2818 dum
1569 2785 1697 2821 medici
1713 2814 1722 2830 ,
1744 2789 1802 2833 qui
1824 2800 1939 2837 a-gros
1957 2802 1975 2828 a
1997 2793 2076 2829 cibo
2093 2793 2145 2828 vel
2164 2799 2240 2840 potu
2260 2791 2370 2827 nociva
2383 2795 2481 2823 arcere

1463 2848 1629 2894 cupiunt,
1656 2850 1737 2888 licet
1758 2853 1814 2890 illa
1844 2857 1990 2893 mixtam
2019 2859 2168 2896 habeant
2187 2854 2398 2903 voluptatem,
2416 2857 2480 2887 mlle

1461 2909 1582 2945 omnia
1617 2916 1736 2948 tamen
1772 2917 1988 2960 persuadent
2014 2919 2128 2956 inesse
2158 2919 2222 2955 illis
2249 2923 2364 2966 pratter
2393 2923 2478 2950 nocu-

1460 2979 1580 3008 menta
1600 2974 1708 3010 etiam
1738 2977 1888 3015 multum
1913 2983 2156 3023 insuavitatis;
2181 2983 2229 3017 sic
2253 2988 2286 3017 et
2313 2988 2370 3015 nos
2393 2975 2477 3012 facia-

1458 3043 1553 3077 mus,
1569 3042 1888 3077 commonstraudo
1903 3043 1972 3080 illis
1986 3044 2080 3090 quod
2094 3043 2295 3081 eohabitatio
2308 3042 2372 3080 illa,
2385 3048 2477 3102 qllftttt-

1458 3095 1510 3130 vis
1527 3097 1646 3133 suavis
1661 3104 1696 3134 ct
1707 3099 1864 3144 jucunda
1880 3104 2054 3148 videatur,
2072 3105 2260 3152 perniciosa
2275 3104 2330 3146 sit,
2343 3108 2374 3138 ct
2390 3097 2477 3135 nihil"

1456 3157 1585 3194 melior
1601 3169 1708 3205 quam
1739 3165 1934 3202 mortifera:
1953 3169 2126 3214 potiones.
2155 3167 2197 3204 Et
2218 3165 2345 3202 videtur
2361 3160 2475 3208 (Ιίιίάω11

1455 3219 1604 3255 multam
1629 3221 1760 3260 habere
1785 3224 1965 3269 la-titiam,
1989 3230 2073 3267 la'et
2102 3237 2212 3266 tamen
2239 3227 2374 3264 multum
2392 3224 2419 3257 in
2443 3231 2474 3256 θίι

1453 3281 1716 3325 amaritudinis,
1733 3295 1838 3330 quam
1857 3289 2001 3334 animm,
2021 3303 2098 3339 qua:
2113 3289 2333 3338 voluptatibus
2347 3285 2476 3349 oblecta-

1453 3346 1524 3383 tur.
1544 3342 1712 3382 infundit.
1729 3345 1816 3383 Nam
1835 3349 1894 3396 qui
1918 3362 2105 3397 persuasus
2125 3350 2275 3392 discedit,
2295 3344 2475 3412 secnretiis'

1451 3403 1558 3440 cedit.
1581 3403 1675 3442 Sane
1695 3408 1753 3454 qui
1784 3418 1879 3447 metu
1909 3419 1946 3450 et
1975 3415 2181 3452 necessitate
2197 3423 2214 3448 a
2234 3411 2349 3448 dilecta
2373 3405 2475 3451 Sej""'

1449 3465 1559 3512 gitur,
1581 3465 1708 3504 fortior
1725 3477 1866 3509 amator
1889 3473 1948 3517 lit,
1969 3483 2004 3512 et
2029 3475 2184 3512 fortassis
2205 3474 2320 3510 iterum
2338 3467 2473 3534 ad-illutn

1449 3528 1618 3574 accedet;
1642 3539 1675 3566 at
1704 3533 1732 3568 si
1766 3542 1803 3570 ut
1832 3546 1908 3572 rem
1937 3537 2142 3574 damnosam
2162 3543 2193 3573 ct
2218 3541 2360 3570 amaram
2382 3529 2472 3574 fug".

1450 3590 1724 3640 haudquaquam
1745 3596 1874 3634 iterum
1896 3600 2085 3636 revertitur
2101 3600 2146 3635 ob
2166 3595 2327 3633 calculum
2345 3595 2471 3658 senten-

1448 3651 1504 3687 tia:
1525 3663 1622 3696 sum.
1649 3666 1730 3702 (huc
1756 3659 1882 3705 Quivis
1907 3661 2116 3698 necessitate
2136 3659 2310 3696 violentius
2332 3653 2374 3690 illi
2404 3659 2471 3696 pel"

1445 3714 1584 3751 Snadt-t.
1607 3717 1796 3762 Quomodo
1812 3733 1898 3769 ergo
1919 3723 2205 3763 twsaadebimus
2222 3720 2297 3762 illis,
2317 3713 2398 3764 dum]
2415 3712 2470 3747 ¹¹⁰⁰

1445 3783 1515 3809 non
1537 3777 1651 3814 solum
1674 3789 1822 3826 noceat,
1851 3783 1913 3820 sed
1943 3790 1979 3820 ct
2001 3794 2158 3820 amarum
2175 3782 2242 3819 sit?
2261 3780 2301 3816 Ει
2317 3771 2468 3824 φ¹⁰¹θθδ⁰

1444 3834 1562 3880 τὶιίιονν
1595 3849 1701 3885 quam
1732 3853 1775 3880 ex
1809 3844 1884 3891 ipsa
1916 3855 2032 3882 rerum
2064 3843 2210 3882 natura?
2239 3841 2468 3884 interrogemus

1441 3906 1527 3942 ergo
1550 3910 1612 3936 eos
1629 3930 1638 3944 ,
1660 3904 1689 3940 si
1717 3906 1797 3952 quis
1827 3917 1948 3944 mensa
1968 3914 2168 3954 sumptuosa
2192 3903 2339 3951 apposita
2353 3905 2467 3962 εγω-εις

1440 3953 1730 4008 dulciSsiniisque
1759 3964 1862 4010 plena
1882 3965 2008 4001 eduliis
2021 3991 2032 4009 ,
2050 3953 2233 4001 ίάριιιιιιιίυι
2253 3955 2386 3995 summis
2409 3962 2462 3988 uno
