2726 4358
188 218 259 256 ιω

185 297 269 340 uis,
290 303 336 330 ne
364 291 449 340 quid
477 288 740 338 propositorum
769 284 994 332 contingattn'
1010 293 1020 318 :
1039 290 1124 317 num
1151 277 1258 314 vellet

188 357 320 405 aliquis
338 355 384 392 ad
399 353 506 391 talem
525 360 686 388 mensam
707 347 896 384 considere
911 373 921 390 ,
948 348 984 380 et
997 341 1155 390 seipsum
1173 348 1259 375 cru-

189 403 312 458 ciere?
333 417 410 464 ligo
431 415 554 462 utique
581 423 652 450 non
673 411 821 457 opinor;
843 415 958 454 neque
983 403 1078 442 enim
1099 406 1196 438 tanta
1214 409 1260 436 ex

189 486 338 528 aspectu
357 460 538 524 voluptate
565 474 744 511 frueretur
758 476 928 518 quantam
947 464 1125 503 tristitiam
1143 471 1188 498 ex
1203 460 1260 496 in-

189 523 342 582 terdicto
358 523 579 586 conciperet.
611 534 705 581 Quid
729 541 871 576 autem,
902 529 932 566 si
952 527 1033 576 quis
1059 523 1192 562 sitienti
1225 527 1262 560 et

191 607 320 644 adusto
338 613 412 652 pra:
426 602 485 638 siti
500 601 632 638 fontem
647 595 831 644 limpidum
847 599 882 630 et
897 599 1022 639 purum
1037 588 1262 626 demonstra-

190 675 268 706 tum
293 678 365 704 non
383 665 500 703 solum
521 673 590 699 non
609 661 799 706 degustare
811 685 822 701 ,
841 653 906 692 sed
925 663 970 690 ne
993 649 1163 688 extremis
1179 647 1262 695 qui-

193 732 274 768 dem
293 729 414 777 digitis
437 725 646 771 contingere
672 719 913 769 permitteret,
935 725 980 751 an
1003 711 1089 761 quid
1106 721 1152 748 eo
1175 719 1259 746 cru-

193 795 287 831 ciatu
307 787 498 828 acerbius?

242 856 280 892 2.
298 851 478 890 Tantalus.
493 869 540 877 —-
557 847 681 894 Neque
709 845 768 882 hic
782 873 792 890 ,
822 842 970 890 opinor,
1002 837 1090 876 mihi
1117 840 1264 874 eontra-

195 915 327 954 dixcrit
345 913 450 950 ullus.
477 911 632 948 Tantum
649 907 746 944 enim
766 905 835 942 hoc
851 902 986 940 malum
1003 905 1060 938 est
1073 927 1084 943 ,
1105 896 1264 934 utetiam

198 975 356 1025 profani,
377 975 438 1022 qui
455 973 648 1020 plurimum
673 969 794 1006 valent
813 967 848 1003 in
874 970 1010 1002 natura:
1029 961 1212 1007 voluptate
1229 963 1266 994 et

195 1020 340 1076 iristitia
360 1020 592 1084 espendenda
605 1062 614 1077 ,
631 1033 796 1068 volentes
821 1029 993 1074 efﬁngere
1015 1023 1187 1073 quosdam
1205 1020 1266 1069 qui

198 1101 302 1138 valde
318 1100 534 1142 cruciantur,
555 1096 659 1132 talem
676 1092 867 1142 quamdam
884 1089 1038 1127 fabulam
1055 1087 1091 1124 in
1109 1085 1266 1122 medium

199 1163 397 1210 proferant.
415 1158 656 1197 introducitur
665 1156 705 1193 in
721 1153 837 1192 fabula
850 1151 994 1200 quidam
1006 1154 1170 1186 extremo
1184 1155 1269 1192 sup-

197 1224 308 1272 plicio
315 1220 538 1265 afficiendus,
548 1219 606 1256 cui
617 1216 817 1255 ostenditur
825 1213 984 1251 omnium
996 1210 1158 1248 ciborum
1167 1207 1270 1254 copia

199 1269 237 1321 et
251 1281 495 1330 praeterﬂuens
506 1289 612 1326 aqua,
630 1288 696 1314 nec
711 1275 921 1314 conceditur
933 1277 970 1309 ut
985 1271 1106 1317 aliquo
1117 1269 1268 1305 istorum

197 1329 338 1381 fruatur
355 1356 362 1379 :
385 1349 420 1380 et
436 1352 517 1379 cum
535 1339 695 1378 extendit
713 1339 774 1375 ille
792 1344 958 1378 manum,
977 1331 1098 1370 omnia
1117 1340 1198 1378 quae
1218 1329 1270 1364 vi-

199 1408 329 1444 dentar
347 1417 364 1440 a
387 1411 480 1441 tactu
501 1403 654 1449 fugiunt,
675 1401 783 1448 [itque
803 1398 871 1435 hoc
887 1406 1046 1444 semper.
1064 1394 1108 1430 Et
1127 1394 1203 1429 haec
1215 1396 1271 1427 est

199 1471 438 1518 profanorum
461 1465 506 1501 de
523 1463 584 1500 illo
605 1461 770 1509 supplicii
790 1469 923 1518 genere
949 1456 1080 1494 fabula.
1103 1454 1270 1492 Philoso-

202 1513 354 1582 phorum
375 1541 459 1567 vero
476 1529 620 1576 quidam
633 1523 865 1574 (Xenophon,
883 1514 1088 1565 Ᾰπομνημον.
1109 1519 1144 1554 ‘l.
1163 1517 1199 1553 3.
1216 1513 1270 1563 9),

203 1578 283 1630 cum
309 1593 458 1630 vidisset
491 1589 668 1626 sodalium
703 1582 895 1632 quemdam
925 1580 1085 1618 osculum
1115 1578 1273 1614 ftrrtnoso

205 1664 317 1700 pum-0
337 1655 443 1693 dare,
471 1644 756 1685 admirabundus
777 1643 890 1680 dixit:
909 1641 974 1678 llic
992 1639 1122 1687 opinor
1149 1637 1275 1684 praeci-

204 1699 313 1763 pitem
333 1712 436 1750 facile
463 1721 502 1747 se
521 1711 556 1746 in
587 1710 704 1756 ignem
727 1705 913 1752 injiceret,
934 1702 995 1751 qui
1023 1708 1158 1738 tantum
1179 1699 1213 1736 iu
1235 1709 1275 1736 se

205 1780 388 1814 fornacem
405 1773 527 1810 osculo
547 1777 600 1808 est
619 1779 726 1806 ausus
746 1765 958 1804 accendere.
976 1764 1050 1810 Ego
1063 1768 1182 1799 autem
1203 1770 1275 1798 non

205 1839 298 1877 idem
337 1836 512 1880 dixerim,
559 1832 653 1880 quod
695 1839 827 1876 nempe
874 1824 1150 1864 contubernales
1192 1829 1276 1858 Suus

205 1901 410 1939 osculentttr
428 1903 464 1934 et
482 1899 718 1932 contrectent.
739 1892 787 1928 At
806 1890 835 1926 si
855 1889 915 1936 qui
937 1892 1022 1924 sunt
1039 1885 1100 1932 qui
1121 1884 1199 1920 lucc
1217 1892 1277 1920 ca-

205 1961 436 2003 lutnuientur,
455 1958 703 1995 demonstrare
724 1951 870 1990 tentabo
889 1948 983 1997 quod
997 1976 1008 1993 ,
1028 1947 1057 1984 si
1083 1947 1144 1983 illo
1161 1954 1277 1992 usque

205 2024 428 2072 perveniant,
448 2020 574 2058 durius
593 2017 660 2054 sibi
679 2025 786 2063 quam
802 2013 902 2060 prius
917 2010 1132 2065 supplicium
1151 2017 1277 2044 accer-

205 2069 301 2125 sant.
323 2086 411 2122 Nam
431 2084 462 2120 si
487 2087 656 2128 aspectus
682 2077 782 2114 solus
810 2079 948 2110 tantum
968 2071 1075 2108 infert
1091 2069 1252 2106 dolorem
1266 2095 1278 2114 ,

207 2149 350 2197 quando
369 2152 557 2184 contactus
571 2140 724 2183 accedit,
747 2145 786 2174 ut
802 2141 858 2172 est
875 2135 1040 2180 voluptas
1055 2132 1166 2168 multo
1183 2140 1282 2168 cras-

209 2193 284 2247 sior
303 2218 411 2256 quam
439 2211 629 2252 aspectus,
659 2201 706 2238 ita
737 2198 913 2244 majorem
941 2197 1047 2232 struit
1075 2193 1280 2237 ﬂammam,

211 2253 435 2309 acerbiorem
455 2266 564 2304 eflicit
579 2263 764 2304 dolorem,
786 2265 823 2296 et
839 2256 1088 2294 vehementius
1105 2253 1218 2290 feram
1237 2253 1282 2288 il-

212 2335 284 2372 lam
305 2335 506 2378 exasperat.
535 2327 676 2372 Quanto
704 2323 801 2360 enim
829 2319 946 2367 magis
975 2315 1286 2364 eoneupiscentias

213 2404 397 2443 augemus,
417 2397 454 2429 et
468 2389 619 2438 plurima
637 2387 691 2424 eis
705 2384 866 2422 fomenta
882 2379 1168 2428 suppeditantus,
1187 2381 1286 2414 tanto

213 2465 251 2496 et
261 2437 414 2494 dolmes
432 2437 544 2490 nostri
574 2449 687 2498 magis
712 2444 959 2484 intenduntur.
979 2441 1024 2478 Et
1049 2437 1288 2488 quemadmo-

214 2521 300 2558 dum
320 2517 380 2566 qui
398 2524 532 2552 mensa:
550 2518 588 2550 et
603 2510 692 2548 fonti
718 2507 867 2552 assidet,
886 2514 960 2542 non
979 2503 1032 2540 sic
1051 2499 1204 2538 videndo
1223 2498 1288 2536 do-

216 2582 287 2624 let,
306 2587 346 2616 ut
365 2578 422 2616 cui
452 2575 664 2624 permissum
686 2577 742 2609 est
763 2579 871 2606 manu
888 2567 1064 2612 attingere
1077 2591 1086 2608 ,
1105 2568 1144 2600 et
1169 2569 1288 2599 tamen

218 2654 264 2680 tte
277 2622 440 2689 degustet
453 2622 680 2685 prohibetur:
696 2633 748 2670 sic
763 2631 885 2679 utique
898 2629 958 2676 qui
975 2627 1018 2663 ad
1033 2622 1287 2662 contrectanda

219 2705 397 2752 virginum
426 2709 578 2746 corpora
607 2696 862 2739 admittuntur,
889 2691 1090 2740 graviorem
1122 2687 1291 2724 hauriunt

221 2767 416 2804 cruciatum
436 2773 481 2800 ex
501 2767 596 2798 tactu
617 2769 722 2807 quam
751 2768 796 2794 ex
823 2761 970 2804 aspectu
983 2781 994 2800 ,
1020 2753 1106 2790 dum
1126 2748 1291 2788 acerbius

223 2829 276 2867 rei
307 2833 410 2864 lactat
443 2823 644 2872 privatione
677 2825 898 2867 torquentur.
933 2817 978 2853 Et
1003 2814 1087 2862 quid
1115 2821 1208 2860 Opus
1237 2815 1294 2848 est

225 2888 470 2940 pliilOSOphari
495 2897 538 2924 ex
560 2885 667 2922 rebus
693 2881 876 2919 externis?
897 2879 960 2917 Dei
980 2879 1076 2916 enim
1093 2875 1290 2918 sententia,

227 2937 284 2989 bis
302 2950 468 2986 omnibus
493 2947 686 2994 potentior,
717 2945 790 2991 ipsa
812 2942 914 2980 nobis
939 2939 1097 2978 ostendit
1122 2948 1196 2976 rem
1225 2937 1294 2973 iSIa

227 3024 308 3051 sese
325 3013 470 3049 habere.
490 3009 578 3047 Nam
605 3018 686 3045 cum
707 3005 815 3042 vellet
834 3005 960 3051 punire
978 3002 1092 3039 Adam
1113 2999 1218 3048 (Gen.
1237 2997 1292 3045 5),

231 3086 299 3112 non
321 3073 442 3123 procul
458 3084 477 3108 a
497 3071 663 3119 paradiso
677 3069 792 3116 ipsum
811 3067 972 3104 habitare
987 3063 1086 3108 fecit,
1105 3060 1169 3099 sed
1183 3069 1296 3108 prope

231 3122 450 3183 paradisum,
469 3141 507 3170 ιιι
521 3133 725 3170 continuam
741 3138 882 3177 paruam
897 3127 1046 3164 haberet
1059 3135 1078 3162 e
1092 3122 1298 3172 spectaculo

231 3199 299 3236 loci
317 3209 420 3244 quem
437 3195 688 3236 desiderabat,
707 3197 744 3229 et
763 3201 828 3234 eo,
856 3188 1019 3238 quamvis
1035 3196 1178 3233 semper
1195 3184 1296 3220 illum

234 3266 316 3296 aute
335 3269 374 3296 se
393 3259 550 3301 videret,
584 3256 650 3292 frui
684 3263 754 3290 neu
786 3251 1064 3300 permitteretur.
1093 3247 1174 3286 Jam
1206 3246 1298 3282 forte

233 3320 364 3367 aliquis
381 3319 522 3363 dixerit,
541 3317 586 3354 Et
605 3313 798 3364 quomodo,
821 3313 850 3350 si
870 3313 939 3349 hoc
958 3318 1083 3349 natura
1103 3316 1176 3346 tam
1196 3317 1298 3344 ama-

233 3392 338 3423 rum,
368 3379 527 3427 plerique
556 3383 654 3415 tanto
683 3375 801 3413 studio
819 3373 1028 3411 sectantur?
1051 3371 1107 3409 Ad
1137 3371 1206 3408 hoc
1231 3377 1300 3416 ego

233 3442 409 3485 dixerim,
439 3440 532 3478 istud
561 3441 676 3487 ipsum
708 3443 881 3475 extremae
908 3435 1048 3472 illorum
1078 3430 1300 3481 aegritudinis

235 3507 431 3544 maximutn
449 3513 530 3540 esse
546 3507 808 3550 argumentum.
827 3498 917 3536 Nam
937 3498 994 3533 hic
1017 3506 1096 3534 mos
1113 3502 1167 3533 est
1186 3503 1302 3542 aegro-

237 3568 386 3605 tantium
399 3593 412 3611 ,
434 3570 472 3601 ut
491 3570 653 3612 quierant
683 3563 849 3610 frigidam
869 3559 1059 3608 quamdam
1074 3592 1084 3604 ,
1111 3557 1302 3604 brevisque

239 3629 411 3676 temporis
428 3628 660 3674 voluptatem,
677 3625 771 3662 unde
786 3622 1015 3671 prolixiorem
1031 3620 1097 3658 sibi
1111 3620 1303 3658 conciliant

240 3703 398 3740 poenam.
418 3690 494 3728 Hoc
511 3696 546 3728 et
567 3690 600 3726 in
624 3686 907 3726 febricitantibus
925 3685 1045 3722 videre
1064 3685 1142 3732 quis
1160 3691 1300 3732 potest,

240 3756 392 3804 quicum
405 3753 588 3801 paulisper
598 3751 778 3789 abstinere
792 3749 918 3787 nolunt
927 3759 946 3785 a
958 3747 1215 3786 refocillatione
1228 3758 1304 3784 mo-

241 3823 430 3856 ntcntanea
450 3815 642 3852 vetitorum
668 3813 723 3851 vel
743 3812 1006 3849 esculentorum
1023 3810 1079 3847 vel
1095 3809 1304 3858 poculento-

239 3891 334 3926 rum,
355 3879 501 3928 longum
517 3877 707 3926 quemdam
728 3882 764 3914 ct
782 3874 1031 3912 difficillimum
1047 3874 1219 3914 invehunt
1231 3885 1302 3914 sun

438 3949 632 3990 ιΡΔτιιοι..
663 3944 743 3986 GR.
776 3943 946 3988 XLV",
1194 3948 1342 3967 :.-.:-.-~.~~.-.-,~

1185 4000 1251 4009 ο-..
1268 4004 1273 4006 .

644 207 829 248 CONTRA
846 205 944 259 _EOS
969 203 1048 250 QUI
1074 198 1208 240 SUBIN
1220 193 1497 237 TRODUCTAS
1521 193 1709 234 llABENT
1735 193 1957 233 VlRGlNES

2333 195 2402 234 498

1335 272 1518 310 morbum.
1537 273 1688 321 Oportet
1715 279 1834 309 autem
1855 279 1895 308 ut
1922 271 1945 308 ii
1965 270 2025 318 qui
2043 269 2136 308 bene
2155 269 2298 315 valent;
2329 280 2402 308 non

1333 345 1458 374 eorum
1477 335 1538 384 qui
1569 335 1662 372 male
1687 333 1823 372 habent
1851 333 2066 371 sententiam
2085 337 2294 380 sequantur.
2312 331 2402 369 Nam

1333 397 1366 434 si
1384 397 1464 435 illos
1481 397 1680 444 sequimur,
1711 403 1747 433 et
1763 406 1782 432 a
1803 395 1942 433 medica
1970 400 2046 432 arte
2072 400 2108 432 et
2133 405 2153 430 a
2174 393 2399 441 philosophia

1333 457 1670 496 condemnabimur.
1687 457 1812 504 Neque
1824 457 1921 494 enim
1936 455 2193 504 aegrotantibus
2207 455 2276 492 hoc
2287 453 2404 492 solum

1335 519 1370 557 in
1393 519 1482 557 febri
1498 519 1700 566 contingit,
1728 518 1786 554 vel
1803 517 1839 554 in
1861 517 2050 554 mulierum
2068 525 2206 560 amore,
2226 513 2292 552 sed
2311 519 2350 552 et
2369 515 2404 551 in

1333 581 1470 619 divitiis
1488 587 1525 618 et
1552 581 1586 617 in
1614 580 1780 616 omnibus
1797 579 1891 616 aliis.
1915 578 2056 616 Etenim
2082 577 2143 624 qui
2170 576 2206 613 in
2236 575 2406 624 pecunias

1335 643 1538 688 insaniunt,
1569 642 1652 680 licet
1672 642 1786 678 sciant
1803 641 1900 688 quod
1922 641 1945 677 ii
1973 639 2033 688 qui
2054 649 2162 688 parva
2182 639 2260 675 hmo
2277 638 2406 684 indigis

1335 705 1602 750 impartiuntur,
1626 703 1762 740 infinita
1781 703 1856 740 illic
1875 702 1967 738 bona
1991 700 2148 748 capiant,
2175 699 2338 738 detinent
2354 704 2406 736 ta-

1335 775 1418 802 men
1437 775 1478 802 ea
1496 771 1533 802 et
1547 764 1758 808 defodiunt,
1778 771 1816 801 et
1833 763 1937 800 bonis
1957 762 2124 799 omnibus
2141 761 2308 799 excidere
2326 770 2406 798 ma-

1338 827 1438 870 lunt,
1473 826 1520 864 ob
1554 825 1716 873 frigidam
1751 825 1972 872 brevemque
2003 824 2096 862 hanc
2125 823 2406 871 voluptatulam,

1337 899 1444 937 quam
1474 895 1608 926 retenta
1637 898 1742 935 poena
1774 887 1942 930 liberari,
1975 893 2011 923 et
2040 886 2278 924 immortalem
2297 886 2406 922 vitam

1337 949 1488 998 adipisci
1508 949 1589 986 illas
1607 948 1653 984 ad
1682 949 1790 984 breve
1819 953 1959 994 tempus
1977 947 2221 994 despiciendo.
2244 947 2321 985 Hoc
2339 947 2408 984 uti-

1337 1022 1409 1059 que
1426 1017 1463 1048 et
1491 1011 1560 1048 illis
1577 1010 1772 1057 contingit,
1794 1009 1879 1046 dum
1897 1019 1918 1046 a
1937 1019 2048 1056 parva
2074 1009 2262 1046 oculorum
2278 1018 2410 1046 concu-

1338 1073 1514 1122 piscentia
1533 1073 1672 1120 scipsos
1689 1072 1950 1118 aliquantisper
1965 1071 2152 1107 continere
2172 1069 2337 1106 nolentes
2357 1069 2412 1106 in-

1341 1133 1562 1172 tolerabilem
1581 1132 1649 1169 sibi
1665 1132 1782 1180 ignem
1797 1131 1968 1177 colligunt
1984 1142 1995 1167 :
2013 1137 2050 1168 et
2064 1123 2202 1178 quanto
2220 1130 2358 1168 scilicet
2373 1139 2412 1166 se

1341 1196 1454 1244 magis
1468 1194 1643 1232 obiectari
1657 1199 1797 1241 putant,
1814 1198 1917 1229 tanto
1929 1192 2045 1238 magis
2061 1191 2156 1227 male
2170 1191 2410 1238 implicantur,

1340 1258 1486 1296 diabolo
1505 1257 1579 1294 suis
1597 1256 1735 1294 artibus
1754 1255 1823 1292 hoc
1848 1260 1997 1292 curante
2016 1253 2061 1290 ad
2088 1254 2348 1290 incrementum
2377 1260 2414 1290 et

1343 1319 1647 1370 perseverantiam
1669 1317 1846 1362 incendii,
1878 1323 1917 1354 ut
1946 1315 2118 1354 ardentes
2133 1321 2170 1352 et
2191 1315 2415 1352 delectentur

1341 1383 1562 1426 etdoleant,
1593 1381 1788 1418 absurdum
1818 1378 2000 1428 quoddam
2028 1383 2346 1424 temperamentum
2379 1375 2415 1412 in

1343 1445 1532 1482 animabus
1549 1444 1623 1481 suis
1640 1443 1853 1480 efficientes.

1392 1508 1428 1544 5.
1460 1505 1539 1543 Jam
1564 1515 1652 1542 vero
1683 1505 1713 1541 si
1745 1505 1826 1552 quis
1855 1513 1923 1540 nos
1954 1501 2240 1550 intemperantia:
2267 1500 2315 1538 ob
2339 1499 2418 1536 haec

1346 1567 1459 1605 verba
1475 1566 1692 1604 condemnet
1709 1565 1892 1614 (strenuos
1909 1564 2004 1600 enim
2025 1563 2123 1600 viros
2143 1568 2180 1600 ct
2195 1572 2276 1599 cum
2293 1561 2416 1598 mulir,

1347 1629 1448 1668 ribus
1463 1629 1678 1670 habitantes,
1694 1627 1781 1664 nibii
1793 1635 1902 1674 grave
1917 1623 2019 1673 pati),
2037 1624 2160 1662 beatos
2173 1623 2318 1671 quidem
2336 1622 2419 1660 dico

1347 1692 1408 1740 qui
1429 1692 1516 1729 tales
1533 1691 1617 1733 sint,
1629 1695 1667 1727 et
1681 1689 1810 1726 vellem
1825 1689 1932 1725 etiam
1950 1689 2026 1734 ipse
2043 1687 2112 1724 hoc
2126 1687 2256 1723 robore
2269 1685 2419 1723 donari:

1347 1761 1384 1792 et
1402 1754 1480 1800 ipse
1494 1753 1640 1800 quidem
1661 1751 1755 1788 forte
1774 1749 1935 1786 adducor
1957 1755 1996 1785 ut
2011 1748 2155 1784 credam
2175 1757 2281 1795 posse
2298 1746 2422 1794 hujus-

1347 1815 1446 1852 modi
1465 1815 1561 1851 viros
1577 1812 1726 1860 reperiri
1745 1824 1753 1848 :
1771 1811 1901 1848 vellem
1919 1816 2040 1847 tamen
2057 1819 2122 1848 eos
2137 1809 2198 1858 qui
2219 1819 2284 1846 nos
2301 1819 2422 1856 repre-

1348 1875 1509 1913 hendunt
1524 1903 1534 1920 ,
1563 1884 1670 1922 posse
1699 1873 1768 1910 hoc
1794 1872 1898 1910 nobis
1917 1871 2156 1918 persuadere,
2179 1871 2277 1920 quod
2297 1871 2422 1908 adole.

1349 1949 1455 1976 scens
1470 1939 1610 1975 fervens
1624 1946 1788 1984 corpore,
1807 1935 2007 1982 puellmque
2024 1933 2372 1981 virginicobabitans
2387 1939 2423 1970 ct

1350 2000 1394 2036 ad
1415 2000 1525 2036 latera
1547 2000 1625 2046 ejus
1643 1997 1820 2040 assidens,
1843 2002 1880 2034 et
1895 1996 2001 2033 simul
2020 2005 2182 2035 eoenans.
2195 1999 2232 2032 et
2250 2004 2314 2041 per
2329 1993 2422 2030 diem

1352 2069 1464 2101 totum
1477 2061 1726 2106 confabulans,
1746 2067 1784 2098 ut
1805 2060 1894 2097 nihil
1914 2058 2008 2096 aliud
2029 2068 2222 2106 apponam,
2245 2057 2423 2103 intempe-

1352 2128 1464 2164 stivos
1489 2127 1584 2164 risus
1601 2132 1638 2163 et
1653 2125 1786 2162 effusos
1803 2123 2001 2160 cachinnos
2014 2129 2053 2160 et
2070 2121 2192 2158 mollia
2213 2119 2322 2157 verba
2337 2147 2346 2164 ,
2367 2125 2424 2155 at—

1353 2199 1423 2236 que
1439 2188 1508 2224 alia
1527 2197 1608 2236 qua
1624 2187 1722 2224 dictu
1737 2185 1924 2223 inhonesta
1943 2197 1952 2228 ;
1969 2183 2031 2222 sed
2053 2183 2088 2220 in
2101 2183 2244 2226 eadem,
2266 2181 2425 2228 inquam,

1355 2251 1522 2288 habitans
1544 2251 1654 2288 domo
1669 2249 1861 2296 eidemque
1888 2247 2158 2285 communicans
2188 2253 2323 2282 mensze
2337 2270 2348 2288 ,
2368 2242 2428 2280 ubi

1357 2312 1467 2348 multa
1487 2317 1542 2348 est
1562 2311 1710 2348 libertas
1725 2310 1919 2346 verborum
1935 2335 1944 2351 ,
1967 2314 2003 2344 et
2027 2307 2124 2344 ultro
2149 2306 2313 2351 citroque
2337 2304 2430 2340 acci—

1357 2375 1505 2422 piuntur
1523 2373 1635 2410 multa
1653 2372 1854 2417 danturque
1866 2397 1876 2413 ,
1896 2369 1993 2405 nulla
2017 2368 2253 2404 ltutnaoartnn
2267 2365 2422 2403 all'ectio

1359 2446 1444 2472 nutu
1465 2434 1650 2482 capiatur,
1670 2431 1734 2470 sed
1755 2441 1864 2478 purus
1884 2439 1904 2465 a
1925 2429 2018 2465 mala
2037 2427 2223 2474 voluptate
2242 2431 2278 2463 et
2295 2435 2421 2463 conca.

1358 2496 1533 2548 piscentia
1553 2499 1786 2543 permaneat:
1807 2493 1938 2529 vellem
1959 2491 2038 2526 haec
2060 2489 2107 2526 ab
2128 2489 2183 2524 bis
2205 2487 2265 2534 qui
2286 2496 2353 2523 nos
2369 2497 2430 2523 ar-

1359 2567 1473 2610 guunt
1488 2569 1547 2596 me
1563 2557 1685 2595 doceri
1704 2566 1828 2604 posse,
1847 2554 1911 2592 sed
1929 2563 2049 2599 neque
2069 2551 2134 2598 ipsi
2152 2551 2277 2587 volunt
2293 2548 2430 2590 doceri.

1361 2629 1398 2660 et
1416 2621 1520 2659 nobis
1547 2620 1627 2657 haec
1649 2619 1694 2656 ad
1714 2617 1960 2656 defensionem
1987 2611 2218 2651 afercntibus
2237 2611 2436 2652 reclamant

1362 2684 1464 2732 quasi
1483 2681 1762 2730 impudentibus,
1779 2679 1907 2718 eodem
1925 2687 1996 2724 quo
2014 2676 2080 2723 ipsi
2097 2673 2223 2712 morbo
2241 2671 2433 2719 correptis,

1364 2745 1617 2794 propriamque
1630 2738 1830 2790 tegentibus
1838 2739 2022 2777 malitiam.
2036 2739 2081 2775 Et
2094 2735 2178 2784 quid
2195 2735 2273 2772 hate
2288 2733 2334 2770 ad
2353 2743 2434 2776 nos,

1365 2807 1507 2856 inquit?
1527 2805 1650 2852 Neque
1668 2815 1733 2842 nos
1751 2813 1876 2840 sumus
1893 2800 2039 2838 obnoxii
2059 2797 2274 2856 insipientia:
2291 2795 2434 2838 alienzu,

1366 2848 1484 2917 neque
1499 2895 1509 2912 ,
1538 2867 1570 2904 si
1592 2848 1676 2914 quis
1690 2865 1798 2902 stulte
1821 2862 2094 2904 Scandalizetur,
2116 2848 2251 2906 'dignus
2269 2867 2336 2905 ego
2353 2866 2436 2894 sum

1365 2933 1427 2980 qui
1447 2941 1572 2979 poenas
1586 2929 1668 2966 dem
1690 2928 1740 2966 ob
1767 2927 1864 2964 illius
1885 2924 2139 2972 insipientiam.
2165 2921 2238 2960 Sed
2271 2921 2340 2958 hoc
2366 2929 2437 2956 non

1367 2994 1456 3032 dixit
1475 2993 1624 3036 Paulus,
1646 2991 1709 3028 sed
1735 2989 1841 3037 jussit
1857 2994 1920 3032 ut,
1953 2987 1984 3024 si
2011 2986 2142 3032 injuste
2171 2981 2434 3022 scandaliletur

1368 3057 1512 3104 aliquis,
1530 3055 1608 3102 ejus
1625 3053 1818 3090 infirmitati
1833 3049 2054 3088 consulatur.

1419 3119 1594 3164 Quantum
1617 3117 1759 3165 quisque
1777 3123 1894 3150 cauere
1922 3111 2042 3148 debeat
2067 3121 2110 3146 ne
2133 3109 2210 3146 aliis
2232 3105 2440 3153 oﬂ'ettdicnlo

1369 3183 1425 3220 sit.
1439 3200 1490 3209 —
1503 3181 1605 3218 Tune
1621 3177 1718 3216 enim
1741 3176 1858 3214 solum
1883 3175 2078 3211 liberamur
2093 3182 2113 3208 a
2137 3181 2256 3218 poma,
2277 3179 2358 3217 qua:
2375 3177 2442 3216 po-

1370 3246 1438 3283 sita
1455 3249 1510 3282 est
1525 3243 1560 3279 in
1575 3252 1638 3278 eos
1653 3240 1713 3288 qui
1733 3237 1939 3276 scandalum
1954 3235 2042 3272 dant
2055 3234 2146 3277 aliis,
2161 3233 2192 3270 si
2205 3243 2250 3270 ex
2270 3231 2441 3268 seandalo

1370 3306 1466 3344 aliud
1489 3303 1672 3353 quoddam
1699 3303 1838 3338 lucrum
1862 3305 2030 3336 nascatur
2051 3295 2168 3344 majus
2185 3295 2318 3332 damno
2346 3292 2441 3342 quod

1371 3381 1414 3408 ex
1435 3368 1606 3406 seandalo
1623 3366 1676 3403 lit.
1695 3364 1868 3412 Adeoque
1886 3362 1917 3399 si
1937 3363 2006 3398 hoc
2023 3370 2093 3397 non
2109 3358 2230 3402 fuerit,
2247 3356 2370 3394 ethoc
2389 3364 2443 3390 so-

1375 3434 1451 3471 lum
1470 3429 1682 3472 obvenerit,
1703 3433 1742 3464 ut
1759 3425 2046 3463 scandalizentur
2063 3421 2124 3459 alii
2141 3448 2151 3465 ,
2178 3421 2254 3457 sive
2271 3417 2318 3454 ob
2334 3414 2442 3452 ratio-

1373 3507 1455 3536 nem
1479 3495 1632 3542 aliquam
1645 3520 1656 3538 ,
1674 3492 1752 3529 sive
1769 3490 1816 3527 ob
1839 3489 1974 3526 nullam
1991 3514 2002 3531 ,
2029 3487 2105 3524 sive
2122 3490 2161 3521 ut
2180 3479 2310 3518 infirmi
2329 3476 2444 3520 oﬂ'en-

1373 3553 1518 3600 dantur,
1545 3555 1690 3604 sanguis
1708 3555 1850 3592 illorum
1869 3562 1978 3599 super
1995 3553 2102 3595 caput
2129 3549 2290 3582 nostrum
2303 3567 2316 3584 ,
2336 3544 2374 3577 et
2396 3549 2439 3575 ex

1374 3622 1541 3661 manibus
1559 3602 1692 3658 nostris
1715 3619 1808 3655 Deus
1832 3617 1971 3654 animas
1989 3611 2078 3648 tales
2097 3606 2270 3654 requiret.
2294 3602 2339 3640 Et
2356 3611 2441 3648 pro-

1375 3693 1456 3735 pter
1477 3684 1558 3726 hoc.
1578 3693 1622 3720 ne
1640 3692 1705 3730 per
1718 3679 1839 3718 omnia
1853 3677 2116 3724 negligeremus
2134 3667 2190 3704 vel
2205 3665 2444 3735 abjieeremns

1375 3725 1438 3787 eos
1457 3747 1586 3796 quibus
1603 3725 1821 3783 oll‘endiculo
1848 3745 1972 3776 sumus
1987 3761 1998 3778 ,
2019 3731 2195 3796 terminos
2213 3725 2388 3796 qupsdam
2403 3733 2444 3796 et
2461 3736 2464 3739 ·

1376 3787 1521 3859 regulas
1539 3808 1642 3846 nobis
1661 3805 1825 3844 Christus
1840 3795 2083 3859 praescripsit:
2096 3801 2189 3859 liam
2208 3795 2246 3827 et
2264 3787 2332 3826 hoc
2346 3793 2384 3826 et
2403 3787 2444 3859 il-

1379 3850 1438 3912 lud
1461 3872 1556 3919 fecit,
1577 3875 1682 3918 prout
1701 3873 1843 3912 tempus
1860 3857 2076 3909 postulabat.
2096 3854 2290 3893 Enimvero
2303 3861 2382 3889 cum
2401 3850 2444 3886 de

2171 3926 2225 3968 29
