2726 4358
371 159 452 218 τε»
861 172 901 215 s.
923 173 1122 223 tonitrus
1139 161 1468 226 eunvsosront

379 267 506 298 natura
525 259 689 298 ciborum
705 257 913 301 dissereret,
929 265 966 298 et
983 259 1192 301 ostenderet
1203 271 1286 305 eam
1301 271 1382 304 esse
1402 272 1468 309 pu-

377 332 470 368 rum,
483 327 516 359 et
528 331 548 357 a
559 320 708 360 Judaica
720 321 973 362 observatione
984 322 1170 369 liberaret,
1183 323 1289 362 Petro
1301 324 1466 372 ingresso

375 393 407 423 et
419 384 576 428 dicente,
585 383 826 422 Scandaliaati
833 393 924 430 siml,
936 385 1042 426 dixit:
1055 387 1240 435 Sineipsos
1251 387 1392 438 (Matth.
1403 389 1463 428 15.

373 448 434 485 η.
451 447 615 495 lii-Et
642 457 714 484 non
741 449 858 486 solum
877 449 1066 497 despexit,
1089 451 1176 498 quin
1196 458 1232 489 et
1251 451 1432 490 accusavit
1453 465 1462 489 :

377 511 504 546 Omni:
520 511 799 559 enimplantatio
815 541 824 556 ,
847 524 950 560 quam
969 525 1038 551 non
1057 514 1225 562 plantavit
1241 513 1351 554 Pater
1367 526 1462 556 meus

368 573 536 619 celatis,
567 575 798 611 eradicabitur
819 574 891 624 (1b.
913 575 1044 622 v.15).
1076 575 1128 614 ιω
1155 576 1270 624 legero
1297 577 1342 614 de
1371 577 1460 615 cibis

373 636 513 674 irritam
535 636 633 675 fecit.
648 637 724 678 -Ubi
742 645 864 675 autem
885 637 944 686 qui
964 639 1136 686 petebam
1155 639 1365 681 didrachma
1383 669 1392 683 ,
1413 639 1459 682 ad

368 699 520 737 Petrum
541 701 758 738 accedentes
776 701 962 745 dixerunt,
986 701 1152 750 Magister
1173 710 1252 740 tuus
1270 715 1338 740 non
1357 705 1458 741 solvit

365 759 580 798 didi-arbuta
596 762 755 809 (Matth.
774 764 832 800 l7.
849 764 936 812 25),
953 771 1044 800 tunc
1063 775 1137 802 non
1152 765 1247 802 idern
1262 765 1338 812 egit
1355 765 1454 804 sicut

365 829 490 866 antea,
503 825 566 862 sed
582 827 904 864 rationemhabuit
922 829 1106 873 scandaii,
1121 833 1158 866 et
1177 829 1250 866 ait:
1270 828 1315 866 Ut
1332 836 1454 869 autem

361 897 432 922 non
448 887 723 925 scandalizatum
744 889 858 934 ipsos,
883 889 977 926 mitte
995 890 1135 934 [tantum
1149 891 1184 928 in
1206 902 1300 930 mare
1313 921 1322 938 ,
1346 898 1378 928 et
1396 893 1452 940 pi.-

356 959 449 985 scem
465 950 524 997 qui
541 950 690 997 priurum
709 962 866 998 egressus
882 952 986 999 fuerit
1001 953 1096 998 tolle,
1112 954 1326 1003 inveniesque
1341 956 1374 992 iu
1393 967 1451 993 ore

352 1012 436 1057 eius
467 1018 628 1049 ualerem
645 1023 658 1049 :
679 1013 769 1049 hunc
789 1021 965 1062 acceptum
991 1015 1037 1051 da
1063 1027 1124 1063 pro
1154 1028 1208 1053 me
1236 1024 1268 1054 et
1291 1024 1332 1056 ‘te
1361 1018 1446 1068 (llr.

363 1074 449 1112 v.27
467 1075 495 1122 ).
514 1074 624 1112 Vides
644 1076 752 1113 modo
766 1084 968 1121 curantem,
991 1078 1100 1114 modo
1119 1078 1208 1124 nihil
1225 1087 1414 1121 curantem
1431 1083 1447 1119 ?

355 1135 444 1173 Nam
465 1136 534 1175 hoc
548 1137 628 1175 loco
649 1137 741 1175 nihil
758 1139 861 1176 valde
887 1139 1068 1177 referebat
1087 1141 1242 1188 gloriam
1261 1143 1444 1192 Unigeniti

355 1199 508 1236 revelari
525 1212 535 1237 :
553 1201 737 1248 quomodo
759 1202 856 1239 enim
873 1231 884 1247 ,
902 1213 984 1240 cum
1005 1210 1042 1241 et
1062 1204 1145 1242 alibi
1165 1205 1346 1244 studuerit
1361 1219 1441 1246 eam

352 1261 598 1308 obumbrare,
623 1266 908 1313 prmeeperitque
937 1267 1180 1314 multitudini,
1206 1279 1252 1307 ne
1278 1269 1441 1309 dicerent

351 1324 448 1372 quod
467 1326 544 1374 ipse
558 1334 657 1366 esset
672 1327 862 1365 Christus?
879 1329 927 1366 Et
945 1335 1134 1378 propterea
1152 1331 1238 1368 nihil
1254 1331 1374 1370 damni
1393 1343 1439 1370 ex

349 1398 394 1424 eo
423 1388 518 1436 quod
549 1388 724 1437 dependit
745 1391 956 1436 didrachma
981 1403 990 1429 ε
1013 1393 1042 1430 si
1069 1401 1190 1432 autem
1212 1405 1283 1432 non
1303 1395 1436 1433 solvis-

347 1455 418 1495 set,
437 1461 565 1498 magna
584 1451 667 1489 inde
683 1459 766 1490 nata
785 1453 938 1492 fuissent
954 1455 1048 1492 mala
1067 1467 1170 1493 :nam
1185 1463 1224 1495 ut
1245 1464 1434 1506 tyrannum

346 1518 382 1548 et
403 1512 646 1551 obluctantem
667 1520 704 1552 et
721 1515 876 1552 civitatis
897 1517 1077 1555 universa:
1097 1519 1282 1556 inimicum
1300 1549 1309 1564 ,
1330 1527 1366 1558 et
1399 1522 1434 1558 in

346 1581 508 1613 extrema
525 1569 684 1632 pericula
699 1578 935 1626 injicientem,
953 1581 1075 1628 utique
1091 1583 1248 1624 aversati
1264 1583 1430 1622 fuissent.

345 1631 544 1685 Propterea
565 1639 662 1686 ipsos
681 1640 744 1688 qui
764 1641 934 1679 volebant
954 1643 1071 1690 ipsum
1093 1653 1234 1692 rapere,
1255 1651 1292 1682 et
1312 1646 1430 1688 facere

345 1708 488 1744 regem,
502 1699 645 1748 longius
662 1701 766 1750 fugit,
788 1713 941 1751 eamque
959 1705 1168 1752 opinionem
1189 1717 1208 1742 a
1229 1707 1352 1744 multis
1369 1709 1429 1755 qtti

338 1759 438 1796 circa
453 1761 574 1808 ipsum
594 1770 700 1800 erant
719 1765 862 1811 repulit.
882 1766 999 1804 Priori
1017 1774 1138 1808 autem
1160 1768 1240 1806 loco
1261 1780 1430 1814 necessa—

343 1822 437 1860 rium
455 1828 534 1861 erat
554 1824 590 1862 id
610 1825 706 1872 quod
725 1827 900 1874 agebatur
919 1840 928 1864 :
951 1828 1034 1866 ideo
1061 1830 1198 1870 utiliter
1219 1841 1262 1868 ae
1285 1838 1426 1880 tempe-

338 1884 432 1922 stive
445 1892 534 1924 etut
549 1887 585 1924 in
603 1887 744 1942 meliori
757 1899 868 1936 opere
877 1891 1097 1939 contempsit
1115 1893 1337 1938 scandalum.
1361 1896 1426 1934 Et-

337 1951 549 1989 enimvalde
568 1941 952 2002 tempocieongruebat
971 1955 1016 1994 ad
1037 1967 1244 2005 supremam
1265 1959 1423 2007 philoso-

335 2013 458 2062 phiam
471 2024 692 2052 ascensuros
712 2027 785 2054 non
805 2017 1000 2064 prohibere
1017 2026 1056 2057 ut
1071 2021 1206 2059 Judazis
1223 2033 1302 2060 mos
1317 2035 1421 2073 gere-

334 2083 455 2122 retur;
471 2077 536 2114 sed
553 2078 656 2116 abire
670 2084 824 2117 vocante
839 2087 1004 2129 tempore
1022 2083 1066 2124 ad
1079 2083 1190 2122 animi
1209 2087 1417 2132 puritatem,

333 2152 450 2190 neque
468 2143 642 2180 retardari
663 2144 842 2192 corporali
860 2145 1127 2192 observatione,
1149 2149 1213 2186 sed
1235 2159 1254 2186 a
1276 2150 1336 2186 vili
1358 2151 1416 2188 illa

330 2214 416 2242 cura
443 2206 567 2243 eximi.
595 2207 656 2244 Sic
684 2213 721 2245 et
747 2207 880 2246 Paulus
906 2209 1016 2246 modo
1037 2211 1256 2260 contempsit
1271 2223 1334 2251 eos
1355 2213 1416 2262 qui

329 2268 677 2316 scandalizabantur,
687 2271 796 2308 modo
809 2273 1126 2322 noneontempsit,
1139 2274 1343 2322 Magistrum
1357 2287 1416 2316 se-

328 2341 458 2379 quens,
478 2339 515 2371 et
533 2333 623 2371 dixit
643 2347 652 2372 :
677 2335 745 2372 Per
763 2337 880 2372 omnia
901 2339 1057 2374 cornibus
1076 2340 1208 2385 placeo,
1231 2351 1301 2378 non
1317 2352 1412 2389 qut:-

325 2405 408 2432 rem
424 2395 515 2442 quod
533 2397 616 2433 mihi
633 2397 719 2434 utile
731 2399 800 2441 est,
815 2399 876 2436 sed
897 2400 990 2447 quod
1011 2400 1142 2446 multis,
1163 2408 1200 2440 ut
1218 2403 1306 2440 salvi
1323 2405 1411 2450 ﬁant

326 2457 387 2503 (i.
411 2456 489 2494 Cor.
511 2458 568 2496 10.
591 2460 682 2508 55).
711 2461 749 2498 Si
769 2467 889 2498 autem
915 2463 1048 2501 Paulus
1074 2474 1176 2502 suam
1207 2467 1405 2504 contemnit

322 2519 530 2567 utilitatem,
551 2529 589 2559 ut
610 2523 767 2560 inveniat
785 2524 882 2572 quod
901 2525 1024 2562 multis
1042 2527 1169 2573 prosit,
1188 2534 1324 2575 quanta
1338 2538 1406 2566 nos

320 2580 417 2628 digni
435 2582 573 2620 erimus
592 2580 699 2632 paena
719 2613 728 2629 ,
757 2585 788 2621 si
817 2595 934 2632 neque
953 2588 1138 2633 proprium
1159 2587 1318 2636 fugimus
1337 2589 1404 2627 (ιε.

320 2655 458 2690 mnum,
473 2652 512 2682 ut
527 2647 756 2685 inveniamus
771 2648 867 2695 quod
883 2649 970 2686 utile
985 2650 1032 2686 sit
1046 2650 1142 2696 aliis,
1159 2652 1222 2690 sed
1239 2662 1306 2690 nos
1319 2664 1423 2700 quo-

317 2717 388 2755 que
401 2719 483 2746 eum
500 2709 582 2747 aliis
593 2710 752 2748 suaviter
763 2711 963 2759 perdimus,
979 2723 1062 2750 eum
1081 2724 1271 2762 possemus
1285 2722 1320 2754 et
1334 2727 1401 2758 nos

317 2772 414 2818 ipsos
433 2780 470 2810 et
485 2773 578 2810 alios
593 2784 740 2812 servare
754 2775 770 2810 Ῡ
784 2775 1078 2823 Proptereaeutn
1095 2778 1192 2816 videt
1209 2781 1327 2827 majus
1345 2781 1400 2818 lu-

314 2843 416 2870 crum
435 2845 542 2880 quam
564 2835 737 2873 damnum
755 2865 765 2882 ,
785 2839 982 2875 contemnit
1005 2849 1070 2877 eos
1095 2841 1156 2888 qui
1186 2843 1396 2881 scandalum

314 2896 529 2942 patiuntur:
552 2897 612 2935 ubi
641 2905 762 2936 autem
796 2900 936 2938 lucrum
964 2902 1062 2940 videt
1090 2904 1255 2949 nullum,
1276 2905 1396 2944 solum

313 2965 436 2996 autem
463 2961 672 2998 scandalum
705 2963 789 3000 inde
817 2965 990 3010 evenire,
1017 2966 1139 3003 omnia
1159 2973 1195 3004 et
1223 2967 1341 3007 facere
1359 2975 1396 3006 et

313 3021 384 3063 pati
399 3029 546 3067 paratus
560 3029 616 3060 est
637 3034 682 3060 ne
696 3024 851 3062 eveniat.
871 3025 914 3062 Et
930 3037 1000 3063 non
1016 3026 1176 3074 disputat
1190 3029 1274 3068 talia
1293 3041 1394 3068 more

311 3087 436 3118 nostro
455 3095 464 3120 :
487 3094 559 3121 non
587 3086 696 3129 enim.
711 3086 822 3130 dicit,
841 3086 960 3132 Quare
989 3095 1075 3126 sunt
1103 3089 1262 3128 inlirmi?
1280 3102 1394 3140 quare

309 3143 389 3179 sine
409 3153 516 3182 causa
536 3147 588 3184 sic
607 3147 726 3185 aifoeti
747 3150 862 3186 sunt?
880 3149 944 3188 sed
963 3161 1006 3188 ea
1025 3151 1070 3189 de
1085 3162 1196 3191 causa
1217 3153 1304 3200 ipsis
1325 3165 1391 3202 po-

311 3204 488 3242 tissimum
507 3210 635 3255 parcit,
651 3211 735 3258 quia
753 3213 802 3250 ob
820 3212 971 3250 rationis
993 3215 1180 3261 penuriam
1198 3216 1246 3253 ita
1265 3225 1308 3254 se
1325 3217 1390 3253 ha-

309 3265 407 3310 bent,
427 3275 464 3304 et
484 3271 531 3306 ita
551 3272 682 3310 infirmi
703 3281 801 3312 sunt.

358 3330 395 3366 4.
429 3331 494 3368 Die
515 3335 611 3371 enim
641 3336 729 3374 mihi
755 3338 897 3385 qualem
929 3339 991 3378 ille
1021 3341 1272 3380 rationabilem
1291 3353 1387 3391 prte-

307 3397 447 3429 textnm
467 3392 586 3432 dicere
601 3403 720 3442 potest
733 3426 742 3441 ,
760 3401 820 3446 qui
837 3401 1100 3441 scandalizatur
1117 3404 1155 3442 in
1174 3405 1387 3444 comedente

305 3464 454 3492 carnem
480 3461 516 3492 et
540 3455 685 3496 bibente
710 3461 863 3500 vinum?
891 3465 984 3503 hanc
1001 3467 1134 3516 quippe
1155 3468 1272 3516 legem
1293 3469 1386 3508 Deus

306 3516 392 3553 olim
413 3519 546 3565 posuit.
564 3519 823 3560 Verumtamen
843 3525 879 3561 in
898 3526 956 3564 his
977 3529 1008 3566 si
1033 3529 1298 3572 scandalizetur
1316 3531 1385 3568 ali-

304 3579 399 3624 quis,
419 3580 552 3618 Paulus
567 3583 736 3622 abstinet.
758 3585 842 3623 Non
857 3589 952 3626 enim
964 3601 1108 3629 carnem
1123 3594 1314 3639 comedam,
1331 3593 1386 3630 in-

303 3641 406 3686 quit,
425 3653 530 3690 neque
556 3645 670 3682 vinum
689 3645 801 3684 bibant
817 3677 826 3692 ,
855 3657 960 3688 utne
984 3654 1215 3696 scandalizent
1243 3655 1383 3701 fratrem

305 3701 364 3765 (t.
381 3703 460 3740 Cor.
479 3705 610 3755 8.15).
629 3709 704 3747 Nec
719 3710 811 3749 dixit
822 3723 864 3750 ea
885 3725 964 3760 qua:
982 3726 1050 3752 nos
1065 3717 1242 3757 dicimus:
1259 3718 1381 3765 Subii-

270 3764 272 3766 ’
303 3762 503 3827 (εξιειιάιιςιιε
531 3779 597 3816 ego
623 3772 752 3812 aliena:
780 3776 1026 3824 insipientite'l
1053 3789 1138 3819 unm
1162 3780 1246 3827 quia
1273 3781 1380 3824 alicui

304 3821 513 3888 simpliciora
540 3829 681 3868 videtur
703 3844 784 3872 esse
813 3821 1024 3875 scandalum
1042 3865 1052 3882 .
1082 3849 1150 3886 ego
1170 3821 1300 3887 dignus
1318 3843 1380 3888 qui

303 3884 514 3929 Sttz'plicium
542 3890 667 3930 luam?
685 3895 856 3941 Quamvis
886 3901 994 3938 etiam
1019 3901 1047 3938 si
1073 3900 1246 3947 dixisset,
1267 3903 1380 3941 multo

1500 181 1718 228 ARCHIEP.
1735 187 2096 240 ‘CONSTANTINOP.

1543 265 1822 337 tamonﬁiustius
1847 269 1995 312 dixisset
2026 287 2130 322 quam
2157 289 2230 320 nos.
2259 283 2340 326 Nam
2365 291 2416 337 qui
2442 292 2470 330 in
2497 296 2548 336 illis
2615 303 2618 337 ξ

2493 222 2547 261 500

1539 327 1816 400 scandalizatur,
1835 332 2034 374 insensatus
2047 342 2148 380 estet
2161 343 2257 382 valde
2269 327 2547 400 ἱηεὶρὶέέιε

1537 388 1652 461 ill-itis
1673 391 1750 440 ipse
1769 395 1902 438 multas
1916 397 2030 444 justas
2058 403 2226 452 etdignas
2242 388 2363 457 causis,

1537 452 1658 496 habet.
1672 456 1926 498 Verumtamen
1937 461 2086 508 iustiora
2100 466 2200 506 ctiam
2211 481 2311 516 quam
2327 452 2546 520 nos

1534 514 1680 561 Paulus,
1697 517 1876 566 siquidem
1896 523 2083 562 voluisset:
2097 528 2210 566 a'tnon
2222 514 2314 578 dixit,
2334 537 2388 578 sed

1533 578 1650 618 solum
1679 583 1858 630 spectavit
1879 612 1888 629 ,
1921 595 2049 634 nempe
2075 590 2220 630 salutem
2249 598 2395 640 proximi.
2416 578 2458 642 ει
2480 578 2544 647 om;

1531 650 1637 688 quam
1658 643 1858 690 eminenter
1878 659 1887 683 :
1909 657 1978 685 non
1995 651 2089 687 enim
2105 651 2192 690 dixit
2209 658 2330 702 semel,
2345 668 2396 696 ant
2413 662 2478 710 his,
2493 643 2544 704 aui

1530 708 1630 740 tanto
1649 711 1826 754 tempore,
1848 709 1926 754 sed,
1948 709 1990 747 In
2011 719 2182 760 aeternum,
2198 718 2256 761 ait,
2276 730 2336 755 non
2349 708 2541 770 comeduin,si

1528 765 1794 804 scandalizetur
1813 769 1918 806 alius.
1942 771 1985 808 Et
2000 779 2040 810 ut
2057 785 2100 810 ne
2119 783 2216 822 putes
2235 778 2266 814 in
2290 780 2338 817 Itis
2356 792 2428 820 eum
2445 765 2540 823 subii.

1525 833 1646 889 stere,
1669 836 1706 872 et
1723 831 1820 870 aliud
1850 833 2018 880 quiddam
2039 837 2159 884 adjicit
2184 839 2246 876 hoc
2273 847 2385 890 majus.
2407 846 2446 884 Ut
2462 850 2536 888 enim

1523 890 1616 929 dixit
1629 886 1796 937 ,‘ﬂonum
1821 903 1870 932 est
1895 909 1962 935 non
1982 901 2150 937 comedere
2165 913 2307 949 C(‘ll‘nt’ttl,
2327 914 2354 944 et
2377 920 2434 948 non
2448 911 2537 948 bibere

1515 953 1640 994 uinum
1661 954 1790 1004 (Rom.
1812 958 1870 996 14.
1901 959 1944 997 2-1
1965 959 2004 1007 ),
2025 962 2202 1009 conjunxit
2219 972 2252 1003 ct
2268 967 2365 1004 illud:
2385 969 2534 1018 Nequed-

1511 1017 1582 1052 ‘lud
1595 1045 1606 1062 ,
1632 1029 1693 1066 per
1717 1020 1808 1068 quod
1826 1023 1936 1069 frater
1953 1028 2030 1061 tuus
2053 1025 2228 1074 impingit,
2247 1029 2294 1064 vel
2307 1033 2530 1081 scandalizatur,

1519 1079 1572 1116 vel
1587 1080 1795 1126 inﬁrmatur.
1814 1083 1859 1120 Et
1871 1085 2114 1124 animadverte
2130 1099 2248 1126 rursus
2261 1093 2442 1138 sapientiam
2459 1079 2531 1143 pra-4

1512 1143 1694 1190 -ccptoris.
1717 1144 1857 1183 Relicto
1881 1147 1976 1184 enim
2003 1149 2144 1187 infirmo
2168 1150 2284 1189 fortem
2314 1156 2439 1202 corrigit
2463 1167 2528 1195 ante

1517 1204 1616 1243 illum
1642 1217 1651 1242 :
1673 1216 1754 1244 nam
1775 1209 1880 1246 fortis
1898 1217 2024 1247 auctor
2041 1218 2094 1248 est
2109 1241 2118 1256 ,
2142 1214 2230 1260 quod
2251 1215 2303 1252 ille
2321 1215 2458 1255 inﬁrmus
2472 1220 2524 1264 sit,

1508 1277 1564 1304 leo
1583 1268 1681 1315 quod
1700 1271 1820 1317 possit
1839 1271 2082 1312 infirmitatem
2097 1276 2264 1322 corrigere
2277 1305 2286 1323 ,
2305 1285 2336 1315 et
2351 1290 2410 1316 non
2428 1281 2521 1319 faciat.

1505 1328 1653 1376 .Ecquid
1675 1331 1756 1368 dico
1776 1332 1820 1369 de
1842 1333 1994 1372 inlirtnis
2012 1335 2205 1374 fratribus?
2227 1339 2346 1379 Etenim
2369 1341 2475 1378 indu-is
2491 1352 2519 1380 et

1510 1393 1680 1438 gentibus
1701 1395 1804 1441 jubet
1826 1397 1990 1439 eamdem
2011 1409 2130 1436 curam
2153 1401 2293 1448 impendi
2313 1416 2320 1442 :
2339 1404 2409 1440 Sine
2425 1405 2516 1449 σπεκ-

1509 1454 1642 1502 diculo,
1662 1457 1726 1503 ait,
1740 1464 1846 1496 estote
1859 1465 1890 1496 et
1902 1459 2034 1499 Judtris
2052 1469 2081 1498 et
2095 1465 2240 1510 gentibus
2254 1472 2280 1500 et
2293 1465 2426 1503 Ecclesia:
2442 1465 2518 1502 Dei“

1509 1519 1559 1565 (i.
1580 1519 1660 1557 Cor.
1677 1521 1734 1560 10.
1751 1522 1828 1571 52).
1845 1523 1968 1572 Itaque
1985 1533 2116 1573 quanto
2135 1533 2166 1564 te
2181 1528 2339 1565 fortiorem
2351 1540 2419 1566 esse
2432 1529 2514 1572 dicis,

1505 1584 1668 1632 nihilque
1693 1596 1712 1623 a
1739 1588 2006 1627 coltaltitationc
2033 1592 2230 1628 nocumeuti
2260 1593 2421 1644 accipere,
2440 1599 2515 1628 tanto

1503 1647 1618 1694 magis
1635 1648 1790 1696 teipsum
1810 1649 2010 1688 debitorem
2023 1654 2276 1698 -constituis,‘ut
2296 1645 2446 1691 vinculum
2463 1654 2514 1691 hoc
2553 1677 2556 1684 ι

1502 1720 1664 1759 rumpas.
1680 1711 1770 1749 Nam
1789 1720 1922 1762 quanto
1939 1713 2068 1752 fortior
2083 1726 2160 1754 eras
2173 1745 2182 1761 ,
2205 1722 2294 1753 tanto
2309 1717 2427 1764 :cquius
2442 1717 2512 1759 fuit,

1490 1778 1540 1810 ἰιι
1557 1772 1791 1812 infirmiorem
1811 1782 1986 1824 gestores.
2009 1777 2116 1826 igitur
2133 1779 2162 1816 si
2178 1779 2322 1816 inﬁrmus
2335 1790 2380 1825 es,
2397 1785 2514 1827 propter

1500 1841 1536 1872 te
1556 1835 1673 1882 ipsum
1695 1837 1854 1884 desiste;
1875 1839 1930 1876 sin
1956 1840 2152 1885 robustior,
2173 1847 2306 1889 propter
2322 1841 2446 1878 alterius
2461 1840 2512 1876 in-

1488 1897 1720 1943 =lirmitatem.
1740 1900 1818 1938 Non
1839 1903 1936 1939 enim
1953 1903 2023 1940 sibi
2038 1903 2102 1951 ipsi
2121 1903 2313 1949 dun'ttaxat,
2330 1903 2384 1940 sed
2400 1911 2430 1940 et
2446 1903 2512 1939 aliis

1486 1960 1625 1998 “fortem
1655 1973 1738 2002 esse
1765 1971 1910 2013 oportet
1929 1975 2011 2004 eum
2029 1967 2088 2016 qui
2118 1966 2214 2004 fortis
2235 1973 2296 2004 est.
2319 1966 2406 2014 Quod
2429 1965 2455 2002 si
2483 1971 2510 2002 te

1485 2022 1624 2062 fortem
1646 2036 1730 2064 esse
1749 2027 1866 2072 dicis,
1895 2034 1933 2067 et
1959 2029 2195 2068 infirmitatem
2217 2030 2302 2068 illius
2317 2028 2507 2072 contemnit,

1485 2086 1638 2136 duplam
1655 2089 1759 2128 dabis
1775 2102 1920 2139 poenam
1936 2122 1945 2137 ,
1964 2100 2036 2131 tttm
2055 2093 2146 2142 quod
2165 2104 2227 2131 non
2244 2093 2427 2141 pepercisti,
2448 2099 2506 2129 tum

1487 2150 1585 2198 quod
1609 2152 1720 2189 multa
1747 2153 1809 2191 tibi
1838 2155 1894 2192 vis
1913 2162 1992 2192 erat
2015 2163 2052 2193 ιιι
2073 2155 2120 2192 illi
2141 2165 2272 2203 parcere
2291 2163 2412 2201 posses.
2432 2153 2506 2190 Nam

1487 2214 1737 2263 unusquisque
1753 2223 1915 2258 nostrum
1929 2214 2070 2256 debitor
2083 2226 2135 2256 est
2149 2217 2262 2258 salutis
2274 2216 2419 2265 proximi.
2431 2215 2505 2252 Pro-

1484 2281 1608 2322 pterea
1625 2276 1718 2324 jussi
1736 2289 1885 2326 sumus,
1908 2291 1983 2319 non
1997 2291 2076 2329 qua:
2095 2287 2208 2318 nostra
2233 2285 2308 2316 sunt
2325 2307 2334 2323 ,
2361 2277 2416 2316 sed
2439 2288 2504 2325 qum

1478 2338 1637 2385 proximi
1663 2342 1847 2391 spectare(
1857 2343 1894 2380 1.
1908 2342 1988 2380 Cor.
2002 2343 2066 2390 10,
2084 2343 2169 2392 24).
2185 2342 2296 2381 Prelio
2307 2341 2393 2379 enim
2409 2340 2501 2386 empti

1474 2409 1614 2440 sumus
1629 2401 1678 2449 (t.
1695 2402 1780 2440 Cor.
1795 2405 1832 2449 ϐ,
1847 2407 1926 2453 20),
1939 2408 2048 2454 etqui
2061 2417 2127 2446 nos
2143 2405 2294 2448 redemit.
2309 2405 2366 2439 Ιιοε
2383 2409 2499 2448 1³³⁸³⁸⁸⁸·

1479 2462 1536 2510 pit,
1559 2462 1596 2499 in
1620 2474 1854 2504 communem
1877 2470 2084 2511 animarum
2111 2474 2306 2508 nostrarum
2327 2465 2501 2502 utilitatem.

1475 2524 1554 2568 Non
1583 2525 1679 2568 enim
1699 2527 1768 2572 hoc
1794 2528 1912 2567 solum
1942 2536 2102 2565 nostrum
2131 2533 2187 2566 est
2201 2527 2322 2564 lucrum
2340 2550 2351 2567 θ
2375 2517 2496 2587 (ξιξθυίξο

1471 2591 1620 2639 propria
1648 2601 1837 2630 servamus
1865 2593 2056 2638 membra,
2087 2592 2148 2629 sed
2175 2597 2208 2627 et
2229 2583 2497 2649 quatllloiliosi“

1474 2654 1602 2701 majori
1631 2657 1825 2692 securitate
1853 2655 2114 2694 constituimus.
2147 2650 2302 2699 Quamvis
2321 2647 2402 2684 enim
2431 2641 2497 2680 tnti—

1468 2715 1540 2753 iies
1570 2715 1836 2763 mtilosopheris
1855 2745 1866 2762 ,
1902 2716 2124 2764 redargueris
2153 2721 2263 2750 tamen
2297 2719 2354 2757 per
2384 2714 2494 2754 opera.

1469 2775 1642 2814 damnum
1673 2788 1718 2814 ex
1747 2777 1816 2816 hac
1843 2778 2107 2817 eohabitatione
2133 2781 2328 2820 accepturus
2353 2778 2413 2805 non
2431 2764 2495 2800 vul-

1467 2848 1568 2886 gare.
1597 2839 1749 2884 Quando
1769 2829 1865 2878 enim
1887 2847 1923 2879 te
1941 2840 2044 2878 video
2071 2840 2116 2876 ita
2140 2836 2239 2874 avelli
2258 2844 2321 2871 non
2338 2839 2448 2879 posse,
2465 2831 2495 2862 cl

1469 2901 1582 2939 millia
1601 2911 1726 2940 eorum
1744 2902 1945 2950 despicere,
1975 2913 2053 2950 quae
2072 2901 2232 2938 damnum
2261 2896 2412 2933 inferunt,
2438 2895 2492 2924 nec

1467 2964 1632 3001 converti
1651 2970 1685 3002 te
1705 2971 1777 3002 tam
1799 2965 1920 3002 multis
1937 2960 2286 3012 reprehendentibus,
2378 2959 2410 3021 ct
2423 2950 2487 3021 ξιοῇ

1462 3027 1556 3064 riam
1573 3033 1670 3064 tuam
1687 3027 1916 3072 conculcare,
1935 3027 2172 3072 Ecclesiaeque
2187 3028 2336 3068 magnam
2350 3012 2491 3052 invidiam

1464 3088 1622 3126 conflare
1638 3117 1649 3133 ,
1676 3094 1784 3137 atque
1813 3089 2012 3126 infidelium
2045 3097 2106 3124 ora
2138 3083 2271 3133 aperire
2287 3109 2296 3125 ,
2323 3081 2492 3143 manesque

1462 3151 1558 3188 mala
1576 3151 1748 3199 opinione
1767 3151 1943 3196 imbuere,
1959 3157 1996 3188 et
2009 3155 2103 3187 tanta
2123 3146 2258 3194 quidem
2275 3152 2316 3180 ex
2333 3137 2490 3177 cohabita-

1462 3214 1561 3259 tioue
1581 3215 1679 3252 nasci
1699 3215 1793 3252 mala
1807 3243 1818 3260 ,
1837 3215 1976 3257 nullum
2005 3219 2122 3254 autem
2151 3207 2327 3258 provenire
2352 3203 2488 3260 bonum;

1461 3288 1505 3314 ex
1523 3277 1754 3324 separatione
1773 3287 1858 3314 vero
1877 3276 2008 3314 horum
2027 3275 2180 3314 omnium
2207 3268 2370 3306 malorum
2388 3259 2488 3298 subla-

1461 3339 1595 3378 tionem
1609 3365 1619 3382 ,
1639 3338 1835 3378 multorum
1865 3343 1985 3376 autem
2013 3338 2158 3376 aliorum
2182 3333 2344 3370 bonorum
2367 3330 2489 3388 Pi'ssfs’

1457 3402 1597 3440 sionem
1629 3400 1780 3449 adipisci
1807 3401 1940 3447 licere,
1965 3399 2094 3438 deinde
2121 3405 2199 3435 cum
2227 3391 2359 3456 resilire
2387 3383 2488 3456 null-5::

1453 3464 1640 3512 quomodo
1658 3463 1875 3510 persuadere
1903 3469 2029 3512 potero
2047 3461 2126 3498 aliis
2144 3455 2234 3506 (1ηοά
2253 3451 2431 3512 medim“
2448 3451 2489 3480 5's

1455 3511 1602 3574 expers,
1622 3533 1660 3564 et
1687 3536 1707 3564 a
1734 3511 2024 3574 conontiis?cenlia
2055 3521 2145 3559 ’³³³1³
2177 3514 2307 3582 puris?
2333 3511 2489 3582 '2)?“va

1455 3597 1566 3634 super
1583 3587 1640 3627 his
1659 3587 1747 3626 nihil
1765 3573 1946 3626 contendo
1961 3597 1971 3631 ;
1991 3584 2054 3622 sed
2071 3588 2148 3620 esto
2161 3577 2251 3643 quod
2266 3573 2489 3643 sis-

1455 3631 1652 3686 habitando
1667 3659 1778 3696 purus
1793 3677 1804 3692 ,
1825 3647 1988 3696 quamvis
2012 3656 2056 3682 ne
2073 3644 2140 3682 Job
2157 3639 2292 3689 quidem

1454 3720 1565 3751 ausus
1581 3708 1648 3748 fuit
1667 3689 1802 3757 iantam
1819 3689 1986 3754 virtutem
2006 3713 2042 3744 et
2064 3703 2266 3754 sapientiam
2291 3693 2352 3734 sibi
2370 3689 2487 3757 adserit

1447 3759 1564 3817 bere;
1596 3771 1660 3810 scd
1679 3755 1749 3822 qui
1783 3782 1928 3814 omnem
1957 3766 2221 3808 transcenderat
2248 3759 2401 3798 virtutem
2417 3776 2426 3789 .
2444 3755 2483 3784 θ’(

1497 3911 1508 3932 ¹
1532 3915 1568 3944 tu
1581 3910 1674 3946 savii.
1680 3935 1690 3954 ,
1707 3911 1836 3947 Cltrt'stt.
