2726 4358
267 275 330 312 501

269 349 438 387 munibus
456 346 586 384 diaboli
607 343 740 382 retibus
757 347 940 378 extractus
957 351 965 374 :
985 337 1044 384 qui
1065 335 1201 384 primus
1220 341 1257 369 et
1273 342 1334 368 so-

272 413 328 448 lus
347 417 480 448 tantam
509 405 754 444 fortitudinem
773 398 1033 440 demonstravit
1049 425 1066 443 ν
1081 403 1117 434 et
1132 405 1239 432 mune
1259 392 1334 430 fer-

272 483 353 510 rum
388 478 424 508 et
453 471 680 506 adamanlem
711 475 776 502 sua
807 461 1026 501 continentia
1062 463 1336 506 prictcrgressus

272 531 502 570 subnervavit
519 529 650 566 diaboli
671 531 896 574 potestatem,
913 523 965 558 sic
985 521 1116 556 veritus
1135 523 1212 554 erat
1229 515 1334 552 talem

274 604 425 642 pugnam
444 621 453 636 ,
485 597 522 629 et
550 591 598 628 ita
619 589 754 636 putavit
781 583 1000 632 impossibile
1026 591 1106 618 esse
1131 577 1338 616 cohabitare

273 637 401 704 virgini
419 656 496 692 sine
529 653 660 690 datnno
677 656 713 687 et
729 657 874 696 purum,
901 651 939 682 ut
966 655 1036 680 non
1056 643 1172 679 solum
1190 649 1210 676 a
1226 637 1338 704 cuba-

275 697 448 754 bitatione
483 715 543 752 tali
575 711 704 760 procul
731 716 768 746 et
800 708 904 755 longe
929 705 1110 752 seipsum,
1142 703 1205 738 sed
1233 707 1268 736 et
1293 697 1340 734 ab

275 785 424 826 aspectu
453 785 598 824 prorsus
625 779 663 811 et
682 771 862 810 consortio
891 766 1131 808 subduxerit,
1153 764 1341 810 legemque

278 825 438 888 posuerit
455 837 568 874 oculis
591 836 666 872 suis
693 833 841 871 omnino
857 832 891 868 in
908 830 1082 876 virginem
1097 837 1142 864 ne
1161 825 1342 872 respicere

277 887 436 949 quidem.
457 899 600 936 Sciebat
618 897 713 933 enim
733 901 770 931 et
787 893 897 941 probe
919 897 1066 928 noverat
1083 887 1178 936 quod
1199 897 1270 923 non
1285 895 1344 922 so-

278 945 352 1000 lum
369 959 633 998 cohabitantem
649 985 660 1000 ,
686 955 749 992 sed
767 960 804 991 et
822 952 1054 1000 aspicientem
1077 949 1218 986 curiose
1237 947 1271 982 in
1293 945 1345 981 fa-

280 1023 372 1060 ciem
391 1022 537 1068 virginis
554 1018 698 1057 difiicile
715 1045 725 1061 ,
753 1016 846 1053 forte
862 1020 980 1052 autem
1001 1019 1037 1050 et
1062 1009 1281 1058 impossibile
1300 1009 1346 1044 sit

281 1085 437 1132 effugere
451 1083 618 1120 damnum
635 1108 644 1124 ,
665 1078 760 1126 quod
781 1077 863 1114 inde
883 1076 1009 1112 oritur.
1030 1074 1180 1119 Propter
1195 1070 1290 1118 quod
1309 1075 1346 1107 et

281 1147 436 1188 dicebat,
464 1143 516 1180 Ne
528 1143 667 1190 cogitent
687 1140 822 1188 quidem
839 1139 880 1174 de
898 1137 1026 1184 virgine
1047 1134 1128 1183 (Job
1143 1133 1233 1171 51.1
1252 1133 1278 1180 ).

329 1208 365 1244 5.
376 1208 420 1242 At
433 1207 460 1242 si
473 1203 747 1252 parvusvidetur
759 1201 818 1238 tibi
834 1199 878 1236 ad
894 1206 1075 1235 certamen
1091 1196 1172 1240 Job,
1187 1195 1349 1242 quamvis

284 1278 410 1305 revera
427 1276 542 1313 neque
559 1272 720 1302 stercore
735 1261 828 1298 illius
843 1261 954 1297 simus
965 1258 1085 1306 digni;
1101 1262 1348 1294 verumtamen

283 1328 366 1364 licet
381 1328 497 1362 minus
509 1331 568 1362 tua
584 1322 874 1370 magnanimitate
893 1330 974 1357 esse
994 1325 1096 1366 putes
1116 1317 1324 1364 exemplum
1337 1343 1348 1358 ,

281 1380 402 1424 cogita
417 1376 693 1413 vocalissimuni
711 1384 917 1421 prmconem
935 1373 1101 1411 veritatis
1116 1371 1268 1408 Paulum
1285 1371 1348 1418 qui

283 1443 399 1472 totum
413 1436 540 1472 orbem
556 1433 706 1476 circuit.
719 1439 756 1471 et
771 1434 893 1471 dicere
909 1433 1029 1481 potuit
1043 1433 1152 1469 verba
1165 1433 1224 1469 illa
1237 1432 1351 1469 multa

281 1495 463 1540 sapientia
485 1494 635 1538 referta,
655 1493 753 1539 quod
772 1493 933 1538 nonjam
956 1493 1033 1539 ipse
1055 1491 1102 1528 sit
1123 1492 1264 1535 vivens,
1287 1492 1351 1528 sed

284 1554 454 1590 Christus
471 1553 508 1588 in
520 1553 601 1599 ipso
617 1551 760 1598 (Gatat.
775 1551 813 1588 2.
828 1551 908 1599 20).
920 1556 956 1588 et
971 1550 1068 1598 quod
1090 1551 1292 1586 crucifixus
1305 1550 1354 1588 sit

286 1612 424 1649 mundo
445 1616 482 1648 et
498 1609 660 1648 mundus
679 1610 748 1646 sibi
772 1608 842 1657 (1b.
861 1611 898 1648 6.
927 1609 1002 1656 14),
1022 1613 1058 1646 et
1077 1608 1174 1656 quod
1193 1607 1358 1655 quotidie

288 1671 467 1708 moriatur
483 1671 534 1717 (τι.
553 1671 638 1708 Cor.
658 1671 716 1708 l5.
737 1671 778 1706 3|
795 1670 808 1717 )
826 1681 835 1705 :
859 1675 941 1717 post
953 1673 1092 1706 tantam
1107 1669 1260 1716 Spiritus
1273 1678 1358 1716 gra-

287 1731 375 1766 tiam
391 1736 426 1767 et
447 1735 545 1766 tanta
561 1730 805 1768 certaminum
823 1729 1040 1776 specimina,
1063 1733 1146 1776 post
1162 1729 1358 1765 inenarra-

287 1792 372 1828 bilia
386 1792 564 1839 pericula,
579 1799 662 1840 post
673 1798 747 1828 tam
759 1791 903 1828 eximiae
915 1791 1116 1837 diligentiae
1124 1795 1160 1827 et
1170 1789 1358 1837 sapientiae

287 1850 468 1893 studium,
481 1851 645 1888 declarat
655 1851 762 1888 nobis
773 1853 1100 1890 etcommonstrat,
1116 1848 1228 1894 quod,
1241 1847 1360 1885 donec

285 1910 552 1957 spiraverimus
562 1915 598 1947 et
618 1910 687 1946 hac
702 1920 816 1946 carne
830 1909 1010 1946 fuerimus
1025 1908 1262 1951 circumdati,
1277 1919 1359 1946 cer-

285 1969 486 2006 taminibus
500 1969 606 2005 nobis
618 1979 710 2016 opus
724 1973 781 2006 est
795 1975 832 2006 et
843 1969 1034 2006 laboribus
1049 1979 1168 2016 neque
1178 1969 1252 2006 otio
1267 1974 1359 2005 tem-

285 2029 451 2074 perantia
471 2034 634 2074 paratur.
651 2027 714 2065 sed
736 2027 865 2065 multis
885 2027 1084 2064 sudoribus
1107 2033 1144 2064 et
1171 2027 1360 2064 laboribus

284 2097 378 2132 optts
393 2087 510 2124 estad
527 2087 595 2123 hoc
613 2093 792 2132 tropaeum
809 2085 1030 2132 parandum,
1045 2085 1101 2122 sic
1113 2085 1242 2122 dicens
1259 2097 1268 2122 :
1292 2085 1362 2122 Ca-

283 2147 376 2192 stigo
399 2157 528 2191 corpus
547 2157 661 2182 meum
675 2173 684 2188 ,
707 2151 740 2180 et
760 2145 796 2180 in
813 2145 1018 2180 servitutem
1042 2143 1166 2190 redigo
1181 2170 1191 2186 ,
1209 2155 1253 2180 ne
1273 2145 1359 2180 dum

285 2205 368 2241 aliis
387 2203 626 2250 pra'dicauero
642 2205 714 2249 ipse
734 2213 814 2248 repr
824 2201 911 2237 obus
928 2203 1013 2248 ﬁant
1033 2202 1083 2248 (l.
1107 2199 1192 2239 Cor.
1213 2201 1251 2244 9,
1280 2201 1359 2249 27).

287 2262 370 2300 llaec
389 2270 512 2300 autem
537 2263 685 2299 dicebat
703 2262 900 2299 declarans
921 2261 1140 2298 seditionem
1159 2261 1301 2304 carnis,
1323 2266 1362 2298 et

287 2323 600 2370 concupiscentia:
614 2323 768 2365 rabiem,
788 2322 1032 2368 pratliumque
1050 2322 1288 2363 continuum,
1317 2329 1362 2357 ac

291 2383 403 2419 vitam
451 2393 599 2430 semper
629 2383 665 2419 in
697 2392 816 2430 agone
849 2382 1106 2419 constitutam.
1141 2380 1185 2417 Et
1221 2380 1368 2418 ideirco

289 2441 400 2478 etiam
425 2440 599 2480 Christus
623 2440 878 2478 dilIicultatem
914 2441 966 2478 rei
989 2441 1214 2483 declarans,
1241 2450 1363 2488 neque

289 2501 346 2538 vel
374 2501 474 2539 licite
499 2503 664 2549 aspicere
695 2501 877 2548 permittit
909 2500 1107 2538 tnulierum
1131 2499 1272 2542 facies,
1297 2499 1364 2537 sed

289 2566 326 2596 et
358 2561 612 2598 adulterorum
651 2571 760 2607 penna
794 2560 1003 2608 puniendos
1029 2560 1084 2597 sic
1120 2559 1365 2606 respicientes

291 2621 554 2658 interminatus
583 2627 652 2657 esl.
694 2621 737 2656 Et
770 2631 853 2656 cum
883 2619 1040 2656 dixisset
1083 2617 1240 2664 Petrus,
1279 2617 1366 2656 Non

287 2674 421 2720 expetiit
438 2685 576 2710 uxorem
593 2674 716 2711 ducere
734 2673 875 2722 (Matth.
897 2673 956 2711 l9.
978 2673 1054 2720 10).
1077 2684 1148 2710 non
1165 2673 1289 2710 statuit
1306 2673 1358 2710 lc-

285 2745 366 2782 gem
387 2746 431 2772 ne
447 2735 623 2772 ducantur
637 2747 781 2781 uxores,
798 2736 861 2773 sed
877 2736 1086 2783 gravitatem
1102 2736 1153 2774 rei
1169 2735 1357 2774 declarans

287 2795 455 2833 dicebat:
480 2784 548 2840 (Tui
565 2803 674 2843 potest
699 2809 820 2844 capere
845 2799 957 2844 capiat
974 2798 987 2846 (
1001 2797 1056 2834 Ib.
1080 2809 1110 2835 v.
1133 2798 1178 2834 12
1196 2797 1222 2846 ).
1245 2797 1358 2834 Audi-

289 2869 367 2895 mus
385 2866 503 2895 autem
523 2865 557 2896 et
575 2858 645 2896 hoc
662 2865 786 2896 nostro
801 2860 946 2905 sarculo,
965 2861 1060 2908 quod
1079 2860 1242 2898 nonnulli
1262 2860 1358 2897 ferro

289 2926 400 2975 totum
419 2930 550 2968 corpus
569 2921 733 2969 ligantes,
755 2927 790 2958 et
809 2932 913 2959 sacco
931 2923 1139 2969 vestientcs,
1157 2929 1196 2960 et
1210 2923 1254 2960 ad
1274 2933 1358 2961 ver-

288 2984 376 3021 tices
403 2985 576 3022 montium
607 2991 797 3023 currentes
811 3014 820 3031 ,
843 2992 880 3023 et
900 2986 1296 3036 incontinuisjejuniis
1317 2997 1360 3024 ae

287 3047 482 3094 pervigiliis
499 3047 661 3085 viventes
677 3075 688 3094 ,
709 3058 924 3096 omnemque
955 3049 1154 3096 discipﬁna:
1181 3049 1358 3087 severita-

288 3115 360 3146 tem
383 3109 646 3155 ostendentes,
663 3109 830 3146 omnibus
857 3110 1064 3148 mulieribus
1094 3112 1294 3159 ingressum
1322 3111 1357 3146 in

287 3169 541 3208 domunculam
559 3178 594 3208 et
613 3171 792 3219 tugurium
805 3181 908 3208 suum
925 3173 1154 3218 interdicere,
1169 3179 1276 3220 atque
1290 3172 1360 3210 hac

288 3232 426 3269 ratione
437 3233 574 3280 seipsos
593 3234 823 3281 eastigantes,
845 3245 940 3282 aegre
960 3241 1077 3273 tamen
1097 3235 1360 3282 concupiscen-

289 3293 346 3330 tiae
361 3293 515 3332 furorem
530 3297 785 3344 comprimere.
801 3297 847 3333 At
861 3304 897 3334 tu
911 3298 1000 3336 dicis
1013 3299 1124 3346 quod,
1140 3299 1220 3336 licet
1237 3298 1360 3336 videas

288 3355 526 3394 cobabitatem
545 3358 696 3406 virgini,
717 3364 752 3395 et
771 3357 951 3406 alligatum
966 3387 976 3402 ,
997 3366 1034 3398 et
1051 3360 1280 3398 deliciantem
1293 3388 1304 3405 ,
1324 3365 1362 3398 et

289 3417 447 3454 animam
466 3419 581 3464 potius
600 3421 826 3458 amittentcm
841 3431 948 3468 quam
969 3422 1279 3469 cohabitatricem,
1297 3434 1360 3470 pa-

291 3486 479 3526 ratumque
491 3480 608 3517 omnia
623 3487 659 3518 et
675 3482 792 3520 facere
805 3488 842 3520 et
858 3482 931 3529 pati
948 3483 1065 3530 potius
1079 3495 1185 3532 quam
1200 3485 1359 3534 separari

291 3552 309 3574 a
332 3540 476 3582 dilecta,
497 3552 540 3578 ne
561 3543 755 3589 suspiceris
775 3543 910 3591 aliquid
928 3543 1037 3588 mali,
1065 3555 1110 3582 ne
1138 3553 1242 3593 putes
1270 3557 1360 3584 con-

291 3603 521 3648 Cupisccutite
542 3605 736 3651 negotium,
759 3606 822 3643 sed
841 3606 986 3652 pietatis
1001 3607 1134 3654 potius.

341 3665 395 3701 Ex
413 3667 581 3702 consortio
609 3667 775 3715 virginum
801 3669 954 3704 nascitur
983 3670 1169 3706 necessario
1196 3673 1359 3720 concupi-

291 3730 433 3764 scentia.
451 3749 498 3755 ——
515 3729 733 3767 Adtnirande
749 3731 815 3775 vir,
837 3731 868 3767 is
883 3731 1034 3768 affectus
1051 3738 1107 3770 est
1127 3733 1170 3770 iis
1189 3735 1250 3781 qui
1269 3735 1359 3782 [api-

291 3791 396 3828 dibus
415 3792 636 3836 cohabitant,
663 3803 732 3828 non
752 3792 970 3830 hominibus.
990 3794 1033 3830 Et
1053 3800 1088 3831 tu
1109 3795 1250 3843 quidem
1271 3798 1361 3834 forte

293 3865 364 3891 non
385 3854 502 3891 credis
521 3853 568 3891 ob
584 3865 748 3902 magnam
761 3860 854 3892 tuam
867 3856 1144 3901 continentiam;
1161 3869 1226 3908 ego
1240 3865 1360 3896 autem

293 3916 411 3954 audivi
432 3915 604 3966 quosdam
626 3915 786 3956 dicentes
805 3917 898 3966 quod
919 3919 1025 3957 etiam
1044 3919 1144 3958 multi
1165 3932 1247 3970 erga
1270 3922 1361 3970 lapi—

717 263 901 304 CONTBA
927 261 1013 299 EOS
1037 258 1113 304 QUI
1141 251 1551 294 SUBINTBODUCTAS
1577 251 1760 288 lIABENT
1787 247 2016 286 VIRGINES.

2402 243 2474 280 5(ιῖ

1409 329 1472 366 des
1503 335 1539 365 et
1567 333 1702 364 statuas
1730 327 1894 364 nonnihil
1909 325 2024 362 affecti
2045 325 2128 361 sint.
2149 321 2252 369 Quod
2280 321 2309 358 si
2339 327 2474 358 tantum

1408 391 1518 427 valuit
1535 390 1724 426 artificium
1751 389 1882 431 solum,
1905 387 1962 424 ubi
1991 397 2118 433 aSpcra
2147 391 2183 422 ct
2208 384 2295 421 dura
2322 382 2474 430 effigies,

1409 459 1578 500 quantam
1598 452 1804 499 operabitur
1824 450 1998 487 insaniam
2021 449 2054 485 in
2069 447 2188 494 elIigie
2209 445 2354 493 pulchra
2379 452 2478 481 terte-

1410 526 1489 552 rum
1507 514 1662 561 corpus?
1679 513 1864 558 Quomodo
1880 524 1950 548 non
1967 511 2159 548 credentur
2173 510 2284 556 magis
2304 507 2479 544 verisimi-

1411 578 1457 614 lia
1478 577 1599 614 dicere
1618 577 1679 623 qui
1698 587 1759 613 vos
1777 564 1960 616 accusa-nt,
1979 584 2085 620 quam
2105 583 2170 609 vos
2187 573 2246 618 qui
2265 571 2481 608 defenditis?

1411 639 1503 685 Quid
1517 639 1611 675 enim
1629 638 1832 680 verisimile,
1849 637 1905 673 dic
1925 635 2034 672 Inibi?
2050 645 2094 670 an
2113 633 2206 680 quod
2227 633 2282 670 vir
2296 633 2481 669 mulierem

1413 701 1656 747 concupiscat,
1675 711 1718 734 an
1739 699 1833 746 quod
1855 709 1924 734 non
1943 695 2194 743 concupiscat?
2212 693 2366 732 Umniuo
2379 694 2482 730 disco

1413 763 1526 798 rimtts
1543 761 1636 808 qttod
1657 761 1898 806 concupiscat.
1921 759 2074 794 Rursum
2093 767 2173 794 cum
2189 757 2385 792 innumerze
2399 767 2484 792 catt-

1414 835 1464 861 sa:
1481 825 1665 870 impellant
1686 830 1721 859 ut
1739 823 1954 870 egrediatur,
1977 831 2042 858 nec
2060 820 2180 868 egredi
2201 819 2305 862 velit,
2333 818 2396 855 sed
2426 829 2484 854 se-

1416 887 1532 934 ipsum
1552 887 1701 934 injicial,
1714 885 1813 922 nullo
1825 895 1944 931 operm
1965 884 2090 931 pretio,
2106 883 2228 920 multis
2246 893 2328 918 vero
2347 881 2486 928 probris

1417 959 1459 984 ac
1488 947 1711 984 nocumenlis
1743 945 1988 992 sequentibus,
2012 952 2085 980 tum
2107 944 2206 988 suis,
2239 950 2312 979 tum
2343 943 2486 985 alienis,

1418 1010 1501 1057 quid
1523 1010 1606 1046 hinc
1622 1008 1814 1055 eonjicias?
1833 1007 1885 1044 Ex
1901 1006 2044 1043 bonone
2063 1006 2131 1041 hoc
2145 1012 2270 1051 agatur
2289 1005 2486 1051 proposito,

1419 1084 1464 1109 an
1484 1083 1528 1109 ex
1549 1072 1666 1108 malo?
1685 1071 1820 1117 Opinor
1837 1069 1916 1116 quis
1934 1069 2036 1104 facile
2051 1067 2181 1104 dixerit
2201 1065 2296 1113 quod
2316 1076 2359 1102 ex
2375 1066 2484 1101 malo.

1423 1135 1674 1172 Verumtamen
1693 1143 1762 1168 non
1784 1131 1828 1168 de
1859 1131 1902 1167 iis
1925 1130 2010 1176 ipsis
2028 1130 2218 1176 diligenter
2233 1127 2487 1169 scrutabimur,

1423 1195 1485 1232 sed
1514 1200 1666 1242 ponatttr
1683 1192 1778 1241 quod
1794 1193 1817 1228 ii
1839 1192 1897 1240 qui
1917 1190 2204 1228 scandalizantur
2217 1199 2289 1225 non
2309 1188 2490 1224 scandali-

1423 1263 1549 1294 zantur
1565 1257 1674 1303 juste,
1694 1255 1756 1291 sed
1778 1260 1913 1291 temere
1927 1259 1962 1290 et
1979 1253 2056 1288 sine
2073 1261 2178 1288 causa
2194 1263 2201 1285 :
2215 1251 2272 1286 dic
2288 1249 2373 1286 mihi
2389 1249 2492 1296 cujus

1421 1318 1532 1366 gratia
1547 1317 1674 1364 virgini
1689 1315 1896 1353 cobabitas?
1914 1313 2016 1350 Nulla
2035 1313 2130 1350 enirn
2145 1310 2215 1348 alia
2234 1310 2277 1348 de
2293 1321 2399 1347 eausa
2415 1316 2490 1346 sta-

1423 1387 1498 1417 tuta
1517 1385 1573 1416 est
1590 1369 1806 1416 cobabitatio
1824 1377 1913 1421 lucc,
1931 1385 2036 1422 quam
2053 1379 2198 1421 propter
2215 1373 2443 1409 dilectionem
2457 1379 2494 1408 et

1422 1452 1582 1480 amorem
1598 1453 1608 1478 :
1626 1452 1708 1478 nam
1720 1438 1910 1482 auferhoc,
1926 1443 1962 1474 et
1977 1435 2158 1473 auferetur
2177 1435 2226 1471 rei
2249 1434 2392 1470 utilitas.
2407 1433 2494 1479 Quis

1423 1504 1518 1541 enim
1539 1504 1594 1539 vir
1611 1509 1682 1546 est,
1703 1501 1762 1548 qui
1779 1500 1885 1537 vellet
1905 1499 1983 1536 sine
1999 1497 2066 1534 hac
2084 1495 2298 1534 necessitate
2317 1495 2411 1531 ferre
2428 1493 2494 1530 de-

1423 1566 1524 1602 lieias
1541 1571 1578 1603 et
1596 1564 1743 1612 injurias
1770 1562 1962 1599 muliebres
1981 1567 2014 1598 et
2037 1561 2104 1598 alia
2127 1560 2230 1606 hujus
2261 1569 2369 1597 sexus
2383 1559 2496 1594 vitia?

1425 1629 1621 1676 Propterea
1641 1626 1738 1664 etab
1756 1625 1857 1662 initio
1877 1625 1970 1662 Deus
1988 1623 2174 1662 mulierem
2196 1622 2264 1659 hoc
2285 1621 2414 1658 robore
2437 1632 2498 1656 ar-

1425 1687 1679 1736 mavit,pr0be
1693 1687 1810 1724 sciens
1821 1685 1914 1734 quod
1933 1685 2035 1722 valde
2051 1683 2280 1732 despicabilis
2299 1689 2408 1726 esset,
2430 1681 2497 1718 nisi

1426 1752 1496 1788 hoc
1514 1759 1628 1798 genus
1645 1749 1785 1796 iniperii
1805 1747 2006 1790 induceret,
2033 1752 2070 1782 et
2088 1744 2186 1790 quod
2203 1743 2320 1780 nullus
2341 1742 2372 1779 ei
2391 1742 2499 1779 coba-

1425 1813 1600 1848 bitaturus
1627 1815 1736 1854 esset,
1767 1810 1825 1856 qui
1852 1819 1872 1844 a
1902 1807 2157 1855 cupiditatibus
2190 1812 2286 1843 esset
2315 1805 2499 1842 iuuuunis.

1423 1873 1512 1911 Nam
1525 1873 1556 1910 si
1569 1882 1678 1914 nunc,
1691 1882 1771 1908 cum
1787 1877 1857 1907 tam
1871 1871 2083 1907 neces-aria:
2099 1875 2133 1906 et
2143 1869 2248 1906 utiles
2262 1869 2502 1915 suut,quip1e

1424 1945 1506 1983 qum
1532 1940 1566 1972 el
1592 1943 1724 1981 pueros
1753 1937 1954 1980 procreant,
1987 1938 2023 1968 et
2045 1931 2190 1968 domum
2213 1919 2433 1968 custodiunt.
2461 1937 2497 1966 et

1423 1998 1492 2034 alia
1512 1997 1623 2034 multa
1645 1996 1701 2032 his
1721 1996 1820 2043 plura
1841 1994 2094 2032 administrant
2122 2006 2130 2030 :
2151 1994 2179 2031 si
2199 1993 2395 2030 etiannum
2417 2004 2500 2029 cum

1424 2060 1472 2097 ita
1489 2059 1576 2096 viris
1595 2058 1814 2102 ministrant,
1827 2067 1922 2104 sarpe
1942 2063 2060 2092 tamen
2078 2061 2292 2102 contempto
2311 2060 2408 2097 sunt,
2423 2062 2460 2090 ut
2481 2065 2502 2089 ιι

1427 2122 1534 2160 domo
1549 2121 1751 2169 ejiciantur,
1772 2119 1952 2166 quomodo
1970 2119 2106 2164 absque
2125 2117 2413 2164 concupiscentia
2434 2126 2498 2152 no-

1426 2184 1483 2222 bis
1501 2194 1582 2221 esse
1603 2189 1750 2231 possunt
1767 2183 1921 2225 dilectui,
1942 2181 2139 2228 prmsertim
2166 2191 2246 2227 qua:
2275 2191 2341 2217 nos
2359 2185 2413 2216 tot
2437 2191 2502 2225 op-

1427 2246 1583 2294 probriis
1596 2245 1770 2284 onerant?
1788 2245 1854 2282 Vel
1881 2255 1966 2292 ergo
1983 2255 2127 2282 causam
2146 2244 2422 2282 eohabitationis
2448 2243 2502 2279 tli-

1430 2307 1514 2351 cite,
1536 2307 1741 2344 velnullam
1760 2307 1865 2343 aliam
1884 2307 2056 2352 suspicari
2073 2317 2236 2351 necesse,
2252 2317 2356 2352 quain
2374 2305 2504 2342 malam

1429 2368 1760 2415 concupiscentiam
1777 2373 1813 2404 et
1835 2367 2108 2414 ignominiosam
2127 2367 2362 2413 voluptatem.

1477 2430 1514 2468 6.
1542 2429 1633 2474 Quid
1649 2429 1768 2477 igitur,
1788 2429 1816 2464 si
1841 2428 2052 2475 poterimus,
2073 2429 2134 2469 ait,
2156 2439 2301 2466 causam
2315 2429 2446 2474 justam
2468 2436 2505 2465 ct

1429 2491 1678 2530 rationabilem
1699 2489 1832 2534 dicere,
1853 2500 1937 2526 num
1957 2489 2087 2526 frustra
2110 2489 2186 2526 lucc
2215 2489 2372 2526 dixeris?
2389 2489 2503 2526 Maxi-

1431 2563 1490 2592 me
1521 2552 1665 2600 quidem
1697 2551 1830 2588 nulYam
1852 2551 1958 2587 talem
1985 2551 2126 2594 dieetis,
2166 2557 2408 2586 verumtamen
2440 2551 2506 2588 liae

1430 2618 1539 2652 etiam
1559 2615 1698 2652 ratione
1716 2615 1845 2652 vellem
1864 2613 2016 2657 discere,
2033 2624 2077 2650 an
2093 2613 2149 2650 vel
2168 2613 2330 2650 umbram
2350 2614 2506 2661 aliquam

1427 2679 1514 2727 justi
1534 2684 1728 2726 przetexlus
1748 2677 1868 2714 dicere
1895 2676 2054 2724 possitis.
2086 2676 2281 2712 Defensore
2308 2683 2420 2720 caret,
2442 2676 2506 2721 ait,

1432 2741 1546 2788 virgo,
1564 2750 1681 2787 neque
1698 2739 1813 2776 virum
1834 2739 1954 2783 habet,
1978 2749 2094 2784 neque
2117 2744 2286 2782 tutorem,
2305 2749 2400 2784 sa-po
2419 2738 2504 2774 item

1432 2813 1548 2850 neque
1569 2809 1721 2849 patrem,
1735 2812 1800 2838 nec
1819 2801 1986 2846 fratrem;
2004 2800 2139 2847 indiget
2153 2799 2289 2846 aliquo,
2302 2799 2360 2846 qni
2380 2799 2413 2836 ei
2429 2810 2506 2835 ma-

1433 2875 1517 2902 num
1539 2863 1711 2912 praebeat,
1743 2869 1780 2900 et
1808 2862 1977 2900 solitariae
1998 2872 2192 2900 maerorem
2220 2861 2440 2905 (:Ottsolctttr,
2471 2867 2508 2898 et

1433 2926 1565 2974 ubique
1584 2935 1624 2962 se
1641 2935 1708 2973 pro
1723 2935 1766 2962 ea
1785 2930 1945 2972 opponat
1963 2924 2191 2966 adversariis,
2214 2931 2248 2960 ct
2269 2923 2382 2970 ipsam
2399 2923 2433 2960 in
2451 2935 2511 2960 sc-

1432 2988 1586 3026 curitate
1605 2994 1641 3025 et
1658 2994 1762 3035 portu
1781 2987 1990 3024 constituat.
2011 2987 2131 3030 Quam
2151 2993 2187 3022 tu
2220 2986 2304 3022 mihi
2334 2988 2508 3023 securita-

1433 3057 1520 3094 tem,
1539 3060 1676 3098 quzcso,
1697 3061 1802 3096 quem
1821 3055 1965 3096 portum
1986 3047 2136 3085 narras?
2160 3048 2288 3084 Portus
2305 3048 2402 3085 enim
2424 3059 2510 3095 pro--

1435 3113 1671 3162 pugnaculum
1691 3113 1796 3150 video
1815 3123 1886 3149 non
1907 3122 2036 3149 arcens
2062 3111 2205 3151 fluctus.
2237 3111 2300 3148 sezl
2333 3111 2508 3154 ext-iiaus.

1433 3181 1470 3214 et
1484 3181 1626 3224 portum
1642 3185 1713 3211 non
1727 3174 2025 3221 comprimentem
2043 3179 2286 3219 tempestates,
2305 3171 2366 3209 sed
2382 3182 2510 3220 graves

1433 3250 1513 3288 quae
1531 3250 1602 3276 non
1621 3239 1772 3276 aderant
1791 3243 1997 3275 moventem
2014 3236 2203 3284 procellas.
2225 3235 2302 3272 Non
2323 3235 2512 3272 confundi-

1434 3303 1534 3346 mini,
1558 3312 1629 3338 non
1646 3301 1766 3338 vultus
1786 3306 1926 3338 vestros
1945 3299 2127 3348 obtegitis,
2156 3299 2242 3336 dum
2270 3297 2362 3336 hanc
2383 3298 2509 3336 defen-

1433 3365 1572 3402 sionem
1593 3363 1754 3400 all'ertis?
1770 3363 1860 3400 Nam
1881 3363 1910 3400 si
1937 3373 1981 3399 ex
2011 3361 2080 3399 hoc
2100 3361 2300 3398 ministerio
2319 3370 2434 3406 neque
2451 3371 2512 3394 ar-

1434 3426 1586 3468 cusatio,
1602 3436 1718 3472 neque
1729 3425 1914 3470 damnum,
1933 3435 2049 3471 neque
2063 3423 2270 3461 scandalum
2287 3426 2510 3465 nasceretur,

1435 3487 1500 3526 sed
1518 3487 1613 3524 fama
1633 3487 1754 3525 adhuc
1773 3487 1873 3524 salva
1909 3488 2031 3524 liceret
2053 3486 2147 3523 istud
2169 3485 2283 3530 ipsum
2314 3473 2445 3525 facere,
2467 3494 2510 3518 an

1435 3561 1509 3588 non
1529 3550 1722 3586 admodum
1753 3549 1876 3586 miseri
1897 3549 2040 3592 essetis,
2063 3547 2138 3594 qui,
2169 3545 2253 3580 dum
2273 3543 2416 3579 divitias
2434 3543 2513 3588 ejus

1435 3613 1574 3660 augetis
1592 3618 1628 3649 et
1647 3611 1692 3648 ad
1711 3611 1940 3658 pecuniarum
1968 3617 2126 3644 amorem
2149 3605 2243 3641 illam
2263 3602 2453 3647 exercetis,
2479 3604 2512 3638 iu

1436 3674 1578 3722 negotia
1613 3673 1790 3721 conjicitis
1810 3679 1846 3710 et
1865 3671 1910 3708 ad
1942 3667 2145 3706 mundanas
2179 3673 2284 3700 curas
2319 3663 2508 3700 instituitis

1436 3746 1724 3779 teconomorum,
1744 3739 1950 3772 Curatorum
1971 3735 2007 3764 et
2035 3725 2236 3764 forensium
2255 3723 2370 3761 officia
2389 3723 2510 3761 adire-

1437 3799 1506 3835 tis?
1526 3797 1604 3836 Non
1631 3796 1794 3844 poteritis
1815 3792 1925 3829 multa
1945 3790 1991 3826 de
2021 3792 2233 3836 paupertate
2253 3785 2445 3826 disserere.
2469 3795 2512 3820 ac

1436 3859 1654 3908 persuadere
1674 3865 1713 3894 ut
1733 3854 1919 3892 facoltates
1933 3854 2223 3888 contemnantur,
2241 3847 2299 3894 qui
2319 3847 2436 3883 omnia
2454 3845 2507 3882 fa-

1437 3923 1532 3968 citis,
1554 3928 1593 3959 ut
1623 3918 1811 3957 facultates
1839 3918 2008 3952 maneant
2033 3917 2069 3950 et
2085 3916 2298 3960 augeantur,
2323 3916 2361 3946 ut
2386 3908 2514 3956 Opibus
