2726 4358
303 271 376 310 ωδ
811 273 849 311 8.
880 273 1071 314 JOANNIS
1091 275 1424 316 ἐιιιιγδοετοιιι
1450 279 1667 320 ARCHIEP.
1691 285 2052 333 CO-NSTANTINOP.
2431 318 2489 358 5N

301 362 390 397 opes
407 357 632 396 accrescant,
653 351 836 390 institores
861 354 1007 402 quidam
1026 362 1063 393 et
1081 357 1210 394 iterum
1239 357 1383 395 instito-

302 423 360 449 res
379 413 525 459 propter
541 412 621 448 illas
640 412 738 457 facti,
759 416 901 452 tametsi
921 417 1080 455 inutiles.
1101 417 1180 455 Non
1210 419 1306 456 enim
1326 419 1382 456 in-

299 484 414 520 genua
433 485 517 521 spes
531 481 666 512 vestra.
679 475 769 514 Nam
784 487 866 515 cum
880 479 969 526 jnssi
988 479 1127 518 fueritis
1143 487 1286 528 portare
1301 493 1383 520 ern-

297 546 376 572 cem
395 541 432 574 et
452 537 556 584 sequi
573 537 774 586 Christum,
795 541 935 588 abjecta
966 553 1090 589 cruce,
1119 545 1220 592 quasi
1239 545 1381 582 ell'emi-

297 602 370 638 nati
403 603 538 641 milites
573 609 677 642 scuto
712 607 888 654 projecto,
919 607 965 644 ad
997 609 1116 646 colum
1143 616 1180 646 et
1198 610 1380 647 calathum

294 665 505 710 considetis,
527 677 594 714 per
622 667 728 706 aliam
748 668 946 717 turpiorem
967 671 1178 710 methodum
1199 680 1322 720 aperta
1343 674 1378 711 in

293 733 511 773 praesentem
541 731 652 767 vitam
671 730 797 778 janua.
818 731 898 770 Non
913 734 1008 770 enim
1033 740 1104 770 tam
1125 741 1228 782 turpe
1242 741 1298 772 est
1315 746 1378 773 eos

256 805 258 807 -
291 789 353 836 qui
374 789 408 827 in
427 792 661 830 matrimonio
679 799 764 830 sunt
782 793 862 832 hinc
881 795 1152 841 administrare,
1175 808 1282 845 quam
1311 807 1378 834 νος

291 851 351 899 qui
369 853 548 892 simulatis
566 865 632 894 vos
653 857 826 895 resiliisse
843 868 862 894 a
887 860 1116 906 przesentium
1139 871 1260 898 rerum
1279 861 1379 899 curis

288 915 357 957 sub
374 915 524 954 alterius
538 927 698 965 persona
713 920 845 956 iterum
859 920 1005 958 easdem
1021 922 1154 960 subire.
1178 923 1374 970 Propterea

287 978 502 1016 helluonum
521 987 558 1018 et
575 981 801 1020 adulatorum
821 991 858 1020 et
878 985 1118 1032 parasitorum
1148 992 1184 1023 et
1213 987 1375 1024 mulieri—

286 1041 354 1078 bus
384 1043 618 1082 servientium
641 1045 772 1093 ubique
803 1047 934 1084 firmam
959 1049 1188 1096 suscipimus,
1206 1050 1372 1098 quando-

285 1104 431 1150 quidem
447 1106 626 1154 abjectam
641 1119 786 1146 omnem
801 1111 1081 1158 generositatem
1097 1113 1201 1150 nobis
1212 1125 1371 1161 superne

284 1165 405 1204 datam
427 1179 508 1204 etnn
539 1170 738 1208 servililate
771 1177 808 1208 et
841 1172 977 1210 vilitate
998 1179 1141 1212 terrena
1163 1183 1369 1213 commuta-

284 1242 378 1270 mns.
401 1233 448 1270 Et
462 1233 652 1272 viduarum
671 1236 816 1284 quidem
838 1237 1051 1286 dispensare
1069 1250 1157 1287 opes
1175 1241 1370 1278 noluerunt

281 1297 447 1342 generosi
467 1297 553 1334 olim
575 1299 626 1336 illi
647 1299 728 1344 viri,
752 1311 834 1338 cum
863 1307 962 1339 tanta
997 1303 1082 1342 inde
1109 1304 1268 1342 oriretur
1288 1305 1367 1342 bla-

279 1359 444 1406 sphemia
465 1361 560 1409 quod
579 1363 701 1400 nullus
715 1371 813 1402 esset
831 1367 890 1412 qui
910 1365 1194 1413 administraret,
1211 1367 1274 1405 sed
1289 1368 1368 1405 exi-

278 1421 470 1460 stimantes
496 1423 565 1460 hoc
586 1424 736 1462 inferius
757 1437 838 1463 esse
853 1437 917 1464 sua
939 1427 1182 1476 philosophia,
1203 1429 1282 1466 aliis
1302 1429 1366 1468 de-

278 1483 509 1521 mandarunt.
529 1484 603 1522 Nos
621 1492 740 1524 autem
760 1499 832 1524 non
851 1489 1102 1527 erubescimus
1119 1490 1262 1528 divitias
1276 1492 1366 1530 alie-

277 1555 343 1582 nas
357 1556 490 1594 augere
509 1557 592 1584 cum
604 1548 738 1586 damno
758 1550 1036 1597 possidentium,
1056 1552 1170 1590 nihilo
1188 1553 1362 1592 meliores

275 1607 452 1645 eunuchis
473 1609 508 1645 in
537 1608 608 1648 hoc
635 1611 836 1659 occupatis,
857 1613 988 1660 quibus
1015 1613 1225 1651 mandatum
1247 1622 1303 1652 est
1323 1621 1365 1653 ut

274 1670 436 1716 quotidie
451 1672 664 1719 sanguinem
683 1680 720 1710 et
736 1674 894 1712 animam
911 1675 947 1712 in
966 1676 1136 1714 manibus
1151 1677 1309 1715 feramus
1325 1679 1360 1715 in

274 1733 389 1768 vicem
405 1743 604 1770 armorum.
625 1736 718 1780 Quid
737 1737 868 1784 igitur?
882 1739 1116 1788 oportebitne
1134 1741 1257 1777 omnia
1278 1751 1360 1788 quze

272 1792 403 1840 virgini
434 1794 624 1840 rapiuntur
643 1803 892 1840 contemnere,
923 1799 1009 1836 dum
1042 1801 1217 1838 tolluntur
1232 1809 1269 1838 et
1288 1803 1360 1839 cir-

271 1855 522 1893 cumferuntur
541 1867 561 1894 a
581 1859 760 1905 cognatis,
789 1869 810 1896 a
841 1859 1095 1906 familiaribus,
1117 1868 1154 1900 et
1174 1863 1302 1900 alienis
1323 1871 1360 1902 et

271 1917 510 1956 domesticis?
527 1919 691 1967 profecto
709 1921 907 1969 'pulchram
936 1923 1132 1962 reddemus
1149 1925 1280 1974 virgini
1299 1937 1358 1964 re-

269 1979 518 2024 tributionem.
541 1981 638 2030 quod
659 1994 776 2030 neque
799 1985 978 2032 nupserit,
998 1997 1116 2034 neque
1135 1994 1353 2034 prmsentem

269 2042 442 2080 mundum
464 2043 645 2090 dilexerit,
666 2045 730 2083 sed
753 2057 820 2094 pro
835 2048 1006 2086 omnibus
1031 2049 1214 2088 Christum
1231 2051 1354 2100 elege-

266 2105 328 2150 rit,
345 2106 507 2144 sinentes
524 2107 620 2144 illam
639 2109 842 2156 expositam
858 2109 916 2154 iis,
937 2111 998 2159 qui
1018 2122 1099 2149 eam
1121 2111 1354 2152 facultatibus

265 2168 343 2204 suis
360 2169 517 2216 privant.
534 2169 581 2206 Et
594 2177 730 2218 quanto
749 2172 863 2208 satius
890 2172 958 2220 ipsi
975 2179 1052 2212 erat
1070 2175 1222 2221 nubere,
1243 2182 1280 2214 et
1297 2177 1350 2214 uti

264 2230 530 2275 contubernali,
565 2231 622 2268 cui
654 2233 881 2270 incumberet
908 2234 1036 2272 barum
1057 2246 1176 2274 rerum
1198 2238 1354 2276 admini-

263 2293 534 2340 stratio,quam
570 2294 599 2330 si
637 2295 787 2342 innupta
821 2307 972 2334 manens
1003 2297 1143 2336 fmdera
1163 2311 1246 2338 eum
1277 2303 1353 2340 Deo

262 2357 348 2392 inita
369 2355 572 2399 conculcet,
593 2363 629 2392 et
650 2357 818 2404 injuriam
839 2358 946 2396 faciat
966 2360 1018 2398 rei
1037 2367 1108 2398 tam
1127 2361 1293 2400 honesta:
1307 2375 1350 2402 ac

260 2419 481 2464 reverendre,
504 2425 540 2457 et
559 2419 652 2458 alios
671 2430 813 2468 quoque
832 2421 876 2458 ad
897 2422 1080 2472 naufragia
1098 2435 1246 2463 suorum
1269 2437 1348 2464 ma—

259 2479 376 2517 lorum
399 2481 540 2519 trahat?
561 2483 638 2530 Quo
659 2489 764 2532 pacto
792 2489 914 2524 autem
937 2485 1030 2522 hanc
1050 2487 1220 2524 omnibus
1239 2488 1348 2526 Chri-

258 2549 352 2579 stum
372 2546 574 2592 pra-tnlisse
594 2547 708 2591 dices,
726 2558 808 2585 cum
829 2549 997 2587 Christus
1011 2548 1145 2590 clamet
1164 2560 1208 2590 ac
1223 2549 1318 2592 dicat
1334 2563 1344 2592 :

257 2605 341 2643 Non
359 2609 500 2654 potestis
518 2609 644 2645 servire
665 2609 736 2647 Deo
751 2618 783 2648 et
801 2623 1008 2650 mammona:
1031 2613 1176 2662 (Matth.
1196 2615 1232 2652 θ.
1254 2615 1346 2666 24)?

255 2670 334 2716 Quo
354 2678 457 2718 pacto
486 2672 571 2709 item
603 2673 777 2710 mundum
805 2680 842 2711 et
872 2676 1065 2722 priesentia
1097 2677 1182 2716 odio
1209 2679 1346 2719 habere

253 2735 406 2780 poteris,
428 2735 487 2782 qui
508 2736 823 2782 concupiscentias
843 2735 953 2785 hujus
973 2739 1097 2776 mundi
1120 2751 1193 2778 non
1219 2753 1344 2790 asper-

253 2795 394 2832 nandas
411 2796 566 2833 suades?
585 2797 777 2842 Quomodo
793 2806 913 2836 autem
934 2810 1015 2838 eam
1034 2812 1117 2849 quae
1139 2803 1254 2840 virnm
1276 2805 1344 2842 ha-

253 2857 315 2894 bet
330 2857 467 2893 hortari
486 2865 602 2904 potes,
620 2864 661 2896 ut
678 2867 890 2899 contemnat
909 2873 1013 2910 opes,
1033 2874 1115 2902 cum
1147 2871 1183 2902 tu
1213 2867 1340 2914 virgini

253 2917 398 2956 divitias
415 2920 634 2966 conquiras?
653 2921 800 2959 Ethanc
817 2923 932 2971 ipsam
949 2927 1132 2972 quomodo
1152 2930 1341 2974 permittes

252 2981 398 3020 assidue
428 2988 466 3020 et
493 2989 702 3022 constanter
729 2985 872 3025 {nr-rere
895 2989 1060 3034 Domino,
1081 3002 1161 3028 cum
1193 3004 1338 3032 onmem

251 3044 362 3080 vitam
381 3051 417 3082 et
443 3056 551 3084 omne
572 3047 730 3086 studium
766 3050 801 3086 in
836 3050 914 3098 ejus
944 3054 1100 3100 negotiis
1127 3056 1339 3102 expendas?

252 3105 440 3150 Quomodo
470 3111 602 3156 poterit
631 3112 730 3160 virgo
761 3113 1026 3162 philos:iphari,
1061 3128 1142 3154 cum
1165 3126 1199 3156 te
1220 3121 1336 3158 \it'utn

252 3167 372 3204 videat
391 3170 538 3218 indigne
557 3172 653 3211 ferre
672 3175 702 3212 si
720 3175 799 3223 ejus
815 3179 976 3224 pecunia:
993 3179 1234 3228 diripiantur?
1248 3195 1339 3231 qno-

252 3230 361 3266 modo
383 3235 513 3278 poterit
531 3235 704 3274 damnum
717 3242 941 3288 contemptui
957 3241 1103 3287 habere,
1121 3253 1204 3282 eum
1227 3230 1336 3284 tervi-

251 3292 335 3329 deat
355 3295 474 3330 Omnia
499 3295 690 3336 facientem
720 3308 756 3338 et
780 3303 975 3348 patientem
996 3310 1034 3342 ut
1051 3306 1148 3344 illius
1167 3317 1255 3355 opes
1273 3319 1335 3346 ae—

251 3354 438 3392 cumules?
457 3355 534 3392 Non
554 3359 607 3395 sic
637 3371 704 3398 nos
731 3363 826 3401 Deus
846 3375 866 3401 a
887 3369 1040 3414 negotiis
1072 3369 1220 3408 liberari
1241 3373 1332 3420 vult,

251 3417 316 3455 sed
337 3423 573 3456 contemnere
602 3419 804 3468 facultates,
823 3434 859 3463 et
878 3430 1045 3467 omnibus
1063 3442 1144 3478 quae
1164 3433 1209 3470 ad
1241 3417 1335 3473 hanc

250 3481 364 3518 vitam
381 3482 564 3528 pertinent
579 3485 801 3522 renuntiare.
822 3489 870 3525 At
889 3501 958 3526 non
979 3492 1097 3532 sinitis
1112 3505 1190 3540 vos,
1213 3507 1334 3544 neque

249 3546 448 3584 conceditis
478 3546 595 3594 legem
625 3545 690 3584 Dei
718 3548 855 3587 valere.
881 3552 974 3596 Quid
1003 3565 1104 3602 ergo,
1127 3559 1156 3594 si
1177 3558 1330 3597 aliorum

249 3618 340 3654 opus
360 3609 714 3657 haheatpatrocinio,
731 3611 860 3660 inquit,
877 3620 914 3650 et
930 3617 1039 3653 multa
1061 3618 1151 3656 ferat
1168 3622 1332 3670 indigna?

249 3680 294 3705 an
315 3681 386 3708 non
405 3671 551 3720 indigna
566 3680 650 3710 sunt
668 3674 746 3711 lucc
759 3675 920 3722 virgine?
939 3677 1014 3715 lmo
1034 3680 1121 3718 nihil
1143 3689 1214 3721 tam
1234 3685 1330 3722 indi-

247 3741 358 3776 gnum
377 3734 528 3782 virgine,
549 3742 588 3772 ut
609 3737 718 3774 ditari
745 3744 782 3774 et
809 3739 1036 3787 negotiorum
1069 3745 1174 3781 turba
1207 3747 1327 3786 obrui.

250 3791 343 3836 Quid
357 3801 490 3842 autem,
511 3799 540 3834 si
562 3805 598 3836 et
615 3798 683 3836 alia
701 3810 783 3836 cum
804 3800 860 3837 his
875 3801 1014 3848 jubeat,
1030 3805 1146 3851 qualia
1165 3815 1250 3845 sunt
1264 3809 1330 3846 fte-

250 3853 370 3888 nerari
388 3865 530 3901 aurum,
553 3859 683 3898 deinde
705 3862 809 3899 nobis
827 3863 966 3900 vocatis
982 3864 1027 3901 ad
1053 3870 1270 3906 commercia
1291 3871 1327 3908 id

249 3922 322 3950 non
340 3921 574 3966 persuaserit,
590 3929 626 3959 et
643 3933 724 3960 cum
746 3935 817 3962 non
838 3929 1074 3975 persuaserit,
1095 3930 1186 3968 alios
1203 3931 1323 3979 adeat,

249 3985 362 4014 nosne
377 3975 413 4015 in
435 3987 541 4018 causa
559 3985 720 4025 erimus?
737 3988 830 4036 Quid
854 3997 990 4039 autem,
1010 3994 1040 4032 si
1062 3995 1324 4044 negotiationes

1460 360 1597 408 aliquas
1615 363 1704 403 alias
1725 367 1915 409 illiberalcs
1933 380 1969 411 et
1987 377 2134 416 serviles
2151 381 2304 432 instruat,
2322 389 2439 432 deinde
2451 401 2474 433 si

1456 431 1538 504 pulla
1559 431 1839 504 noslcooperari
1859 434 2088 482 uoluerimus,
2111 441 2186 480 aliis
2202 429 2486 504 quibtisdamﬁopiii

1457 484 1602 533 habeat,
1625 489 1770 538 dignine
1789 494 1926 534 erimus
1945 500 2004 546 qui
2023 484 2292 552 redarguamur?
2307 512 2402 554 Nullo

1456 548 1517 594 do,
1541 551 1768 620 quinupotius
1787 557 1884 606 digni
1905 562 1966 608 qui
1996 548 2178 606 laudemur
2193 582 2203 606 :
2217 581 2295 611 nam

1456 614 1598 659 tuperio
1611 615 1708 662 digni
1723 628 1902 666 essemus,
1915 624 1944 660 si
1961 633 2100 665 mutuas
2112 630 2180 668 illis
2191 643 2311 680 operas
2323 639 2478 683 daremus.

1453 673 1516 711 Vis
1533 687 1606 714 non
1621 678 1758 718 auferri
1775 693 1892 730 neque
1909 686 2012 734 diripi
2031 701 2116 738 opes
2135 673 2249 733 illius?
2264 673 2400 741 admone

1451 742 1490 773 ut
1507 738 1676 786 deponat,
1697 743 1757 780 ubi
1775 756 1892 794 neque
1907 749 1982 787 viro
1998 762 2086 799 opus
2103 756 2226 795 habeat
2238 761 2278 798 ad
2292 738 2475 813 custodian:

1449 806 1487 836 et
1508 809 1682 848 perpetuo
1711 806 1860 854 integrm
1881 821 2065 860 maneant;
2095 818 2124 854 si
2144 826 2257 858 autem
2277 825 2411 864 voluerit
2427 806 2479 868 ne;

1447 863 1541 941 gotia
1563 864 1708 912 habere,
1725 879 1837 916 quare
1852 872 1939 911 ludit
1955 875 1988 912 in
2005 888 2072 915 non
2092 880 2252 921 ludicris?
2264 885 2344 926 Nam
2358 891 2383 928 si
2394 893 2476 941 virgo

1447 923 1526 962 inec
1545 935 1642 974 agat,
1673 930 1764 968 ludit
1790 933 1914 972 ludum
1933 949 2003 975 non
2019 939 2224 990 jucundum,
2251 950 2310 986 sed
2339 923 2476 992 monii:

1446 996 1542 1024 rum.
1575 989 1727 1036 Quando
1758 995 1854 1033 enim
1884 997 2074 1039 obnoxiam
2107 1005 2160 1042 his
2190 989 2416 1052 certaminibus
2441 1025 2476 1054 se

1444 1053 1643 1097 constituit,
1665 1062 1701 1092 et
1721 1059 1841 1096 omnia
1864 1060 2005 1110 indigna
2037 1075 2098 1104 sua
2125 1069 2358 1114 pollicitatione
2384 1076 2467 1122 iacnt,

1443 1113 1560 1160 major
1581 1125 1695 1164 ιιίιθιιτιἶ
1722 1121 1866 1167 gravior
1884 1131 1939 1160 est
1954 1133 2073 1172 parata
2090 1113 2250 1169 vindicta.
2267 1133 2347 1172 Num
2361 1113 2471 1175 audisti

1442 1178 1584 1224 qualem
1616 1181 1682 1228 ipsi
1713 1183 1829 1232 legem
1860 1189 1978 1235 posuit
2007 1191 2150 1240 Paulus,
2171 1195 2238 1232 imo
2261 1196 2406 1237 Christus
2419 1203 2470 1249 qui

1442 1248 1508 1285 per
1525 1240 1625 1279 illum
1643 1243 1814 1290 loquutus
1834 1255 1904 1294 est,
1922 1251 2016 1298 quod
2037 1253 2147 1292 divisa
2165 1264 2216 1293 est
2232 1259 2347 1297 mulier
2361 1268 2391 1298 et
2406 1240 2469 1298 vir"

1439 1300 1508 1346 go?
1527 1301 1574 1338 Et
1593 1315 1669 1351 qua:
1686 1307 1830 1355 innupta
1847 1317 1897 1347 est
1913 1314 2038 1361 cogitat
2055 1327 2130 1364 quo:
2145 1325 2219 1354 sunt
2238 1319 2370 1366 Domini,
2387 1330 2418 1359 ut
2431 1324 2467 1360 sit

1438 1370 1558 1400 sancta
1579 1372 1610 1402 et
1627 1377 1770 1416 corpore
1783 1377 1815 1408 et
1827 1374 1952 1419 spiritu
1975 1375 2005 1424 (-l
2015 1403 2024 1412 .
2039 1374 2116 1414 Cor.
2133 1380 2167 1417 7.
2179 1381 2255 1430 5i)?
2266 1382 2327 1420 Sed
2341 1395 2394 1422 vos
2403 1397 2462 1423 non

1438 1423 1572 1471 sinitis,
1594 1433 1630 1464 et
1649 1431 1769 1467 omnia
1787 1443 1913 1472 earum
1931 1423 2107 1476 desideria
2125 1423 2341 1482 ausctiltantes
2363 1449 2458 1494 magis

1436 1495 1545 1532 quam
1558 1490 1721 1536 emptitia
1734 1495 1910 1542 mancipia
1930 1500 2096 1547 morigeri
2111 1503 2205 1540 estis.
2225 1503 2266 1541 Ita
2281 1512 2338 1550 est,
2351 1490 2462 1554 inquit.

1436 1549 1530 1595 Quid
1546 1551 1667 1600 igitur,
1687 1555 1718 1592 si
1735 1564 1901 1596 extrema
1924 1560 2040 1609 inopia
2057 1563 2214 1603 laboret?
2225 1567 2304 1604 Nam
2317 1549 2356 1606 de
2366 1549 2464 1606 abun-

1434 1611 1604 1650 dantibus
1635 1615 1713 1654 bzec
1740 1618 1834 1657 bene
1863 1631 1885 1659 a
1919 1628 1954 1660 te
1985 1625 2078 1663 dicta
2099 1635 2178 1664 sunt
2199 1641 2208 1666 :
2227 1640 2300 1677 qua:
2316 1637 2418 1668 autem
2435 1632 2464 1668 in

1434 1675 1668 1716 mendicitate
1685 1685 1721 1716 et
1737 1681 1857 1728 inopia
1871 1685 1983 1722 multa
1998 1689 2166 1736 neglectae
2177 1675 2300 1738 jaceat,
2317 1692 2392 1739 quid
2406 1693 2465 1730 cri-

1433 1736 1542 1776 minis
1575 1747 1629 1776 est
1659 1741 1690 1778 si
1721 1743 1930 1792 erigantur?
1951 1747 2093 1788 Utinam
2127 1736 2193 1788 non
2213 1736 2409 1799 dejccissetis
2433 1761 2464 1791 ct

1433 1797 1668 1846 depulissetis
1687 1815 1750 1842 eas
1766 1806 1800 1843 in
1819 1809 2031 1855 perditionis
2046 1814 2220 1860 baratbra,
2238 1797 2271 1853 et
2287 1816 2317 1852 id
2330 1817 2463 1863 optabile

1431 1869 1542 1900 esset.
1555 1865 1750 1906 Enimvero
1767 1871 1796 1907 si
1817 1870 1886 1910 hoc
1901 1873 1988 1912 facis
1999 1877 2195 1924 obsequens
2213 1878 2286 1926 ejus
2302 1878 2461 1922 mandato,

1429 1925 1489 1971 qui
1507 1926 1614 1973 jussit
1635 1934 1854 1979 pauperibus
1870 1937 2032 1976 subsidio
2047 1950 2138 1984 esse,
2155 1940 2258 1979 habes
2269 1942 2384 1978 multos
2395 1940 2461 1978 fra-

1429 1992 1526 2034 tres;
1562 1990 1610 2028 ibi
1629 1992 1764 2032 bonum
1785 1996 1854 2035 hoc
1872 2009 1963 2047 opus
1981 2002 2124 2048 exhibe,
2153 2003 2212 2040 ubi
2243 2003 2324 2040 nihil
2348 2003 2462 2041 subibit

1427 2049 1648 2090 oﬂ‘endiculo
1667 2055 1849 2105 futurum;
1880 2067 1918 2098 at
1938 2063 1996 2101 hic
2013 2055 2233 2114 eleemosyna
2258 2065 2347 2103 omni
2371 2065 2462 2104 inlut-
2481 2070 2483 2072 ’
2505 2113 2509 2117 _

1426 2115 1602 2155 manitate
1618 2124 1656 2156 et
1673 2121 1889 2162 crudelitate
1914 2126 2074 2165 deterior
2090 2135 2158 2166 est.
2177 2129 2255 2174 Qua:
2269 2129 2356 2170 enim
2375 2131 2461 2168 utili-

1425 2181 1494 2222 tas,
1513 2177 1601 2216 dum
1624 2187 1662 2218 tu
1681 2183 1828 2230 quidem
1853 2197 1988 2236 corpus
2017 2190 2099 2236 alis,
2126 2191 2269 2232 animam
2285 2201 2389 2230 autem
2405 2192 2462 2228 de-

1425 2239 1580 2286 primis?
1596 2245 1740 2290 quando
1752 2250 1892 2287 vestem
1909 2250 1988 2296 das,
2007 2253 2237 2300 suspicionem
2253 2261 2358 2292 autem
2370 2253 2462 2291 nudi-

1424 2309 1497 2342 tate
1519 2307 1717 2354 turpiorem
1738 2310 1852 2350 facis?
1871 2315 2014 2361 quando
2033 2320 2162 2367 prodes
2181 2320 2213 2357 in
2233 2319 2272 2356 iis
2290 2329 2361 2366 qua:
2385 2321 2457 2354 sunt

1423 2375 1556 2414 001⁵901·
1559 2369 1603 2415 ῖε,
1625 2371 1746 2409 omnia
1767 2381 1888 2416 autem
1918 2381 2114 2427 spiritualia
2134 2380 2322 2428 disperdis?
2336 2377 2457 2426 quando

1422 2428 1454 2465 ei
1477 2439 1690 2478 Prosperam
1710 2447 1788 2476 rem
1806 2439 1896 2478 facis
1917 2443 1952 2478 in
1970 2448 2080 2490 terra,
2099 2443 2195 2490 ejicis
2214 2438 2458 2480 autemecmlis.’

1421 2491 1546 2536 Qualis
1567 2503 1689 2536 autem
1709 2501 1788 2539 haec
1805 2503 2049 2554 eleemosyna,
2064 2505 2202 2554 quando
2221 2505 2324 2554 gloria
2339 2500 2456 2540 οοῐηὶηί

1421 2563 1648 2608 contemptui
1667 2570 1737 2609 est,
1761 2567 1904 2613 quando
1921 2570 2037 2616 palam
2052 2569 2320 2617 suntopprobria
2337 2573 2367 2604 et
2381 2575 2457 2603 con-

1418 2618 1514 2658 fusio
1534 2629 1570 2660 et
1589 2626 1751 2664 convicia
1771 2633 1806 2664 et
1824 2636 2037 2677 sc0mmata,
2071 2638 2107 2668 ct
2126 2632 2202 2679 ejus
2217 2631 2310 2677 cujus
2326 2627 2458 2665 misere-

1418 2683 1484 2729 ris,
1502 2690 1540 2722 et
1567 2686 1723 2725 aliorum
1745 2691 1942 2729 multorum
1961 2693 2020 2741 qui
2040 2691 2334 2731 scandalizentur?
2355 2689 2422 2727 N0u
2440 2697 2458 2724 a

1417 2748 1684 2797 misericordia,
1700 2752 1765 2790 sed
1785 2754 1832 2792 ab
1853 2755 2044 2794 inhumana
2065 2764 2100 2796 et
2116 2756 2244 2794 crudeli
2271 2754 2374 2792 anima
2393 2751 2458 2788 hinc

1417 2811 1712 2858 proﬁciscuntur.
1733 2815 1824 2854 Nam
1845 2819 1875 2855 si
1891 2830 1936 2856 ex
1955 2820 2194 2859 misericordia
2209 2826 2243 2857 et
2262 2815 2458 2855 humanitate

1415 2880 1552 2920 essent,
1572 2877 1648 2912 haec
1663 2877 1759 2914 circa
1780 2879 1878 2917 viros
1892 2891 2035 2930 quoque
2049 2881 2218 2920 exhibere
2233 2878 2414 2927 oportebat.

1464 2936 1499 2973 7.
1521 2938 1569 2974 At
1588 2938 1774 2985 mulieres,
1796 2941 1928 2990 inquis,
1949 2945 2085 2992 majore
2102 2955 2188 2992 opus
2208 2943 2330 2979 habent
2349 2945 2452 2986 patro-

1413 2997 1533 3046 cinio,
1565 3001 1631 3038 viri
1652 3009 1773 3040 autem
1793 3015 1814 3042 a
1843 3013 1968 3043 natura
1989 3007 2096 3044 multa
2118 3007 2244 3044 habent
2263 3004 2455 3050 adjumcnln-

1413 3060 1507 3108 Quin
1529 3068 1564 3099 et
1583 3063 1618 3100 in
1641 3064 1727 3102 viris
1747 3067 1852 3104 multi
1881 3076 1965 3106 sunt
1993 3069 2196 3106 mulieribus
2215 3064 2412 3104 inﬁrmiores
2427 3067 2454 3120 cl

1413 3124 1460 3162 ob
1477 3127 1652 3174 grandem
1673 3137 1856 3168 senectam
1869 3160 1880 3177 ,
1899 3139 1935 3170 et
1954 3133 2000 3170 oh
2020 3132 2266 3175 valetudinem,
2284 3135 2317 3166 et
2332 3127 2374 3164 ob
2389 3135 2455 3161 mu-

1413 3187 1610 3228 tilationem
1636 3193 1813 3240 corporis,
1835 3201 1872 3231 et
1891 3195 1938 3233 ob
1957 3196 2100 3234 morbos
2117 3204 2250 3244 graves,
2267 3191 2412 3238 aliasque
2427 3185 2454 3222 id

1410 3262 1526 3299 genus
1545 3263 1672 3291 causas
1691 3267 1698 3291 :
1715 3263 1964 3296 verumtamen
1997 3261 2076 3307 quia
2103 3257 2250 3295 maxime
2268 3252 2361 3290 vobis
2374 3257 2456 3288 cum!

1411 3321 1465 3352 est
1484 3316 1673 3354 mulierum
1695 3329 1822 3365 genus,
1840 3326 1964 3367 utpote
1983 3321 2166 3364 inlirmius,
2188 3324 2222 3355 et
2239 3315 2281 3353 ad
2295 3323 2352 3352 eas
2367 3308 2455 3380 valde

1411 3378 1666 3416 misericordes
1701 3385 1738 3418 et
1768 3383 2030 3430 compatientes
2063 3382 2164 3426 estis.
2200 3388 2309 3426 ιιείιυθ
2337 3376 2454 3440 ωηιξη

1408 3446 1511 3488 parte
1531 3441 1724 3480 occasione
1749 3442 2010 3490 dcslituomnr,
2047 3444 2107 3482 sed
2133 3440 2350 3480 ostendemus
2366 3433 2454 3472 vobis

1409 3511 1623 3550 argumenta
1646 3505 1680 3541 in
1701 3507 1830 3554 quibus
1861 3508 1947 3545 nihil
1977 3506 2135 3555 vituperii
2161 3512 2196 3542 et
2222 3499 2384 3540 mercedis
2406 3499 2455 3565 esi

1408 3567 1622 3614 plurimum.
1659 3567 1876 3608 Suut'enim
1911 3579 1947 3609 et
1981 3571 2150 3608 mulieres
2182 3565 2333 3615 quaedam
2363 3567 2454 3627 ειξξιιο

1407 3629 1596 3675 confectae,
1630 3631 1687 3668 vel
1721 3633 1884 3671 resectis‘
1900 3633 2077 3676 manibus,
2114 3630 2169 3668 vel
2199 3634 2306 3675 03W"
2329 3621 2452 3686 mimis}

1405 3691 1586 3739 variisque
1605 3694 1685 3730 aliis
1712 3695 1848 3732 morbis
1876 3693 2053 3739 invalidae,
2073 3699 2108 3732 et
2125 3689 2314 3729 difﬁciliore
2331 3681 2452 3720 morbis

1405 3761 1632 3800 paupertate.
1649 3755 1832 3804 Siquidem
1850 3757 1982 3804 inepia,
2001 3766 2081 3792 cum
2101 3761 2241 3802 prorsus
2255 3746 2335 3785 nihil
2355 3742 2468 3782 ilﬂbe'.

1405 3820 1482 3858 tur,
1513 3818 1680 3862 corporis
1699 3819 1850 3856 morbos
1869 3818 1973 3855 atl‘crt
2007 3830 2016 3855 :
2052 3817 2126 3864 ipsa
2146 3820 2259 3851 autem
2279 3809 2450 3856 P3"Pems

1402 3887 1423 3914 a
1455 3878 1592 3916 morbis
1625 3891 1768 3929 quoque
1798 3881 1940 3931 gravior
1977 3881 2014 3917 fit
2039 3887 2074 3916 et
2104 3871 2360 3915 intolerabilior.
2386 3865 2450 3931 llas

1403 3941 1572 3987 perquire
1589 3948 1626 3978 et
1644 3943 1773 3992 collige
1788 3929 1890 3989 ,vimo
1910 3944 1944 3981 in
1965 3940 2170 3990 colligendis
2183 3937 2276 3975 nullo
2291 3939 2373 3979 opus
2389 3929 2449 3989 ent

1402 4001 1612 4042 lahore:ita
1633 4010 1717 4044 ante
1744 4016 1872 4045 omnes
1893 4006 2040 4055 jacent,
2069 4006 2198 4052 parata:
2224 3993 2376 4036 omnibus
2395 3992 2446 4034 ψη
