2726 4358
250 276 321 314 505

249 352 434 403 porrigant
460 357 618 388 manum.
649 345 688 385 Si
717 355 806 393 opes
825 343 950 386 habes,
983 342 1018 379 in
1045 338 1112 403 has
1129 335 1314 403 expende;

252 399 284 454 in
300 399 442 453 validus
460 423 500 450 es
513 441 522 458 ,
545 411 610 448 has
637 409 802 456 corporis
817 404 1018 444 ministerio
1035 401 1164 450 adjuva
1179 411 1189 436 :
1205 399 1316 436 multa

249 490 286 522 et
317 480 377 519 hic
402 477 544 527 negotia
571 474 712 514 videbis
739 482 820 520 quae
848 469 1008 516 indigent
1041 461 1316 527 corporalium-

255 543 404 582 nisterio
423 522 613 585 tat-sumptu
629 545 738 584 opum
769 539 806 571 et
823 526 1209 569 circnmcursitatione.
1226 522 1316 560 Nam

251 616 342 652 opus
358 603 493 641 habent
507 608 546 639 ut
565 600 636 638 illis
653 597 880 644 assignentur
898 590 1090 633 domicilia,
1108 595 1316 636 prteparen-

248 677 310 708 tur
338 666 614 706 medicamenta,
648 668 685 700 et
714 661 827 698 lectus
853 663 890 694 et
919 660 1038 692 vestes
1069 656 1248 694 emantur,
1281 653 1319 684 et

251 736 423 769 curentur
455 728 525 766 cibi
559 725 644 763 boni
675 723 814 769 aliaque
849 718 986 762 multa,
1024 713 1164 752 etiamsi
1198 711 1316 748 solum

251 795 376 831 decem
395 796 528 834 essent,
550 798 630 836 quae
649 786 697 823 ita
717 787 912 832 aegrotant;
934 788 1030 816 nunc
1050 783 1170 814 autem
1189 773 1316 811 civitas

253 860 373 891 nostra
388 853 443 889 his
459 857 531 888 tota
549 835 695 896 impleta
713 851 794 889 est,
825 841 1063 888 inveniesque
1079 837 1177 876 mille
1194 842 1228 874 et
1246 835 1318 872 duo

252 915 376 954 millia.
395 914 476 951 Ista:
495 916 592 955 sunt,
613 920 694 958 quae
712 907 845 944 auxilio
865 905 1038 952 indigent,
1056 901 1134 938 ista:
1147 899 1319 937 desolata:

251 985 348 1023 sunt,
370 977 446 1014 ista:
463 975 562 1012 humi
578 974 720 1021 iacent:
736 971 814 1007 hmc
834 975 890 1014 est
907 967 1150 1014 cleemosyna.
1167 962 1244 999 haec
1262 967 1320 998 est

252 1039 468 1082 humanitas,
487 1036 557 1076 hoc
573 1035 608 1072 in
625 1032 774 1081 gloriam
792 1029 922 1068 transit
935 1027 1012 1071 Dei,
1027 1033 1062 1064 et
1077 1026 1111 1062 in
1129 1023 1318 1060 utilitatem

251 1111 376 1139 eorum
401 1099 462 1148 qui
485 1097 610 1135 vident
625 1123 634 1139 ,
653 1100 690 1132 et
719 1093 779 1141 qui
809 1085 1018 1138 accipiunt,
1037 1094 1076 1125 et
1093 1087 1152 1134 qui
1171 1085 1318 1122 faciunt.

250 1163 395 1201 Etenim
413 1145 562 1208 iustius
596 1156 810 1204 adjuvantur
845 1151 1062 1190 infirmiores
1098 1157 1206 1196 quam
1243 1145 1319 1182 for-

252 1227 380 1267 tiores;
399 1228 436 1260 et
452 1221 581 1259 vetula:
599 1229 706 1267 quam
722 1216 906 1266 juniores;
925 1219 962 1251 et
980 1212 1034 1249 ha:
1055 1211 1184 1257 quibus
1204 1217 1322 1254 neque

251 1285 452 1325 necessaria
470 1289 568 1326 sunt,
590 1291 696 1329 quam
716 1279 785 1316 illa:
801 1287 882 1325 qua:
900 1274 1094 1313 mediocria
1109 1270 1318 1320 possident;

250 1356 284 1384 et
307 1347 376 1384 illa:
405 1355 486 1393 quae
513 1341 609 1390 apud
638 1341 771 1378 multos
799 1335 1086 1379 abominabiles,
1106 1343 1213 1380 quam
1231 1336 1322 1378 quas

251 1411 353 1450 multi
370 1409 558 1451 adamant;
587 1410 624 1443 et
650 1404 720 1442 illa:
745 1411 826 1450 qua:
853 1397 1083 1438 contumeliis
1103 1400 1318 1439 onerantur,

249 1484 357 1520 quam
375 1482 428 1510 ea:
443 1480 524 1518 quae
544 1468 662 1505 illatas
685 1469 862 1507 avertere,
885 1467 922 1500 et
949 1461 1084 1498 bonam
1101 1457 1169 1495 sibi
1189 1456 1319 1494 famam

251 1518 444 1571 conciliare
459 1535 622 1579 possunt.
637 1526 795 1566 Ostende
813 1525 920 1578 igitur
933 1521 1028 1570 quod
1043 1525 1192 1568 propter
1209 1518 1319 1554 Deum

253 1597 321 1634 hoc
338 1595 466 1638 facias,
499 1597 537 1628 et
565 1590 637 1627 illis
656 1587 846 1636 opitulare.
867 1583 970 1632 Quod
991 1583 1020 1620 si
1041 1582 1106 1619 has
1125 1589 1242 1628 neque
1259 1588 1322 1625 per

253 1669 418 1698 somnum
451 1655 574 1693 videre
600 1653 672 1696 vis,
703 1650 768 1690 sed
795 1650 971 1686 formosas
1003 1651 1041 1684 et
1073 1644 1322 1682 adolescentes

253 1717 518 1758 obambulando
535 1715 689 1758 venaris,
711 1719 746 1750 et
776 1709 961 1748 illiberalis
992 1707 1098 1754 hujus
1119 1703 1323 1743 venationis

255 1793 400 1821 causam
416 1779 558 1829 quidem
578 1777 684 1815 aliam
705 1775 817 1812 habes
834 1784 905 1810 non
927 1770 1110 1808 ferendam
1123 1798 1132 1814 ,
1153 1766 1322 1816 praeteris

253 1853 371 1884 autem
391 1843 496 1880 aliam
517 1851 596 1889 quin
613 1842 647 1876 in
666 1838 822 1886 speciem
843 1837 993 1874 honesta
1015 1839 1050 1871 et
1069 1837 1214 1878 accepta
1237 1835 1291 1868 est
1308 1857 1318 1875 ,

251 1917 383 1955 nempe
402 1905 564 1948 tutelam,
584 1903 668 1940 licet
687 1900 852 1938 homines
869 1897 1040 1945 decipias.
1061 1893 1125 1932 sed
1146 1904 1215 1930 non
1235 1893 1319 1929 item

254 1967 409 2018 tribunal
430 1967 507 2011 Dei,
529 1965 624 2013 quod
644 1961 850 2000 muneribus
869 1957 1050 2006 corrumpi
1072 1956 1222 2004 nequit:
1239 1965 1320 1991 nam

251 2033 298 2068 ob
313 2017 420 2068 aliam
437 2021 580 2075 quidem
595 2035 741 2064 causam
757 2024 833 2060 haec
851 2022 951 2065 facis,
967 2027 1004 2058 et
1017 2019 1123 2057 aliam
1137 2017 1320 2065 praetexist

252 2095 374 2131 Dicitis
392 2091 535 2140 quidem
553 2119 563 2133 ,
585 2088 680 2137 quod
702 2091 848 2135 propter
869 2085 981 2121 Deum
1013 2082 1150 2119 faciatis
1176 2080 1294 2118 omnia
1309 2108 1320 2124 ,

252 2157 367 2194 facitis
383 2162 501 2192 autem
521 2163 630 2200 opera
649 2161 729 2198 qua:
751 2153 835 2185 sunt
855 2147 1081 2184 inimicorum
1098 2143 1162 2180 Dei
1179 2155 1188 2180 ε
1207 2142 1322 2190 siqui-

252 2217 334 2255 dem
354 2216 499 2254 eflicerc
525 2221 563 2252 ut
589 2213 650 2250 Dei
670 2221 801 2249 nomen
821 2209 1093 2255 blasphematur
1117 2211 1153 2242 et
1173 2215 1322 2241 accuse-

254 2287 324 2322 tur.
347 2279 380 2316 id
401 2278 546 2316 demum
564 2282 619 2313 est
635 2274 860 2312 inimicorum
878 2271 956 2308 Dei.
979 2270 1054 2318 Ego
1074 2279 1158 2306 vero
1175 2272 1212 2305 et
1227 2266 1324 2304 aliud

253 2353 418 2391 suppono
446 2339 628 2389 quippiam
647 2349 656 2374 :
674 2346 850 2385 ponamus
879 2333 974 2372 enim
1007 2332 1076 2370 hoc
1107 2341 1192 2368 vere
1225 2329 1293 2366 dici
1311 2356 1322 2372 ,

253 2415 406 2452 eumque
437 2402 533 2439 omni
560 2399 847 2447 concupiscentia
874 2406 1002 2444 purum
1021 2404 1122 2438 esse,
1144 2403 1261 2440 neque
1281 2402 1326 2428 ex

253 2467 324 2504 ulla
343 2465 410 2502 alia
431 2476 470 2502 re
489 2473 594 2512 quam
619 2473 664 2498 ex
692 2461 766 2498 sola
797 2461 927 2508 pietate
947 2458 1038 2494 hanc
1057 2467 1180 2494 curam
1207 2453 1326 2491 susci-

254 2538 363 2575 pere;
385 2532 542 2564 attamen
564 2535 680 2572 neque
698 2523 750 2560 sic
769 2523 884 2569 ipsum
905 2531 925 2558 a
945 2519 1060 2567 pomis
1075 2518 1151 2555 fore
1171 2516 1324 2554 liberum

256 2591 491 2628 inveniemus.
504 2588 594 2626 Nam
612 2587 642 2624 si
661 2587 830 2624 deessent
845 2584 1054 2621 occasiones
1072 2581 1166 2623 ali:e,
1190 2580 1224 2616 in
1243 2578 1325 2626 qui-

257 2652 322 2690 bus
355 2651 462 2689 etiam
496 2650 666 2697 pietatem
699 2646 893 2688 exhibere,
931 2643 1038 2692 idque
1071 2641 1189 2679 facere
1219 2639 1326 2676 nullis

257 2713 444 2751 animabus
461 2712 497 2748 in
527 2721 571 2748 eo
601 2708 878 2756 impingentibus
899 2710 1039 2752 posset,
1072 2714 1118 2741 ne
1136 2703 1188 2740 sic
1207 2707 1326 2738 tanien

258 2775 327 2812 hoc
345 2784 453 2822 agere
470 2776 666 2820 oporteret,
689 2769 750 2807 ubi
773 2768 888 2816 majus
907 2769 1006 2805 lucro
1027 2766 1213 2804 damnum.
1235 2763 1326 2800 Num

257 2835 353 2874 enim
373 2846 435 2882 par
447 2840 502 2871 est
512 2839 550 2870 ut
560 2833 606 2870 ob
617 2831 815 2879 corporalia
829 2831 966 2877 negotia
983 2828 1087 2866 unius
1101 2834 1164 2864 aut
1174 2827 1326 2864 duarum

257 2899 434 2948 virginum
449 2897 584 2934 infinita
597 2893 785 2933 multitudo
799 2893 995 2930 animarum
1009 2890 1184 2938 iacturam
1200 2887 1328 2926 faciat?

258 2961 514 3000 Verumtamen
547 2968 666 3006 neque
695 2956 748 2994 sic
775 2955 894 3004 gravis
923 2960 978 2992 est
1011 2954 1192 2992 accusatio
1215 2964 1224 2990 :
1246 2961 1328 2988 cum

259 3029 378 3060 autem
407 3021 615 3058 innumeras
635 3017 796 3056 invenias
816 3016 891 3053 vias
911 3021 948 3054 et
963 3016 1099 3053 alienas
1115 3015 1162 3053 ab
1179 3023 1330 3052 accusa-

262 3087 370 3130 tione,
391 3089 428 3122 et
445 3084 576 3121 liberas
595 3092 615 3118 a
636 3079 828 3122 scandulis,
851 3085 886 3116 et
904 3089 983 3126 qua:
1003 3078 1176 3126 majorem
1197 3076 1331 3113 habent

261 3152 454 3193 quaestum,
486 3144 589 3192 cujus
619 3142 670 3180 rei
703 3141 816 3190 gratia
853 3140 914 3178 tibi
947 3139 1014 3188 ipsi
1046 3140 1161 3178 nectis
1187 3137 1330 3186 negotia

265 3208 396 3245 frustra
413 3213 451 3245 et
466 3208 645 3244 incassum
661 3232 670 3250 ,
691 3211 726 3242 et
741 3203 879 3240 lucrum
899 3201 1061 3248 snl'fodis,
1077 3208 1114 3239 et
1128 3201 1330 3250 periculose
1354 3238 1357 3240 ,

266 3270 422 3308 exstruis
436 3275 542 3318 atque
561 3266 814 3316 ignominiose,
832 3276 912 3303 cum
928 3266 1034 3304 liccat
1052 3266 1130 3303 sine
1143 3264 1278 3302 danmo
1296 3269 1334 3300 et

264 3343 346 3370 cum
363 3342 490 3380 magna
509 3330 647 3380 gloria?
666 3331 719 3367 An
737 3329 855 3366 neseis
867 3328 1058 3367 Christiani
1074 3328 1183 3365 vitam
1197 3336 1332 3374 usque-

265 3404 405 3442 quaque
419 3393 539 3430 lucere
549 3393 695 3437 debere,
709 3398 746 3429 et
759 3401 842 3428 eum
855 3391 915 3438 qui
930 3401 1029 3426 suam
1041 3391 1188 3438 gloriam
1206 3389 1331 3436 foedet,

267 3457 400 3504 ubique
418 3463 542 3503 postea
561 3456 722 3492 inutilem
743 3453 834 3498 fore,
857 3459 894 3490 et
911 3453 998 3490 nihil
1017 3464 1184 3500 magnum
1201 3453 1334 3490 lucrari

268 3528 398 3566 posse,
426 3516 532 3554 etiam
557 3517 585 3552 si
613 3517 783 3563 pra-clara
815 3514 973 3552 facinora
993 3513 1170 3552 ediderit?
1191 3527 1272 3552 nam
1293 3515 1335 3552 Si

269 3580 318 3618 ml
349 3580 557 3626 infamatum
589 3579 704 3625 fuerit,
743 3577 870 3624 inquit,
903 3576 939 3612 in
969 3586 1034 3622 quo
1069 3577 1209 3612 satietur
1245 3577 1336 3613 ultra

271 3639 414 3686 (Matth.
439 3639 476 3676 5.
504 3637 588 3685 l5)?
617 3637 678 3675 Sul
701 3639 797 3675 enim
824 3648 890 3674 nos
913 3647 994 3674 esse
1009 3636 1086 3673 vult
1105 3644 1141 3675 et
1160 3637 1278 3676 lumen
1300 3644 1337 3676 et

269 3703 484 3741 fermentum
507 3701 615 3744 Deus,
642 3707 682 3738 ut
704 3705 742 3737 et
766 3699 827 3736 alii
855 3711 876 3736 a
903 3699 1007 3736 nobis
1033 3700 1218 3737 utilitatem
1238 3701 1335 3738 acci—

270 3766 382 3813 piant.
399 3763 502 3808 Quod
531 3762 559 3799 si
592 3761 757 3798 homines
792 3761 1156 3809 irreprehensibiliter
1176 3763 1337 3799 viventes

271 3828 331 3864 vix
344 3831 557 3866 convertere
573 3825 694 3862 valent
721 3825 956 3872 negligentes,
984 3824 1176 3871 quomodo,
1207 3825 1236 3862 si
1265 3825 1339 3862 illis

269 3897 394 3926 ansam
408 3887 628 3932 dederimus,
643 3897 711 3924 non
725 3886 960 3934 undequaque
972 3885 1181 3934 perditionis
1193 3887 1338 3925 illorum

271 3951 324 3991 rei
354 3951 518 3990 erimus?
545 3949 634 3989 Nam
665 3951 757 3990 sicut
789 3950 847 3998 qui
876 3959 1080 3998 perversam
1112 3950 1184 4000 agit
1202 3958 1335 3997 Vitam,

727 265 910 306 CONTRA
931 263 1018 303 EOS
1044 260 1122 308 QUI
1147 253 1562 298 SUDINTRODUGTAS
1588 255 1774 296 llABENT
1793 256 2021 297 VIRGINES.

2385 258 2455 296 506

1389 349 1584 388 numquam
1602 339 1783 382 salvatur,
1806 339 1854 376 ita
1873 350 1988 388 neque
2004 339 2065 388 qui
2083 339 2242 387 seipsum
2263 339 2455 388 ignominia

1387 403 1558 450 aspergit,
1580 412 1722 450 poenam
1741 402 1899 450 effugere
1915 402 2060 450 poterit.

1438 463 1507 508 Qui
1532 465 1607 502 sine
1630 465 1778 502 aliorum
1803 464 2010 510 oﬂ'endiculo
2041 469 2180 512 peccat,
2207 463 2332 500 minori
2351 474 2458 512 poema

1389 526 1556 564 obnoxius
1584 532 1647 563 est.
1657 547 1705 554 —
1717 527 1817 572 Quod
1829 527 1858 562 si
1874 526 1980 562 etiam
1993 525 2202 563 admirabile
2214 524 2384 572 quiddam
2401 525 2458 561 di-

1389 588 1566 632 cendum,
1597 589 1704 626 etiam
1723 589 1752 625 si
1770 589 1928 636 graviter
1947 588 2027 634 quis
2053 593 2199 634 peccet,
2231 587 2260 624 si
2279 587 2370 624 clam
2393 585 2460 623 hoc

1390 651 1499 688 faciat
1515 657 1552 688 et
1565 651 1748 688 neminem
1765 650 1996 694 scandalizet,
2013 649 2190 688 minorem
2205 649 2303 686 dabit
2317 659 2459 696 pugnam

1389 725 1495 763 quam
1527 715 1587 762 qui
1619 715 1736 752 levius
1760 715 1944 762 peccavit,
1964 713 2040 752 sed
2070 713 2297 761 impudenter
2314 718 2350 750 et
2378 723 2460 750 cum

1390 779 1584 815 multorum
1601 777 1786 815 scandala.

1437 839 1474 877 8.
1495 839 1542 876 Et
1558 849 1603 876 ne
1617 839 1750 876 dictum
1769 838 2103 886 adntirerismequc
2123 837 2202 884 plus
2212 837 2309 884 justo
2325 836 2461 874 dictum

1389 907 1508 948 putes,
1528 901 1591 938 tibi
1609 901 1700 938 hanc
1721 911 1742 938 e
1759 901 1848 938 cado
1862 901 2076 938 sententiam
2094 899 2298 944 afferetnus,
2315 906 2350 937 et
2370 899 2463 937 hanc

1389 963 1506 1011 legem
1532 963 1615 1001 inde
1634 963 1806 1010 prolatam
1837 962 2080 1010 probabimus.
2109 961 2197 998 Nam
2223 961 2365 999 beatum
2387 962 2464 999 Mo-

1391 1035 1466 1062 sem
1481 1024 1641 1062 omnium
1659 1023 1718 1071 qui
1735 1033 1845 1070 super
1861 1029 1990 1060 terram
2011 1022 2196 1059 hominum
2215 1023 2460 1066 mitissimum,

1392 1087 1456 1124 Dei
1477 1087 1646 1131 amicum,
1669 1086 1924 1133 prophetarum
1945 1084 2156 1128 maximum,
2172 1083 2460 1132 quandoquidem

1394 1149 1489 1186 Deus
1517 1149 1598 1186 aliis
1625 1158 1690 1196 per
1707 1149 1897 1196 aenigmata
1925 1147 2095 1194 loquutus
2121 1155 2202 1190 est,
2233 1146 2316 1184 huic
2343 1152 2462 1183 autem

1393 1211 1486 1248 sicut
1505 1210 1640 1248 amicus
1657 1209 1772 1246 amico
1794 1221 1804 1247 :
1821 1209 1917 1246 hunc
1945 1208 2052 1256 igitur
2069 1214 2106 1246 et
2125 1209 2231 1245 talem
2251 1209 2310 1256 qui
2333 1209 2464 1246 multas

1393 1272 1558 1310 miserias
1577 1272 1611 1308 in
1635 1270 1783 1308 deserto
1814 1271 1893 1308 tulit
1919 1275 1971 1307 tot
1996 1271 2123 1315 annis,
2157 1269 2218 1317 qui
2239 1271 2273 1306 in
2291 1271 2464 1306 extremis

1393 1345 1490 1382 saepe
1505 1334 1672 1382 periculis
1685 1333 1766 1378 fuit,
1781 1339 1818 1372 et
1833 1333 1926 1382 apud
1938 1332 2126 1381 Egyptios
2144 1341 2293 1381 propter
2301 1332 2320 1370 J
2325 1333 2462 1374 udmos,

1393 1405 1428 1436 et
1445 1396 1539 1444 apud
1552 1396 1694 1435 Iudaeos
1710 1407 1776 1444 pro
1797 1396 1884 1444 ipsis
1903 1396 2051 1443 ingratis
2073 1408 2082 1433 :
2105 1402 2222 1433 tamen
2241 1395 2337 1432 hunc
2357 1395 2464 1432 talem

1393 1467 1430 1498 et
1455 1467 1593 1498 tantum
1623 1459 1714 1496 nihil
1743 1459 1841 1496 aliud
1875 1457 2060 1506 prohibuit
2088 1464 2170 1504 post
2204 1464 2256 1494 tot
2283 1467 2466 1494 :crumnas

1394 1521 1576 1568 multaque
1594 1521 1766 1569 praeclare
1791 1527 1890 1569 gesta
1917 1520 2160 1568 promissione
2191 1521 2296 1566 potiri
2313 1548 2322 1562 ,
2355 1531 2462 1567 quam

1394 1584 1489 1632 quod
1509 1583 1680 1622 seandalo
1709 1583 1834 1621 fuisset
1863 1583 1906 1620 iis
1925 1583 1987 1631 qni
2019 1593 2100 1620 cum
2132 1583 2211 1630 ipso
2239 1589 2342 1620 erant
2371 1583 2470 1630 apud

1395 1657 1538 1694 aquam.
1573 1647 1618 1684 Et
1649 1647 1718 1684 hoc
1743 1652 1798 1684 est
1826 1646 1922 1694 quod
1943 1646 2147 1683 insinuahat
2172 1645 2268 1683 Deus
2283 1645 2436 1683 dicendo
2456 1659 2464 1682 :

1397 1709 1488 1753 Quia
1505 1720 1573 1746 non
1592 1707 1781 1746 credidistis
1797 1708 1884 1744 mihi
1897 1737 1906 1753 ,
1937 1713 1974 1744 ut
1999 1708 2258 1754 sancti/iraretis
2281 1720 2334 1744 me
2350 1720 2464 1745 coram

1394 1769 1477 1816 ﬁliis
1496 1769 1630 1812 Israel,
1661 1775 1801 1818 prapter
1825 1769 1888 1806 hoc
1905 1781 1971 1806 non
1989 1769 2154 1806 inducetis
2172 1770 2466 1818 congregationem

1395 1832 1483 1869 hanc
1495 1831 1530 1868 in
1545 1839 1670 1868 terram
1687 1860 1696 1874 ,
1715 1843 1818 1880 quam
1835 1831 1916 1868 dedi
1939 1832 1984 1868 eis
2005 1831 2130 1877 (Num.
2151 1831 2212 1873 ‘20.
2236 1832 2310 1880 1‘2).
2329 1833 2466 1878 Quam-

1393 1895 1448 1932 vis
1464 1900 1582 1931 autem
1603 1899 1706 1932 antea
1726 1895 1760 1932 in
1783 1894 2102 1932 nonnullistminns
2115 1895 2298 1932 obedisset
2313 1896 2470 1944 (contra-

1393 1957 1486 1994 dixit
1513 1956 1608 1993 enim
1629 1955 1704 1994 Deo
1721 1955 1834 1993 semel
1862 1966 1904 1992 ac
1932 1957 2060 1993 iterum
2091 1967 2172 1994 cum
2201 1958 2402 1994 mitteretur
2431 1959 2466 1995 in

1395 2019 1590 2068 Egyptum
1605 2047 1614 2063 ,
1645 2024 1680 2056 et
1701 2025 1825 2066 postea
1845 2018 1880 2054 in
1905 2017 2050 2055 deserto
2069 2019 2274 2055 incredulus
2293 2018 2436 2055 dicebat
2457 2031 2468 2055 :

1397 2081 1565 2120 Sescenta
1592 2081 1701 2118 millia
1728 2086 1806 2118 sunt
1838 2080 2013 2128 peditum;
2042 2087 2075 2117 et
2104 2086 2139 2116 tu
2167 2080 2283 2116 dix’sti
2311 2092 2323 2116 :
2342 2080 2470 2118 Comes

1397 2145 1484 2182 dabo
1501 2145 1598 2194 ipsis,
1637 2150 1666 2181 et
1693 2143 1868 2180 comedent
1892 2153 2037 2178 mensem
2058 2143 2202 2178 dierum.
2228 2141 2323 2178 Num
2343 2154 2418 2178 oves
2439 2149 2471 2178 et
2494 2165 2496 2167 »

1398 2207 1496 2244 boves
1521 2207 1762 2243 mactabuntur
1776 2235 1784 2246 ,
1813 2205 1866 2242 vel
1883 2205 1998 2241 omnia
2021 2203 2134 2240 edulia
2161 2205 2265 2240 moris
2285 2215 2470 2252 congregat-‘-

1398 2270 1523 2306 buntur
1540 2275 1572 2304 et
1599 2267 1763 2316 snﬂicient
1779 2267 1862 2314 ipsis
1876 2266 2002 2316 [Nunt.
2022 2267 2081 2303 ll.
2103 2266 2164 2302 2i.
2185 2265 2271 2314 22]?
2291 2272 2326 2303 et
2349 2272 2472 2312 postea

1399 2331 1529 2368 iterum
1547 2329 1729 2366 difficilem
1751 2339 1790 2366 se
1813 2328 1994 2370 reddidit,
2017 2333 2053 2364 et
2072 2328 2193 2374 populi
2221 2327 2472 2375 pra'fectnram

1398 2389 1634 2437 detrectabat)
1658 2402 1666 2427 :
1689 2395 1844 2426 attamen
1875 2388 1963 2425 nihil
1979 2388 2072 2424 aliud
2104 2389 2215 2435 potuit
2244 2389 2360 2436 ipsum
2391 2400 2473 2436 pro-

1399 2453 1526 2501 positis
1544 2452 1702 2500 prmmiis
1721 2451 1876 2498 privare,
1899 2461 2004 2496 quam
2026 2450 2110 2486 illud
2131 2451 2247 2486 solum
2263 2451 2358 2498 quod
2377 2453 2472 2498 apud

1399 2526 1528 2564 aquam
1544 2514 1706 2562 contigit.
1723 2513 1817 2561 quod
1837 2519 1964 2550 natura
1983 2512 2126 2559 quidem
2148 2512 2268 2549 minus
2283 2513 2363 2548 aliis
2381 2519 2472 2556 erat,

1400 2578 1462 2616 sed
1477 2577 1558 2625 quia
1577 2587 1657 2614 cum
1672 2575 1804 2612 damno
1823 2574 1973 2611 aliorum
1991 2573 2097 2610 [iebat
2113 2601 2121 2617 ,
2142 2574 2254 2610 multo
2277 2574 2392 2620 majus
2411 2575 2472 2621 ju-

1399 2640 1556 2678 dicatum
1575 2645 1642 2676 est.
1662 2637 1722 2675 Illa
1738 2638 1833 2674 enim
1853 2635 2016 2684 privatim
2038 2641 2074 2671 et
2093 2635 2232 2672 occulte
2250 2635 2473 2680 accidebant,

1401 2702 1470 2739 hoc
1501 2708 1618 2738 autem
1649 2697 1840 2736 manifeste
1866 2703 1902 2734 et
1931 2707 2052 2734 coram
2076 2696 2173 2732 omni
2209 2697 2340 2743 populo
2359 2697 2474 2744 palam

1401 2768 1588 2810 peccatum
1607 2767 1672 2798 est.
1709 2761 1901 2807 Propterea
1921 2764 1954 2796 et
1980 2757 2248 2805 reprehendens
2269 2758 2362 2794 Deus
2375 2785 2385 2803 ,
2407 2759 2478 2796 hoc

1402 2825 1607 2865 insinuabat
1637 2824 1760 2861 dicens
1782 2835 1790 2859 :
1815 2822 1904 2867 Quia
1925 2833 1992 2858 non
2019 2821 2258 2867 sancti/icastis
2285 2832 2338 2857 me
2360 2832 2476 2858 coram

1404 2891 1486 2938 ﬁliis
1505 2887 1632 2930 Israel,
1647 2887 1782 2934 peccati
1801 2896 1928 2924 eorum
1947 2890 2111 2921 naturam
2126 2883 2312 2931 detegens,
2333 2891 2368 2921 et
2383 2884 2478 2920 unde

1407 2953 1535 2990 factum
1551 2980 1562 2997 ,
1595 2950 1691 2998 quod
1712 2949 1854 2986 veniam
1883 2958 1954 2984 non
1979 2952 2184 2991 mercatur,
2213 2945 2414 2982 declarans.
2439 2945 2478 2982 Si

1403 3025 1522 3054 autem
1541 3015 1648 3052 talem
1669 3013 1786 3050 virum
1807 3011 1874 3048 hoc
1895 3009 1976 3046 fecit
1996 3008 2194 3056 impingere
2210 3036 2220 3053 ,
2251 3018 2316 3044 nos
2343 3007 2480 3044 vermi—

1403 3080 1504 3118 culos
1525 3084 1561 3114 et
1581 3075 1712 3114 nullius
1731 3073 1832 3122 pensi
1855 3071 2036 3120 quomodo
2063 3081 2134 3106 non
2154 3069 2316 3107 destruet
2341 3074 2378 3107 et
2395 3079 2480 3116 pcr-

1405 3141 1494 3180 det?
1513 3139 1607 3178 Nihil
1633 3138 1728 3175 enim
1750 3136 1797 3172 ita
1815 3134 2008 3172 exacerbat
2029 3133 2140 3169 Deum
2156 3161 2165 3174 ,
2189 3137 2228 3168 ut
2253 3131 2396 3179 quando
2417 3143 2482 3169 no—

1406 3215 1488 3242 men
1507 3202 1585 3250 ejus
1615 3199 1898 3246 blasphematur.
1934 3195 2035 3234 Unde
2064 3204 2208 3232 sursum
2237 3204 2279 3231 ac
2310 3193 2480 3232 deorsum

1406 3265 1500 3314 apud
1533 3264 1678 3302 Judreos
1708 3263 1778 3298 hoc
1808 3261 1947 3308 jactat,
1977 3269 2043 3296 eos
2070 3257 2358 3306 reprehendens,
2393 3258 2484 3303 Quia

1407 3341 1528 3367 nomen
1546 3339 1657 3364 nteant
1673 3328 1879 3375 profanatur
1897 3322 2072 3371 (IsaiJS.
2087 3322 2146 3370 ll)
2167 3333 2177 3359 :
2198 3328 2235 3359 et
2250 3323 2394 3365 itertnn,
2416 3321 2482 3356 Vos

1408 3391 1602 3441 profanatis
1620 3391 1735 3437 ipsum
1753 3387 1858 3435 (Mal.
1878 3387 1912 3424 l.
1931 3386 1990 3435 12)
2012 3397 2022 3422 :
2043 3392 2100 3429 et,
2121 3385 2268 3431 Propter
2284 3395 2342 3420 vos
2359 3393 2482 3419 nomen

1409 3467 1519 3492 meum
1546 3453 1803 3501 blasphematur
1820 3451 1855 3486 in
1873 3449 2028 3498 gentibus
2047 3447 2148 3497 (Isat'.
2165 3447 2226 3484 52.
2249 3447 2300 3492 5).
2327 3445 2369 3481 Et
2387 3450 2482 3480 tanta

1411 3517 1476 3565 ipsi
1506 3516 1574 3553 fuit
1601 3525 1684 3552 cura
1707 3524 1754 3550 ne
1775 3514 1842 3550 hoc
1859 3512 2044 3553 eveniret,
2077 3516 2116 3546 ut
2141 3513 2178 3545 et
2204 3507 2366 3552 indignos
2387 3515 2483 3550 satpc

1409 3578 1580 3621 salvarit,
1611 3587 1656 3614 ne
1685 3575 1755 3612 hoc
1783 3576 1899 3612 fieret.
1929 3573 2012 3609 Feci
2039 3570 2158 3610 enim,
2189 3567 2262 3611 ait,
2292 3577 2336 3602 ne
2362 3577 2485 3602 nomen

1413 3651 1524 3677 meum
1547 3639 1746 3686 profanetur
1766 3648 1778 3673 :
1796 3642 1856 3680 et,
1879 3634 1957 3670 Non
1976 3636 2114 3679 propter
2134 3639 2193 3664 vos
2214 3637 2275 3675 .‘go
2293 3626 2383 3674 facio
2396 3654 2407 3670 ,
2424 3627 2486 3662 do-

1411 3715 1486 3740 mus
1505 3701 1628 3743 Israel,
1647 3700 1706 3738 sed
1726 3706 1762 3736 ut
1779 3709 1901 3736 nomen
1913 3704 2024 3731 nteant
2042 3701 2110 3727 non
2123 3691 2322 3738 profanetur
2341 3689 2485 3734 (Exodi.

1410 3764 1471 3802 20.
1492 3763 1528 3800 9.
1547 3769 1576 3800 ct
1593 3763 1652 3800 56.
1668 3761 1747 3808 2‘2).
1771 3758 1902 3796 Paulus
1920 3763 2006 3791 vero
2031 3751 2222 3789 anathema
2241 3760 2321 3787 esse
2340 3751 2487 3797 optabat.

1413 3835 1478 3872 pro
1503 3825 1616 3874 gloria
1648 3823 1710 3860 Dei
1734 3834 1742 3856 :
1764 3827 1800 3856 et
1828 3819 1904 3864 ipse
1929 3815 2045 3853 Moses
2075 3824 2217 3862 quoque
2235 3823 2255 3850 e
2280 3811 2372 3850 libro
2401 3814 2482 3850 vine

1412 3888 1524 3926 deleri
1548 3885 1674 3924 orabat
1704 3892 1766 3930 pro
1783 3879 1894 3928 gloria
1915 3876 2072 3914 nominis
2085 3875 2147 3913 Dei
2167 3887 2177 3912 :
2198 3885 2260 3912 vos
2278 3881 2396 3912 autem
2414 3885 2485 3912 non

1414 3950 1530 3990 solum
1552 3946 1636 3986 nihil
1660 3943 1730 3994 pati
1743 3941 1862 3987 vultis,
1881 3945 1919 3977 ut
1933 3938 2026 3977 hanc
2040 3936 2193 3976 arcentis
2211 3935 2486 3984 blaSphemiam,
