2726 4358
350 245 421 281 507

349 322 414 360 sed
435 322 545 359 etiam
567 321 690 359 omnia
720 321 858 368 facilis,
889 335 954 372 per
979 336 1060 373 qua:
1081 326 1177 364 illam
1195 329 1380 375 augeatis,
1399 334 1438 366 et

349 383 512 432 quotidie
538 383 746 422 intendatis.
775 385 865 432 Quis
885 376 994 435 igitur
1025 399 1090 426 vos
1113 387 1330 428 excusabit?
1355 393 1436 440 quis

295 433 301 438 ’
346 445 450 482 vobis
477 445 668 493 ignoscet?
695 447 824 486 Nullus
844 456 913 487 est.
945 450 1097 488 Tantam
1110 460 1240 490 autem
1257 464 1380 493 curam
1399 463 1438 494 et

347 509 441 543 Deus
465 514 503 544 et
521 508 636 546 sancti
661 517 815 556 gerunt,
840 517 882 548 ut
909 522 981 550 non
1007 513 1281 562 blasphcmetur
1301 527 1434 556 nomen

343 569 436 616 ejus,
452 580 525 606 non
542 571 640 618 quod
659 571 756 610 Deus
772 584 864 620 opus
881 575 1015 614 habeat
1033 583 1072 614 ut
1089 589 1109 614 a
1130 578 1234 617 nobis
1253 580 1436 628 glorifice-

343 639 401 670 tnr
422 632 572 682 (nullius
588 636 686 673 enim
712 637 847 686 indiget
869 646 903 677 et
925 641 1110 688 perfectus
1129 644 1220 693 est),
1245 646 1308 684 sed
1332 647 1431 694 quod

339 705 383 732 rx
405 705 448 732 ea
469 707 509 737 re
527 697 682 735 multum
703 699 837 751 damni
852 701 1060 742 hominibus
1087 706 1240 744 accidat.
1277 708 1430 755 Quand:

339 756 436 793 enim
456 758 552 805 apud
571 759 668 806 ipsos
689 761 785 798 male
803 763 901 800 audit
923 775 1056 803 nomen
1077 767 1138 804 Dei
1159 775 1194 806 et
1208 769 1322 816 gloria
1337 772 1430 820 ejus,

339 819 430 856 nihil
451 820 537 867 ipsis
554 822 649 860 ultra
666 823 814 870 prodest
829 837 837 862 :
851 827 947 873 quod
968 829 998 865 si
1015 829 1109 867 Deus
1121 841 1203 868 cum
1221 842 1430 881 accusatur,

341 884 427 920 nihil
453 885 615 932 prodest,
640 887 754 924 multo
775 890 890 937 magis
907 902 988 928 nos.

385 947 420 985 9.
442 948 572 986 Omnia
595 950 702 997 igitur
729 950 904 990 faciamus
923 961 959 990 ut
982 955 1078 994 nulla
1095 956 1144 994 sit
1162 959 1306 996 occasio
1326 970 1432 998 scan-

335 1009 432 1054 dati;
455 1012 566 1048 etiam
585 1013 617 1050 si
639 1013 772 1061 injuste
805 1016 1078 1063 reprehendant
1097 1049 1107 1064 ,
1129 1024 1430 1068 persuasionibus

334 1071 518 1111 diluamus
537 1075 688 1112 crimina
707 1105 716 1120 ,
737 1085 774 1115 et
799 1078 985 1117 imitemur
1005 1089 1152 1120 sanctos
1171 1111 1180 1127 ,
1197 1085 1329 1132 quibus
1351 1093 1429 1124 tan-

337 1140 411 1171 tunt
433 1135 500 1172 fuit
529 1131 687 1174 studium
713 1140 837 1188 gloriae
862 1141 928 1180 Dei
943 1170 952 1186 ,
975 1148 1012 1179 ut
1031 1155 1136 1181 suum
1153 1153 1429 1187 contemnerent

335 1205 484 1244 propter
512 1199 642 1236 Deum.
677 1201 731 1238 Ne
761 1203 913 1250 abjcctis
943 1206 1114 1244 omnibus
1145 1213 1181 1244 et
1207 1211 1428 1250 conculcatis

332 1259 503 1298 sut‘ftcere
529 1262 752 1300 arbitremur
771 1265 816 1301 ad
848 1265 1124 1314 defensionem,
1148 1270 1178 1306 si
1199 1271 1423 1310 dixerimus:

332 1322 479 1361 Vestem
499 1327 655 1364 emimus
667 1329 796 1376 virgini
815 1336 850 1367 et
865 1331 1022 1377 calceos,
1043 1340 1079 1371 et
1099 1335 1169 1372 alia
1186 1347 1266 1383 quae
1282 1337 1327 1374 ad
1342 1349 1424 1376 cor-

330 1387 456 1432 porale
466 1389 614 1436 virginis
629 1392 861 1429 conunodum
877 1395 1034 1432 attinent
1054 1396 1148 1434 bene
1161 1397 1421 1446 disposuimus.

330 1449 440 1494 Quis,
457 1450 532 1493 ait,
555 1451 830 1490 administraret
847 1466 890 1491 ea
909 1467 990 1504 qua:
1017 1457 1115 1494 domi
1144 1462 1309 1515 ttostr:_t:?
1341 1463 1424 1510 quis

330 1513 625 1557 possessionibus
644 1515 894 1562 proSpicerct?
923 1519 1004 1565 quis
1023 1528 1198 1566 pra-esset
1213 1513 1335 1561 domui
1357 1537 1422 1562 no-

329 1571 384 1609 bis
397 1573 609 1612 absentibus
628 1605 636 1620 ,
656 1583 689 1614 et
713 1589 794 1615 cum
814 1579 911 1616 intus
930 1593 1000 1618 tton
1021 1583 1069 1619 sit
1088 1586 1250 1623 mulier?
1271 1587 1359 1626 Nam
1383 1596 1420 1627 et

328 1633 406 1671 bare
433 1633 560 1674 dicunt
591 1638 774 1685 prioribus
791 1645 972 1680 contraria
995 1651 1031 1682 et
1059 1647 1234 1693 turpiora.
1265 1650 1310 1686 Et
1331 1651 1419 1690 nihil

325 1705 453 1732 curant
469 1697 550 1740 ista.
571 1711 688 1747 neque
708 1704 942 1750 erubescunt,
959 1707 1065 1745 sicuti
1085 1709 1177 1746 ebrii
1199 1723 1308 1750 omne
1322 1715 1418 1762 quod

326 1756 362 1792 in
394 1756 543 1794 buccam
575 1762 673 1798 vettit
703 1763 895 1810 loquentes
921 1778 1176 1818 :quapropter
1203 1785 1322 1822 neque
1350 1788 1419 1815 nos

323 1817 618 1866 defatigabitnur,
640 1823 782 1861 etiamsi
803 1827 887 1863 talia
909 1827 982 1864 sllll
1000 1841 1081 1877 qua:
1100 1832 1146 1870 ab
1169 1833 1212 1871 iis
1228 1836 1414 1885 diettntur,

324 1887 364 1918 ut
396 1883 534 1920 nullum
566 1895 783 1934 responsum
814 1898 1035 1930 mereantur.
1057 1893 1137 1933 Non
1166 1899 1418 1948 gravabimur,

323 1942 469 1991 inquam
487 1973 498 1990 ,
522 1951 560 1983 et
581 1948 824 1996 respondere,
851 1960 888 1990 et
905 1963 1096 1994 mansuete
1115 1968 1198 1996 cum
1217 1961 1271 1999 eis
1288 1964 1413 2011 agere,

324 2005 441 2044 donec
459 2009 505 2046 ab
521 2007 588 2046 hac
607 2011 787 2051 ebrietate
805 2014 888 2053 illos
910 2015 1120 2066 liberemus,
1143 2031 1316 2070 quantum
1337 2028 1412 2064 sci-

321 2070 405 2108 licet
431 2072 467 2108 itt
493 2071 597 2111 nobis
616 2075 699 2112 erit.
736 2076 792 2114 llle
814 2079 922 2126 pudet
941 2082 1038 2119 enim
1061 2089 1097 2120 et
1114 2084 1306 2132 erubesco,
1327 2100 1408 2128 cum

321 2132 398 2170 lucc
417 2143 585 2173 evertere
607 2143 722 2184 tento,
738 2151 819 2188 qum
837 2144 1132 2184 contradicentes
1153 2148 1204 2186 illi
1223 2160 1409 2198 opponere

749 2184 761 2188 _
1184 2184 1203 2186 ν.
1227 2184 1406 2198 ,πωπω

279 2184 285 2190 ”
317 2205 389 2230 non
407 2197 628 2235 erubescunt
647 2211 655 2236 :
679 2200 826 2240 ferenda
843 2211 962 2242 tamen
985 2209 1134 2246 omnino
1153 2211 1406 2254 erubescentia

315 2255 360 2292 ad
383 2257 572 2295 utilitatem
591 2271 716 2299 eorum
737 2265 796 2312 qui
819 2267 1035 2307 erubescere
1057 2273 1237 2310 nesciunt.
1261 2275 1405 2316 Etenim

314 2317 510 2356 absurdum
529 2321 648 2368 fuerit,
673 2325 756 2362 dum
775 2328 1026 2376 redarguimus
1045 2344 1108 2371 eos
1126 2336 1185 2383 qui
1202 2348 1268 2384 pro
1291 2340 1404 2380 nihilo

315 2379 463 2427 habent,
486 2385 580 2430 quod
603 2384 772 2425 fratribus
791 2389 1010 2430 ofl‘endiculo
1025 2396 1111 2442 sint,
1129 2379 1276 2444 pudoris
1291 2413 1401 2442 causa

314 2442 456 2481 illortttn
478 2458 602 2485 curam
625 2450 796 2498 abjicere.
827 2454 889 2492 Dic
908 2457 1004 2494 enim
1031 2460 1120 2496 mihi
1151 2473 1316 2510 qumnatn
1338 2465 1400 2504 illa

313 2505 437 2543 dicunt
463 2509 560 2546 domi
592 2511 637 2549 ad
657 2524 779 2552 t‘uratn
804 2517 952 2564 virginis
974 2527 1044 2557 tam
1067 2526 1270 2562 necessaria
1291 2529 1399 2566 esse?

313 2567 595 2611 barbararumne
616 2577 816 2622 puellarum
844 2581 908 2616 tibi
927 2585 1094 2622 examina
1121 2594 1205 2624 sunt
1227 2595 1262 2626 et
1283 2601 1399 2638 nuper

309 2641 444 2680 empta,
462 2647 544 2682 quae
561 2645 704 2685 oportet
724 2643 866 2679 erudire
885 2651 920 2681 et
937 2645 982 2682 ad
998 2647 1192 2687 lanificium
1213 2659 1249 2690 ct
1263 2653 1308 2690 ad
1325 2655 1396 2692 alia

311 2695 510 2734 tuinisteria
527 2699 542 2734 ?
559 2702 604 2736 At
623 2704 795 2748 penuaria
816 2705 947 2743 adsunt
969 2719 1077 2756 opum
1098 2719 1134 2748 et
1152 2715 1305 2753 vestium
1325 2747 1336 2763 ,
1358 2725 1396 2756 et

304 2765 444 2803 oportet
466 2763 652 2800 custodem
685 2766 780 2803 intus
798 2778 944 2815 semper
963 2772 1092 2811 sedere
1106 2803 1114 2818 ,
1137 2784 1172 2812 et
1191 2788 1210 2813 a
1239 2779 1394 2819 famulo-

305 2830 384 2856 rum
405 2823 536 2860 malitia
557 2825 704 2873 \irgini»
722 2830 848 2866 oculos
867 2842 908 2868 ea
927 2839 1062 2880 tutare;
1085 2847 1224 2876 caenam
1247 2852 1391 2892 quoque

304 2887 341 2916 ct
371 2885 535 2920 convivia
563 2889 736 2926 continue
767 2900 969 2939 apparare,
999 2903 1036 2932 et
1065 2907 1212 2946 oportet
1238 2903 1388 2944 domum

302 2945 422 2980 ornari
441 2973 451 2990 ,
483 2953 519 2984 et
539 2959 677 2996 coquos
695 2959 731 2988 et
752 2963 886 2990 mensze
906 2957 1092 2997 ministros
1109 2974 1194 3000 cura
1217 2967 1291 3015 regi
1313 2970 1388 3006 vir-

299 3004 418 3050 ginis?
437 3015 568 3047 suntne
587 3011 671 3048 item
690 3014 791 3050 tuulti
813 3017 901 3054 varii
921 3028 1086 3068 sumptus
1107 3032 1142 3061 et
1158 3025 1383 3077 frequentes,

300 3071 336 3102 ct
355 3077 496 3115 oportet
523 3073 681 3120 aliquem
709 3084 854 3124 Semper
874 3091 955 3118 esse
987 3084 1223 3135 pra-fectum,
1259 3099 1296 3128 ιιι
1317 3104 1384 3131 cu-

297 3130 500 3170 stodiantur
517 3146 598 3172 cunt
615 3137 798 3185 diligentia
817 3169 828 3186 ,
852 3151 890 3178 ut
908 3155 952 3180 tte
973 3145 1029 3182 illa
1047 3158 1066 3182 a
1085 3149 1195 3188 domo
1215 3154 1294 3191 sine
1313 3157 1384 3193 titi-

297 3189 396 3228 litate
415 3195 630 3235 elabuntur?
660 3200 756 3238 Nihil
779 3202 906 3242 borum
925 3209 1000 3253 ait;
1023 3211 1086 3248 sed
1113 3220 1150 3250 ut
1171 3215 1236 3264 ipsi
1257 3228 1380 3257 arcam

293 3259 328 3288 cl
361 3263 498 3294 vestem
529 3268 565 3296 et
594 3263 700 3300 aliam
735 3273 837 3304 curet
866 3267 1134 3320 facultatulam,
1166 3278 1258 3318 bene
1277 3289 1380 3328 paret

294 3325 454 3354 mensam
471 3345 481 3363 ,
515 3319 608 3360 bene
635 3332 774 3363 sternat
803 3328 957 3375 lectum,
981 3342 1017 3372 et
1044 3339 1220 3377 accendat
1241 3341 1374 3390 ignem,

294 3382 322 3390 ..ι
347 3376 377 3390 »Ι
393 3377 402 3390 1
421 3389 424 3390 ν
454 3383 461 3390 λ
555 3382 563 3390 ¹
757 3388 776 3390 ⁸⁷
821 3389 825 3390 ⁷

290 3382 325 3411 et
345 3376 466 3415 abluat
497 3382 633 3428 pedes,
664 3392 701 3422 et
733 3388 830 3426 aliud
862 3393 1032 3433 solatium
1061 3407 1169 3438 omne
1198 3376 1370 3450 pracibeat.

293 3437 430 3478 Deinde
459 3453 524 3488 pro
543 3455 650 3490 parva
667 3455 704 3485 et
723 3449 851 3499 frigida
871 3459 1130 3500 commoditate
1151 3437 1218 3502 hac
1237 3472 1372 3504 tantam

287 3500 444 3540 feremus
457 3509 738 3555 accusationem,
757 3519 853 3552 tanta
873 3521 1133 3560 sustinebimus
1147 3527 1372 3574 Opprobria?

286 3561 327 3597 lit
359 3573 494 3609 quanto
525 3569 656 3608 melius
686 3572 797 3612 frater
829 3583 866 3614 et
897 3579 1037 3618 facilius
1069 3585 1370 3626 administraret?

283 3631 410 3662 natura
430 3629 526 3666 enim
546 3629 674 3670 fortior
689 3644 744 3672 est
761 3639 915 3678 muliere
929 3642 984 3678 vir
999 3671 1009 3688 ,
1033 3655 1098 3681 usu
1117 3655 1240 3684 autem
1263 3651 1366 3688 nobis

282 3690 602 3735 accommodatior.
615 3702 732 3734 etnon
749 3704 821 3736 tam
831 3709 1078 3748 sumptuosus.
1093 3707 1220 3746 Mulier
1233 3713 1366 3760 quippe

282 3753 405 3794 utpote
423 3755 592 3802 tenerior,
604 3764 640 3795 et
655 3761 822 3800 molliore
838 3763 973 3812 indiget
986 3767 1132 3812 lcetulo,
1149 3777 1185 3807 et
1201 3753 1364 3814 tenuiore

283 3811 434 3857 vestitu,
465 3821 504 3852 et
530 3817 694 3858 fortassis
713 3825 832 3870 puella
860 3811 973 3864 altera
995 3839 1074 3876 quae
1093 3831 1126 3868 ei
1156 3835 1360 3882 ministret;

280 3875 317 3904 et
345 3881 416 3908 non
447 3879 584 3916 tantum
615 3883 720 3922 nobis
738 3886 978 3926 ministerium
1000 3891 1176 3939 praebebit
1193 3923 1203 3940 ,
1223 3904 1360 3943 quanto

278 3931 344 3978 ipsi
361 3942 450 3982 opus
469 3939 536 3977 crit
553 3953 572 3978 a
591 3945 694 3985 nobis
718 3959 726 3983 :
743 3948 856 3988 frater
879 3957 998 3992 autem
1021 3953 1077 3993 his
1095 3957 1264 3997 ontnibus
1281 3969 1355 4000 non

839 245 878 283 S.
905 245 1097 285 JOANNIS
1121 246 1448 287 CHRYSOSTOMI
1474 249 1692 293 ARClllEP.
1720 254 2084 304 CONSTANTINOP.
2478 287 2530 325 533

1509 339 1606 378 eget.
1625 332 1730 378 Quod
1747 335 1777 372 si
1799 335 1918 384 aliquo
1938 349 2044 389 eget,
2065 345 2189 385 eodem
2209 357 2244 388 et
2262 363 2325 391 nos
2346 334 2524 410 indigemus,

1507 395 1608 442 quod
1632 407 1704 434 non
1722 409 1844 447 parvae
1861 406 2126 445 commoditatis
2140 417 2213 458 est,
2243 415 2270 452 si
2297 395 2532 465 cetttubcrnale;

1508 467 1580 494 non
1596 460 1705 497 variis
1722 489 1732 505 ,
1753 462 1818 498 sed
1832 463 1960 504 iisdem
1983 473 2127 507 utantur
2146 483 2156 508 :
2173 473 2204 510 id
2223 477 2313 523 quod
2331 488 2419 519 certe
2434 484 2464 522 in
2478 488 2531 526 vir-

1507 519 1592 567 gine
1619 532 1690 559 non
1719 531 1788 561 cst.
1827 525 1988 566 Primum
2018 541 2104 570 sane
2128 535 2202 573 sive
2229 537 2330 578 levari
2353 545 2450 591 velit,
2473 550 2532 589 sive

1508 592 1664 630 corpore
1685 596 1782 633 aegra
1798 587 1868 633 sit,
1887 600 2002 638 neque
2019 592 2128 632 frater
2145 597 2208 644 ipsi
2226 601 2267 637 ad
2291 602 2362 642 htec
2380 587 2528 648 ministra.

1502 644 1582 690 bit,
1618 650 1760 686 tametsi
1782 651 1885 690 valde
1906 653 2094 702 impudens
2113 661 2179 704 sit.
2198 673 2305 712 neque
2323 667 2392 714 ipsa
2405 671 2461 709 sibi
2473 675 2530 712 suf-

1506 707 1634 746 ficiens
1658 712 1726 748 erit
1746 724 1757 747 :
1776 714 1805 750 si
1837 722 1956 754 autent
1990 717 2118 758 fratres
2150 731 2230 761 sunt
2252 707 2316 774 .qui
2335 707 2525 783 Icoltabitant,

1505 770 1666 808 vicissim
1695 775 1902 815 ministrare
1933 788 2113 826 poterunt.
2142 784 2224 823 ltettt
2252 792 2381 836 quando
2398 770 2526 838 dormit;

1505 843 1597 880 Opus
1623 834 1754 882 fuerit,
1778 839 1918 887 virgine
1936 843 2080 890 quidem
2101 847 2194 886 intus
2215 834 2373 900 sedente,
2393 864 2424 894 et
2439 859 2526 899 lectos

1503 895 1596 934 duos
1613 909 1694 936 esse
1709 907 1876 950 Oportet,
1897 912 1932 942 et
1959 913 2068 946 strata
2085 909 2176 957 duo,
2204 921 2238 950 et
2255 916 2375 955 lodices
2390 920 2485 960 duos:
2501 927 2522 962 si

1504 967 1626 997 autem
1654 963 1818 1010 sapiant,
1849 973 1886 1004 et
1906 968 2088 1010 domicilia
2106 973 2188 1010 duo.
2211 976 2254 1014 At
2278 979 2305 1015 si
2329 979 2440 1020 fratres
2455 986 2520 1032 sint,

1501 1020 1632 1060 iterum
1651 1035 1690 1060 re
1709 1025 1876 1065 familiari
1893 1036 1988 1067 tanta
2008 1043 2077 1070 non
2096 1041 2148 1072 est
2165 1049 2261 1084 opus.
2280 1041 2404 1081 Etenim
2420 1046 2522 1086 domus

1502 1093 1587 1128 una,
1611 1087 1764 1124 cervical
1788 1099 1962 1137 unum,et
1981 1094 2092 1134 lectus
2111 1109 2256 1144 untts,ct
2269 1105 2381 1143 eadem
2397 1112 2520 1156 tegmina

1501 1147 1665 1195 utrisque
1685 1151 1890 1197 sufﬁciunt;
1921 1162 1957 1192 et
1977 1157 2010 1193 in
2030 1168 2166 1199 sumnta
2182 1191 2190 1207 ,
2221 1165 2248 1200 si
2265 1168 2336 1213 quis
2353 1147 2444 1208 omne
2459 1183 2521 1219 per-

1499 1216 1624 1247 currat
1641 1212 1896 1260 ministerium,
1919 1217 1978 1256 hic
1998 1221 2144 1259 multant
2165 1212 2310 1266 inveniet
2337 1229 2518 1280 facilitatem,

1498 1271 1547 1310 ibi
1575 1280 1695 1312 autem
1725 1275 1992 1319 difﬁcultatem.
2011 1283 2126 1322 Taceo
2145 1287 2265 1328 domus
2289 1271 2515 1342 turpitudinem:

1497 1331 1612 1378 Quale
1629 1337 1724 1374 enim
1745 1346 1818 1384 est,
1835 1341 1864 1378 si
1886 1342 1920 1378 in
1940 1343 2085 1382 domum
2099 1348 2304 1391 t'irisulitarii
2322 1331 2394 1400 ifur,
2416 1357 2516 1398 videre

1495 1397 1638 1436 calceos
1673 1401 1870 1442 muliebres
1903 1417 2120 1455 suspensos,
2141 1420 2174 1450 et
2203 1415 2326 1464 cingula
2344 1426 2374 1456 et
2397 1422 2515 1468 mitras,

1495 1459 1715 1500 calathiscos
1730 1472 1766 1502 ct
1782 1467 1902 1505 colum
1929 1477 1966 1506 et
1994 1472 2130 1511 radium
2153 1479 2514 1529 textoriuntetpectincs

1495 1527 1530 1558 ct
1551 1523 1642 1570 fusa,
1663 1533 1699 1562 et
1713 1527 1782 1565 alia
1801 1541 1881 1577 quae
1897 1534 2132 1580 particulatim
2149 1541 2257 1577 omnia
2274 1553 2436 1583 numerare
2451 1557 2510 1584 non

1494 1584 1604 1623 licet?
1629 1588 1668 1625 Si
1686 1597 1806 1628 autem
1826 1603 1907 1642 quae
1925 1595 2046 1635 divitis
2065 1606 2146 1637 sunt
2165 1605 2340 1648 scruteris.
2360 1607 2458 1654 major
2470 1615 2512 1646 est

1492 1647 1587 1684 risus
1616 1652 1783 1690 materia.
1814 1654 1976 1695 Primum
2001 1660 2143 1707 quidem
2173 1664 2205 1700 in
2232 1665 2406 1712 puellarum
2432 1675 2509 1706 tanta

1492 1710 1597 1746 turba
1615 1713 1715 1750 solus
1743 1724 1910 1755 versatur
1925 1747 1936 1764 ,
1970 1723 2070 1768 quasi
2090 1723 2278 1775 [choraules
2302 1727 2333 1764 in
2359 1728 2508 1766 orchestra

1489 1772 1551 1819 qui
1583 1773 1618 1810 in
1647 1775 1762 1815 choro
1795 1780 1987 1819 mulierunt
2027 1772 2226 1824 saltantium
2261 1789 2400 1826 concinit
2423 1802 2431 1828 :
2453 1801 2508 1839 quo

1487 1836 1573 1882 quid
1595 1839 1734 1886 turpius
1752 1848 1788 1878 et
1807 1843 2063 1884 inltonestius?
2087 1842 2216 1886 Deinde
2231 1849 2437 1899 disrumpitur
2450 1859 2506 1888 tota

1486 1895 1546 1934 die
1563 1898 1705 1938 famulis
1723 1912 1942 1944 succensens
1962 1908 2009 1946 ob
2026 1920 2083 1947 res
2105 1921 2183 1958 qua:
2199 1911 2239 1948 ad
2266 1914 2429 1950 mulierem
2443 1924 2507 1962 spe-

1485 1964 1600 1997 ctant.
1619 1961 1710 2000 Nam
1727 1965 1760 2002 ei
1776 1970 2022 2008 necessarium
2043 1979 2098 2010 est
2123 1981 2180 2010 aut
2196 1976 2330 2012 omnino
2347 1976 2438 2013 silere
2452 2004 2460 2020 ,
2477 1983 2506 2014 et

1483 2022 1604 2059 omnia
1623 2025 1867 2074 negligentem
1885 2031 1930 2068 ab
1949 2031 2006 2070 illa
2025 2033 2214 2083 increpari,
2241 2037 2290 2073 vel
2309 2036 2462 2074 diccutcnt
2477 2044 2505 2075 et

1483 2083 1731 2134 increpantem
1761 2094 1914 2141 turpiter
1943 2107 2050 2144 agere
2073 2110 2082 2134 :
2104 2104 2138 2136 et
2158 2099 2232 2136 vide
2250 2100 2324 2147 quid
2338 2101 2500 2148 contingat.

1481 2145 1571 2185 Nam
1591 2151 1650 2197 qui
1667 2152 1790 2199 jussus
1812 2163 1868 2194 est
1901 2168 1946 2196 ne
1981 2169 2090 2207 prope
2107 2161 2243 2208 quidem
2259 2145 2308 2198 ad
2327 2145 2501 2210 temporalia

1481 2214 1622 2260 negotia
1641 2217 1816 2256 accedere
1831 2248 1840 2263 ,
1865 2231 1937 2258 non
1959 2223 2074 2260 solum
2091 2225 2286 2272 temporalia
2299 2254 2308 2269 ,
2327 2226 2381 2262 sed
2401 2226 2502 2262 inulte-

1477 2273 1556 2311 bria
1587 2276 1766 2324 ipsissima
1790 2288 1931 2320 tractat.
1962 2284 2102 2323 Etenim
2119 2298 2196 2324 vasa
2216 2288 2380 2324 muliebria
2397 2287 2500 2324 afferre

1477 2347 1553 2375 non
1570 2338 1787 2378 detrectabit
1802 2347 2030 2392 argentariis,
2049 2349 2194 2386 subinde
2211 2360 2330 2397 rogans
2347 2361 2417 2386 num
2434 2359 2500 2395 spe-

1476 2401 1596 2436 culum
1620 2400 1776 2440 domina:
1798 2415 2036 2453 prieparatum
2065 2411 2127 2455 sit,
2161 2423 2240 2448 num
2269 2411 2495 2448 caduntabsol-

1473 2462 1618 2508 verint,
1659 2475 1744 2502 nunt
1787 2467 1970 2516 lecythum
2003 2471 2240 2517 reddiderint;
2273 2483 2346 2510 nam
2377 2473 2406 2509 in
2431 2481 2494 2508 eam

1473 2527 1744 2574 corruptionem
1767 2539 1941 2570 venerunt
1959 2535 2091 2580 omnia,
2107 2541 2142 2572 ut
2157 2536 2304 2583 pluribus
2315 2535 2396 2572 vasis
2409 2544 2493 2582 quam

1472 2589 1668 2627 szeculares
1694 2593 1818 2630 multa:
1841 2601 1987 2634 utantur
2005 2599 2172 2646 virgines.
2207 2599 2291 2636 llinc
2322 2599 2434 2636 iterttnt
2458 2596 2493 2633 ad

1469 2655 1751 2698 unguentariutn
1789 2659 1904 2694 currit
1935 2659 2199 2708 colloquuturus
2233 2661 2274 2698 de
2305 2659 2492 2697 arotltttlib"s

1467 2711 1625 2752 domina:
1649 2728 1657 2752 :
1674 2727 1770 2765 smpe
1791 2721 1899 2758 etiam
1917 2734 1988 2770 ιιι-ω
2011 2725 2120 2760 nitnio
2140 2724 2252 2761 studio
2267 2734 2326 2760 nec
2342 2723 2491 2758 detrecta-

1465 2774 1519 2814 bit
1537 2777 1566 2815 si
1588 2785 1625 2816 et
1646 2786 1782 2828 pauper
1799 2781 1926 2830 injuria
1945 2785 1992 2822 sit
2011 2786 2223 2824 afficiendus.
2244 2785 2380 2824 Utuntur
2393 2788 2491 2819 autem

1464 2839 1622 2888 virgines
1644 2846 1836 2890 unguentis
1865 2853 1900 2884 et
1920 2849 2030 2885 variis
2055 2853 2090 2886 et
2121 2849 2290 2896 pretiosis.
2325 2846 2440 2884 Deinde
2455 2843 2490 2880 ab

1463 2904 1702 2949 nngucntario
1729 2905 1773 2942 ad
1791 2907 2004 2946 vendentem
2035 2911 2166 2956 lintea,
2187 2915 2221 2946 ct
2245 2910 2286 2946 ab
2311 2909 2365 2946 illo
2383 2909 2488 2944 item"

1461 2963 1506 3000 ad
1525 2965 1722 3004 aulaeorum
1743 2973 1938 3007 textorem.
1961 2972 2037 3009 Non
2056 2974 2148 3010 enim
2169 2979 2326 3010 verentur
2341 2972 2488 3017 imperare

1462 3025 1540 3063 lure
1566 3037 1691 3074 parva,
1711 3030 1793 3076 quia
1812 3033 1936 3070 vident
1953 3045 2016 3072 eos
2034 3036 2134 3072 valde
2153 3036 2358 3075 ubedientes.
2377 3040 2406 3069 cl
2421 3040 2487 3099 grit-

1460 3087 1544 3124 tiant
1565 3089 1740 3128 habentes
1760 3093 2019 3141 imperantibus
2035 3097 2214 3146 majorem,
2232 3109 2329 3144 quam
2346 3096 2414 3132 aliis
2430 3092 2485 3128 tui-

1457 3150 1710 3190 nistranlibus.
1744 3154 1836 3192 llittc
1869 3157 1997 3196 iterum
2011 3187 2021 3204 ,
2053 3159 2082 3196 si
2102 3159 2237 3208 quando
2254 3157 2374 3204 aliquid
2392 3164 2482 3202 altl'a'

1455 3212 1608 3250 randum
1648 3217 1744 3262 quod
1790 3218 1834 3255 ad
1871 3222 2106 3267 gestatoriu’m
2151 3220 2397 3258 tabernaculum
2429 3217 2483 3252 hoc

1453 3278 1656 3324 pertineat,
1685 3292 1800 3330 usque
1819 3284 1864 3320 ad
1885 3297 2070 3335 vesperam
2093 3287 2252 3334 imprausi
2285 3284 2482 3332 Persevmm

1450 3341 1606 3379 officinis
1625 3343 1750 3380 affixi.~
1769 3345 1815 3383 Et
1836 3347 1925 3385 illud
1948 3361 2018 3388 neu
2037 3358 2090 3388 est
2107 3349 2316 3389 mirandum.
2402 3340 2480 3414 ςιυίξά

1449 3410 1486 3440 et
1505 3404 1646 3442 miseris
1671 3406 1816 3446 famulis
1845 3412 1916 3448 sint
1935 3415 2093 3458 molesti,
2124 3420 2156 3450 et
2178 3409 2342 3457 freqttenti
2369 3404 2476 3452 injuria

1447 3471 1483 3502 et
1500 3466 1756 3508 inclatnatione
1775 3471 1842 3510 bos
1857 3483 2016 3524 urgeant.
2035 3477 2152 3524 Cogita
2173 3481 2305 3523 quanta:
2321 3471 2479 3514 hinc‘luc’

1445 3527 1609 3566 rimonia:
1631 3543 1638 3566 :
1662 3533 1826 3572 minister
1845 3537 1940 3574 enim
1961 3539 2084 3586 injuria
2101 3537 2255 3580 affectus.
2276 3533 2412 3572 maxim
2425 3538 2478 3598 ΙῖξὈ

1445 3591 1576 3629 talibus
1592 3595 1714 3640 rebus,
1733 3599 1814 3644 quia
1833 3611 1914 3638 eum
1935 3603 1994 3648 qui
2011 3613 2050 3639 se
2067 3602 2190 3648 injuria
2210 3599 2320 3637 affecit
2337 3603 2398 3632 nun
2415 3592 2476 3628 alto

1441 3653 1550 3690 ntodo
1570 3656 1694 3694 ulcisci
1711 3667 1851 3707 potest,
1872 3663 1990 3710 lingua
2013 3663 2080 3700 hoc
2099 3663 2202 3707 facit,
2222 3667 2256 3698 et.
2277 3657 2401 3723 occuli“
2416 3653 2472 3723 υθέ

1440 3719 1678 3766 trectationc;
1707 3734 1774 3761 nec
1805 3725 1920 3772 parcit
1950 3727 2052 3764 alicui
2075 3736 2219 3769 eorum,
2245 3722 2360 3771 quibus
2378 3719 2471 3754 iuro"

1437 3789 1504 3816 suo
1518 3781 1729 3832 satisfaciat,
1749 3787 1812 3824 sed
1833 3794 1904 3824 tam
1920 3789 2107 3826 immodice
2121 3787 2305 3828 ulciscitur,
2320 3786 2470 3850 ίΙυτξηΨξἾ

1437 3841 1636 3881 verisimile
1655 3851 1712 3882 est
1730 3857 1874 3886 servum
1896 3849 1942 3886 ita
1969 3849 2238 3896 exprobratum,
2267 3852 2300 3882 et
2326 3843 2376 3880 cui
2403 3837 2468 3908 ξοῐέ

1435 3901 1514 3939 haec
1533 3911 1589 3941 est
1609 3909 1810 3948 consolatio
1831 3920 1852 3948 ο
1871 3911 1972 3949 malis
1991 3911 2066 3948 suis
2089 3911 2254 3973 adversus
2274 3915 2351 3973 fill”

1435 3965 1678 4006 contristavit.
1710 3968 1758 4008 At
1777 3971 1838 4020 qui
1856 3972 2020 4021 pauperi,
2044 3973 2166 4019 inquit,
2187 3967 2376 4008 cohabitat,
2397 3968 2465 3998 cum
