2726 4358
177 210 245 247 509

177 289 391 336 argentariis
417 291 558 338 negotia
587 301 658 328 non
680 291 789 329 habet
811 305 819 330 :
840 303 910 329 non
939 293 1033 330 enim
1054 298 1253 347 paupertas

177 352 281 396 sinit;
313 363 431 400 neque
451 353 586 390 assidet
603 353 758 392 officinis
776 357 1034 403 unguentariis.
1064 355 1136 394 Sed
1164 367 1246 393 cum

175 413 361 450 autoribus
379 420 426 452 ret
453 415 651 452 textoribus
662 423 705 453 et
732 417 1015 464 rariegaloribus
1031 424 1069 456 et
1087 419 1249 455 tinctori-

175 477 240 513 bus
274 476 426 512 multum
455 484 702 514 conversatur.
746 478 794 516 Et
825 479 912 526 quid
939 490 1028 526 opus
1057 489 1248 517 recensere

173 537 303 573 sordes
321 547 462 581 omnes,
479 545 518 574 ut
533 539 678 585 quando
699 539 734 576 in
751 539 898 576 domum
921 541 1066 584 intrant,
1079 551 1152 586 quo
1161 541 1250 577 sub-

175 605 321 646 tegmen
338 609 382 637 ac
402 605 552 637 tramam
571 601 728 638 vendant
743 629 752 646 ,
781 608 822 638 et
846 601 976 640 deinde
1001 603 1037 638 in
1069 601 1172 647 foro,
1209 610 1248 640 ut

174 658 259 696 talia
283 659 412 697 iterum
433 662 642 708 requirant?
663 662 708 699 Et
722 662 798 700 luce
813 663 954 710 quidem
969 662 1090 709 domi,
1113 663 1148 700 in
1169 663 1248 701 foro

175 726 299 758 autem
317 722 392 758 risu
411 721 572 770 digniora
592 723 725 761 ferunt.

228 795 288 833 lo.
306 795 346 832 In
363 797 514 834 ecclesia
532 809 618 835 vero
635 799 706 836 dici
727 809 798 836 non
819 805 938 848 potest
955 807 1089 848 quanta
1107 802 1154 840 sit
1169 807 1247 840 tur-

179 855 318 902 pitudo.
350 856 439 894 Nam
460 859 560 905 quasi
579 866 746 906 oporteat
769 858 808 898 ut
833 861 934 899 locus
955 862 1074 901 nullus
1101 863 1246 901 illorum

177 917 564 966 opprobriumignoret
577 926 612 957 et
627 922 838 960 illiberalem
863 923 1097 970 servitutem,
1126 925 1180 963 sic
1211 927 1246 964 in

177 979 261 1018 loco
291 980 361 1019 hoc
380 989 506 1020 sancto
528 989 566 1021 et
591 985 742 1022 terribili
761 986 930 1024 omnibus
947 997 1048 1025 suam
1071 979 1248 1037 intempe-

177 1043 330 1080 rantiam
359 1044 579 1091 prtedicant;
607 1052 668 1091 et,
685 1047 781 1094 quod
801 1047 924 1096 utique
949 1051 1093 1097 gravius
1109 1079 1119 1096 ,
1139 1062 1180 1090 ea
1209 1063 1249 1090 re

177 1104 454 1151 gloriantur,-ob
468 1118 574 1154 quam
589 1109 804 1147 erubescere
818 1111 1021 1158 oportebat.
1038 1113 1133 1151 Ante
1153 1113 1249 1152 fores

177 1165 275 1212 ipsas
293 1168 489 1214 excipiunt,
507 1171 754 1207 eunnchorum
775 1171 856 1208 loco
872 1173 1072 1211 inserviunt
1089 1203 1100 1218 ,
1119 1175 1248 1214 obvios

176 1227 418 1272 submovent,
447 1239 490 1266 ac
517 1237 721 1277 praeeuntes
739 1232 851 1269 altum
869 1234 1014 1282 sapiunt
1042 1235 1249 1274 videntibus

175 1287 356 1329 omnibus.
375 1295 413 1326 et
431 1300 501 1326 non
517 1291 813 1336 verecundantur,
828 1295 890 1331 sed
903 1306 944 1332 ea
961 1307 1000 1332 re
1016 1297 1215 1344 gloriantur
1237 1313 1246 1336 :

175 1355 282 1396 atque
309 1351 343 1386 in
374 1351 453 1397 ipso
483 1358 608 1389 sancto
625 1359 660 1390 et
681 1353 862 1392 horrendo
883 1358 1134 1404 mysteriorum
1158 1365 1249 1396 tem-

177 1419 263 1456 pore
285 1411 530 1450 ministrantes
555 1413 601 1451 ad
635 1425 760 1452 earum
791 1418 962 1464 placitum
981 1449 992 1464 ,
1031 1421 1247 1460 criminandi

174 1473 382 1510 occasiones
415 1475 536 1512 multis
571 1476 791 1515 intuentibus
823 1481 999 1526 przebent.
1034 1483 1106 1520 like
1127 1491 1246 1522 autem

175 1533 316 1570 miserat
337 1541 371 1570 et
392 1537 610 1574 calamitosae
627 1567 637 1583 ,
669 1549 750 1576 cum
782 1547 966 1588 oporteret
992 1543 1038 1580 ab
1069 1545 1137 1582 hac
1165 1546 1247 1584 illos

176 1595 290 1641 gratia
306 1595 498 1642 prohibere
513 1627 522 1642 ,
546 1599 605 1636 illa
626 1601 773 1648 insuper
789 1603 991 1650 gloriantur
1007 1613 1043 1642 et
1057 1607 1246 1645 conliden-

177 1655 288 1692 tiores
306 1655 407 1693 fiunt.
429 1657 651 1707 Quamquam
671 1662 701 1698 si
720 1663 799 1710 quis
821 1665 873 1702 vel
893 1665 952 1708 iis.
971 1668 1029 1705 vel
1044 1667 1115 1706 illis
1132 1670 1247 1708 male-

176 1716 296 1754 dicere
310 1719 438 1764 vellet,
459 1721 543 1768 quid
561 1723 752 1761 maledicto
779 1725 848 1763 hoc
877 1727 1053 1766 inveniret
1072 1733 1242 1776 atrocius,

175 1787 282 1823 quam
303 1785 424 1816 uttam
445 1781 642 1820 innumeris
659 1785 807 1823 testibus
829 1787 1101 1836 intemperantia
1119 1802 1243 1831 eorum

175 1845 354 1886 arguatur,
372 1847 410 1878 et
429 1841 462 1877 in
477 1844 590 1880 oculis
606 1847 768 1882 omnium
787 1847 882 1886 fmde
899 1851 1030 1896 agant?
1049 1852 1140 1898 Quid
1153 1864 1243 1900 opus

175 1906 232 1936 est
259 1901 379 1938 dicere
397 1910 484 1950 quot
506 1903 542 1940 in
570 1906 731 1943 ecclesiis
755 1903 801 1944 ob
823 1909 970 1946 illarum
980 1913 1134 1959 gratiam
1153 1915 1242 1953 sub-

173 1970 379 2007 vertantur,
417 1973 504 2013 quot
533 1967 652 2005 divina
677 1979 785 2016 opera
803 1981 823 2007 a
845 1973 970 2011 multis
999 1975 1240 2024 negligantur,

172 2031 270 2062 utne
289 2025 532 2064 hasirritent?
563 2030 610 2066 Et
628 2031 712 2078 quid
741 2032 820 2070 dico
843 2045 887 2071 ne
912 2035 1081 2073 irritent?
1109 2038 1139 2074 si
1161 2039 1242 2086 quis

173 2091 310 2122 tantum
343 2087 527 2126 insuavius
558 2096 594 2128 et
626 2092 764 2128 tristius
794 2103 855 2130 eas
882 2097 1085 2142 aspexerit,
1120 2100 1240 2136 omnia

171 2147 309 2183 malunt
339 2149 454 2193 ferre,
489 2161 596 2197 quam
627 2151 854 2191 dissimulare
881 2155 976 2192 illam
1009 2156 1079 2194 hoc
1098 2168 1240 2205 passam

171 2215 264 2242 esse.
297 2207 369 2244 Sed
389 2219 575 2256 quousque
596 2211 738 2248 tandem
758 2220 795 2250 et
811 2224 877 2251 nos
895 2215 992 2253 foede
1012 2218 1150 2264 agimus
1163 2247 1173 2263 ,
1193 2220 1240 2257 il-

173 2266 288 2303 lorum
309 2269 428 2304 omnia
449 2272 691 2308 enarrantes?
717 2272 794 2310 Non
815 2275 939 2322 utique
962 2275 1032 2314 hoc
1049 2281 1240 2326 proposui-

171 2336 278 2364 mus:
301 2338 380 2364 nam
395 2329 425 2365 si
442 2331 562 2368 omnia
577 2338 730 2371 tractare
747 2335 900 2373 velimus
913 2365 922 2381 ,
945 2339 1058 2376 multa
1077 2347 1114 2376 et
1135 2340 1239 2390 longa

172 2389 274 2427 nobis
300 2392 463 2430 oratione
489 2404 578 2440 opus
608 2402 734 2433 esset:
756 2397 827 2435 imo
849 2399 877 2435 si
911 2403 1066 2438 maxime
1095 2403 1237 2450 vellem,

171 2461 242 2488 non
257 2459 403 2499 possent
417 2455 536 2492 omnia
553 2456 638 2501 dici,
651 2457 954 2508 quandoquidem,
977 2463 1062 2500 dum
1080 2475 1125 2502 ex
1143 2467 1239 2502 mul-

171 2512 218 2550 tis
236 2523 347 2560 pauca
371 2515 571 2563 colligimus
587 2545 598 2563 ,
628 2519 737 2556 etiam
762 2521 816 2558 sic
845 2523 970 2569 prolixi
995 2533 1135 2563 sumus.
1167 2526 1238 2565 Sed

172 2583 243 2610 non
259 2574 304 2610 ad
323 2575 390 2612 hoc
409 2578 587 2624 venimus,
609 2590 732 2618 verum
751 2581 856 2620 inviti
875 2583 919 2621 ad
938 2585 1082 2622 illorum
1100 2597 1238 2625 memo-

171 2634 262 2671 riam
291 2637 382 2682 rapti
411 2648 560 2685 snmus,
594 2648 633 2678 ut
664 2643 801 2681 eordati
831 2645 1016 2685 auditores
1042 2659 1237 2698 parumper

170 2695 450 2736 admonerentur
471 2711 479 2735 :
498 2701 592 2748 quod
620 2704 796 2751 reliquum
823 2713 898 2752 est,
931 2695 1052 2756 operte
1079 2695 1235 2758 pretium

170 2757 311 2794 videtur
327 2766 364 2796 ut
379 2761 661 2801 obsecrationem
673 2772 709 2802 et
727 2770 968 2814 precationem
983 2757 1233 2812 adhibeamus.

171 2817 244 2856 Oro
265 2819 370 2866 igitur
389 2828 425 2858 et
441 2825 603 2870 supplico
619 2853 628 2870 ,
651 2833 687 2864 et
705 2835 789 2866 ante
809 2841 921 2877 genua
938 2841 1057 2872 vestra
1073 2847 1131 2874 me
1150 2847 1235 2884 pro-

171 2879 296 2924 volvo,
319 2887 425 2929 atque
445 2883 574 2922 obnixe
593 2897 679 2934 rogo
695 2915 706 2933 ,
726 2892 1009 2936 persuadeamini
1022 2924 1032 2940 ,
1053 2903 1089 2934 et
1105 2898 1150 2936 ab
1167 2898 1235 2936 hac

170 2949 395 2988 emergamus
413 2945 585 2984 ebrietate
601 2960 612 2992 ;
643 2950 757 2986 simus
774 2954 888 2990 nostri
906 2955 1064 3002 ipsorum
1082 2969 1233 3007 compo-

171 3009 239 3048 tes,
253 3011 289 3042 et
303 3016 536 3054 agnoscamus
552 3010 740 3057 honorem,
759 3024 865 3062 quem
885 3017 986 3056 dedit
1001 3021 1106 3058 nobis
1121 3023 1228 3067 Deus,

169 3071 206 3100 et
223 3064 370 3104 Paulqu
389 3070 605 3110 clamantem
623 3073 810 3112 audiamus
828 3088 838 3114 :
861 3077 917 3115 Ne
928 3081 1002 3117 silis
1019 3083 1105 3119 servi
1119 3084 1232 3121 lionu'o

169 3136 251 3162 num
269 3127 318 3176 (l.
337 3130 416 3168 Cor.
437 3133 473 3169 7.
487 3133 550 3182 25)
567 3146 577 3178 ;
597 3141 635 3172 et
651 3136 858 3176 desinamus
877 3148 913 3178 ut
931 3144 1130 3183 serviamus
1149 3157 1230 3184 mu-

170 3187 314 3225 lieribus
327 3191 370 3226 ad
381 3202 604 3232 communem
622 3198 781 3234 omnium
793 3207 995 3242 nostrorum
1015 3206 1226 3252 perniciem.

167 3249 296 3286 Milites
323 3262 388 3289 nos
415 3264 494 3293 esse
520 3258 687 3297 Christus
713 3263 789 3298 vult
815 3270 979 3304 strenuos
997 3249 1035 3306 et
1058 3269 1226 3309 athletas.

166 3311 244 3348 Non
263 3320 409 3360 propter
422 3315 488 3354 hoc
504 3330 570 3357 nos
589 3323 746 3360 armavit
763 3327 872 3364 armis
890 3329 1135 3375 spiritualibus
1151 3361 1161 3379 ,
1186 3340 1229 3387 ut.

166 3373 364 3418 puellarum
397 3377 641 3420 triobolarium
670 3385 868 3424 ministeria
896 3373 1160 3440 suscipiamus,
1189 3378 1228 3434 ut

163 3433 258 3471 circa
289 3434 390 3474 lanas
406 3444 444 3475 et
471 3445 622 3482 Stamina
640 3453 677 3484 et
703 3449 770 3485 alia
801 3451 1000 3490 ministeria
1027 3466 1220 3503 versemur,

163 3499 202 3530 ut
219 3496 441 3535 assideamus
458 3503 674 3544 mulierculis
694 3511 861 3548 nentibus
877 3519 914 3550 et
932 3517 1136 3555 texentibus
1153 3547 1162 3563 ,
1186 3496 1226 3558 ut

163 3559 275 3592 totqu
294 3557 389 3596 diem
404 3571 656 3604 consumamus
669 3596 680 3613 ,
701 3572 892 3620 verbisque
909 3581 945 3612 et
966 3578 1126 3616 moribus
1145 3592 1225 3618 mu-

161 3615 331 3656 liebribus
349 3621 487 3660 animas
506 3625 730 3676 imbuamus;
747 3635 810 3671 sed
831 3615 868 3672 ut
891 3638 1112 3685 eougamus
1131 3643 1224 3682 invi-

158 3677 450 3744 sibilesvirtutes
469 3695 547 3732 quae
568 3690 670 3728 nobis
697 3693 934 3734 adversantur
949 3725 960 3742 ,
987 3677 1026 3736 ut
1041 3701 1221 3744 diabolum

155 3800 294 3842 feroces
312 3805 514 3846 daemonum
534 3811 729 3864 phalanges
743 3847 752 3863 ,
779 3827 818 3858 ut
836 3800 1085 3864 subvertamus
1095 3800 1218 3869 Eorum

155 3868 422 3918 propugnacula
436 3897 449 3918 ,
480 3876 518 3910 ut
539 3871 738 3918 Potestates
754 3889 792 3920 et
812 3873 933 3924 mundi
951 3887 1117 3934 dominos
1132 3918 1144 3939 ,
1161 3868 1218 3932 res

631 213 811 252 CONTRA
835 212 920 253 EOS
937 215 1024 261 QUI
1050 215 1463 258 SUBINTRODUCTAS
1481 221 1667 262 HABENT
1697 224 1918 268 WRGlNES.

2319 235 2390 273 510

1320 302 1440 336 etores
1470 298 1596 338 barum
1631 304 1860 344 tenebrarum
1894 308 1930 344 in
1959 309 2168 348 servitutem
2198 309 2388 357 ducamus,

1321 363 1359 393 ut
1377 358 1576 405 spiritualia
1595 364 1740 401 malitia:
1769 365 1959 414 rogemus,
1989 375 2027 406 ut
2056 370 2174 418 ignem
2193 372 2387 418 spiremus,

1321 424 1359 455 ut
1375 419 1420 456 ad
1441 423 1668 468 quotidianas
1683 432 1821 464 mortes
1843 430 1955 475 parati
1975 431 2103 467 simus.
2137 431 2290 480 Propter
2319 435 2386 471 hoc

1321 480 1438 518 induit
1467 493 1532 521 nos
1567 484 1720 524 thorace
1745 487 1918 535 iustitiae,
1951 499 2096 538 propter
2113 493 2182 530 hoc
2197 494 2310 531 cinxit
2327 506 2391 534 nos

1319 553 1410 580 zona
1429 545 1614 593 veritatis,
1636 539 1781 596 propter
1799 551 1869 588 hoc
1887 551 2060 600 imposuit
2085 555 2224 602 galeam
2248 557 2389 600 salutis,

1320 611 1467 653 prepter
1496 607 1564 645 hoc
1597 609 1706 656 pedes
1743 619 1890 650 nostros
1923 614 2096 652 caleeavit
2125 619 2388 664 prmparatione

1319 669 1495 715 evangelii
1514 670 1627 717 pacis,
1649 679 1686 709 et
1706 673 1853 712 tradidit
1869 675 2027 722 gladium
2047 677 2196 724 Spiritus
2211 707 2220 721 .
2243 686 2390 726 propter

1319 727 1388 766 hoc
1409 729 1528 776 ignem
1561 733 1726 770 accendit
1757 735 1792 772 in
1819 737 1956 774 nostris
1982 738 2184 776 animabus.
2220 741 2256 778 Si
2284 741 2393 788 igitur

1320 789 1470 827 militem
1485 791 1643 839 aliquem
1664 801 1852 843 postquam
1875 796 2034 836 induerit
2050 799 2188 846 galeam
2205 829 2214 846 ,
2238 811 2365 838 ocreas
2379 829 2390 844 .

1318 850 1503 890 thoracem
1520 881 1530 898 ,
1566 862 1756 902 postquam
1787 860 1969 906 acceperit
1994 861 2152 908 gladium
2168 889 2181 906 ,
2213 863 2390 908 lanceam,

1319 919 1475 959 scutum,
1500 915 1592 961 tela,
1613 919 1760 965 sagittas
1775 947 1786 964 ,
1807 919 2015 967 pharetram
2028 950 2038 967 ,
2059 923 2142 960 tuba
2161 923 2237 970 jam
2253 924 2390 962 clarum

1319 983 1472 1014 sonante
1489 984 1526 1015 et
1541 989 1670 1018 omnes
1689 988 1864 1019 evocante
1879 1011 1890 1028 ,
1914 983 2080 1021 hostibus
2099 996 2230 1033 magno
2257 987 2392 1034 impetu

1318 1038 1550 1076 saevientibus
1567 1045 1605 1077 et
1627 1041 1810 1080 civitatem
1826 1053 1847 1080 a
1867 1045 2108 1083 fundamentis
2125 1053 2290 1084 evertere
2310 1057 2389 1084 mo-

1320 1097 1492 1136 lientibus
1509 1127 1520 1144 ,
1549 1099 1693 1138 videres
1722 1112 1795 1138 non
1816 1104 1850 1139 in
1870 1115 1999 1152 agmen
2019 1105 2116 1143 foras
2132 1117 2282 1144 currere
2297 1136 2308 1152 ,
2327 1107 2392 1146 sed

1320 1159 1357 1196 in
1381 1161 1530 1198 domtun
1559 1162 1724 1210 ingredi,
1743 1171 1781 1201 et
1799 1165 1938 1203 mulieri
1963 1166 2124 1204 assidere
2147 1179 2227 1204 eum
2246 1169 2358 1207 armis
2381 1181 2390 1206 :

1319 1232 1364 1259 an
1382 1234 1469 1268 non,
1489 1224 1519 1260 si
1535 1225 1642 1263 modo
1662 1226 1801 1271 liceret,
1820 1229 1940 1276 gladio
1956 1230 2114 1268 medium
2133 1232 2391 1278 transfoderes,

1320 1295 1365 1320 ne
1384 1295 1552 1322 sermone
1569 1287 1714 1334 quidem
1731 1299 1813 1326 eum
1831 1290 2022 1338 dignatus?
2047 1293 2094 1329 At
2110 1293 2140 1330 si
2165 1298 2201 1330 tu
2221 1300 2318 1331 Lauta
2340 1295 2392 1332 ira

1319 1343 1488 1392 impletus
1502 1356 1558 1390 es,
1580 1349 1762 1394 quomodo
1781 1357 1886 1396 putas
1908 1352 2020 1389 Deum
2037 1353 2071 1390 in
2093 1354 2206 1392 multo
2223 1356 2391 1403 turpiori-

1318 1405 1385 1443 bus
1403 1417 1486 1455 erga
1518 1419 1584 1446 nos
1609 1409 1731 1448 allici?
1765 1412 1880 1450 Tanto
1905 1414 2002 1451 enim
2029 1417 2187 1462 turpiora
2206 1423 2242 1454 et
2261 1418 2390 1456 absur

1317 1467 1418 1504 diora
1437 1476 1520 1506 sunt
1539 1469 1618 1508 haec
1637 1482 1743 1518 quam
1769 1473 1841 1518 illa,
1867 1481 2006 1522 quanto
2023 1483 2056 1513 et
2077 1479 2220 1525 gravius
2241 1479 2388 1524 bellum,

1319 1535 1357 1565 et
1372 1528 1496 1566 hostes
1523 1533 1799 1570 truculentiores
1815 1562 1826 1578 ,
1856 1541 1892 1572 et
1911 1538 2056 1583 prtemia
2079 1549 2144 1585 pro
2161 1540 2290 1586 quibus
2309 1541 2389 1579 bel-

1319 1591 1413 1628 latur
1430 1593 1565 1640 majora
1580 1623 1590 1640 ,
1620 1601 1658 1633 et
1684 1595 1723 1634 in
1741 1607 1882 1634 summa
1901 1601 2021 1636 omnia
2048 1607 2185 1638 tantum
2206 1609 2390 1640 transcen-

1317 1652 1421 1698 dunt,
1439 1662 1612 1701 quantum
1635 1658 1800 1697 umbram
1821 1659 1968 1698 veritas.
2001 1660 2124 1708 itaque
2142 1673 2187 1700 ne
2205 1664 2390 1702 effemine-

1317 1725 1400 1752 mus
1420 1716 1532 1754 robur
1555 1725 1718 1758 nostrum
1735 1749 1746 1767 ,
1784 1731 1830 1758 ne
1845 1721 2075 1760 succidamus
2096 1735 2226 1762 nervos
2245 1731 2390 1764 nostros

1317 1776 1394 1814 istis
1411 1781 1759 1820 conversationibus.
1782 1781 1930 1820 Etenim
1953 1784 2102 1820 multam
2122 1792 2159 1821 et
2177 1786 2388 1824 immensam

1314 1837 1502 1876 animabus
1518 1842 1652 1880 nostris
1668 1843 2044 1882 instillantmalitiam.
2059 1845 2152 1890 Quid
2169 1848 2266 1885 enim
2281 1849 2388 1886 etiam

1313 1899 1344 1936 si
1374 1911 1444 1937 non
1471 1904 1672 1942 sentiamus
1704 1917 1829 1945 amore
1859 1906 1979 1944 ebrii?
2017 1907 2114 1946 istuc
2139 1911 2234 1947 enim
2269 1911 2387 1959 ipsum

1313 1961 1474 1998 omnium
1496 1971 1551 2001 est
1569 1965 1674 2014 longe
1685 1969 1954 2014 gravissimum,
1968 1969 2062 2016 quod
2083 1973 2288 2009 nesciamus
2299 1985 2387 2020 quo-

1313 2022 1422 2060 modo
1439 2035 1665 2072 exterremur,
1685 2039 1841 2078 ceraque
1860 2031 1960 2070 omni
1982 2032 2168 2074 molliores
2177 2035 2384 2073 reddamur.

1311 2083 1401 2122 Nam
1422 2087 1513 2124 sicut
1531 2089 1560 2125 si
1582 2089 1662 2136 quis
1681 2091 1822 2130 leonem
1841 2095 2041 2144 superbum
2063 2101 2098 2132 et
2125 2101 2224 2134 torve
2243 2097 2387 2135 intuent-

1313 2152 1383 2184 tem
1399 2149 1568 2196 arripiat,
1587 2158 1624 2188 et
1638 2152 1745 2200 jubas
1763 2154 1915 2194 abradat
1930 2185 1941 2202 ,
1968 2158 2102 2196 dentes
2115 2159 2296 2204 excutiat,
2319 2171 2386 2196 uu-

1311 2219 1398 2256 gues
1425 2218 1616 2259 amputet,
1652 2222 1867 2266 turpemque
1895 2219 2001 2258 facim
2031 2231 2068 2259 et
2101 2219 2316 2264 ridiculum,
2349 2229 2386 2258 et

1313 2270 1510 2309 terribilem
1529 2272 1630 2310 illum
1645 2282 1683 2312 et
1701 2276 1963 2318 intolerabilem
1979 2286 2018 2318 et
2034 2285 2150 2330 rugitu
2167 2285 2244 2322 solo
2257 2284 2378 2324 omnia

1311 2332 1577 2371 coucutientem
1595 2362 1606 2378 ,
1637 2335 1742 2374 facile
1762 2348 1782 2374 a
1804 2349 1917 2385 puero
1943 2343 2186 2388 superabilem
2218 2347 2346 2384 reddat
2367 2361 2377 2386 :

1311 2391 1359 2429 ita
1377 2399 1411 2430 et
1432 2394 1501 2431 illa:
1527 2406 1617 2443 quos
1637 2398 1783 2446 capiunt
1801 2410 1927 2439 omnes
1951 2410 2121 2450 snperato
2150 2406 2272 2444 faciles
2297 2409 2380 2446 red-

1311 2452 1398 2490 dunt
1425 2455 1590 2503 diabolo,
1612 2459 1796 2497 molliores
1811 2489 1822 2505 ,
1840 2463 2118 2510 concitatiores,
2137 2466 2377 2514 impudentes.

1311 2515 1644 2567 inconsiderantes,
1677 2522 1870 2561 iracundos
1886 2553 1896 2570 ,
1921 2525 2078 2564 audaces
2095 2556 2106 2572 ,
2137 2529 2377 2576 importunos,

1311 2579 1486 2625 humiles,
1503 2581 1685 2630 abjectos,
1707 2585 1896 2630 crudeles,
1920 2587 2130 2634 illiberales,
2149 2593 2376 2637 temerarios,

1310 2651 1465 2688 uugaces
1482 2669 1493 2687 ,
1528 2649 1564 2680 et
1584 2643 1619 2680 in
1637 2655 1779 2683 summa
1799 2648 1948 2685 omnino
1975 2657 2164 2698 corruptos
2185 2653 2376 2693 mulierum

1307 2711 1429 2740 mores
1457 2703 1492 2739 in
1523 2705 1682 2742 animam
1713 2707 1856 2747 illorum
1881 2708 2081 2748 immittunt
2111 2719 2150 2750 et
2180 2713 2354 2752 inferunt.

1357 2764 1416 2800 tl.
1444 2763 1586 2802 Etenim
1617 2767 1692 2804 fieri
1721 2779 1790 2806 non
1811 2776 1930 2816 potest
1950 2772 2088 2810 mulieri
2109 2773 2376 2814 cohabitanlem

1306 2834 1388 2861 cum
1410 2832 1509 2862 tanto
1526 2826 1670 2872 alfectu,
1691 2835 1728 2866 ct
1749 2831 1889 2878 illarum
1909 2835 2246 2873 conrersatiouibus
2261 2837 2375 2876 emol-

1305 2885 1421 2929 litum.
1441 2897 1512 2924 non
1527 2898 1607 2926 esse
1617 2889 1868 2930 circulatorem
1881 2900 1916 2930 et
1930 2893 2110 2933 forensem
2125 2903 2162 2934 et
2175 2897 2374 2936 sordidum.

1303 2946 1393 2983 Nam
1413 2948 1443 2984 si
1463 2949 1548 2996 quid
1564 2950 1736 2998 loquitur,
1757 2953 1804 2992 de
1817 2957 2030 2994 stamiuibus
2041 2964 2078 2995 et
2095 2959 2184 2996 lanis
2202 2960 2374 3008 loquitur,

1305 3007 1422 3055 lingua
1442 3009 1520 3056 ejus
1538 3013 1706 3050 muliebri
1737 3015 1952 3063 loquacitate
1985 3019 2114 3058 infecta
2135 3033 2143 3058 :
2164 3027 2201 3058 et
2230 3007 2260 3059 si
2289 3024 2373 3072 quid

1303 3070 1411 3116 facit,
1445 3073 1512 3108 hoc
1538 3084 1665 3122 magna
1693 3078 1894 3116 servilitate
1913 3087 2106 3128 operatur,
2143 3089 2180 3121 et
2210 3070 2370 3133 seipsnm

1302 3133 1464 3180 procula
1485 3133 1690 3174 Christiana
1706 3138 1872 3178 libertate
1889 3141 2042 3190 sejungit
2059 3171 2070 3188 ,
2105 3145 2151 3182 ad
2183 3146 2271 3184 nihil
2298 3149 2376 3185 exi-

1301 3194 1412 3232 mium
1445 3203 1506 3234 aut
1540 3200 1752 3245 prtcclarum
1784 3203 1895 3240 utilis.
1915 3204 2003 3240 Nam
2023 3215 2104 3243 cum
2123 3207 2166 3244 ad
2181 3209 2373 3248 saecularcs

1301 3263 1338 3294 et
1355 3258 1478 3295 civiles
1496 3270 1554 3297 res
1573 3259 1758 3299 hominum
1781 3265 1916 3302 inutilis
1934 3266 1982 3303 sit
2001 3273 2051 3319 et,
2068 3269 2200 3306 nullius
2231 3269 2364 3318 frugis,

1301 3321 1542 3370 multomagis
1571 3323 1616 3360 ad
1649 3327 1932 3372 magnitudinem
1963 3339 2082 3366 rerum
2112 3331 2372 3378 spiritualium,

1299 3393 1379 3430 qua:
1401 3389 1499 3422 tanto
1517 3387 1769 3433 generosiores
1789 3389 1884 3426 viros
1905 3391 2106 3438 requirunt,
2120 3398 2165 3442 ut
2183 3403 2229 3430 ne
2244 3393 2369 3439 attingi

1299 3446 1442 3492 quidem
1465 3449 1616 3494 possint,
1641 3449 1708 3487 nisi
1729 3450 1774 3487 ab
1793 3451 1836 3488 iis
1856 3453 1916 3500 qui
1934 3453 1980 3490 ad
2007 3463 2070 3491 cas
2102 3453 2284 3491 transituri
2303 3463 2370 3489 an-

1298 3509 1368 3556 geli
1391 3521 1434 3546 ex
1457 3510 1662 3550 hominibus
1681 3513 1781 3551 fiant.
1805 3515 1883 3552 Non
1905 3517 1972 3564 ipsi
1989 3524 2110 3567 autem
2137 3517 2252 3567 solum
2269 3522 2370 3553 tanto

1297 3572 1393 3610 malo
1409 3573 1625 3620 afficiuntur,
1647 3577 1710 3614 sed
1730 3583 1766 3615 et
1783 3579 1853 3616 illis
1873 3591 2017 3617 morum
2037 3579 2278 3626 pessimorum
2300 3589 2367 3614 au-

1295 3640 1414 3672 ctores
1433 3635 1536 3672 fiunt.
1569 3637 1659 3675 Nam
1678 3641 1981 3687 quemadmodum
2005 3641 2056 3678 illi
2074 3637 2136 3686 qui
2157 3639 2236 3678 istis
2261 3639 2366 3678 valde

1295 3697 1436 3743 placere
1455 3699 1594 3746 volunt,
1607 3701 1714 3739 ofcii
1732 3703 1787 3740 sui
1806 3704 1979 3740 rationem
1997 3699 2196 3748 negligunt,
2215 3701 2264 3738 ita
2279 3701 2366 3748 ipsae

1294 3766 1440 3808 propter
1457 3761 1539 3798 illos
1601 3763 1658 3800 via
1713 3763 1782 3800 sibi
1815 3762 2040 3800 convenienti
2068 3761 2254 3807 aberrant,
2284 3772 2360 3800 ma-

1293 3827 1362 3864 lam
1377 3833 1414 3864 et
1427 3829 1664 3875 perniciosam
1677 3831 1830 3868 invicem
1845 3830 2057 3870 exhibentes
2070 3831 2363 3872 retributionem.

1372 3911 1465 3945 sicin
1479 3908 1606 3951 March,
1626 3906 1688 3942 sed
1700 3904 1808 3948 savll.,
1861 3905 1998 3948 pudore.
