2726 4358
401 240 470 278 511
596 225 600 229 ’
911 233 951 271 S.
979 230 1174 270 JOANNIS
1198 227 1525 269 CHRYSOSTOMI
1552 227 1770 266 ARCHIEP.
1800 225 2156 267 CONSTANTINOP.
2501 241 2549 283 δη

404 313 550 353 Etenim
567 323 608 351 se
624 318 760 350 ornant
776 311 974 355 curiosius,
993 309 1249 347 delicatiorum
1269 307 1425 346 vestium
1455 313 1493 344 et

403 378 569 415 incessus
586 375 735 412 multam
751 383 880 411 curam
901 373 1048 418 habent,
1079 377 1118 409 et
1133 382 1216 420 quae
1235 381 1308 408 non
1331 371 1416 408 licet
1437 376 1494 408 to-

401 445 437 474 ta
469 437 530 474 die
548 442 755 484 uagantur:
778 446 861 472 nam
890 435 974 483 quia
998 434 1124 471 vident
1155 433 1213 471 bis
1244 433 1494 493 incompositis

401 499 568 536 tutoribus
582 506 618 535 et
632 499 754 535 verbis
770 497 958 542 obiectari,
981 497 1103 535 omnia
1117 497 1278 534 studiose
1291 501 1489 540 sectantur,

404 572 468 609 per
487 571 570 608 quae
588 562 686 608 ipsos
707 561 743 597 iu
764 561 940 598 servitute
959 545 1184 597 continean't.
1205 559 1284 596 Jam
1315 559 1346 595 si
1366 558 1491 594 volue-

401 625 518 663 rimus
533 624 722 672 paulisper
735 623 968 671 resipiscere,
991 629 1029 660 et
1048 623 1172 658 nostri
1203 622 1364 668 ipsorum
1393 631 1488 666 esse,

399 693 438 723 et
458 687 540 723 illas
558 686 806 731 lucrabimur,
837 693 874 724 et
903 696 970 723 nos
997 685 1095 732 ipsos
1110 691 1147 722 et
1163 684 1256 722 alios
1275 694 1404 722 omnes
1422 695 1431 720 :
1453 691 1491 721 et

400 749 499 786 sicut
520 759 616 786 nunc
635 748 848 796 perditiouis
869 749 1064 785 multarunt
1085 747 1138 784 rei
1159 746 1242 784 facti
1267 756 1392 783 sumus
1407 773 1418 791 ,
1437 745 1490 782 sic

398 816 438 848 et
457 821 476 847 a
497 811 694 850 multorum
715 811 832 848 salute
857 818 942 848 tunc
961 809 1167 846 mercedem
1188 809 1433 856 accipiemus;
1454 813 1492 845 et.

400 874 532 922 quibus
553 884 650 911 nunc
665 874 824 921 pntimur
846 873 1023 921 turpiter,
1062 873 1132 910 illis
1162 873 1328 910 fruemur
1357 881 1490 918 magna

403 946 486 974 eum
506 937 660 975 honore.
675 938 750 974 Cur
767 938 864 974 enim
881 938 935 973 vis
956 936 1126 974 lmuorari
1146 947 1165 972 a
1188 936 1415 979 mulieribus,
1431 935 1491 972 die

401 999 490 1036 mihi
506 1000 521 1036 ?
540 1000 694 1037 Maxime
713 999 899 1046 indignum
919 999 989 1036 hoc
1001 1007 1058 1036 est
1071 999 1150 1035 viro
1160 998 1352 1046 spirituali,
1365 1007 1490 1034 amare

401 1063 510 1099 talem
531 1062 738 1108 honorem;
761 1070 1012 1100 verumtamen
1033 1070 1071 1100 et
1092 1069 1179 1100 tunc
1197 1062 1328 1107 aderit,
1343 1062 1488 1109 quando

399 1135 472 1162 neu
492 1135 699 1172 quzeremus
737 1127 868 1173 ipsmn.
899 1125 1000 1163 Solet
1031 1126 1128 1162 enim
1161 1125 1271 1161 homo
1301 1124 1490 1172 despicere

399 1198 464 1225 eos
475 1189 534 1236 qui
551 1199 591 1224 se
605 1189 742 1232 colunt,
759 1195 795 1226 et
809 1189 842 1224 in
856 1189 1095 1225 admiratione
1113 1187 1248 1224 habere
1265 1197 1330 1224 eos
1341 1187 1401 1234 qui
1417 1197 1488 1224 non

399 1251 621 1289 adulantur:
645 1253 702 1289 cui
721 1253 775 1289 rei
796 1252 983 1289 muliebris
1015 1258 1142 1288 natura
1181 1252 1298 1298 magis
1330 1251 1487 1287 obnoxia

399 1322 472 1353 est.
492 1315 582 1352 Nam
599 1316 629 1352 si
653 1316 725 1352 illis
741 1316 822 1363 quis
842 1315 1026 1358 aduletur,
1050 1315 1290 1352 intolerabilis
1309 1319 1386 1357 est;
1423 1314 1489 1350 ad-

400 1379 554 1415 miratur
580 1384 701 1414 autem
723 1379 886 1414 omnium
911 1378 1068 1414 maxime
1097 1387 1176 1422 eos,
1193 1377 1254 1424 qui
1273 1377 1403 1414 cedere
1424 1387 1489 1413 ne-

400 1443 524 1478 sciunt
542 1453 609 1479 nec
629 1441 872 1478 succumbunt
908 1441 1174 1488 intempestivis
1206 1439 1280 1478 suis
1310 1441 1486 1487 concupi-

398 1505 574 1541 scentiis:
597 1510 630 1542 et
649 1504 756 1551 hujus
773 1514 840 1541 vos
857 1503 946 1540 mihi
967 1510 1080 1541 testes
1110 1503 1228 1540 eritis.
1257 1503 1360 1540 Nunc
1388 1505 1485 1540 enim

399 1577 472 1604 non
492 1567 614 1605 solum
633 1567 789 1611 externi,
803 1567 866 1604 sed
887 1573 924 1604 et
938 1567 1026 1614 ipsa:
1041 1577 1186 1615 quoque
1205 1566 1488 1604 contubernales

398 1641 464 1668 vos
483 1631 648 1675 irrident,
671 1631 740 1669 etsi
756 1642 828 1668 non
855 1631 1062 1674 manifeste,
1081 1638 1183 1668 certe
1211 1636 1330 1668 tamen
1348 1631 1383 1667 in
1399 1640 1488 1667 con-

397 1693 548 1730 scientia
567 1721 578 1737 ,
615 1694 886 1741 glorianturque
917 1693 984 1730 hac
1013 1693 1103 1730 dura
1139 1692 1362 1742 tyrannide;
1401 1700 1487 1730 tunc

397 1760 518 1791 autem
529 1757 678 1792 omnino
689 1766 753 1792 vos
770 1756 1060 1800 admirabuntur,
1081 1763 1118 1793 et
1130 1764 1288 1794 vestram
1309 1757 1486 1804 obstupe-

397 1821 504 1854 scunt
517 1816 734 1854 libertatem.
749 1816 852 1862 Quod
867 1817 899 1853 si
916 1818 1052 1854 nostris
1066 1819 1298 1855 sermonibus
1319 1829 1390 1854 non
1406 1829 1486 1855 cre-

397 1877 498 1921 ditis,
516 1877 597 1914 illas
614 1878 710 1926 ipsas
728 1878 965 1926 interrogate,
982 1885 1086 1916 utros
1119 1879 1234 1927 magis
1267 1880 1414 1917 laudent
1449 1886 1486 1918 et

397 1939 617 1987 approbent,
633 1945 683 1977 art
701 1951 766 1978 eos
786 1941 846 1988 qui
869 1940 1048 1983 serviunt.
1069 1951 1114 1978 an
1135 1943 1197 1990 qui
1213 1941 1449 1979 dominantur
1472 1953 1483 1980 :

395 2003 596 2050 subjectos,
618 2009 656 2041 et
674 2004 734 2052 qui
759 2005 880 2042 omnia
899 2003 1038 2042 faciunt
1058 2012 1094 2043 et
1111 2006 1299 2053 patiuntur
1315 2006 1350 2043 in
1387 2006 1484 2054 ipsa-

398 2077 480 2104 rum
510 2068 679 2116 gratiam,
699 2068 756 2105 vel
777 2069 838 2116 qui
861 2069 950 2106 nihil
970 2068 1100 2106 horum
1123 2068 1254 2113 ferunt,
1291 2076 1329 2107 et
1363 2070 1484 2118 pravis

394 2140 522 2168 earum
541 2141 670 2179 parere
689 2130 872 2169 mandatis
887 2131 1122 2170 erubescunt.
1157 2131 1204 2168 Et
1231 2131 1263 2170 si
1282 2131 1404 2170 volent
1428 2132 1485 2170 di-

395 2202 480 2230 cere
500 2203 640 2238 verum,
658 2193 810 2230 omnino
828 2193 924 2238 illos,
945 2193 1223 2242 respondebunt
1240 2205 1250 2230 :
1271 2194 1346 2232 imo
1364 2205 1483 2242 neque

394 2264 575 2302 responso
592 2264 698 2302 opus,
731 2255 845 2293 rebus
877 2255 972 2294 istuc
1002 2257 1121 2304 ipsum
1141 2256 1398 2294 clamantibus.
1436 2257 1484 2295 At

395 2317 592 2365 voluptatis
609 2319 725 2366 gratia
745 2319 808 2366 qui
827 2319 1014 2358 cohabitat
1027 2321 1157 2368 opibus
1178 2321 1316 2366 inhiat,
1352 2322 1479 2360 oculos

397 2390 550 2427 pascens
569 2381 749 2430 virginum
775 2383 998 2430 aspectibus.
1026 2384 1127 2421 Licet
1157 2385 1316 2422 maxime
1337 2385 1482 2434 quidem

394 2443 465 2480 hoc
481 2444 530 2481 ita
557 2455 599 2482 se
613 2445 778 2492 haberet,
812 2452 935 2485 tamen
955 2454 1104 2496 propter
1122 2447 1193 2487 hoc
1220 2449 1336 2497 ipsum
1359 2449 1484 2498 fugere

393 2507 616 2554 oportebat:
645 2519 741 2546 nunc
775 2516 898 2548 autem
931 2511 1037 2548 vobis
1067 2513 1158 2550 satis
1189 2513 1482 2550 demonstratum

395 2577 453 2608 est
469 2571 568 2619 quod
587 2581 700 2610 suave
720 2572 791 2610 hoc
811 2583 883 2610 non
902 2575 976 2619 sit,
1016 2575 1082 2612 sed
1103 2575 1210 2623 plane
1239 2576 1480 2623 contrarium,

393 2633 424 2669 si
443 2634 526 2681 quis
543 2634 612 2672 hac
627 2636 938 2684 contemplatione
969 2647 1040 2674 non
1075 2638 1240 2677 fruatur:
1272 2645 1313 2677 et-
1339 2645 1379 2677 tu
1409 2639 1482 2678 illis

393 2695 544 2744 adjicito
563 2697 669 2734 bona
689 2699 924 2736 conscientiae
941 2699 1119 2737 laetitiam.

445 2759 548 2796 Nihil
557 2760 607 2796 sic
625 2760 798 2797 exhilarat
813 2768 850 2797 ut
865 2762 1074 2799 conscientia
1090 2763 1190 2800 bona.
1207 2783 1258 2792 —
1271 2764 1368 2813 Nihil
1383 2765 1481 2802 enim

393 2831 461 2858 nos
479 2823 532 2859 sic
553 2823 758 2862 exhilarare
778 2825 886 2871 solet,
910 2832 949 2864 ut
966 2828 1188 2866 conscientia
1217 2839 1306 2878 pura
1328 2836 1365 2868 et
1385 2831 1481 2868 bona

396 2893 496 2930 spes.
515 2883 588 2921 Sed
604 2885 736 2932 quietis
769 2888 882 2934 gratia
901 2887 972 2926 hoc
1003 2889 1186 2939 inquiris?
1213 2891 1294 2930 Jam
1325 2892 1477 2930 demon-

395 2951 550 2982 stratum
561 2947 731 2994 est-quod
749 2947 820 2986 hoe
837 2948 978 2988 facilius
995 2957 1108 2998 esset,
1121 2953 1150 2990 si
1166 2951 1278 2991 frater
1290 2953 1480 2992 cohabita-

396 3013 480 3046 ret:
503 3019 548 3048 ac
579 3021 677 3049 nttuc
713 3012 802 3050 nihil
839 3024 860 3051 a
891 3024 997 3053 servo
1016 3015 1154 3062 differs,
1177 3023 1214 3055 et
1233 3029 1402 3066 quaerens
1419 3029 1480 3056 re-

393 3073 532 3120 quiem,
553 3075 766 3114 servitutem
788 3077 956 3116 invenisti
982 3081 1237 3128 gravissimam
1258 3095 1266 3118 :
1289 3091 1373 3118 cum
1392 3091 1481 3119 vero

394 3134 568 3174 immunis
586 3137 632 3176 ab
653 3138 723 3177 hoc
738 3140 944 3180 ministerio
963 3142 1088 3188 fueris,
1113 3150 1188 3180 tum
1209 3145 1283 3182 eris
1303 3145 1399 3182 inter
1415 3155 1480 3182 eos

395 3199 456 3244 qui
474 3199 668 3247 imperant,
692 3213 763 3240 non
784 3203 917 3252 quibus
937 3207 1151 3253 imperatur.
1169 3206 1280 3255 Igitur
1293 3208 1324 3245 si
1344 3207 1393 3244 ibi
1413 3217 1480 3255 pro

395 3259 581 3308 voluptate
607 3273 758 3310 mceror,
779 3272 817 3303 et
841 3277 906 3314 pro
939 3267 1052 3316 gloria
1076 3269 1262 3312 confusio.
1281 3277 1320 3308 et
1348 3281 1414 3318 pro
1433 3273 1479 3309 li-

394 3322 534 3362 bertate
557 3328 734 3374 servitus,
765 3336 802 3367 et
818 3341 884 3378 pro
902 3333 1026 3380 requie
1045 3333 1158 3378 labor.
1177 3339 1216 3372 et
1234 3335 1413 3372 accedunt
1431 3335 1477 3372 ad

393 3383 474 3423 haec
490 3387 586 3433 quod
601 3394 639 3426 et
659 3389 753 3428 Deus
768 3391 1056 3441 blasphematur,
1091 3402 1128 3432 et
1147 3402 1244 3433 tanta
1261 3397 1418 3444 perditio
1435 3407 1478 3434 ac

393 3446 578 3494 scandala,
601 3454 636 3486 et
651 3450 865 3491 immortalis
886 3465 1008 3502 pinna,
1030 3462 1068 3494 et
1098 3457 1334 3504 plurimorum
1365 3459 1478 3495 bono-

389 3519 471 3546 rum
499 3511 674 3558 amissio;
715 3513 774 3552 hic
802 3524 922 3554 autem
959 3519 1142 3557 contraria
1173 3521 1310 3565 omnia,
1346 3521 1476 3567 gloria,

390 3571 532 3618 honor,
561 3575 744 3624 voluptas,
771 3577 916 3624 fiducia,
951 3580 1116 3625 libertas,
1139 3583 1237 3620 salus
1257 3583 1475 3627 animarum,

390 3636 491 3683 regni
506 3635 704 3682 hereditas,
717 3649 835 3688 ptume
849 3641 1022 3686 eﬂugium
1040 3655 1050 3680 :
1074 3643 1178 3690 cujus
1197 3645 1249 3682 rei
1271 3645 1384 3692 gratia
1405 3655 1477 3682 non

391 3695 475 3735 haec
493 3698 565 3737 illis
583 3703 924 3740 eommutabimusi'
945 3703 1022 3751 Ego
1037 3712 1136 3742 certe
1149 3707 1288 3751 nescio,
1309 3707 1376 3744 nisi
1393 3707 1475 3754 quis

391 3759 550 3806 seipsum
566 3763 722 3809 perdere
737 3764 941 3811 desideret;
961 3766 1032 3803 ulla
1051 3767 1229 3814 siquidem
1249 3769 1353 3806 nobis
1371 3775 1476 3816 post-

391 3817 460 3856 hac
477 3821 643 3861 defensio
661 3826 734 3864 erit
751 3837 820 3865 nec
839 3828 960 3865 venia.
978 3827 1017 3866 Si
1035 3829 1148 3872 enim,
1184 3831 1352 3876 quamvis
1382 3830 1473 3868 nihil

390 3879 520 3920 bomm
556 3893 680 3934 esset,
717 3891 840 3928 omnia
870 3897 990 3929 tamen
1027 3901 1092 3939 pro
1127 3891 1242 3938 gloria
1280 3893 1343 3930 Dei
1380 3894 1474 3931 ferre

391 3945 594 3996 Oportebat,
607 3959 690 3990 cum
709 3959 746 3992 et
765 3956 958 4000 praesentia
971 3955 1174 4003 percipere,
1187 3961 1223 3993 et
1242 3954 1361 3994 futura
1371 3967 1472 3995 asse—

1565 306 1626 354 qui
1659 305 1754 344 bona
1785 305 1912 351 liceat;
1942 318 2007 345 nos
2026 315 2142 344 autem
2173 316 2393 359 prtcterqum
2421 317 2497 363 quod
2514 319 2556 360 Dei

1565 368 1680 416 gloria
1698 367 1982 416 blasphematur,
2001 379 2066 406 nos
2077 370 2173 416 ipsos
2187 373 2288 408 etiam
2304 373 2484 421 perdimus:
2500 382 2556 428 quis

1565 440 1632 467 nos
1649 430 1778 477 eripiet
1797 438 1832 467 et
1853 431 2017 468 liberabit
2033 441 2054 468 a
2083 432 2251 480 supplicio
2278 442 2410 484 propter
2432 437 2487 477 hoc
2508 441 2555 480 im.

1564 493 1754 530 minante?
1772 491 1900 529 Nullus
1913 503 2014 530 sane.

1613 554 1674 591 12.
1689 553 1819 592 Omnia
1847 553 1956 601 igitur
1976 555 2054 596 luet:
2071 555 2247 594 nobiseum
2262 560 2502 607 perpendentes,
2519 565 2555 602 vel

1563 626 1646 654 sero
1667 616 1812 654 tandem
1834 627 2042 664 reparemus
2060 615 2250 656 animarum
2269 621 2416 659 Salutem.
2434 623 2518 670 Quod
2537 627 2556 664 si

1562 679 1648 727 quid
1669 679 1890 718 difficultatis
1921 679 2030 718 habet
2045 680 2162 718 divelli
2177 692 2197 718 a
2217 682 2313 730 longa
2336 687 2553 733 conisuetudlne,

1563 743 1599 780 vi
1618 743 1796 780 ratiocinii
1815 753 1885 780 una
1901 753 1982 780 cum
2005 744 2064 780 Dei
2084 745 2192 792 gratia
2209 745 2273 783 hoc
2297 752 2397 784 totum
2416 751 2554 795 permitta-

1563 817 1658 850 mus,
1677 813 1712 844 et
1738 807 1826 844 illud
1837 807 1945 858 nobis
1963 807 2244 854 persuadeamus,
2280 810 2329 846 vel
2346 811 2374 849 si
2392 812 2554 860 principium

1563 869 1680 908 solum
1700 870 1928 917 imponamus
1947 868 2060 917 opei'i,
2081 880 2149 908 non
2169 871 2254 908 ultra
2273 873 2398 910 visuros
2411 884 2465 911 nos
2485 875 2554 913 difﬁ-

1562 934 1734 975 cultatem
1754 946 1762 970 :
1783 934 1836 970 sie
1848 933 2021 973 adversus
2033 934 2312 971 consuetudinem
2327 935 2554 981 praevalehimut.

1561 997 1652 1035 Nam
1671 994 1842 1037 si'decem
1859 997 1936 1035 dies
1955 1002 1990 1036 te
2007 997 2232 1040 abstraxcris,
2263 997 2388 1036 facilius
2416 998 2490 1036 feres
2514 1001 2551 1036 vi-

1560 1061 1666 1107 ginti,
1691 1068 1727 1101 et
1758 1061 1888 1098 iturum
1925 1059 1980 1098 his
1999 1066 2136 1103 tantos;
2169 1059 2352 1107 deindeth
2369 1062 2479 1098 sensim
2495 1071 2552 1108 pro-

1561 1124 1731 1171 grediens
1764 1134 1881 1170 neque
1897 1123 2032 1160 senties
2055 1123 2286 1160 difficultatem
2317 1133 2411 1170 quam
2439 1123 2552 1159 habuisti

1562 1186 1680 1230 initio,
1705 1186 1916 1233 videbisquo
1936 1184 2142 1224 facillimum
2156 1184 2260 1229 factu,
2285 1184 2370 1232 quod
2387 1191 2430 1222 tot
2455 1194 2552 1231 agones

1561 1249 1663 1296 prius
1683 1247 1918 1295 exposcebat,
1939 1252 1978 1284 cl.
1997 1247 2032 1286 in
2053 1247 2156 1285 aliam
2189 1253 2220 1283 te
2239 1246 2410 1283 transferes
2437 1255 2550 1283 consue-

1563 1311 1740 1353 tudinem.
1781 1310 1972 1347 inveniens
1989 1309 2081 1347 haud
2097 1309 2142 1345 ita
2155 1319 2289 1356 gravem
2307 1307 2550 1345 translationem:

1562 1382 1682 1420 neque
1701 1371 1737 1408 id
1753 1382 1817 1418 per
1835 1370 2130 1408 eousaetudinem
2141 1370 2261 1413 solum,
2279 1369 2334 1408 sed
2345 1375 2375 1406 et
2391 1379 2444 1415 per
2455 1369 2550 1404 bonan

1560 1446 1662 1482 spem
1693 1435 1891 1481 continget.
1922 1433 1984 1471 Sic
2003 1439 2037 1470 te
2057 1434 2125 1470 illa:
2149 1433 2250 1480 magis
2267 1432 2549 1474 admirabuntur,et

1562 1497 1658 1534 Deus
1677 1507 1751 1544 pra:
1770 1497 1852 1534 aliis
1866 1501 2054 1544 acceptum
2074 1495 2235 1537 habebit,
2269 1500 2300 1531 et
2324 1493 2464 1530 homines
2479 1501 2546 1528 coro

1561 1559 1714 1605 nubunt,
1737 1559 1910 1607 vivosque
1931 1559 2045 1597 libere
2059 1564 2095 1596 et
2124 1555 2280 1605 jucunde.
2296 1555 2374 1600 Quid
2398 1553 2480 1591 enim
2496 1551 2549 1588 lue-

1561 1625 1610 1664 rit
1623 1623 1786 1669 suavius,
1804 1633 1912 1670 quam
1930 1633 1950 1658 a
1970 1622 2060 1658 mala
2079 1620 2283 1658 conscientia
2303 1617 2438 1660 liberari,
2452 1621 2481 1652 et
2495 1624 2550 1661 per-

1561 1696 1710 1738 petuum
1731 1689 2037 1736 concupiscentia:
2065 1686 2193 1724 bellum
2209 1685 2384 1726 dirimere,
2412 1687 2443 1718 et
2471 1679 2548 1716 multa

1560 1753 1734 1792 facilitate
1751 1751 1929 1800 insignem
1948 1751 2176 1789 continentiae
2193 1757 2347 1786 coronam
2373 1745 2511 1793 plectere,
2525 1747 2550 1777 ct

1557 1816 1684 1856 liberis
1716 1816 1832 1854 oculis
1865 1815 1901 1852 in
1937 1815 2064 1852 etclam
2095 1813 2278 1859 respicere,
2298 1808 2550 1856 puraquevoceet

1557 1878 1669 1917 corde
1679 1879 1871 1916 Dominum
1883 1877 2130 1915 universorum
2141 1871 2315 1912 invocare?
2322 1869 2428 1907 Nullus
2437 1865 2548 1906 catenis,

1557 1943 1726 1990 squalore
1762 1948 1800 1980 et
1816 1941 1898 1980 aliis
1933 1949 2119 1979 carcerum
2153 1933 2368 1975 incommodis
2393 1935 2548 1976 exemptus.

1557 2005 1632 2047 imo
1649 2006 1772 2044 nullus
1790 2006 1853 2054 qui
1873 2015 1990 2042 caicus
2007 2009 2086 2041 erat
2101 2001 2231 2050 apertis
2248 1997 2362 2042 oculis,
2377 2001 2406 2032 et
2423 1994 2484 2029 visa
2503 1990 2549 2054 hac

1555 2067 1654 2106 dulci
1671 2068 1753 2106 luce
1769 2051 1822 2106 sic
1835 2068 1990 2112 exsulat,
2009 2065 2115 2114 gestit
2127 2071 2164 2103 et
2191 2059 2364 2110 tripudiat,
2391 2064 2424 2094 ut
2446 2054 2494 2102 ιιιιί
2518 2051 2549 2088 ab

1558 2130 1628 2169 hac
1639 2131 1814 2170 servitute
1832 2130 1977 2168 liberari
1993 2129 2119 2177 potuit.
2135 2126 2250 2172 Longe
2261 2122 2344 2160 enim
2361 2117 2490 2184 dulcior

1556 2193 1640 2233 luce
1657 2200 1713 2231 est
1726 2193 1894 2231 liberalia
1913 2191 1958 2229 ab
1977 2192 2045 2229 hac
2063 2187 2254 2240 tyrannide,
2285 2191 2316 2222 et
2333 2182 2422 2221 omni
2437 2179 2549 2224 caligine

1555 2258 1704 2306 gravior
1719 2257 1905 2295 servitutis
1921 2256 2015 2293 illius
2032 2260 2069 2292 et
2083 2252 2291 2290 vinculorum
2302 2245 2439 2285 miseria.
2454 2243 2549 2306 ierunt

1557 2305 1644 2370 quid
1662 2330 1754 2368 opus
1773 2327 1829 2358 est
1859 2318 2038 2368 prolixius
2064 2315 2242 2362 utriusque
2269 2311 2344 2348 vita:
2360 2305 2549 2373 candidati“

1557 2368 1741 2432 persequi,
1761 2393 1845 2420 cum
1879 2382 1940 2419 illa
1970 2379 2114 2429 quidem
2145 2375 2382 2424 indignitatem,
2402 2368 2548 2432 tristitiam,

1556 2446 1728 2484 damnum
1747 2453 1785 2482 et
1800 2445 2070 2492 corruptionem
2091 2449 2270 2488 magnam;
2300 2435 2368 2472 11³³0
2385 2439 2456 2495 Ve”?
2469 2427 2550 2495 mf”

1555 2514 1683 2552 tatem,
1703 2491 1940 2556 voluptatem,
1967 2504 2153 2542 utilitatem
2167 2507 2202 2539 et
2217 2499 2351 2537 multam
2377 2491 2550 2556 prudclllilt"

1554 2582 1632 2620 prae
1650 2582 1691 2609 se
1705 2553 1818 2608 ferat?
1838 2570 1966 2610 Nullus
1979 2569 2074 2607 enim
2089 2577 2130 2604 ea
2144 2573 2257 2602 sermo
2267 2564 2372 2610 potest
2383 2553 2550 2621 exl‘rl'“f'°f

1555 2617 1620 2673 sed
1635 2635 1713 2672 sola
1732 2645 1855 2671 rerum
1875 2631 2113 2680 experientia.
2142 2629 2185 2667 Et
2205 2633 2284 2664 tunc
2302 2621 2399 2672 Ρτοιδθ

1555 2699 1686 2748 quibus
1703 2698 1811 2736 malis
1827 2697 1971 2735 liberati
2002 2696 2102 2740 sitis,
2136 2702 2238 2741 quam
2264 2681 2550 2750 assetl-‘mlitfueﬂ‘

1554 2736 1682 2806 vitam,
1702 2770 1784 2800 cum
1803 2756 1924 2807 r'eipsa
1941 2759 2046 2796 nobis
2063 2736 2302 2801 obtemperare
2316 2743 2482 2785 volueritis.
2499 2736 2550 2807 0h:

1555 2801 1806 2872 temperabitis
1822 2801 1931 2870 igitur
1947 2831 2029 2859 curn
2048 2829 2155 2867 opere
2191 2817 2264 2863 ipso
2293 2820 2364 2859 (ιιιτο
2391 2806 2468 2874 die“?
2492 2801 2550 2874 S'T‘

1553 2871 1766 2926 didiceritis.
1802 2886 1907 2932 Quod
1928 2886 1958 2922 si
1979 2885 2094 2922 adhuc
2113 2879 2294 2928 respuitis,
2321 2880 2352 2911 et
2370 2871 2552 2935 nostris“:

1554 2949 1724 2988 monibus
1751 2924 1833 2986 not:
1851 2947 2014 2992 creditis,
2037 2947 2247 2990 interrogate
2273 2937 2397 2983 aliquos
2419 2928 2466 2976 qui
2486 2924 2551 2994 haut:

1553 3012 1771 3050 servitutem
1785 3011 1934 3048 tulerint
1959 2981 2160 3058 aliquando,
2172 2981 2227 3041 “et
2239 2999 2356 3039 deinde
2384 2987 2505 3060 liberali

1555 3076 1762 3114 libertatem
1781 3074 1913 3112 bonam
1931 3055 2160 3115 recurrerint,
2182 3073 2215 3105 et
2228 3062 2339 3104 scietis
2351 3055 2552 3117 admonitionis

1554 3138 1662 3185 hujus
1681 3137 1836 3174 lucrum.
1875 3135 2016 3174 Etenim
2033 3139 2068 3172 et
2087 3131 2248 3170 Salomon
2275 3133 2349 3162 cum
2377 3114 2551 3185 metu“)?

1553 3172 1676 3239 rerum
1687 3199 1979 3247 concupiscentia
1993 3199 2185 3238 teneretur,
2203 3195 2341 3236 magnas
2356 3191 2409 3220 eas

1697 3237 1858 3310 putabat,
1877 3261 2100 3306 multumque
2117 3257 2151 3293 in
2168 3237 2216 3291 eis
2234 3247 2365 3310 iaboris
2374 3249 2404 3280 et
2420 3237 2552 3310 solliciti:

1551 3327 1648 3363 diuis
1676 3303 1879 3362 insumebat
1900 3303 2107 3371 magniﬁcas
2134 3311 2330 3355 azdillcando
2347 3303 2554 3371 dontosL-lli’:

1552 3397 1718 3424 mensum
1737 3363 1986 3423 macervando
2000 3389 2137 3424 aurum,
2152 3368 2385 3424 contentam"
2409 3363 2553 3421 “morm.”

1551 3450 1705 3493 choros,
1728 3449 1829 3486 varia
1863 3456 1997 3496 genera
2017 3444 2252 3482 ministrorum
2281 3425 2554 3498 mettsm'fl‘ﬂl’:

1552 3522 1621 3558 nte,
1639 3511 1839 3560 quaerendo
1856 3485 1987 3548 animus
2005 3517 2078 3546 suae
2107 3503 2316 3550 voluptatem
2339 3485 2552 3573 ab‘ﬁorm:

1551 3581 1588 3612 et
1605 3584 1800 3622 corporum
1816 3573 2056 3610 formosorum
2077 3566 2200 3616 gratia,
2299 3548 2497 3634 omasi:

1550 3607 1692 3682 dicam,r
1707 3635 1961 3675 oblectationis
1974 3640 2010 3670 et
2029 3627 2202 3677 refrigerii
2233 3623 2319 3701 viaIm
2332 3607 2552 3701 .Secgnzma‘:

2159 3690 2165 3698 ι
2190 3698 2226 3701 __.
2247 3696 2280 3701 ,μ
2299 3684 2382 3701 ζου-ιη
2403 3700 2406 3701 ,

1550 3701 1612 3737 ubi
1629 3701 1713 3737 inde
1726 3700 1772 3737 ad
1787 3710 1826 3736 se
1839 3706 2004 3736 reversus
2020 3701 2057 3732 et
2068 3690 2166 3741 (1035i
2183 3698 2226 3726 ex
2244 3671 2552 3756 caliginosal

1550 3765 1684 3813 abysso
1696 3765 1740 3801 ad
1757 3765 1878 3801 lumen
1893 3771 1988 3798 vera:
2003 3755 2184 3804 sapientite
2197 3747 2364 3816 respicere
2373 3734 2554 3818 val't‘nlxilfsic-

1550 3789 1596 3800 ..υ
1623 3789 1684 3802 πυ
1696 3789 1740 3801 σε.
1757 3789 1878 3801 ..,...ν..
1901 3789 1988 3798 μην.
2003 3789 2162 3804 ,Ἵππην
2255 3789 2264 3794 .

1549 3789 1746 3866 Sublimem
1765 3827 1861 3864 illam
1881 3831 1916 3862 et
1933 3823 2030 3861 caelis
2047 3819 2186 3867 dignam
2203 3809 2315 3850 emisit
2327 3808 2438 3841 vocem
2454 3807 2462 3830 :
2479 3789 2532 3827 V0"

1551 3898 1604 3928 tas
1619 3892 1822 3936 vanitatem,
1845 3889 1984 3931 dicens,
2006 3876 2038 3922 et
2055 3881 2166 3920 omnia
2179 3876 2316 3954 minitas.
2338 3939 2406 3954 ..Μ
2423 3926 2452 3954 in
2468 3910 2552 3954 "mi

1599 3955 1658 3993 *5.
1682 3931 1822 4002 Hajoro
1840 3949 2032 4000 praestanda
2051 3947 2087 3983 in
2106 3953 2188 3982 nova
2207 3941 2297 3987 lege,
2315 3939 2406 3982 quam
2423 3931 2452 3961 ut
2468 3931 2482 3956 τ
