4004 6208
276 320 381 382 Si?»

268 466 341 481 —--
367 438 518 492 llauc
541 448 596 492 et
625 452 715 489 vos
739 446 792 489 et
825 436 922 488 hac
960 432 1358 509 sublimiorem,
1379 432 1423 485 si
1454 431 1756 510 volueritis,
1785 434 1863 484 ef-

269 533 459 586 feretls
487 529 803 584 sententiam
837 525 904 579 de
945 524 1314 594 intempestiva
1354 523 1454 578 hac
1483 522 1751 591 voluptate
1771 563 1784 585 ,
1816 519 1862 576 si

272 622 656 694 aliquantisper
696 634 726 672 a
768 618 906 672 mala
951 616 1337 672 consuetudine
1367 631 1461 669 vos
1499 613 1858 682 scjunxeritis.

273 714 526 784 Quamvis
550 720 727 766 autem
753 726 783 764 a
813 709 1100 766 Salomone
1128 707 1339 764 saeculis
1368 705 1732 785 superioribus
1756 720 1862 758 non

275 819 379 860 tam
433 805 599 857 multa
653 803 929 873 sapientiae
977 801 1286 871 exigebatur
1331 798 1636 870 diligentia;
1689 812 1864 866 neque

271 897 409 950 enim
447 895 669 950 delicias
709 895 798 949 lex
841 903 993 950 vetus
1028 892 1377 963 prohibebat,
1409 905 1583 960 neque
1613 890 1731 945 aliis
1759 889 1861 944 frui

270 986 614 1056 supervacuis
655 985 864 1040 dicebat
903 1000 1021 1040 esse
1061 998 1291 1045 vanum;
1331 991 1568 1036 attamen
1608 990 1664 1037 et
1698 982 1862 1058 sicse

273 1075 590 1130 habentibus
631 1075 791 1130 rebus
829 1076 880 1128 in
910 1073 1037 1142 ipsis
1062 1073 1307 1129 contueri
1346 1073 1514 1142 potuit
1541 1087 1696 1142 quam
1729 1073 1862 1128 viles

270 1177 324 1220 et
351 1165 566 1218 vanitati
593 1165 836 1218 obnoxize
871 1179 958 1218 res
991 1172 1187 1218 essent.
1221 1163 1327 1218 Nos
1352 1179 1479 1218 vero
1504 1161 1571 1216 ad
1605 1161 1858 1231 majorem

273 1260 446 1314 vocati
469 1260 651 1324 vitam,
677 1267 731 1313 et
754 1258 819 1312 ad
844 1258 1191 1313 excellentius
1212 1257 1475 1328 fastigium
1499 1256 1857 1320 ascendimus,

273 1359 325 1404 et
353 1351 406 1404 in
450 1350 740 1419 majoribus
770 1364 1082 1404 exercemur
1123 1348 1402 1418 palaestris.
1430 1347 1499 1402 Et
1525 1346 1650 1417 quid
1679 1346 1821 1401 aliud
1841 1385 1859 1413 ,

269 1457 428 1510 quam
459 1441 596 1511 quod
638 1441 777 1495 sicut
817 1456 1062 1510 supernae
1093 1440 1323 1494 Virtutes
1346 1479 1361 1505 ,
1400 1438 1781 1494 intellectuales
1807 1447 1862 1493 et

273 1532 600 1601 incorporea:
629 1532 732 1586 illa:
758 1533 894 1585 viam
923 1532 1198 1586 instituere
1221 1530 1509 1598 jubemur?
1532 1532 1737 1586 Annon
1765 1530 1860 1600 igi-

273 1633 362 1680 tur
380 1635 462 1679 est
483 1634 652 1694 turpe,
675 1633 1019 1693 extremoque
1039 1621 1300 1693 supplicio
1321 1621 1558 1692 dignum,
1583 1621 1673 1676 illo
1692 1620 1860 1675 multo

274 1716 510 1770 minores
545 1729 834 1784 apparere;
865 1722 920 1768 et
962 1729 1066 1767 non
1110 1713 1282 1767 solum
1313 1711 1580 1766 concessis
1608 1725 1714 1767 non
1745 1709 1859 1765 ﬁeri

274 1807 632 1871 sublimiores,
667 1816 723 1860 ut
748 1805 854 1867 ille,
889 1804 984 1859 sed
1021 1811 1075 1859 et
1104 1805 1261 1858 vetita
1301 1802 1538 1874 aggredi,
1569 1818 1686 1872 qua:
1716 1803 1856 1857 into-

275 1897 544 1952 lerabilem
567 1912 774 1966 pcenam
795 1894 1050 1950 afferant?
1071 1894 1200 1949 Nam
1226 1895 1275 1948 in
1298 1895 1476 1948 anima
1497 1895 1691 1948 malum
1711 1908 1858 1948 amo-

273 2003 386 2044 rem
425 2003 670 2057 pascere,
697 2004 761 2042 ex
793 1986 1220 2057 concupiscentia
1263 1995 1504 2055 spectare
1543 1985 1854 2050 mulierem,

267 2079 526 2149 speculari
546 2080 771 2134 alienam
799 2079 1200 2143 formositatem,
1225 2078 1578 2132 dehonestare
1599 2077 1854 2146 seipsum,

267 2186 461 2225 nocere
501 2171 902 2234 infirmioribus,
932 2170 1124 2223 inultas
1149 2169 1432 2239 gentilibus
1457 2179 1511 2224 et
1536 2169 1734 2224 Judtcis
1761 2185 1857 2222 au-

265 2275 352 2315 sas
385 2263 642 2330 prmbcre,
672 2260 997 2315 domesticos
1023 2272 1076 2313 et
1100 2260 1305 2314 alienos
1330 2261 1694 2330 supplantare,
1721 2262 1830 2314 mul

265 2360 479 2420 tamque
505 2361 692 2404 eontra
731 2349 825 2406 Dei
863 2349 1084 2420 gloriam
1114 2363 1404 2418 procurare
1429 2349 1810 2419 blasphemiam
1835 2385 1852 2417 ,

263 2441 447 2496 servili
496 2441 791 2496 ministerio
837 2441 1165 2510 mancipatos
1209 2454 1363 2507 esse,
1409 2440 1476 2495 ad
1523 2442 1853 2494 swcularium

263 2534 596 2601 negotiorum
627 2532 834 2586 turbam
867 2545 964 2586 nos
995 2532 1138 2600 ipsos
1162 2530 1453 2596 intrudere,
1485 2531 1733 2585 donatam
1761 2548 1855 2584 no-

263 2625 346 2679 bis
368 2625 664 2678 libertatem
685 2623 898 2680 diabolo
919 2623 1226 2694 propinare,
1255 2634 1306 2678 et
1329 2639 1448 2677 cum
1472 2623 1852 2676 immanissima

262 2718 543 2786 tyrannide
567 2725 931 2780 commutare;
958 2714 1235 2768 ridiculum
1260 2715 1473 2783 quidem
1499 2715 1703 2780 amicis,
1734 2731 1854 2791 pro-

263 2811 476 2864 brosum
505 2825 632 2864 vero
657 2809 881 2862 inimicis
907 2821 1044 2871 esse,
1075 2807 1266 2860 malam
1292 2806 1434 2860 omni
1465 2805 1715 2860 Ecclesia:
1739 2808 1850 2876 opi-

261 2903 473 2957 nionem
498 2901 768 2964 invehere,
794 2899 1118 2954 confundere
1139 2897 1414 2952 honestam
1439 2898 1751 2966 virginitatis
1773 2899 1851 2951 di-

261 2995 533 3064 gnitatem,
560 3001 613 3046 et
636 2992 1023 3045 luxuriantibus
1045 2991 1238 3044 multas
1259 2991 1501 3060 praebere
1521 2990 1848 3058 occasiones,

259 3085 464 3154 aliaque
501 3083 582 3136 his
623 3082 771 3152 plura
813 3081 991 3135 facere
1031 3081 1252 3150 gravia;
1293 3095 1466 3150 neque
1506 3081 1645 3134 enim
1675 3083 1851 3136 omnia

260 3175 399 3230 Scire
442 3175 599 3237 licet,
648 3183 737 3225 aut
782 3171 958 3226 verbis
994 3170 1326 3240 exprimere,
1367 3185 1715 3240 qua-cumque
1758 3187 1854 3240 per

263 3265 565 3334 hujusmedi
610 3280 768 3334 opera
812 3265 1075 3318 sustinent
1106 3281 1119 3318 :
1151 3263 1266 3316 lucc
1301 3271 1356 3316 et
1393 3261 1546 3316 valde
1589 3261 1851 3330 prohibita

262 3369 410 3423 sunt,
440 3367 493 3412 et
523 3359 812 3421 cruciatum
841 3356 1231 3412 intolerabilem
1257 3370 1437 3411 secum
1467 3354 1718 3411 aﬂ'erunt.
1750 3355 1851 3410 Ita-

262 3465 368 3519 que
400 3449 518 3503 licet
546 3465 705 3517 parva
733 3449 892 3503 etiam
936 3447 1176 3517 voluptas
1204 3448 1304 3510 sit,
1335 3455 1672 3515 opponantur
1695 3446 1744 3500 ei
1773 3446 1849 3499 ri-

261 3555 374 3604 sus,
400 3540 658 3605 confusio,
687 3541 975 3594 multorum
1003 3537 1352 3606 suspiciones,
1384 3535 1845 3605 reprehensiones,

261 3633 533 3696 convicia,
566 3631 1006 3700 exprobrationes
1029 3671 1044 3695 ,
1082 3628 1277 3682 vermis
1321 3627 1409 3696 qui
1456 3641 1561 3680 non
1601 3625 1845 3692 moritur,

261 3724 494 3778 tenebrae
523 3723 835 3786 exteriores,
874 3721 1009 3791 ignis
1047 3716 1510 3788 inexstinguibilis,
1544 3717 1842 3781 tribulatio,

258 3816 500 3886 angustia
527 3855 541 3880 ,
579 3813 776 3869 stridor
811 3812 1050 3866 dentium
1077 3855 1090 3877 ,
1122 3812 1326 3866 vincula
1367 3808 1700 3874 insolubilia;
1734 3807 1847 3863 luce

808 301 990 392 quon
1029 304 1442 377 tiseumnss
1485 293 1765 376 mm
1813 297 1982 374 virus
2018 318 2460 376 COHABl'l‘ARE
2499 319 2635 375 aea
2677 319 3011 376 DEDEANT.

3452 327 3560 377 5η

1974 436 2112 485 Sicut
2151 431 2203 485 in
2237 439 2433 485 statera
2460 432 2823 501 appendamus
2844 474 2861 497 ,
2891 433 3294 502 resiliamusque
3323 436 3405 488 vel
3437 449 3560 488 sero

1971 534 2002 576 a
2043 523 2340 592 pernicioso
2375 523 2793 594 gravissimeque
2824 525 2924 578 hoc
2963 523 3184 590 morbo,
3213 533 3273 577 ut
3301 540 3422 578 cum
3454 527 3561 579 ful-

1969 615 2216 684 gentibus
2253 615 2466 670 corenis
2504 615 2629 670 illuc
2661 617 2953 685 migremus
2973 658 2986 681 ,
3019 625 3074 671 et
3103 619 3365 686 possimus
3392 618 3559 673 libero

1971 722 2064 762 ore
2088 707 2154 761 ad
2175 706 2440 762 Christum
2463 708 2641 763 dicere
2668 727 2678 761 :
2705 709 2927 778 Propter
2947 717 3000 763 te
3024 718 3076 764 et
3102 718 3316 779 propter
3333 711 3558 780 gloriam

1973 807 2114 853 tuam
2142 809 2197 854 et
2226 789 2606 856 familiaritates
2629 802 3067 872 contempsimus,
3095 811 3149 856 ct
3172 803 3426 872 voluptati
3455 803 3558 856 im-

1971 890 2291 960 peravimus,
2324 898 2379 946 et
2403 890 2633 946 animam
2664 901 2900 947 nostram
2921 892 3229 960 amittimus,
3256 893 3559 963 rejectaque

1975 983 2120 1037 omni
2154 982 2385 1038 amicitia
2416 993 2470 1038 et
2497 985 2837 1054 praajudicata
2864 983 3114 1054 opinione
3141 994 3190 1039 te
3215 997 3558 1053 amoremque

1968 1075 2047 1130 tui
2072 1073 2232 1130 rebus
2256 1075 2503 1132 omnibus
2529 1077 2932 1146 praeposuimus.
2964 1076 3053 1132 Sic
3073 1077 3211 1131 enim
3235 1076 3558 1130 lucrabimur

1969 1179 2066 1220 nos
2097 1166 2241 1234 ipsos
2261 1207 2276 1232 ,
2304 1166 2632 1222 lucrabimur
2669 1167 2892 1223 miseras
2929 1168 3078 1234 illas,
3116 1160 3440 1221 lucrabimur
3463 1182 3557 1221 eos

1967 1256 2058 1326 qui
2085 1256 2548 1322 scandalizantur;
2580 1267 2633 1313 et
2661 1272 2781 1313 cum
2809 1259 3130 1329 martyribus
3155 1244 3552 1321 collocabimur,

1969 1346 2245 1417 primoque
2272 1348 2326 1402 in
2353 1349 2541 1403 ordine
2567 1349 2787 1404 erimus.
2814 1349 2946 1403 Nam
2973 1349 3058 1415 iis,
3087 1350 3174 1420 qui
3204 1351 3302 1404 hoc
3325 1350 3556 1404 maxime

1967 1439 2260 1494 certamine
2285 1441 2545 1506 vicerunt,
2574 1451 2626 1494 et
2654 1439 2863 1495 fortiter
2883 1441 3152 1496 cruciatus
3173 1442 3426 1505 tulerunt,
3450 1457 3555 1495 non

1966 1529 2228 1584 minorem
2258 1546 2398 1599 pono
2427 1530 2698 1586 hominem
2725 1533 3155 1602 concupiscentia
3183 1533 3345 1588 veteri
3372 1531 3556 1588 delen-

1969 1628 2080 1674 tum
2104 1629 2159 1674 et
2185 1620 2237 1673 in
2262 1621 2578 1677 suavissima
2604 1632 2658 1676 et
2689 1624 2906 1693 antiqua
2934 1623 3320 1679 consuetudine
3351 1639 3553 1693 praeoc-

1964 1720 2212 1780 cupatum
2236 1751 2252 1778 ,
2280 1720 2336 1765 et
2366 1709 2559 1766 deinde
2598 1727 2692 1781 per
2733 1712 2980 1768 timorem
3009 1713 3102 1767 Dei
3133 1714 3554 1782 disrumpentcm

1966 1801 2193 1868 vincula,
2217 1811 2271 1856 et
2290 1801 2356 1856 ad
2378 1800 2430 1856 id
2451 1803 2591 1873 qttod
2626 1804 2730 1858 Deo
2763 1803 3017 1874 probatur
3044 1814 3425 1860 recurrentem.
3459 1806 3556 1859 Est

1964 1893 2106 1948 enim
2133 1902 2187 1947 et
2215 1892 2318 1949 hoc
2343 1893 2509 1948 multo
2531 1894 2803 1950 difﬁcilius
2823 1936 2840 1959 ,
2864 1895 3111 1952 affectum
3137 1908 3190 1950 et
3216 1895 3553 1950 dilectionem

1964 1985 2315 2042 inveteratam
2354 1987 2577 2057 ejicere,
2612 1997 2668 2042 ct
2707 1988 3030 2058 multiplices
3069 1989 3379 2042 occasiones
3411 1989 3552 2041 avel—

1963 2077 2107 2143 lere;
2138 2087 2192 2133 et
2217 2079 2504 2148 assumptis
2529 2079 2627 2132 alis
2652 2077 2719 2133 ad
2747 2079 2990 2134 caelestes
3018 2078 3227 2148 apsides
3257 2093 3550 2132 recurrere.

1963 2169 2030 2222 Et
2050 2168 2189 2224 sicut
2212 2179 2504 2240 martyrum
2529 2169 2683 2224 velox
2711 2170 2880 2234 labor,
2910 2170 2981 2223 ita
3001 2177 3056 2224 et
3081 2169 3270 2224 herum
3297 2169 3554 2240 prolixior

1961 2257 2135 2314 dolor.
2167 2260 2501 2329 Quapropter
2527 2269 2584 2314 et
2612 2275 2767 2330 pares
2797 2275 3011 2316 coronae
3031 2301 3044 2326 ,
3074 2261 3326 2330 quoniam
3355 2270 3408 2314 et
3433 2275 3550 2314 cer-

1963 2352 2160 2406 tamina
2192 2353 2329 2407 inter
2353 2368 2412 2407 se
2437 2362 2560 2408 sunt
2593 2353 2806 2408 similia.
2836 2351 2969 2407 Nam
2997 2353 3043 2408 si
3068 2353 3156 2423 qui
3183 2353 3361 2408 educit
3383 2364 3437 2407 ct
3461 2367 3552 2406 se-

1963 2453 2112 2514 parat
2138 2444 2426 2513 pretiosum
2462 2458 2493 2497 a
2519 2443 2609 2498 vili
2636 2442 2768 2515 (Jer.
2799 2445 2884 2498 l5.
2918 2442 3028 2514 l9),
3055 2443 3191 2498 sicut
3216 2458 3277 2498 es
3309 2443 3402 2498 Dei
3428 2443 3548 2508 erit,

1960 2535 2050 2605 qui
2076 2546 2130 2590 et
2166 2536 2400 2604 seipsum
2439 2536 2778 2602 liberaverit,
2815 2546 2870 2591 et
2898 2537 3093 2590 multos
3132 2535 3266 2590 alios
3305 2535 3552 2589 crimina-

1963 2626 2106 2680 tione
2143 2626 2436 2692 exemerit,
2464 2627 2633 2694 cogita
2675 2635 2926 2695 quantam
2961 2625 3186 2694 accipiet
3217 2624 3548 2690 mercedem,

1959 2723 2011 2770 et
2043 2716 2380 2784 praemiorum
2411 2731 2506 2785 spe
2533 2715 2665 2771 levis
2690 2727 2745 2770 et
2777 2716 2998 2784 alacris,
3033 2725 3316 2772 contemne
3353 2717 3548 2771 malam

1958 2808 2417 2868 consuetudinem.
2449 2817 2506 2861 ut
2527 2807 2678 2877 juxta
2708 2807 2801 2862 Dei
2829 2807 3156 2863 voluntatem
3191 2807 3415 2864 decursa
3441 2809 3548 2863 vita

1961 2896 2079 2964 hac,
2099 2912 2217 2951 cum
2234 2913 2362 2967 pura
2380 2897 2524 2952 illam
2541 2898 2865 2952 conscientia
2879 2898 2930 2950 in
2945 2897 3089 2954 cwlis
3104 2898 3302 2962 videas,
3319 2900 3546 2952 sanctis-

1959 2991 2200 3060 simaque
2229 2991 2370 3045 illius
2398 2991 2805 3046 conversatione
2833 2991 3046 3046 fruaris.
3089 2991 3220 3044 Nam
3247 2992 3330 3045 ubi
3354 3007 3545 3061 corpo-

1958 3082 2099 3136 rales
2123 3081 2434 3136 affectiones
2459 3082 2645 3136 soluta:
2671 3081 2888 3150 fuerint,
2917 3092 2970 3137 et
2995 3084 3256 3138 exstincta
3285 3083 3440 3136 fuerit
3467 3092 3547 3153 ty-

1959 3174 2174 3228 rannica
2200 3174 2654 3244 concupiscentia,
2680 3174 2881 3230 nullum
2908 3176 3008 3230 erit
3033 3175 3364 3230 obstaculum
3390 3175 3548 3231 simul

1959 3263 2028 3317 ibi
2054 3279 2174 3319 esse
2202 3266 2477 3320 mulierem
2509 3275 2564 3321 et
2591 3268 2781 3334 virum,
2804 3282 2836 3322 e
2859 3266 3035 3322 medie
3061 3267 3281 3321 sublatis
3302 3269 3547 3322 omnibus

1955 3354 2350 3421 suSpiciouibus
2387 3357 2538 3410 malis
2563 3398 2578 3421 ,
2613 3367 2669 3410 et
2706 3373 2866 3427 agere
2904 3365 2959 3412 et
2997 3372 3212 3412 servare
3240 3373 3359 3412 cum
3393 3359 3549 3412 liccat

1956 3443 2225 3512 omnibus,
2257 3445 2344 3515 qui
2385 3446 2437 3499 in
2467 3460 2690 3515 regnum
2721 3447 2976 3501 caelorum
3007 3447 3433 3513 iutroducuntur,
3467 3449 3546 3501 vi-

1957 3544 2086 3600 tam,
2105 3551 2261 3606 quam
2286 3543 2450 3606 agunt
2473 3535 2670 3606 angeli,
2684 3545 2739 3591 et
2758 3536 3146 3592 iutellectuales
3169 3537 3270 3590 illa:
3286 3538 3541 3599 Virtutes,

1955 3625 2122 3696 gratia
2149 3635 2202 3679 et
2231 3625 2556 3695 benignitate
2583 3627 2791 3681 Domini
2818 3626 2986 3682 nostri
3015 3627 3140 3682 Jesu
3178 3626 3392 3690 Christi,
3423 3642 3544 3682 cum

1955 3734 2059 3789 quo
2100 3719 2243 3774 Patri
2288 3735 2391 3775 uua
2435 3737 2558 3775 cum
2597 3719 2799 3790 Spiritu
2837 3729 3022 3776 sancto
3060 3721 3258 3790 gloria,
3290 3721 3458 3774 honor
3493 3731 3546 3773 et

1956 3807 2236 3878 imperium
2265 3811 2316 3864 iu
2341 3810 2536 3866 stecula
2567 3810 2905 3866 saeculorum.
2938 3811 3128 3865 Amen.

591 4019 807 4096 QUOD
851 4019 1320 4082 REGULARES
1362 4017 1691 4078 FEMINJE
1736 4016 1949 4079 VlRIS
1992 4015 2510 4080 COHABITARE
2553 4020 2716 4082 NON
2759 4019 3132 4092 DEBEANT
3180 4014 3221 4077 ¹.

333 4199 383 4252 ι.
416 4195 531 4250 lleu
563 4207 678 4250 me.
712 4205 745 4243 ο
782 4188 990 4243 anima!
1028 4189 1107 4243 sic
1144 4187 1287 4242 enim
1325 4200 1424 4255 ego
1459 4201 1669 4255 quoque
1709 4199 1848 4240 nunc

258 4306 381 4347 cum
408 4285 666 4358 propheta
695 4281 1004 4352 tempestive
1029 4280 1171 4344 dico,
1203 4289 1256 4335 et
1281 4278 1448 4334 semel
1474 4287 1530 4334 et
1567 4279 1760 4334 iterum
1785 4293 1849 4334 ac

261 4381 476 4452 saepius,
511 4377 621 4432 Heu
652 4389 756 4435 me,
787 4388 820 4427 ο
845 4374 1044 4438 anima,
1071 4371 1229 4441 quale
1257 4369 1550 4441 negotium,
1573 4378 1626 4424 et
1651 4379 1845 4438 quanta

263 4471 502 4540 indigens
548 4463 910 4538 pltilosephia!
954 4461 1244 4533 Virginitas
1282 4460 1474 4530 injuria
1509 4469 1592 4514 est
1619 4459 1841 4523 allecta;

264 4561 438 4614 velum
470 4557 611 4628 quod
649 4572 766 4612 eam
801 4570 830 4608 a
871 4553 1066 4622 nuptiis
1094 4553 1408 4622 separabat,
1437 4551 1699 4606 sublatum
1726 4561 1807 4606 est
1827 4591 1842 4616 ,

259 4664 315 4710 et
348 4652 416 4706 ab
457 4647 928 4720 itnpudentissimis
961 4646 1209 4700 manibus
1245 4644 1590 4700 dilaceratum
1620 4661 1632 4698 :
1661 4652 1845 4698 sancta

256 4752 568 4802 sanctorum
611 4740 917 4796 conculcata
965 4747 1088 4792 sunt
1113 4779 1129 4803 ,
1174 4737 1396 4791 honesta
1437 4745 1490 4790 et
1533 4733 1847 4789 reverentia:

257 4839 416 4910 plena
463 4833 739 4906 profanata
777 4841 832 4887 et
871 4829 1120 4884 omnibus
1158 4828 1358 4896 pervia.
1398 4828 1528 4894 Qua:
1571 4823 1848 4879 honestior

257 4927 439 4998 nuptis
469 4937 602 4992 erat,
634 4925 770 4978 adeo
788 4923 1040 4992 depressa
1069 4927 1151 4973 est
1175 4927 1229 4972 et
1254 4918 1549 4982 humiliata,
1575 4925 1631 4970 ut
1656 4930 1753 4986 nu}
1767 4922 1846 4968 tas

257 5020 426 5089 magis
449 5018 629 5072 dicere
656 5015 840 5068 beatas
866 5015 1042 5068 liceat.
1069 5011 1293 5079 Semper
1322 5007 1535 5078 quidem
1571 5007 1846 5075 virginitas

255 5128 375 5164 cum
405 5108 654 5177 conjugio
680 5115 986 5173 comparata
1017 5103 1214 5172 primas
1244 5108 1422 5170 partes
1450 5097 1618 5152 tenttit
1646 5109 1698 5150 et
1725 5112 1843 5150 om-

255 5218 378 5258 nem
416 5202 728 5270 dignltatem
760 5215 773 5250 :
805 5213 944 5250 nunc
981 5206 1158 5251 autem
1200 5208 1369 5262 neque
1405 5193 1458 5246 in
1497 5189 1732 5245 secundo
1758 5205 1845 5244 or-

253 5295 380 5348 dine
408 5304 626 5346 manere
654 5288 848 5358 potuit,
874 5287 967 5342 sed
997 5287 1152 5341 valde
1178 5282 1362 5354 procul
1387 5292 1441 5337 et
1467 5281 1621 5352 plane
1645 5284 1698 5334 in
1724 5280 1844 5334 ulti-

257 5398 407 5436 mum
447 5381 716 5436 concessit
744 5377 1016 5440 ordinem;
1041 5387 1095 5430 et
1123 5375 1261 5444 quod
1288 5375 1454 5428 multo
1478 5374 1709 5442 gravius,
1737 5388 1845 5426 non

255 5473 468 5537 hostes,
488 5485 662 5540 neque
687 5467 908 5532 inimici,
932 5466 1023 5520 sed
1052 5467 1179 5535 ipsa:
1203 5465 1536 5535 potissimum
1557 5481 1674 5533 quae
1699 5463 1843 5517 illam

325 5603 342 5634 ί
379 5602 566 5664 fritulus
588 5601 712 5664 apud
736 5597 913 5664 savil.,_
932 5597 1267 5664 advel-suae“
1291 5593 1373 5664 qui
1405 5594 1528 5664 riros
1543 5590 1844 5664 introducti-

257 5664 346 5718 tios
369 5663 555 5713 habent.
582 5657 672 5711 Sed
696 5665 745 5711 in
769 5662 983 5721 margine
1009 5658 1149 5706 Savil.
1171 5658 1298 5706 idem
1324 5657 1428 5707 fere
1449 5658 1614 5721 titulus
1637 5658 1843 5721 habetur

256 5728 344 5790 qui
366 5728 414 5775 in
437 5726 707 5774 Morelliana
732 5718 963 5790 “titione,
996 5732 1240 5790 quemque
1269 5732 1355 5768 nos
1373 5720 1678 5790 retinendum
1699 5718 1842 5768 duxi-

257 5782 383 5839 mus.
409 5795 623 5849 Uterque
647 5799 764 5833 vero
786 5782 984 5844 quadrat
1007 5782 1064 5829 ad
1089 5790 1427 5842 argumentum
1446 5782 1683 5844 Opuscuh.

591 5881 860 5944 Pa'raOL.
909 5881 1027 5942 Cu.
1071 5880 1316 5944 XLVII.

1955 4185 2132 4241 colere
2175 4186 2490 4242 videbantur
2527 4203 2646 4243 eam
2682 4190 2762 4243 sic
2803 4189 3095 4246 affecerunt
3119 4231 3132 4254 ,
3166 4198 3218 4244 et
3244 4204 3321 4244 ea:
3348 4187 3542 4259 quibus

1954 4275 2071 4332 fulti
2099 4277 2353 4332 adversus
2381 4277 2626 4334 inﬁdeles
2665 4278 2921 4334 hactenus
2967 4279 3133 4334 libere
3170 4279 3537 4349 loquebamur,

1954 4370 2058 4426 illa:
2083 4372 2212 4441 ipsa:
2236 4388 2328 4426 ora
2355 4383 2536 4428 nostra
2565 4371 2796 4428 maxime
2821 4373 3090 4438 obturant,
3120 4381 3173 4426 ct
3204 4371 3370 4426 multa
3394 4371 3541 4442 igne-

1952 4465 2116 4520 minia
2142 4465 2471 4520 sutl'undunt.

2024 4559 2177 4629 Apud
2197 4557 2401 4614 ercos
2421 4575 2511 4614 seu
2535 4558 2742 4628 gentiles
2763 4557 2977 4627 uirgines
2997 4573 3095 4611 non
3120 4565 3283 4609 erant.
3306 4585 3375 4596 —
3400 4555 3538 4610 Inter

1953 4651 2168 4709 Grzeeos
2199 4652 2215 4684 ³
2255 4665 2386 4705 sane
2441 4648 2658 4720 quidam
2692 4649 2816 4703 licet
2872 4649 3024 4717 pauci
3063 4647 3135 4701 ita
3176 4644 3534 4716 philosophati

1951 4743 2182 4806 fuerunt,
2211 4753 2266 4796 ut
2291 4756 2450 4812 opum
2481 4749 2663 4796 essent
2681 4749 3096 4808 contemptores,
3120 4747 3172 4793 et
3196 4738 3324 4791 iram
3351 4737 3536 4792 vince-

1951 4844 2100 4900 rent;
2128 4833 2442 4904 virginitatis
2467 4841 2614 4887 certe
2637 4831 2738 4887 flos
2763 4830 2909 4886 nullo
2935 4828 3096 4884 modo
3115 4828 3254 4898 apud
3280 4828 3396 4882 illos
3418 4826 3532 4891 fuit,

1952 4929 2004 4984 iu
2025 4945 2129 4999 qua
2155 4942 2366 4997 semper
2385 4934 2767 4980 concesserunt
2785 4923 2940 4978 nobis
2961 4922 3184 4994 primam
3207 4921 3533 4992 dignitatem,

1950 5025 2179 5080 fatentes
2215 5039 2328 5078 rem
2359 5037 2517 5090 supra
2553 5031 2794 5076 naturam
2832 5034 2952 5074 esse
2981 5027 3035 5074 et
3075 5033 3182 5072 non
3224 5015 3530 5070 humanam.

1952 5118 2076 5172 Ideo
2104 5117 2208 5172 illis
2246 5114 2492 5170 omnibus
2535 5128 2758 5168 summa:
2799 5111 3136 5166 admirationi
3177 5107 3406 5168 fuimus;
3439 5103 3532 5157 sed

1951 5225 2092 5264 nunc
2119 5225 2224 5263 nou
2253 5208 2409 5271 item,
2440 5205 2565 5275 quin
2608 5205 2781 5274 potius
2810 5203 3057 5258 derident
3083 5213 3180 5253 nos
3205 5207 3260 5251 et
3291 5197 3343 5249 in
3377 5193 3530 5248 fabu-

1951 5302 2057 5357 lam
2092 5309 2324 5356 vertunt.
2357 5298 2478 5352 Ideo
2511 5296 2754 5351 diabolus
2798 5295 2870 5348 ita
2907 5300 3090 5346 contra
3137 5286 3279 5340 hunc
3317 5299 3530 5355 gregem

1947 5393 2200 5463 apiravit,
2231 5391 2482 5462 quoniam
2509 5389 2639 5442 vidit
2678 5387 2730 5441 in
2768 5386 2867 5438 hac
2905 5379 3239 5451 potissimum
3270 5376 3532 5448 phalange

1950 5484 2206 5556 fulgidum
2245 5481 2438 5538 Christi
2481 5479 2770 5536 exercitum
2817 5492 2829 5526 :
2869 5474 3052 5540 sicque
3094 5472 3317 5525 tentavit
3363 5477 3532 5539 ipsam

1948 5575 2292 5641 confundere,
2320 5583 2376 5628 ut
2402 5571 2620 5643 posthac
2643 5566 2831 5621 melius
2853 5564 2940 5628 sit,
2969 5577 3036 5616 ue
3062 5560 3294 5630 virgines
3318 5562 3535 5633 quidem

2011 5713 2028 5746 ι
2065 5719 2130 5762 ne
2148 5710 2424 5772 virginitate
2444 5715 2473 5772 ρ
2491 5697 2828 5772 gentilibus.
2842 5688 3229 5772 ιξεξιξρῑυηιξτξὲιίιδτ
3254 5699 3365 5744 “de
3393 5699 3533 5740 “"1-

1950 5757 2132 5826 nasiu—m
2158 5757 2209 5823 iii
2223 5757 2325 5820 line
2349 5757 2582 5829 Apologkc
2601 5757 2661 5807 ad
2677 5760 3000 5808 Constantium
3024 5762 3138 5811 imp.

3144 5846 3225 5910 30
