2726 4358
337 259 408 296 διδ
833 258 872 296 s.
900 257 1089 298 JOANNIS
1115 250 1438 302 cnnvsosrdtn
1466 263 1680 306 Αῐιειιιει).
1709 267 2071 316 CONSTANTINOP.

336 347 436 380 esse,
460 346 540 383 qua:
567 335 616 371 ἱιι.
644 345 719 372 rem
751 336 844 375 hanc
865 337 1078 386 suscipiant.
1099 337 1217 376 Causa
1242 340 1422 379 malorum

335 399 497 436 omnium
516 426 526 442 ,
545 397 640 444 quod
660 399 808 435 nomine
831 405 937 437 tenus
957 400 1074 437 solum
1095 411 1156 438 res
1174 403 1370 449 consistat,
1389 410 1426 442 et

334 462 518 508 negotium
535 468 648 499 totum
667 463 705 499 in
725 473 788 500 ore
799 463 1115 512 circumscriptum
1131 466 1193 512 sit,
1209 466 1306 514 quod
1325 467 1425 505 scili-

333 531 392 562 cet
411 525 561 562 minima
582 525 799 574 virginitatis
817 534 904 574 pars
924 534 1005 572 cst;
1025 539 1106 576 qua:
1124 536 1244 567 autem
1261 530 1345 578 plus
1361 541 1426 569 ne-

333 589 509 632 cessaria,
529 594 566 626 ct
583 589 700 636 ipsam
721 589 838 638 magis
861 590 1132 638 demonstrant,
1152 593 1314 642 neglecta
1336 594 1422 639 sint,

333 659 370 690 ct
401 652 496 689 nulla
527 653 621 690 ratio
658 653 836 691 habeatur
863 655 1046 699 vestium.
1075 666 1156 704 qure
1177 657 1423 705 virginitatem

332 707 491 762 decent,
512 715 569 753 vel
595 715 728 754 silentii
745 745 754 762 ,
776 717 832 754 vel
856 716 1148 766 compunctioms
1162 749 1171 764 ,
1191 719 1248 756 vel
1269 720 1424 768 alicujus

333 777 367 814 id
384 788 514 826 genus.
536 777 630 824 Quin
651 784 793 816 temere
814 787 996 828 nugantur
1016 781 1152 827 omnia,
1173 788 1206 820 et
1229 783 1349 820 rident
1369 783 1424 821 itt-

333 841 550 890 tempestive
567 869 578 886 ,
599 849 635 878 et
653 843 924 881 tumultuantur
937 873 946 887 ,
967 850 1005 880 ct
1022 844 1056 880 in
1076 844 1216 882 deliciis
1235 846 1349 893 magis
1367 846 1422 883 vi-

331 911 421 941 vunt
438 933 448 949 ,
471 914 578 952 quam
601 905 772 942 mulieres
791 915 874 954 qua:
897 905 933 942 in
956 905 1095 944 fornice
1123 913 1316 954 prostant,
1335 907 1421 944 dum

330 973 555 1014 spectatores
575 967 715 1005 teclinis
733 967 809 1004 suis
830 967 988 1016 undique
1009 968 1206 1015 pelliciuut.
1230 975 1267 1006 ct
1287 969 1323 1006 in
1345 979 1423 1006 me-

330 1029 502 1066 retricum
538 1029 799 1076 turpitudinem
830 1039 870 1066 se
895 1029 1079 1076 conjicere
1105 1037 1308 1075 conantur,
1329 1040 1372 1068 ac
1391 1031 1422 1068 si

330 1103 412 1128 cum
439 1091 510 1128 illis
531 1096 766 1134 concertent,
789 1091 907 1140 deque
940 1091 1171 1139 turpitudinis
1199 1093 1314 1140 gloria
1335 1102 1424 1130 con-

331 1153 492 1191 tendant.
515 1153 618 1192 Unde
631 1153 742 1199 enim,
759 1153 818 1190 die
833 1153 934 1198 mihi,
953 1154 1154 1200 poterimus
1173 1161 1295 1201 postea
1313 1155 1421 1192 talem

329 1217 507 1265 virginem
527 1217 655 1255 ordine
675 1217 818 1254 illarum
838 1223 874 1254 et
891 1218 1066 1256 societate
1084 1218 1257 1263 eximere,
1277 1217 1422 1266 quando

329 1287 366 1318 et
385 1281 461 1328 ipsa
485 1281 578 1318 idem
603 1279 710 1325 facit,
733 1280 828 1328 quod
851 1280 920 1317 illa:
939 1292 947 1324 ;
967 1279 1112 1328 quando
1131 1280 1269 1318 scilicet
1295 1281 1420 1318 adole-

329 1351 494 1387 scentum
514 1344 622 1382 corda
644 1344 678 1380 in
701 1343 862 1380 fraudem
885 1343 998 1387 illicit,
1023 1343 1168 1391 quando
1187 1343 1350 1390 petulans
1367 1350 1422 1381 est

329 1416 364 1444 et
391 1409 662 1454 intemperans,
683 1406 828 1454 quando
848 1407 975 1443 eadem
1002 1417 1138 1444 venena
1165 1407 1338 1454 porrigit,
1361 1417 1422 1444 ea-

329 1471 411 1508 dem
436 1471 564 1517 pocula
594 1471 720 1508 miscet
735 1499 744 1516 ,
767 1469 1006 1518 eamdemque
1026 1478 1128 1518 parat
1147 1471 1328 1507 cicutam?
1348 1469 1420 1507 Sed

331 1545 401 1570 non
420 1533 506 1570 dicit
525 1545 535 1570 :
563 1532 660 1578 Veni,
677 1544 795 1570 amore
812 1533 1026 1570 involvantur
1044 1543 1055 1571 ξ
1079 1543 1145 1570 nec
1162 1533 1262 1578 dicit,
1282 1533 1422 1581 Aspersi

329 1597 439 1633 cubile
458 1607 568 1632 meum
587 1607 686 1632 croco
713 1602 744 1632 et
771 1596 894 1632 lectum
923 1606 1036 1632 meum
1053 1595 1269 1632 cinnamomo
1287 1595 1420 1643 (Prov.

329 1659 364 1695 7.
389 1659 447 1695 t7.
479 1658 563 1706 l8).
590 1657 736 1696 Utinam
764 1657 882 1694 cubile
913 1663 948 1694 et
977 1657 1132 1702 lectum,
1153 1667 1226 1694 non
1247 1661 1367 1694 vestes
1385 1663 1422 1694 et

329 1723 483 1767 corpus!
512 1721 588 1758 Illas
607 1716 704 1758 enim
733 1721 832 1758 domi
860 1729 981 1758 escam
1007 1721 1211 1766 occultant,
1231 1727 1268 1758 tu
1289 1720 1421 1768 ubique

331 1784 498 1830 laqueum
518 1783 754 1827 circumfers,
775 1790 812 1820 et
829 1783 1005 1830 expandis
1028 1783 1224 1831 voluptatis
1249 1784 1326 1822 alas
1353 1784 1417 1822 ob-

330 1844 522 1881 ambulans
549 1843 584 1880 in
611 1843 706 1881 foro.
731 1843 805 1882 Sed
827 1855 901 1882 non
926 1843 1072 1891 dixisti,
1093 1856 1212 1893 neque
1237 1846 1420 1883 contulisti

330 1908 438 1945 verba
467 1907 528 1944 illa
560 1907 766 1944 tneretricia
781 1935 791 1952 ,
818 1906 926 1952 Veni,
951 1919 1069 1945 amore
1092 1908 1319 1945 involvantur.
1341 1907 1419 1946 Non

329 1971 452 2008 dixisti
471 1971 606 2019 lingua,
626 1970 690 2008 sed
707 1970 829 2008 dixisti
848 1970 971 2007 habitu
991 1982 1000 2007 :
1024 1981 1096 2008 non
1114 1970 1262 2018 loquuta
1279 1981 1320 2008 es
1339 1981 1418 2016 ore,

329 2033 393 2072 sed
412 2033 561 2081 loquuta
579 2044 620 2071 es
639 2043 766 2082 gressu
789 2044 798 2069 :
822 2043 893 2070 nou
921 2033 1081 2070 invitasti
1101 2043 1212 2079 voce,
1233 2034 1298 2071 sed
1324 2033 1418 2071 invi-

331 2097 412 2134 tasti
429 2097 544 2135 oculis
565 2097 700 2134 clarius
719 2107 825 2144 quam
846 2106 948 2134 voce.
977 2098 1023 2134 At
1049 2104 1240 2144 postquam
1265 2107 1417 2136 vocave-

329 2169 388 2195 ras
402 2187 412 2203 ,
434 2169 504 2195 non
529 2165 564 2196 te
589 2159 761 2196 obtulisti.
789 2163 915 2206 Neque
933 2159 985 2196 sic
1008 2169 1028 2195 a
1049 2165 1197 2206 peccato
1223 2159 1387 2198 liberaris
1407 2172 1418 2198 :

328 2228 384 2258 est
401 2221 498 2257 enim
513 2227 549 2257 et
569 2219 648 2257 ha-c
665 2221 734 2257 alia
753 2220 1002 2258 fornicationis
1021 2221 1176 2268 species.
1199 2221 1294 2260 Pura
1312 2232 1417 2259 man-

329 2283 407 2319 sisti
425 2282 471 2318 ab
491 2282 621 2330 injuria
640 2282 804 2330 corporis
829 2283 974 2330 quidem
988 2311 1000 2329 ,
1019 2283 1083 2320 sed
1103 2294 1176 2320 non
1203 2284 1356 2328 anima},
1381 2289 1417 2322 et

327 2344 548 2392 cmnpletum
569 2351 625 2382 est
644 2356 664 2382 a
685 2351 722 2383 te
742 2351 930 2393 peccatum
945 2374 954 2390 ,
981 2347 1122 2384 etiamsi
1153 2357 1228 2384 non
1255 2357 1319 2395 per
1337 2347 1415 2384 coi-

330 2413 420 2448 tum,
440 2407 503 2444 sed
524 2417 589 2454 per
608 2413 808 2454 aspectum.

381 2468 557 2517 Virginem
571 2480 639 2506 non
655 2470 772 2506 decent
787 2470 900 2507 cultu:
913 2471 1070 2518 corporis
1087 2476 1119 2506 et
1133 2471 1234 2508 vestis
1250 2471 1412 2518 pretiosa.

327 2551 375 2559 -—
383 2531 493 2578 Cujus
507 2531 603 2568 enim
614 2531 728 2579 gratia
741 2541 848 2570 vocas
862 2532 1149 2579 praetereuntes?
1169 2543 1234 2570 cur
1245 2533 1416 2571 accendis

327 2595 446 2642 ignem
459 2594 474 2631 ?
487 2594 671 2642 quomodo
695 2601 800 2643 putas
825 2600 862 2632 te
883 2603 1012 2642 puram
1033 2604 1053 2631 a
1073 2601 1236 2642 peccato,
1253 2584 1336 2632 cum
1356 2597 1414 2632 to-

328 2665 402 2694 ttnn
425 2659 542 2705 ipsum
561 2667 654 2705 opus
670 2664 819 2706 operata
839 2657 920 2696 sis?
941 2658 1086 2696 Etenim
1103 2668 1186 2696 cum
1207 2659 1413 2697 adulterunt

329 2719 458 2758 feceris
480 2719 680 2767 perfectum
697 2731 796 2766 eum,
813 2731 920 2769 quem
943 2727 1006 2759 tuo
1026 2721 1096 2759 ἱειο
1118 2722 1240 2760 habitu
1259 2723 1412 2770 cepisti,

325 2783 509 2830 quomodo
520 2789 622 2831 potes
632 2793 704 2821 non
721 2794 802 2822 esse
809 2783 987 2830 adultera,
999 2791 1082 2823 cum
1093 2793 1186 2832 Opus
1198 2791 1298 2823 tuum
1311 2785 1414 2824 adul-

327 2846 457 2882 terium
481 2856 564 2884 esse
587 2846 903 2894 deprehendatur?
924 2845 1024 2885 Illius
1041 2847 1182 2885 insania
1200 2853 1299 2885 tuum
1319 2858 1412 2896 opus

327 2915 396 2946 est.
407 2909 574 2946 Profecto
585 2915 620 2947 te
628 2921 708 2957 quae
715 2910 900 2948 adulteros
911 2911 1134 2958 praeparasti,
1145 2911 1314 2949 adulterii
1323 2922 1412 2959 sup-

329 2972 472 3018 plicium
491 2972 640 3010 tniuiuie
657 2973 954 3022 posse'cii'ugere,
969 2973 1055 3011 nulli
1069 2985 1140 3011 non
1161 2975 1410 3013 manifestum.

329 3036 384 3073 Tu
400 3037 556 3084 gladium
579 3037 707 3075 acuisti
722 3066 732 3083 ,
753 3044 791 3075 tu
805 3037 970 3075 dextram
991 3039 1140 3076 armas-ti
1155 3066 1165 3083 ,
1181 3045 1219 3075 tu
1234 3044 1410 3076 armatam

327 3099 490 3137 dextram
504 3100 539 3137 in
554 3101 724 3138 miseram
743 3101 899 3138 animam
923 3101 1095 3148 impulisti
1117 3101 1325 3148 :quomodo
1345 3102 1411 3150 igi—

328 3169 386 3198 tur
409 3164 544 3209 poteris
563 3164 608 3202 ab
629 3163 812 3201 homicidii
829 3164 1007 3211 supplicio
1021 3163 1197 3201 liberari?
1217 3165 1280 3202 Dic
1296 3165 1408 3208 enim,

327 3233 504 3268 quosnam
537 3225 714 3263 habemus
747 3225 830 3263 odio
849 3232 882 3263 et
914 3227 1258 3274 aversatur-uriquos
1287 3233 1408 3264 autem

328 3285 482 3329 puniunt
502 3286 726 3333 legislatores
755 3295 790 3325 et
813 3289 982 3336 judices?
1003 3300 1090 3326 num
1109 3299 1172 3328 eos
1191 3291 1251 3338 qui
1283 3290 1412 3328 bibunt

328 3347 513 3382 inertifcra
543 3358 694 3393 venena,
715 3360 760 3387 an
789 3352 986 3389 miscentes
1017 3353 1182 3397 calicem,
1202 3360 1238 3390 et
1269 3362 1410 3402 praepes

326 3411 449 3445 ‘rantes
479 3419 536 3454 ea,
556 3417 706 3458 artaque
741 3423 806 3449 sua
836 3414 1031 3460 perdentes
1066 3417 1180 3454 alios?
1201 3427 1322 3455 nonne
1354 3417 1410 3455 bi-

327 3469 455 3508 bentes
475 3471 620 3518 quidem
641 3479 766 3520 utpote
785 3475 910 3522 injuria
929 3477 1078 3515 affectos
1093 3479 1324 3525 miseremur,
1344 3491 1409 3517 ve-

328 3533 465 3570 neficos
484 3540 603 3570 autem
635 3535 806 3572 omnibus
822 3537 970 3575 calculis
998 3539 1307 3579 condemuamus?
1335 3541 1410 3579 Nec

324 3594 459 3632 sufficit
486 3596 540 3633 eis
574 3595 620 3633 ad
651 3598 922 3635 excusationem
952 3600 1088 3646 dicere,
1120 3603 1197 3640 Non
1229 3604 1408 3652 meipsum

327 3657 417 3700 laesi,
437 3658 502 3695 sed
525 3658 636 3696 alium
658 3659 825 3707 perdidi;
847 3660 912 3698 sed
934 3670 1082 3710 propter
1105 3663 1175 3703 hoc
1203 3672 1303 3704 tanto
1322 3677 1408 3714 gra-

325 3718 462 3756 viorem
481 3720 584 3758 luunt
597 3731 755 3768 pcenam.
777 3722 832 3760 Tu
851 3729 972 3761 autem
993 3725 1126 3764 misera
1143 3734 1180 3765 et
1197 3729 1406 3767 calamitosa

326 3779 500 3840 miscuisti
522 3784 672 3821 Calicem
693 3784 790 3824 hunc
818 3787 1080 3834 perniciosum,
1109 3797 1146 3828 et
1167 3791 1348 3840 praebuisti
1371 3799 1408 3830 et

325 3837 454 3876 dedisti
485 3842 719 3889 pharmacum
751 3859 760 3884 :
794 3855 831 3886 et
855 3857 1046 3898 postquam
1069 3837 1223 3890 bibit'et
1245 3855 1407 3900 perditus

328 3908 397 3962 est,
415 3903 598 3944 defensam
623 3915 657 3946 te
677 3917 794 3956 putas,
817 3914 900 3960 quia
919 3925 990 3952 non
1010 3916 1086 3962 ipsa
1103 3915 1252 3961 biberis,
1270 3916 1332 3952 sed
1351 3917 1406 3953 al-

328 3961 394 4012 ῑβνί
414 3965 609 4007 praebueris
635 3974 800 4010 venena?
817 3961 1041 4024 Quamquam
1061 3984 1097 4015 et
1117 3988 1182 4014 vos
1201 3983 1302 4016 tanto
1321 3988 1401 4027 gra-

2462 296 2516 337 lilii

1497 345 1635 385 viorem
1672 347 1780 388 luetis
1816 361 1982 399 pinnam.
2017 367 2121 404 quant
2159 359 2424 415 pliarmacopolm
2455 371 2494 411 nu

1496 415 1632 474 quanto
1651 417 1689 448 ct
1703 423 1801 450 mors
1820 417 1977 462 gravior.
1995 417 2072 456 Non
2090 405 2182 459 enim
2202 434 2324 474 corpus

1495 476 1533 507 et
1543 472 1708 536 animam
1723 475 1942 536 interimitis.
1959 479 2004 516 Et
2018 480 2066 518 illi
2084 483 2222 530 quidem
2240 464 2329 536 sirpe

1495 532 1554 570 vel
1572 534 1624 570 ira
1644 533 1716 573 hoc
1744 535 1896 586 faciunt,
1910 540 1966 577 vel
1983 541 2098 590 inopia
2115 555 2124 588 ;
2145 556 2207 584 vos
2223 526 2332 587 autem
2348 552 2388 590 ad
2405 526 2516 595 num};

1496 593 1606 659 talem
1625 597 1822 645 confugere
1839 608 2048 647 praetextum
2070 608 2226 650 potestis.
2242 607 2353 659 Neque
2365 615 2445 652 enim
2461 593 2516 656 hoc

1495 655 1614 693 facitis
1641 657 1812 704 inimicis,
1845 662 1902 699 vel
1932 662 1986 700 eis
2015 665 2072 712 qui
2102 655 2374 716 nocuerunt,vcl
2395 677 2432 714 ob
2447 679 2512 715 ino-

1495 717 1612 764 piam,
1631 719 1697 757 sed
1723 721 1772 758 ob
1794 722 1908 760 solam
1927 735 2052 763 vanam
2077 728 2222 776 gloriam
2242 733 2274 770 iu
2291 735 2402 775 alienis
2415 740 2512 778 luditis

1494 781 1706 850 animabus,
1727 791 1764 822 et
1777 796 1820 823 ex
1835 787 1990 826 aliorum
2011 797 2124 830 mo‘rte
2143 794 2346 844 voluptatem
2364 805 2511 850 propriam

1494 846 1728 884 constituitis.

1543 906 1580 974 ξ.
1606 907 1678 945 Sed
1703 910 1826 948 nescio
1844 909 1954 957 unde,
1975 921 2012 952 ut
2031 914 2106 953 inec
2123 917 2283 966 dicerem,
2301 921 2362 960 huc
2379 934 2444 962 sum
2459 938 2509 974 ap-

1495 969 1620 1016 pulsus
1633 981 1642 1015 ;
1665 978 1815 1020 propter
1827 975 1924 1021 quod
1937 975 2158 1016 redeundum
2173 980 2214 1017 ad
2228 981 2260 1018 id
2271 983 2354 1022 unde
2363 969 2510 1033 digressus

1493 1041 1589 1068 sum.
1609 1033 1698 1070 Nam
1715 1036 1818 1082 quasi
1840 1046 1912 1073 non
1924 1035 2130 1078 sufﬁcerent
2145 1041 2219 1080 ha‘c
2232 1044 2263 1080 in
2283 1045 2376 1084 totius
2395 1048 2508 1088 feminei

1493 1097 1640 1142 generis
1658 1096 1930 1146 confusionem,
1961 1109 1998 1138 et
2019 1102 2113 1140 aliud
2133 1105 2289 1152 quiddam
2308 1111 2407 1157 majus
2424 1123 2508 1150 cxco-

1493 1159 1712 1206 gitaveruut.
1736 1161 1809 1200 Sed
1829 1173 1936 1201 nemo
1966 1163 2043 1202 hmc
2063 1165 2108 1204 de
2134 1170 2288 1207 omnibus
2305 1171 2385 1208 dicta
2405 1180 2504 1220 putet:

1493 1231 1566 1258 non
1595 1223 1692 1260 enim
1716 1229 1788 1261 tam
1810 1226 1920 1264 miser
1955 1237 2047 1272 sum,
2077 1235 2114 1266 ut
2139 1231 2236 1268 simul
2261 1235 2366 1270 omnia
2389 1237 2508 1273 commi-

1493 1294 1613 1322 sceam
1635 1292 1671 1323 et
1689 1287 1920 1325 confundam.
1933 1289 2023 1327 Nam
2045 1291 2090 1328 de
2105 1291 2157 1329 bis
2175 1303 2247 1339 quze
2259 1295 2358 1342 culpis
2375 1297 2506 1335 obnoxia!

1493 1354 1530 1384 ct
1562 1347 1640 1386 [me
1669 1348 1766 1387 dicta
1789 1357 1897 1393 sunt.
1922 1359 1958 1389 ct
1987 1364 2066 1400 qum
2098 1361 2214 1401 postea
2241 1355 2396 1394 dicentur.
2421 1359 2504 1404 Quasi

1493 1411 1603 1458 igitur
1618 1423 1689 1448 non
1711 1413 1799 1450 Satis
1819 1414 1994 1452 damnosa
2025 1423 2145 1454 essent
2169 1417 2248 1463 lucc,
2272 1419 2353 1456 viros
2374 1420 2433 1456 sibi
2448 1420 2506 1456 nii-

1493 1474 1592 1510 nime
1627 1483 1801 1522 cognatos
1831 1486 1954 1514 secum
1985 1477 2179 1524 includunt,
2207 1485 2238 1516 et
2263 1481 2346 1516 omni
2369 1487 2506 1526 tempore

1493 1537 1772 1576 contubernales
1805 1539 1954 1585 faciunt,
1987 1541 2088 1588 quasi
2121 1540 2384 1578 demonstratur-a2
2405 1549 2434 1577 et
2456 1551 2509 1587 per

1493 1609 1535 1637 ea
1559 1610 1640 1648 quae
1659 1601 1754 1638 dicta
1775 1609 1872 1647 sunt,
1893 1602 1988 1650 quod
2008 1604 2125 1641 inviae
2139 1603 2181 1641 ad
2196 1604 2404 1651 virginitatem
2417 1609 2507 1648 rapte

1493 1663 1581 1709 sint,
1599 1671 1636 1700 et
1662 1671 1863 1702 extremam
1889 1667 1961 1702 vim
1991 1667 2238 1711 sustinuerint,
2268 1665 2373 1702 cthac
2395 1665 2506 1701 ratione

1493 1726 1731 1764 consolentur
1751 1728 1822 1764 vim
1847 1735 1882 1765 et
1899 1729 2162 1766 necessitatem.
2180 1728 2265 1774 Quid
2281 1727 2397 1776 igitur?
2412 1736 2504 1763 anno"

1493 1785 1550 1824 his
1568 1787 1764 1835 deteriora,
1785 1800 1867 1826 cum
1887 1791 1964 1828 lucc
1979 1791 2173 1838 conligunt,
2191 1790 2342 1828 dicuntur
2355 1789 2394 1825 ab
2408 1788 2505 1825 amicis

1493 1857 1529 1886 et
1556 1849 1822 1891 familiaribus?
1848 1853 2148 1892 Permittendaene
2173 1860 2253 1891 sunt
2283 1853 2344 1889 illa:
2360 1852 2458 1888 vivere
2479 1857 2504 1887 et

1492 1913 1688 1960 respirare,
1710 1923 1744 1952 ct
1765 1926 1836 1952 non
1860 1916 1979 1963 potius
1997 1915 2210 1954 dissecandze
2229 1914 2356 1959 medizc,
2373 1913 2420 1951 vel
2436 1913 2504 1949 viva'~

1491 1987 1574 2014 cum
1610 1977 1681 2016 illis
1716 1979 1802 2026 ipsis
1835 1980 2078 2018 tumulandus?
2105 1979 2238 2016 Etenim
2265 1984 2298 2016 et
2324 1977 2390 2014 lucc
2413 1981 2441 2013 et
2461 1975 2502 2011 his

1492 2041 1608 2078 multo
1627 2041 1729 2089 plura
1755 2053 1884 2081 omnes
1910 2043 2044 2081 dicunt.
2063 2043 2234 2080 Caeterum
2262 2047 2295 2079 et
2313 2041 2452 2086 frequens
2477 2043 2502 2072 ct

1491 2103 1723 2150 quotidianus
1749 2110 1806 2142 est
1823 2115 1950 2142 cursus
1975 2104 2196 2142 obstetricum
2221 2103 2262 2140 ad
2287 2101 2439 2148 virginum
2453 2097 2500 2133 do-

1491 2177 1588 2213 mus,
1609 2169 1712 2215 quasi
1732 2168 1776 2206 ad
1797 2169 1990 2216 parientes,
2009 2179 2078 2206 non
2090 2167 2180 2215 quod
2199 2166 2498 2208 obstetricrnturpa-

1490 2228 1610 2274 rienti,
1633 2231 1799 2277 quamvis
1825 2231 1974 2278 contigit
2001 2231 2035 2268 in
2061 2229 2230 2278 aliquibus
2249 2227 2345 2264 etiam
2365 2225 2438 2267 hoc,
2455 2220 2498 2258 sed

1489 2293 1586 2342 quod
1607 2295 1806 2342 probentur
1823 2301 1858 2332 et
1881 2294 2087 2342 judicentur
2117 2293 2206 2330 sicut
2233 2295 2350 2336 empta:
2374 2285 2500 2325 ancilla.

1487 2366 1654 2404 quamam
1687 2364 1879 2405 corruptae,
1913 2357 1969 2394 vel
1999 2367 2078 2404 quae
2099 2356 2255 2397 intactm;
2272 2358 2303 2390 et
2322 2351 2372 2388 illa
2387 2347 2502 2395 quidem

1489 2417 1596 2456 facile
1627 2419 1765 2457 obediit
1797 2419 2024 2466 probationi,
2051 2418 2128 2455 itch
2152 2426 2235 2453 vero
2258 2410 2454 2452 contradixit,
2473 2412 2502 2441 vt

1489 2480 1558 2518 hoc
1577 2481 1655 2528 ipso
1683 2481 1832 2520 coafusa
1859 2481 1960 2524 abiit,
1981 2480 2118 2518 etiamsi
2139 2489 2210 2516 non
2233 2479 2372 2520 corrupta
2387 2470 2444 2512 sit;
2468 2474 2498 2502 ει

1488 2543 1566 2580 luce
1591 2543 1736 2592 quidem
1765 2543 1989 2591 deprehensa
2008 2549 2062 2580 est
2075 2572 2084 2587 ,
2104 2543 2162 2580 illa
2183 2550 2260 2578 vero
2277 2545 2353 2579 non;
2369 2530 2422 2569 Sed

1487 2615 1560 2642 non
1589 2605 1709 2644 minus
1735 2616 1843 2654 quam
1872 2606 1930 2642 illa
1959 2603 2212 2647 confunditur,
2230 2609 2302 2638 cum
2327 2606 2386 2633 non
2409 2595 2502 2654 P955"

1486 2667 1593 2715 digna
1616 2667 1687 2705 fide
1707 2653 1757 2705 es
1784 2668 1945 2704 moribus
1960 2665 2196 2714 comprobari,
2215 2662 2272 2700 sed
2297 2667 2376 2706 opus
2398 2653 2504 2715 habeat

1486 2737 1638 2768 externo
1665 2731 1842 2768 examinis
1863 2730 2082 2768 testimonio.
2112 2726 2253 2774 Quantis
2277 2718 2421 2782 lacrymis

1486 2803 1558 2831 non
1577 2800 1662 2830 sunt
1689 2793 1808 2841 digna,
1841 2794 1984 2840 quantis
2013 2803 2083 2830 non
2113 2790 2214 2838 digna
2240 2779 2410 2824 mortibus?
2434 2776 2505 2841 Quis

1485 2862 1606 2892 autem
1625 2855 1677 2891 sic
1700 2835 1864 2902 lapideus
1886 2860 1923 2891 et
1947 2854 2072 2896 durus,
2093 2857 2130 2888 ut
2147 2835 2214 2888 non
2234 2835 2504 2902 accendaturzclo

1485 2917 1577 2954 sicut
1599 2899 1782 2954 Phinees?
1801 2916 1847 2953 Et
1875 2916 1936 2954 ille
1960 2915 2102 2964 quidem
2130 2912 2160 2950 si
2185 2920 2247 2948 suo
2271 2911 2413 2952 tempore
2433 2899 2506 2964 hanc

1486 2978 1744 3026 turpitudinem
1772 2978 1936 3024 vidisset,
1956 2960 2028 3015 non
2053 2976 2138 3024 ipsis
2161 2970 2379 3031 pepercisset,
2467 2960 2507 2996 ίθ·

1483 3023 1594 3078 cisset
1625 3040 1721 3078 idem
1749 3041 1847 3088 quod
1879 3023 2172 3078 inMadianitide
2201 3034 2280 3072 olim
2309 3029 2385 3066 fecit
2403 3023 2504 3093 (Num;

1484 3103 1544 3140 25.
1577 3103 1638 3152 14)
1658 3115 1666 3140 :
1689 3111 1754 3140 nos
1787 3109 1908 3140 autem
1937 3112 2020 3140 cum
2049 3099 2148 3137 nobis
2175 3106 2241 3134 non
2259 3093 2301 3130 sit
2324 3090 2506 3148 permissum

1483 3166 1645 3214 arripere
1677 3165 1858 3212 gladium,
1893 3174 2008 3212 neque
2033 3163 2152 3200 lancea
2175 3153 2355 3196 confodere
2385 3153 2508 3216 eosut'tul

1483 3228 1552 3266 ista
1560 3207 1794 3276 perpetrant,
1812 3227 1932 3265 affecti
1947 3207 2047 3265 certe
2057 3233 2176 3263 sumus
2194 3221 2278 3258 sicut
2295 3219 2426 3281 _S_al.lcllls
2441 3207 2507 3281 ille.

1482 3302 1555 3328 non
1575 3291 1727 3328 facimus
1745 3296 1866 3328 autem
1885 3289 2034 3334 eadem,
2062 3287 2124 3326 sed
2143 3282 2251 3322 dolori
2276 3278 2374 3317 aliter
2388 3278 2510 3311 succur-

1482 3354 1610 3397 rimus,
1639 3353 1836 3401 ploratibus
1865 3352 2005 3390 scilicet
2021 3361 2063 3388 ac
2088 3344 2260 3387 lamentis.
2289 3339 2403 3378 Venite
2417 3339 2508 3401 ςεῐςοτ

1481 3393 1650 3454 dolorum
1669 3425 1713 3452 ac
1741 3415 1940 3463 gemituum
1965 3413 2072 3450 sociae
2088 3414 2199 3449 estote
2222 3404 2383 3452 ίιυοιίιυοι
2399 3395 2438 3464 ³ξ³
2455 3393 2510 3464 θέε

1481 3477 1720 3516 obscoenitate
1739 3478 1828 3515 estis
1845 3477 1996 3520 alienae;
2015 3484 2095 3512 nam
2113 3467 2320 3509 calamitosa
2338 3467 2372 3498 et
2388 3463 2508 3520 miseri”

1482 3541 1552 3579 illae
1586 3540 1680 3578 forte
1711 3541 1747 3578 in
1777 3546 1875 3578 tanta
1905 3545 1987 3578 sunt
2018 3534 2179 3579 miseria,
2209 3535 2245 3568 ut
2268 3525 2345 3565 mali
2370 3519 2509 3592 doleret“

1481 3604 1594 3641 ullum
1613 3614 1684 3641 non
1702 3604 1874 3640 sentiant.
1897 3601 1968 3640 Sed
1983 3609 2045 3636 vos
2060 3607 2138 3645 qua:
2157 3594 2245 3631 hanc
2259 3587 2447 3645 suscepistis
2464 3587 2509 3611 γι-

1482 3674 1568 3711 tam,
1589 3667 1710 3716 digna:
1727 3667 1831 3704 facta:
1849 3665 2006 3702 thalamo
2023 3667 2060 3698 et
2072 3667 2214 3708 5Ρ⁰¹¹⁵⁰ν
2227 3641 2509 3718 ‘3“‘P“‘§“"_c_'_“ff:

1480 3705 1650 3779 gestatisv,
1677 3737 1716 3768 et
1742 3729 1894 3768 honesto
1922 3723 2133 3773 virginitatis
2159 3725 2251 3756 serto
2270 3710 2372 3779 magis
2392 3705 2510 3779 orn”:

1479 3766 1586 3841 quam
1602 3766 1738 3830 cdrona
1769 3791 1891 3840 regia.
1912 3789 2086 3836 lacrymas
2112 3781 2244 3820 fuiidite
2273 3766 2509 3841 nobiscum-fi

1481 3834 1604 3892 amare
1623 3855 1732 3892 simul
1765 3853 1920 3901 ejulate:
1951 3859 2032 3886 llam
2052 3847 2118 3884 hoc
2141 3853 2210 3880 "0“
2241 3843 2380 3905 par
2399 3834 2508 3905 Cif-

1480 3916 1640 3953 medium
1665 3923 1702 3954 et
1718 3916 1764 3953 ad
1785 3897 1975 3952 icurandos
2001 3918 2064 3948 e05
2082 3907 2139 3956 qui
2167 3897 2392 3941 incurabiliter
2410 3897 2504 3956 τρεῖς·

1483 3985 1575 4026 tant,
1595 3987 1632 4018 et
1650 3980 1695 4018 ad
1717 3977 2000 4018 consolationem
2021 3970 2222 4016 lucelllimll-
2245 3963 2314 4001 “"0
2332 3960 2434 4007 i959'"
2453 3949 2501 3986 ³¹¹⁹

2351 4240 2674 4336 ...Δ

2653 4117 2657 4158 l

2653 4159 2657 4188 1
