2726 4358
252 245 321 282 317

250 322 392 370 quando
412 326 448 359 et
465 330 618 368 sponsus
635 326 755 357 vester
772 318 870 356 fecit.
889 319 979 356 Nam
995 328 1077 356 cum
1097 317 1236 354 videret
1253 315 1316 354 Je-

252 384 410 421 rusalem
445 383 481 419 in
516 388 718 420 extremam
738 381 976 428 perditionem
994 380 1189 423 inductam,
1207 379 1254 416 ita
1282 385 1319 416 ut

254 453 324 480 non
341 450 460 490 posset
475 443 548 490 jam
567 442 612 479 ab
634 441 842 479 infirmitate
856 440 975 478 reduci
991 469 1001 485 ,
1021 441 1198 488 Iacrymas
1228 439 1317 476 fudit

253 503 355 552 (Luc.
386 504 444 541 19.
459 503 524 552 41)
545 532 554 548 ,
575 509 612 541 et
631 504 666 540 in
690 503 882 540 Belbsaida
911 501 1154 539 admonitione
1171 499 1314 547 quidem

252 575 324 605 non
343 571 399 602 est
417 575 504 601 usus
523 575 639 612 neque
657 565 768 612 signis
781 593 791 608 ,
811 565 986 600 miserans
1010 568 1128 600 autem
1157 561 1318 599 civitates

254 626 385 669 solum,
408 625 469 663 Va:
487 625 639 663 subinde
662 625 884 670 inclamavit,
904 625 996 662 sicut
1011 629 1048 661 et
1074 633 1139 660 nos
1168 623 1318 660 facimus

252 690 289 726 iu
307 689 352 726 iis
383 689 443 736 qui
473 689 627 724 animam
653 688 726 736 jam
747 687 882 724 efflant.
913 687 1000 723 Item
1031 686 1158 722 beatus
1186 685 1318 722 Paulus

253 751 420 797 exemplo
438 749 596 797 Magistri
621 749 677 786 sui
697 759 767 786 non
785 749 940 786 cessavit
962 759 1026 796 per
1045 758 1188 786 omnem
1206 747 1316 784 vitam

253 821 354 848 suam
375 821 451 855 eos,
471 812 530 860 qui
545 810 769 854 exciderant,
791 816 826 847 et
839 811 900 858 qui
919 811 956 846 in
975 810 1076 847 ruina
1095 819 1158 846 sua
1177 819 1320 846 manse-

253 879 348 917 rant,
367 879 404 908 et
432 881 620 919 resurgere
644 879 766 918 postea
797 871 1000 916 noluerant,
1029 871 1218 918 deplorare
1245 877 1318 907 tam

254 944 391 979 amare,
411 941 450 970 ut
477 935 543 972 hac
573 935 689 971 valida
711 934 1009 972 determinatione
1038 934 1258 982 signiﬁcaret
1284 940 1322 970 et

255 996 428 1033 scriberet
440 996 614 1034 Romanis
631 996 754 1033 dicens
772 1008 780 1032 :
801 996 953 1032 Tristitia
970 996 1052 1032 mihi
1069 1003 1118 1032 est
1135 1007 1272 1042 magna,
1289 1001 1320 1032 et

254 1059 434 1097 continuus
459 1057 558 1096 dolor
585 1059 680 1095 cordi
710 1069 797 1095 meo.
835 1058 1005 1105 Optabam
1037 1059 1128 1095 enim
1157 1070 1217 1106 ego
1249 1059 1322 1106 ipse

253 1120 440 1158 anathema
470 1131 581 1156 essen
598 1119 734 1157 Christo
765 1131 826 1168 pro
859 1121 1020 1169 fratribus
1047 1121 1140 1164 meis,
1169 1121 1227 1167 qui
1244 1126 1322 1156 sunt

256 1181 392 1228 cegnati
409 1181 475 1217 mei
490 1181 674 1218 secundant
690 1192 841 1226 carnem,
853 1181 912 1229 qui
926 1188 1002 1218 sunt
1016 1181 1189 1218 Israelita:
1201 1181 1320 1230 (Rom.

255 1243 292 1278 9.
301 1241 395 1290 2-4).
409 1242 516 1279 Vides
525 1249 693 1290 quantam
706 1243 860 1280 habeant
874 1243 981 1280 verba
992 1243 1205 1290 emphasim,
1216 1253 1323 1291 quan-

257 1309 328 1339 tam
349 1304 566 1341 anxietatem
585 1304 706 1341 cordis
725 1315 798 1351 pras
815 1315 856 1342 se
874 1304 1018 1342 ferant?
1036 1305 1184 1351 Insuper
1198 1305 1323 1342 fideles

255 1365 498 1402 claudicantes
515 1372 551 1402 et
577 1367 848 1413 tempestatibus
866 1367 1059 1413 depressos
1077 1367 1130 1404 sic
1143 1367 1320 1414 deplorat,

255 1425 358 1472 quasi
376 1426 453 1473 ipse
472 1426 599 1463 cadent
629 1427 722 1464 mala
741 1427 979 1474 experiretur.
1001 1427 1085 1472 Quis
1111 1428 1230 1470 enim,
1251 1428 1321 1473 ait,

255 1487 461 1534 infirmatur,
479 1494 510 1524 et
528 1499 588 1535 ego
608 1500 676 1524 non
699 1489 882 1535 inﬁrmor?
900 1490 976 1536 quis
997 1490 1271 1534 scandalizatur,
1293 1496 1324 1526 et

256 1558 316 1596 ego
335 1559 402 1584 non
421 1559 503 1584 uror
524 1548 574 1596 (2.
595 1548 676 1586 Cor.
699 1549 758 1585 II.
781 1547 870 1598 ‘29}?
889 1549 935 1586 Et
957 1561 1028 1587 non
1056 1551 1155 1596 dicit,
1177 1551 1323 1595 tristor,

257 1609 336 1654 sed,
359 1621 452 1655 uror,
473 1611 732 1649 intolerabilem
749 1618 786 1649 et
806 1613 1056 1670 incredibilem
1076 1614 1236 1652 dolorem
1257 1625 1324 1664 per

258 1670 460 1708 incendium
493 1673 680 1710 enuntiare
705 1673 842 1711 volens.
870 1673 1058 1712 Imitemur
1090 1675 1197 1724 igitur
1215 1677 1323 1714 etiam

256 1741 324 1768 uos
350 1738 386 1770 et
407 1733 596 1770 Dominum
623 1740 785 1772 nostrum
805 1741 840 1774 et
855 1747 1084 1774 conservum.
1111 1737 1200 1775 Nam
1219 1739 1324 1776 nobis

257 1793 387 1832 borum
402 1797 600 1842 gemituum
618 1808 688 1835 non
702 1809 808 1846 parva
823 1800 893 1838 erit
909 1811 1072 1845 merces;
1093 1802 1186 1838 sicut
1205 1811 1323 1849 neque

255 1855 450 1902 vulgariler
468 1859 781 1904 reprehenduntur
797 1870 818 1896 a
839 1861 912 1898 Deo
929 1861 991 1908 qui
1015 1863 1151 1908 absque
1169 1863 1324 1900 commi-

251 1917 435 1954 seratione
457 1927 604 1955 suorum
634 1921 876 1958 membrorum
906 1923 999 1959 mala
1026 1928 1320 1970 praetercurrunt.

253 1979 297 2016 Et
324 1979 412 2016 illud
441 1981 584 2028 quidem
617 1982 712 2030 apud
744 1983 1042 2030 patientissimum
1077 1985 1320 2034 Ezechielcm,

253 2042 322 2080 hoc
337 2054 423 2082 vero
435 2045 528 2092 apud
547 2046 689 2084 beatum
706 2047 890 2086 Michmam
906 2050 1026 2088 videre
1039 2051 1134 2089 licet.
1151 2051 1214 2090 Ille
1222 2053 1319 2090 enim

251 2105 351 2150 dicit,
371 2107 583 2146 cumJudazi
605 2109 640 2145 in
661 2119 861 2146 extremum
877 2111 1054 2148 malorum
1071 2115 1269 2160 venissent,
1285 2121 1322 2152 et

251 2175 380 2216 sponte
397 2169 572 2205 idolorum
600 2169 698 2206 cultu
726 2181 766 2208 se
793 2172 1104 2219 coinquinasseut,
1124 2175 1320 2222 imperasse

254 2229 364 2266 Deum
381 2230 460 2266 dari
487 2232 628 2279 signum
645 2243 756 2280 super
787 2233 895 2272 facies
916 2235 1072 2273 virorum
1099 2239 1318 2284 gementium

253 2295 290 2326 et
301 2289 500 2328 dolentium
520 2303 629 2339 super
648 2294 692 2330 iis
710 2305 790 2341 qum
810 2295 956 2333 fiebant.
973 2296 1096 2345 Neque
1114 2299 1210 2336 enim
1229 2300 1318 2336 sim-

253 2351 392 2398 pliciter
407 2364 552 2400 gemere
567 2362 722 2403 oportet,
746 2357 808 2395 sed
827 2365 863 2396 et
883 2359 1025 2403 dolere;
1046 2362 1210 2408 quamvis
1232 2363 1321 2400 nihil

251 2423 418 2460 umquam
445 2415 605 2454 dixerint
635 2418 691 2454 vel
724 2418 875 2456 fecerint
906 2420 957 2456 illi
984 2421 1028 2458 ad
1059 2424 1320 2461 correctionem

250 2486 374 2512 eorum
395 2488 476 2525 quze
497 2479 650 2523 fiebant;
671 2481 734 2517 sed
754 2483 922 2528 quoniam
949 2493 1012 2520 sua
1041 2484 1236 2522 intulerant
1259 2497 1320 2522 so-

251 2537 339 2581 lum,
362 2544 500 2576 tantum
517 2540 636 2588 adepti
655 2549 738 2579 sunt
758 2543 931 2582 honorem
946 2555 967 2581 a
983 2545 1206 2584 misericordi
1232 2547 1318 2592 Deo,

251 2604 337 2634 utet
364 2601 591 2638 securitatem
612 2609 648 2640 et
677 2604 829 2652 gloriam
851 2606 999 2643 multam
1027 2616 1318 2656 assequercntur.

252 2660 417 2698 Micbacas
445 2669 565 2700 autem
593 2675 674 2702 cum
694 2667 772 2702 aliis
793 2667 1319 2716 reprehensionibus,«comes-

251 2723 400 2760 sationis
431 2730 468 2760 et
503 2725 687 2763 ebrietatis
714 2734 751 2764 et
779 2729 996 2768 inunctionis
1029 2739 1318 2780 unguentorum,

237 2783 345 2820 aliud
365 2785 488 2832 adjicit
507 2787 656 2832 crimen,
679 2799 809 2836 nempe
825 2790 1002 2829 defectum
1028 2794 1318 2832 commiseratio-

250 2846 328 2891 nis,
351 2847 404 2884 sic
431 2848 555 2886 dicens
575 2861 583 2885 :
603 2849 722 2897 Neque
751 2854 1040 2901 compatiebantur
1061 2868 1166 2906 super
1189 2859 1316 2894 contri-

249 2909 339 2945 tione
355 2909 484 2957 Joseph
501 2911 620 2958 (Amos
635 2913 670 2950 6.
691 2913 744 2960 6).
764 2913 810 2952 Et
837 2925 901 2954 eos
920 2918 979 2965 qui
997 2917 1205 2956 habitabant
1229 2920 1320 2958 civi-

247 2977 356 3008 tatem
384 2973 504 3011 Euan
525 2975 535 2996 ¹
559 2982 705 3023 propter
734 2976 803 3015 boc
833 2979 1080 3027 reprehendit,
1113 2983 1240 3020 iterum
1259 2984 1316 3021 di-

242 3044 357 3072 cens:
380 3035 491 3083 QuodL
503 3048 571 3074 non
599 3039 700 3075 exivit
727 3045 766 3076 ut
784 3039 933 3088 ploraret
953 3042 1093 3081 domum
1120 3046 1316 3094 contiguam

250 3095 377 3158 tilica.
401 3099 433 3134 I.
463 3099 537 3148 II).
567 3099 606 3138 Si
627 3108 747 3138 autem
765 3103 825 3140 ubi
853 3104 947 3143 Deus
973 3107 1159 3152 irascitur,
1191 3120 1315 3158 repre-

247 3154 372 3220 hendit
387 3169 470 3220 eum
499 3161 560 3220 qui
573 3172 650 3200 non
671 3165 885 3211 compatitur
911 3167 944 3204 ei
972 3169 1032 3216 qui
1064 3171 1222 3217 punitur,
1235 3154 1314 3220 qua

247 3218 349 3254 venia
376 3219 503 3267 dignus
526 3216 612 3260 erit.
628 3224 688 3272 qui
707 3235 779 3272 non
805 3228 972 3268 condolet
998 3216 1079 3269 cum
1097 3243 1162 3278 eo,
1181 3216 1240 3282 qui
1255 3216 1312 3272 -in

247 3287 430 3326 peccatum
459 3286 651 3334 prolapsus.
662 3289 744 3326 est?
761 3289 885 3337 Neque
915 3293 1070 3341 mireris,
1091 3297 1120 3333 si
1147 3304 1314 3344 Oporteat

247 3353 314 3408 nos
345 3345 453 3408 simul
481 3347 607 3387 dolere
633 3361 714 3398 cum
749 3353 791 3389 iis
819 3355 880 3402 qui
909 3358 1115 3404 puniuntur,
1147 3363 1312 3408 quamvis

249 3405 357 3470 Deus
369 3407 514 3454 puniat;
533 3421 649 3460 neque
676 3414 772 3460 enim
795 3415 889 3460 Deus
919 3419 996 3465 ipse
1013 3421 1074 3468 qui
1105 3405 1208 3470 punit
1235 3425 1312 3463 vult

246 3466 314 3532 hoc
343 3467 464 3534 facere
479 3481 488 3506 :
511 3471 592 3534 ἔστι
617 3476 707 3513 enim
730 3477 904 3516 voluntate
927 3481 1003 3523 uolo
1025 3466 1168 3526 mortem
1191 3499 1312 3534 pecca-

245 3524 486 3587 toris(Ezech.
506 3528 564 3566 18.
592 3530 670 3578 25),
692 3533 820 3581 inquit.
850 3535 888 3573 Si
914 3537 1023 3585 igitur
1037 3540 1096 3587 qui
1109 3524 1308 3582 vindictam

243 3586 370 3654 sumit,
388 3599 458 3624 non
474 3589 549 3626 vult
576 3592 769 3632 vindictam
790 3606 954 3643 sumere,
973 3586 1218 3654 multomagis
1242 3617 1310 3646 nos

241 3648 436 3687 comlolere
449 3659 590 3698 oportet
609 3655 651 3692 iis
667 3657 727 3703 qui
739 3660 956 3706 puniuntur;
977 3663 1067 3702 forte
1080 3665 1144 3706 hac
1156 3648 1212 3706 via
1225 3670 1305 3709 illos

241 3711 450 3756 eripiamus,
474 3713 564 3751 forte
585 3719 888 3762 recuperabimus.
911 3723 998 3762 Nam
1020 3726 1103 3764 licet
1119 3732 1302 3778 perierint,

243 3775 361 3811 tamen
380 3784 502 3811 curam
521 3788 599 3823 qua:
627 3779 762 3828 reliqua
781 3789 834 3819 est
852 3794 1038 3832 geramus,
1066 3775 1306 3840 Iacrymcumr

286 3866 299 3928 ἰ
381 3865 484 3928 ‘11..."
494 3867 729 3928 fatiscitis?
745 3873 1082 3928 censet-tidem,
1104 3886 1305 3928 ιοτιωιυιι-ιιιττ

241 3907 376 3952 δεξεῌςτὶι,
389 3918 402 3940 I'
421 3907 471 3943 est
494 3919 580 3945 unos
595 3914 626 3951 li,
644 3915 675 3952 b‘,
691 3907 1082 3965 secundusali'cbtbienl‘fl
1095 3907 1176 3960 1'3"”

609 222 732 287 QUOD
759 233 1038 278 REGULARES
1071 235 1256 274 FEMINE
1279 231 1397 274 VIRIS
1425 234 1720 275 COHABITARE
1749 237 1838 276 NON
1867 236 2091 275 DEBEANT.

2381 233 2450 272 618

1393 321 1429 352 et
1450 315 1651 363 ploremus,
1672 327 1743 354 non
1771 317 1961 354 mulierum
1987 315 2116 353 choros
2147 314 2370 359 indueeutes,
2390 313 2454 351 sed

1391 380 1637 428 unusquisque
1668 380 1834 428 privatim
1859 379 1954 427 apud
1985 379 2243 426 semetipsum,
2264 389 2334 414 non
2365 387 2453 425 prte-

1390 441 1550 478 sentibus
1573 441 1657 478 illis.
1687 441 1725 478 Si
1743 447 1861 478 autem
1880 441 2002 485 Vultis,
2023 441 2100 487 ipse
2130 439 2297 486 incipiam
2316 439 2455 474 luctuo-

1389 511 1468 538 sum
1503 501 1574 539 hoc
1601 503 1780 540 canticum
1815 513 1824 537 :
1862 512 1978 548 neque
2013 501 2108 538 enim
2144 501 2252 547 pudet
2283 509 2340 536 me
2373 509 2454 535 curn

1388 562 1544 600 Jcremia
1569 563 1636 600 hoc
1651 563 1768 600 facere
1784 570 1820 600 et
1840 563 1931 600 Isaia
1945 569 1982 600 et
1998 562 2122 606 Paulo,
2139 568 2174 599 et
2190 562 2223 598 in
2239 561 2362 608 primis
2375 570 2454 596 cum

1391 623 1543 660 Domino
1572 631 1708 662 nostro.
1730 623 1947 671 Incipiamus
1979 623 2086 671 igitur
2111 623 2200 660 sicut
2218 621 2382 658 Christus
2401 622 2455 656 in-

1387 684 1483 731 cepit
1502 684 1672 732 primum,
1691 689 1727 722 et
1743 684 1904 722 dieamus
1922 695 1932 720 :
1954 683 2017 720 Va:
2035 684 2112 728 tibi,
2129 683 2270 718 anima!
2292 681 2336 718 ad
2351 691 2455 728 quam

1389 751 1514 784 vocata
1535 746 1742 794 dignitatem
1758 757 1823 794 per
1839 746 2096 794 benignitatem
2117 751 2154 782 et
2173 744 2454 781 misericordiam

1393 809 1471 854 Dei,
1491 808 1634 856 qualem
1661 808 1817 855 accipies
1836 807 1954 844 locum
1979 813 2126 854 propter
2148 806 2323 852 ignaviam
2341 805 2458 840 luam?

1393 869 1453 907 Va:
1474 870 1550 914 tibi,
1581 869 1666 918 quia
1695 870 1770 916 ipse
1795 875 1829 906 te
1845 869 1888 905 ad
1909 869 2086 904 tbalamos
2115 868 2221 904 traxit
2239 866 2456 913 spiritu-ales,

1392 940 1428 970 tu
1447 939 1567 970 autem
1589 933 1738 980 teipsam
1759 931 1804 968 ab
1818 931 1886 968 hac
1905 930 2017 978 gloria
2043 929 2229 976 abrupisti,
2251 935 2287 966 et
2317 928 2457 964 inducta

1391 1003 1430 1030 es
1472 993 1507 1030 in
1539 992 1674 1030 diaboli
1705 993 1844 1040 ignem,
1877 997 1914 1028 et
1949 991 1994 1027 ad
2030 990 2238 1038 gravissima
2285 989 2457 1036 supplicia

1393 1055 1451 1092 tibi
1481 1053 1586 1092 ﬂetus
1618 1061 1654 1090 et
1673 1053 1807 1091 stridor
1845 1053 2020 1096 dentium,
2055 1052 2115 1089 ubi
2147 1052 2266 1088 nullus
2297 1051 2460 1088 consola-

1394 1123 1496 1154 turus
1525 1122 1602 1160 est,
1637 1125 1704 1152 nec
1734 1124 1879 1152 manum
1920 1121 2174 1161 porrecturus,
2205 1113 2268 1150 sed
2303 1114 2460 1150 tenebrat:

1393 1179 1526 1224 omnia,
1541 1185 1579 1216 et
1591 1177 1820 1226 perplexitas,
1845 1183 1882 1214 et
1901 1176 2069 1219 turbatio,
2083 1181 2120 1212 et
2131 1176 2222 1212 mala
2239 1185 2354 1222 neque
2371 1185 2459 1212 con-

1395 1241 1609 1278 solationem
1639 1249 1756 1286 neque
1783 1239 1892 1276 ﬁnem
1922 1237 2102 1274 habentia.
2135 1237 2219 1274 Haec
2249 1237 2310 1273 tibi
2343 1239 2460 1272 omnia

1395 1301 1516 1338 mundi
1543 1311 1645 1339 amor
1661 1301 1824 1348 peperit,
1841 1299 1924 1347 quia
1945 1298 2132 1346 praetulisti
2146 1298 2234 1334 eicio
2261 1303 2408 1342 terram,
2427 1304 2464 1334 et

1395 1364 1543 1401 noluisti
1563 1363 1690 1401 audire
1706 1373 1833 1400 vocem
1849 1362 1973 1410 Sponsi
1996 1361 2141 1398 assidue
2153 1361 2401 1403 admonentis,
2426 1367 2464 1395 nt

1395 1426 1486 1463 nibil
1505 1426 1611 1464 nobis
1644 1431 1742 1464 esset
1761 1435 1844 1462 cum
1867 1423 2057 1472 przeseutis
2083 1423 2205 1460 saeculi
2238 1423 2348 1459 rebus
2361 1431 2463 1458 com-

1395 1499 1518 1526 mune.
1537 1488 1626 1534 Quis
1640 1494 1676 1526 te
1694 1489 1864 1526 miseram
1885 1492 1922 1525 et
1937 1486 2184 1524 ealamitosam
2213 1485 2375 1522 miserari
2403 1496 2461 1532 po-

1397 1557 1468 1589 test
1480 1552 1629 1600 postea?
1649 1551 1738 1588 Nam
1759 1551 1825 1588 etsi
1841 1551 1959 1597 ipsum
1979 1548 2103 1586 videas
2119 1547 2210 1592 Noe,
2232 1548 2293 1594 qui
2316 1547 2351 1584 in
2365 1557 2462 1584 cum-

1395 1615 1494 1652 muni
1511 1615 1619 1652 totius
1639 1614 1738 1652 orbis
1757 1613 1893 1651 diluvio
1916 1617 2026 1649 totam
2057 1611 2202 1649 domum
2227 1611 2402 1655 salvavit,
2429 1611 2464 1646 in

1395 1681 1464 1718 hac
1483 1679 1536 1716 ira
1554 1679 1856 1726 patrocinantem,
1873 1677 1940 1714 etsi
1960 1676 2042 1720 Job,
2063 1675 2132 1713 etsi
2153 1675 2350 1720 Danielcm,
2365 1685 2464 1712 cum-

1393 1753 1464 1790 que
1495 1741 1568 1779 illis
1602 1741 1736 1778 Mosem
1771 1748 1808 1779 et
1835 1740 2040 1780 Samuelem
2061 1769 2072 1786 ,
2110 1737 2178 1778 etsi
2225 1737 2464 1786 patriarcbam

1395 1803 1579 1840 Abraham
1595 1832 1604 1849 ,
1625 1804 1743 1840 nullus
1762 1804 1824 1840 tibi
1856 1813 2002 1840 manum
2023 1803 2208 1851 porriget;
2235 1803 2374 1840 etiamsi
2401 1811 2464 1850 ge-

1395 1875 1483 1902 nere
1501 1864 1601 1902 illum
1631 1865 1799 1912 attingas,
1821 1865 1963 1902 etiamsi
1997 1864 2070 1902 lilia
2095 1865 2158 1910 sis,
2178 1864 2321 1902 etiamsi
2344 1873 2464 1906 soror,

1393 1927 1536 1965 etiamsi
1568 1927 1750 1974 supplices
1777 1928 1954 1973 multum,
1983 1928 2078 1966 sicut
2103 1927 2204 1964 dives
2240 1926 2311 1970 ille,
2343 1926 2464 1963 omnia

1394 1987 1526 2028 frustra
1545 1989 1628 2028 etin
1643 1999 1772 2028 vanum
1791 1988 1914 2028 facies.
1930 1988 2120 2035 Quomodo
2135 1988 2300 2025 excidisti
2319 1998 2339 2024 e
2359 1987 2462 2030 caelo,

1393 2065 1473 2103 quae
1490 2065 1562 2092 non
1584 2055 1711 2092 lucifer
1727 2065 1766 2092 es
1785 2053 1886 2101 (lani.
1901 2055 1956 2092 Ii.
1974 2054 2050 2102 12),
2071 2062 2186 2100 neque
2204 2061 2309 2089 mane
2327 2051 2464 2096 oriens,

1392 2117 1456 2154 sed
1477 2117 1564 2164 ipsis
1589 2117 1678 2154 solis
1693 2117 1804 2154 radiis
1826 2116 1906 2162 plus
1931 2115 2123 2163 Splendere
2151 2113 2356 2162 potuisses?
2375 2123 2465 2160 quu-

1393 2178 1503 2216 modo
1529 2179 1635 2216 sedes
1659 2178 1831 2216 deserta?
1852 2178 1968 2225 Atque
1986 2177 2078 2214 adeo
2106 2176 2201 2214 baud
2215 2177 2296 2224 quis
2317 2175 2464 2212 aberra-

1393 2240 1453 2284 rit,
1471 2241 1502 2277 si
1520 2241 1556 2277 in
1574 2241 1666 2278 hanc
1685 2241 1813 2288 majori
1829 2241 2024 2288 captivitati
2043 2240 2209 2278 traditam
2235 2240 2389 2276 animam
2411 2239 2465 2276 la~

1395 2309 1614 2346 mentorum,
1631 2313 1711 2348 quae
1737 2303 1774 2338 in
1801 2303 1982 2339 civitatem
2011 2303 2108 2338 illam
2139 2301 2232 2339 dicta
2253 2307 2350 2345 sunt,
2389 2311 2464 2337 ma-

1390 2364 1507 2412 jorem
1527 2370 1665 2410 partem
1684 2363 1890 2401 transferat.

1441 2426 1476 2464 5.
1503 2425 1574 2464 Sed
1605 2425 1698 2463 forte
1714 2425 1952 2462 lamentorum
1969 2426 2071 2470 satis,
2093 2426 2194 2470 satis,
2229 2426 2389 2474 inquam,
2422 2433 2462 2462 ut

1393 2488 1568 2534 scriptura
1599 2487 1808 2534 Iibellusque
1838 2487 1933 2524 ferre
1956 2493 2076 2534 potest
2097 2498 2106 2522 :
2127 2487 2284 2534 alioquin
2305 2487 2350 2524 ad
2376 2497 2466 2524 cons

1395 2548 1540 2596 dignam
1556 2549 1684 2586 animae
1702 2554 1753 2586 tot
1768 2548 1870 2586 malis
1888 2559 2072 2596 oppressa:
2089 2547 2373 2595 deplorationem
2399 2559 2464 2586 ne-

1393 2619 1464 2657 que
1481 2619 1589 2647 omne
1605 2616 1747 2657 tempus
1763 2609 1869 2647 nobis
1881 2611 2075 2647 sufficeret.
2093 2609 2185 2655 Quid
2200 2610 2294 2648 enim
2310 2611 2390 2657 quis
2403 2610 2460 2647 de-

1394 2671 1552 2718 ploraret
1569 2671 1762 2718 .primum?
1778 2682 1823 2708 an
1843 2671 1938 2718 quod
1959 2671 2166 2709 venerabile
2191 2677 2228 2708 et
2245 2678 2408 2708 sanctum
2429 2677 2467 2709 et

1395 2742 1562 2781 magnum
1589 2743 1720 2770 nomen
1741 2733 1802 2770 Dei
1823 2744 1886 2780 per
1913 2743 1977 2771 vos
2003 2733 2272 2781 blasphematur
2291 2735 2324 2770 in
2347 2735 2465 2781 genti-

1393 2797 1474 2843 bus,
1494 2803 1531 2835 et
1549 2797 1661 2846 ipsius
1679 2798 1792 2846 gloria
1824 2798 2058 2845 profanatur?
2075 2808 2121 2834 an
2136 2797 2232 2845 quod
2259 2804 2331 2834 tam
2353 2807 2464 2834 vene-

1393 2861 1517 2898 rabilis
1536 2866 1574 2899 et
1591 2871 1719 2908 magna
1738 2871 1797 2898 res
1817 2861 1854 2898 in
1871 2861 2040 2898 invidiam
2067 2861 2281 2898 adducitur?
2300 2871 2344 2897 an
2370 2861 2465 2907 quod

1391 2923 1516 2960 multae
1546 2923 1675 2960 animae
1705 2933 1770 2970 per
1797 2933 1862 2960 vos
1881 2928 1933 2960 tot
1960 2922 2139 2960 scaudalis
2164 2922 2388 2970 perduntur?
2419 2933 2466 2960 au

1391 2985 1488 3033 quod
1506 2995 1592 3022 sana
1611 2994 1695 3032 pars
1712 2985 1813 3022 chori
1837 2991 1967 3022 vestra:
1986 2985 2110 3032 gloria:
2127 2984 2267 3022 macula
2283 2983 2465 3021 findatur?

1389 3058 1435 3085 an
1471 3047 1567 3096 quod
1589 3047 1914 3094 inexstiuguibilem
1940 3052 1977 3084 et
1997 3047 2096 3084 vobis
2125 3053 2162 3084 et
2179 3046 2466 3084 cohabitantibus

1391 3111 1492 3148 vobis
1511 3110 1708 3148 accenditis
1724 3111 1864 3158 ignem?
1880 3110 1926 3148 Et
1939 3110 2121 3159 quomodo
2136 3111 2379 3147 necessarium
2393 3116 2462 3152 est,

1391 3178 1430 3210 ut
1446 3172 1523 3211 haec
1541 3173 1640 3218 ﬂant,
1672 3173 1800 3221 inquit,
1825 3183 1905 3210 cum
1926 3173 2106 3220 possimus
2123 3171 2316 3210 ostendere
2335 3183 2466 3220 corpus

1390 3242 1552 3272 nostrum
1569 3245 1639 3272 non
1658 3241 1880 3284 corruptum,
1899 3245 2016 3284 neque
2029 3235 2222 3273 vitiatum?
2243 3235 2372 3277 Verum
2389 3235 2466 3272 lucc

1389 3297 1652 3336 demonstratio
1681 3309 1752 3336 non
1774 3308 1884 3344 nunc,
1905 3297 1968 3336 sed
1993 3298 2029 3334 in
2047 3297 2106 3336 die
2127 3297 2189 3334 illo
2209 3298 2278 3335 erit
2308 3296 2461 3334 manife-

1389 3366 1458 3397 sta.
1477 3359 1690 3398 Obstetricis
1709 3361 1804 3398 enim
1831 3370 1890 3397 ars
1908 3366 1946 3398 et
1970 3360 2146 3408 sapientia
2167 3361 2234 3397 hoc
2263 3359 2378 3396 solum
2400 3367 2465 3404 pn-

1389 3429 1460 3460 test
1487 3423 1625 3468 videre,
1653 3433 1699 3460 an
1732 3433 1966 3470 congressum
1993 3423 2218 3468 viri'corpus
2240 3419 2385 3456 tulerit:
2418 3427 2462 3453 an

1388 3497 1475 3524 vero
1497 3493 1628 3524 tactum
1648 3486 1892 3530 inhonestum.
1915 3493 1952 3525 et
1969 3486 2184 3526 adulterium
2204 3494 2248 3521 ex
2266 3481 2398 3518 osculis
2427 3487 2464 3518 et

1387 3549 1611 3598 amplexibus
1630 3549 1812 3598 effugerit,
1829 3557 1866 3589 et
1881 3551 2163 3598 corruptionem,
2185 3546 2262 3583 dies
2288 3544 2347 3580 illa
2379 3549 2463 3580 tunc

1387 3613 1600 3659 declarabit,
1618 3613 1764 3663 quando
1781 3615 1884 3652 vivus
1911 3613 1974 3650 Dei
1992 3619 2126 3652 sermo,
2147 3608 2207 3656 qui
2229 3607 2368 3644 occulta
2390 3606 2458 3642 bo-

1387 3675 1492 3713 minis
1519 3676 1554 3713 in
1587 3677 1742 3714 medium
1761 3676 1920 3717 adducit,
1957 3679 1994 3710 et
2013 3681 2173 3719 prmsens
2193 3680 2288 3706 nunc
2307 3668 2362 3705 his
2381 3679 2460 3716 quat

1384 3738 1476 3776 clam
1493 3738 1596 3783 fiunt,
1611 3740 1731 3776 omnia
1752 3738 1846 3776 nuda
1865 3743 1901 3773 et
1918 3740 2042 3781 aperta
2057 3740 2140 3770 ante
2159 3734 2318 3770 omnium
2335 3733 2459 3770 oculos

1385 3807 1495 3847 ponet
1513 3813 1522 3838 :
1545 3807 1630 3838 tunc
1649 3801 1806 3838 sciemus
1821 3799 1912 3834 bene
1933 3807 1979 3833 an
1993 3796 2038 3832 ab
2056 3795 2112 3832 bis
2129 3795 2176 3832 sit
2198 3805 2324 3842 purum
2341 3802 2377 3832 et
2392 3807 2456 3832 uu-

1381 3865 1570 3913 dcquaque
1588 3867 1833 3910 incorruptum
1849 3869 1980 3908 corpus
1996 3864 2111 3896 tuum.
2126 3858 2234 3906 Atqui
2251 3858 2296 3896 de
2316 3859 2369 3896 bis
2385 3870 2455 3895 non

1381 3935 1454 3965 tam
1489 3934 1618 3965 exacte
1639 3928 1840 3970 loquemur,
1859 3933 1978 3970 neque
1995 3921 2256 3960 contendcmus
2275 3933 2283 3957 :
2304 3921 2368 3958 scd
2389 3931 2470 3968 po-.
