2726 4358
318 231 390 268 529
441 268 446 277 χ

319 318 442 354 natur,
466 309 648 357 superatis
679 307 848 346 omnibus
869 305 1008 346 retibns
1025 317 1108 347 esse
1127 317 1260 356 corpus
1291 306 1404 344 unde-

317 384 459 422 quaqne
473 383 603 422 purum
621 370 667 408 ab
681 371 854 418 omnique
871 371 1007 409 damno
1024 371 1192 415 liberum,
1209 377 1247 409 et
1263 377 1410 408 maneat

318 436 416 482 Virgo
433 445 515 482 quae
529 434 654 482 virgo:
675 433 762 481 quid
779 433 848 470 hoc
862 433 909 470 ad
925 443 968 471 ea
987 443 1069 481 quae
1088 433 1184 471 dicta
1204 441 1288 471 sunt
1307 443 1328 471 a
1343 443 1407 470 no-

316 497 396 535 bis?
417 495 560 534 Etenim
584 496 652 534 hoc
681 496 844 540 omnium
865 496 1123 545 gravissimum
1153 501 1225 543 est,
1245 502 1280 535 et
1297 497 1408 544 pluri-

315 560 385 598 mis
403 559 552 606 dignum
567 558 754 609 lacrymis,
769 558 867 608 quod
889 565 1028 597 tantum
1044 559 1284 610 undequaque
1299 561 1407 599 susti-

315 622 436 660 nuerit
451 621 628 666 laborem,
650 621 848 670 diligenter
870 621 1075 660 observarit
1091 632 1238 670 corpus,
1261 628 1299 662 et
1325 633 1405 660 om-

315 695 400 724 nem
437 685 599 724 lahorem
636 685 896 732 evacuaverit,
937 691 974 725 et
1006 685 1178 724 sudorem
1217 685 1404 732 elluderit,

315 753 468 796 propter
488 747 753 796 blasphemiam
775 749 812 784 in
831 747 1030 795 Christum,
1050 758 1205 797 cumque
1231 759 1405 796 peperce-

315 810 364 848 rit
382 809 497 854 carni,
522 821 594 848 non
615 811 780 859 pepercit
799 811 926 859 gloria:
957 811 1036 857 Dei,
1063 811 1129 850 sed
1163 817 1202 849 ut
1229 813 1405 850 intactum

318 874 387 921 ipsi
406 880 572 913 maneret
592 884 726 922 corpus
751 875 873 911 omnia
905 873 992 912 fecit
1009 885 1020 919 ;
1040 879 1082 912 ut
1099 880 1222 912 autem
1250 874 1312 912 ille
1333 884 1406 912 non

316 936 528 978 afﬁceretur
545 937 780 983 contumelia,
801 947 870 976 nec
884 936 1188 976 dehonestaretur
1201 937 1297 986 apud
1311 938 1405 976 mul-

317 1005 388 1046 tos,
411 1010 458 1040 ne
477 1000 588 1037 ullam
603 1000 751 1048 quidem
772 1010 897 1038 curam
917 1000 1054 1038 habuit.
1071 1001 1216 1039 Utinam
1235 1011 1310 1039 non
1324 1011 1406 1039 om-

313 1063 377 1102 nia
409 1062 573 1108 fecisset,
596 1073 666 1101 nec
691 1073 842 1111 operam
861 1062 1039 1109 dedisset,
1071 1071 1110 1101 ut
1128 1063 1241 1112 gloria
1265 1064 1329 1102 Dei
1348 1065 1404 1103 itt-

314 1125 531 1165 fnmaretur.
551 1125 597 1164 Et
610 1126 801 1174 quomodo.
814 1126 884 1164 hoc
900 1125 1020 1165 facio?
1040 1127 1171 1175 inquit.
1190 1127 1281 1174 Quia
1309 1129 1407 1167 viros

314 1196 436 1228 tecum
455 1190 491 1226 in
512 1189 622 1228 domo
637 1189 800 1228 inclusos
818 1201 964 1240 semper
979 1190 1043 1230 tibi
1057 1191 1265 1238 assidentes
1277 1193 1403 1232 habes.

313 1251 405 1293 Nam
426 1253 457 1290 si
477 1253 578 1291 viros
593 1251 734 1292 habere
752 1253 1023 1292 eohabitatores
1053 1256 1298 1304 concupiscis,
1332 1267 1406 1295 non

313 1315 508 1364 oportebat
531 1315 776 1364 virginitatem
793 1316 940 1365 eligere,
962 1317 1027 1356 sed
1045 1318 1091 1356 ad
1111 1319 1255 1368 nuptias
1289 1325 1406 1360 trans-

315 1379 476 1418 eundum
493 1385 569 1418 erat
591 1391 600 1415 :
623 1380 740 1418 multo
757 1381 855 1418 enim
875 1381 1007 1420 melius
1025 1382 1079 1420 sic
1095 1382 1282 1431 nupsisse,
1295 1393 1404 1431 quam

314 1441 378 1483 illo
397 1440 509 1479 modo
528 1441 703 1489 virginem
725 1441 886 1488 profiteri
907 1442 1047 1480 luisset.

363 1502 508 1552 Nuptiae
521 1504 746 1551 praferendte
762 1503 951 1553 virginitati
967 1507 1056 1544 male
1069 1509 1404 1548 custodiam—Nam

313 1565 397 1602 illas
416 1565 560 1612 nuptias
588 1575 708 1614 neque
727 1566 822 1604 Deus
841 1567 1074 1616 condemnat,
1092 1581 1210 1620 neque
1237 1572 1405 1614 homines

251 1632 257 1642 '
313 1627 614 1677 reprehendunt:
635 1628 790 1670 honesta
807 1631 904 1668 enim
923 1642 982 1670 res
997 1639 1068 1679 est,
1083 1635 1269 1674 neminem
1286 1637 1404 1674 oﬂ‘en-

313 1689 421 1737 dens,
453 1692 637 1730 neminem
674 1693 810 1740 laedens
840 1695 1060 1744 :virginitas
1080 1703 1200 1736 autem
1231 1699 1291 1738 illa
1320 1710 1402 1738 cum

294 1785 297 1787 .
313 1752 402 1789 viris
416 1753 498 1800 plus
516 1753 562 1790 ab
577 1754 750 1792 omnibus
769 1757 948 1804 arguitur,
969 1769 1078 1805 quam
1098 1759 1293 1800 fornicatio
1309 1763 1400 1810 ipsa.

314 1813 480 1862 Namque
499 1825 605 1852 suum
625 1816 746 1864 perdit
761 1818 944 1864 ordinem,
959 1827 997 1858 et
1015 1821 1049 1858 in
1065 1819 1280 1868 profundius
1294 1836 1402 1873 quam

313 1877 362 1915 sit
383 1877 634 1915 fornicationis
655 1878 869 1918 barathrum
889 1881 1004 1929 ejecta
1025 1890 1096 1921 est.
1116 1883 1198 1922 Non
1218 1886 1316 1930 enim
1335 1887 1404 1926 alio

313 1940 394 1988 quis
425 1939 518 1978 feret
545 1950 630 1978 cum
665 1941 865 1989 virginibus
891 1946 1075 1984 numerari
1109 1957 1191 1985 eam
1223 1959 1306 1996 quae
1327 1960 1402 1988 non

312 2009 418 2043 curat
435 2014 516 2052 qua:
546 2009 633 2042 sunt
649 2003 808 2051 Dotnini,
837 2011 876 2044 et
893 2009 1030 2046 multos
1048 2009 1169 2048 reddit
1199 2011 1400 2059 adulteros,

313 2078 431 2116 neque
450 2078 533 2106 cum
563 2073 698 2119 nuptis.
721 2073 785 2112 llla
805 2074 904 2112 enim
921 2084 1046 2112 curam
1065 2075 1190 2120 habet,
1217 2077 1402 2124 quomodo

313 2131 456 2178 placeat
473 2133 552 2172 viro
580 2135 668 2173 uni:
690 2143 729 2176 tu
757 2143 876 2175 autem
899 2142 940 2174 ut
967 2137 1182 2184 innumeris,
1213 2145 1249 2176 et
1279 2139 1322 2176 iis
1339 2141 1399 2189 qui

312 2203 390 2234 non
403 2194 483 2242 lege
497 2195 659 2244 conjugii
674 2199 765 2243 noti,
782 2199 847 2237 sed
863 2199 938 2240 alio
955 2199 1112 2248 quodam
1131 2200 1240 2238 modo
1255 2200 1303 2248 ab
1321 2211 1400 2240 om-

313 2255 418 2298 nibus
433 2257 678 2298 condemnato
694 2266 730 2298 ct
747 2261 906 2310 reiecto:
923 2263 1020 2302 unde
1035 2274 1164 2303 vereor
1179 2275 1224 2304 ne
1239 2265 1286 2304 ab
1300 2273 1400 2306 utro-

311 2327 385 2364 que
399 2318 479 2357 loco
493 2320 665 2363 excideris
680 2322 715 2360 in
731 2323 925 2367 mulierum
941 2325 1216 2370 inhonestarum
1232 2328 1398 2368 ordinem

312 2378 457 2418 redacta
477 2380 648 2420 videaris.
679 2383 821 2422 Etenim
843 2385 890 2424 ab
907 2387 1150 2434 appellatione
1169 2389 1246 2436 ipsa
1267 2391 1298 2428 si
1317 2391 1399 2440 quis

311 2451 386 2478 rent
401 2442 600 2492 dijudicare
615 2447 714 2492 velit,
736 2447 805 2496 ipsi
825 2451 1077 2490 contradicere
1096 2451 1184 2490 nihil
1200 2455 1397 2502 possimus.

310 2503 400 2544 Nam
416 2507 448 2546 si
467 2509 612 2556 quando
627 2509 664 2547 in
682 2511 800 2549 forum
817 2523 858 2550 se
875 2513 1079 2561 conferant,
1095 2515 1154 2554 vel
1169 2516 1260 2555 alias
1274 2528 1398 2556 sermo

309 2565 408 2607 domi
428 2568 474 2606 de
492 2569 582 2619 ipsis
601 2572 650 2609 sit
669 2573 764 2620 apttd
793 2583 872 2620 eos,
891 2573 953 2624 qui
971 2575 1158 2624 disputant
1175 2578 1222 2616 de
1239 2579 1395 2619 absurda

309 2630 518 2678 hujusmodi
550 2635 809 2683 copulatione,
841 2638 1048 2686 signiﬁcare
1080 2641 1246 2680 volentes
1279 2642 1392 2690 illam,

308 2691 418 2740 hujus
435 2700 580 2741 vocant,
604 2707 676 2734 non
699 2704 870 2744 matrem,
903 2711 1025 2749 neque
1042 2703 1140 2740 enim
1160 2703 1260 2742 illum
1281 2715 1394 2754 pepe-

307 2755 382 2800 rit;
405 2766 523 2804 neque
542 2767 723 2803 sororem,
746 2771 819 2798 non
838 2762 934 2800 enim
953 2773 1000 2802 ex
1027 2765 1156 2804 eodem
1176 2772 1280 2805 utero
1310 2779 1395 2816 pro-

305 2824 414 2864 gnata
433 2824 514 2864 est;
549 2831 668 2869 neque
688 2823 896 2873 conjugem,
926 2836 1000 2866 non
1017 2828 1114 2865 enim
1136 2829 1216 2879 lege
1235 2832 1394 2882 conjugii

305 2879 538 2944 coltabitant;
562 2893 680 2934 neque
698 2885 771 2922 alio
789 2888 961 2936 quopiam
979 2892 1208 2938 cognationis
1227 2879 1390 2944 nomine,

305 2940 404 3008 quod
427 2951 645 2986 concessum
672 2946 729 2984 vel
749 2947 830 2996 lege
859 2950 1078 2996 permissum
1111 2953 1171 2998 sit,
1203 2955 1270 2994 sed
1297 2940 1392 3008 turpi

306 3003 461 3050 quodam
491 3015 535 3044 ac
563 3006 730 3048 ridiculo.
762 3009 844 3048 Non
861 3012 959 3051 enim
979 3023 1048 3062 ego
1065 3015 1213 3063 quidem
1247 3003 1392 3060 tulerint

306 3065 424 3113 ipsum
442 3069 634 3114 nominare
651 3084 662 3108 :
681 3073 734 3110 sic
759 3083 906 3113 exosam
927 3075 1046 3116 habeo
1066 3086 1102 3116 et
1121 3091 1273 3120 aversor
1297 3083 1392 3122 hanc

304 3129 599 3178 appellationem,
633 3141 670 3174 et
698 3136 890 3174 molestum
925 3138 1013 3178 mihi
1033 3147 1090 3178 est
1117 3143 1227 3181 etiam
1257 3155 1390 3186 nomen

305 3192 550 3256 contubernii.
573 3195 645 3234 Sed
673 3207 745 3237 non
765 3200 958 3247 peperisti,
979 3212 1048 3240 nec
1078 3203 1238 3244 tolerastt
1268 3214 1392 3256 partus

307 3251 466 3316 dolores.
503 3257 548 3295 Et
565 3259 652 3306 quid
674 3259 742 3305 hac
760 3260 973 3303 defensione
993 3263 1158 3306 foedius?
1187 3251 1278 3316 quid
1305 3270 1390 3311 item

305 3315 476 3355 miserius
501 3329 610 3368 quam
629 3324 725 3370 quod
757 3325 804 3363 ab
834 3326 878 3364 iis
907 3327 982 3364 vult
1001 3337 1181 3378 apparere
1200 3315 1316 3381 virgo,
1344 3333 1390 3370 ad

302 3390 384 3426 qure
417 3387 454 3419 ct
486 3383 610 3422 multa:
639 3393 677 3424 et
707 3387 958 3431 fornicatriees
989 3393 1162 3432 mulieres
1191 3395 1390 3444 confugere

303 3445 484 3489 possunt?
503 3445 574 3484 Sed
601 3448 686 3494 illm,
719 3450 851 3500 inquit,
883 3455 1030 3495 aliunde
1059 3463 1262 3506 arguuntur
1291 3458 1389 3507 quod

303 3507 442 3546 libidini
469 3518 612 3550 vacent.
634 3512 740 3554 Unde
758 3517 904 3556 aliunde
925 3519 984 3557 die
1003 3520 1118 3558 mihi?
1147 3522 1176 3558 Α
1195 3522 1344 3566 vestitu,
1367 3532 1386 3558 a

302 3572 395 3615 visu,
427 3583 448 3611 a
481 3585 624 3623 gressu,
659 3577 706 3614 ab
733 3581 960 3631 amatoribus
983 3593 1077 3630 quos
1094 3583 1256 3632 capiunt.
1289 3584 1388 3624 Bene

301 3636 447 3680 quidem
465 3639 570 3678 nobis
587 3639 783 3690 depinxisti
801 3645 912 3682 scorti
927 3644 1206 3690 characterem;
1226 3646 1290 3684 sed
1305 3646 1388 3686 vide

303 3707 349 3738 ne
381 3697 438 3736 his
473 3701 694 3748 coniecturis
725 3710 763 3742 et
793 3706 1032 3753 argumentis,
1063 3713 1261 3755 antequam
1291 3708 1383 3753 illas,

305 3758 455 3804 teipsam
475 3763 612 3810 capias.
631 3766 773 3804 Etenim
793 3775 830 3805 et
845 3774 882 3804 tu
903 3767 968 3805 tibi
986 3767 1053 3814 ipsi
1073 3769 1165 3806 tales
1183 3780 1282 3817 stupe
1299 3781 1388 3818 pra:-

303 3829 410 3863 paras
427 3831 624 3869 amatores,
643 3834 752 3876 atque
771 3839 836 3876 per
851 3829 979 3868 eadem
998 3830 1104 3866 retia.
1124 3829 1229 3876 Quod
1254 3831 1286 3869 si
1315 3843 1386 3868 non

304 3890 412 3917 vocas
431 3883 465 3918 in
477 3885 699 3926 domicilium
715 3897 992 3937 praetereuntes.
1006 3896 1044 3928 ct
1062 3891 1174 3928 habes
1189 3891 1281 3928 intra
1297 3903 1386 3930 con-

307 3942 426 3980 clusus
447 3954 604 3995 semper,
625 3951 720 3997 qttod
740 3953 852 3989 multo
879 3953 1038 4001 gravius,
1059 3953 1106 3990 ob
1125 3952 1215 3990 nihil
1235 3953 1378 4001 quidem

803 225 842 262 S.
869 225 1060 268 JOANNIS
1085 225 1412 264 CllRYSOSTOill
1440 227 1655 268 ARCUIEP.
1683 229 2042 276 CONSTANTINOI‘.
2448 251 2505 292 ωδ

1486 305 1596 370 aliud,
1619 319 1726 358 quam
1755 317 1793 349 ut
1812 310 2003 351 absurdam
2021 315 2237 364 voluptatem
2257 320 2406 370 impleas,
2423 335 2454 366 et
2467 329 2502 368 il-

1485 369 1552 406 lius
1571 376 1609 428 et
1625 377 1738 417 tuam,
1759 383 1831 410 non
1849 383 2080 423 congressum
2102 377 2252 428 inquam.
2271 369 2336 424 Sed
2351 387 2425 435 quid
2438 390 2504 432 inde

1483 431 1590 499 lucri,
1621 434 1916 499 quandoquidem
1935 441 2066 478 mutuis
2083 444 2278 490 aspectibus
2297 431 2382 486 istud
2407 451 2502 499 ipsqu

1482 495 1682 544 contingit?
1700 497 1847 546 Alioqui
1867 499 1896 537 si
1919 499 1988 539 hoc
2006 512 2076 540 non
2103 510 2170 550 est,
2191 517 2300 555 neque
2323 495 2502 552 adulterium

1481 556 1578 596 istud
1598 560 1838 606 committitis,
1871 573 1983 610 quare
2008 563 2122 611 ipsum
2151 565 2258 606 habes
2281 569 2390 609 domi?
2417 586 2502 624 quant

1481 630 1630 660 causam
1661 622 1798 670 justam
1831 632 1870 663 ct
1888 625 2136 672 rationabilem
2165 631 2264 669 nobis
2282 622 2499 685 diceslbiupta

1479 684 1578 722 enim
1607 687 1750 736 nuptias
1781 687 1900 736 dicet,
1935 696 2094 730 scortum
2121 692 2316 742 libidinem;
2343 705 2377 736 tu
2405 684 2502 740 autem

1481 747 1584 812 virgo
1613 749 1759 797 qualem
1789 751 1898 792 nobis
1923 763 2069 796 causam
2099 757 2256 800 narrabis
2282 759 2410 809 dignam
2438 776 2502 812 quae

1481 811 1742 866 proferaturet
1753 813 1917 862 justam?

1529 877 1566 914 4.
1595 878 1643 916 At
1661 888 1728 916 cur
1741 879 1886 922 curiose
1905 879 2056 929 inquiris
2070 911 2080 929 ,
2097 883 2230 930 inquit,
2249 897 2323 924 cum
2341 899 2402 927 non
2415 891 2500 930 simul

1479 939 1689 985 dormiant,
1725 953 1843 991 neque
1877 943 2064 982 nobiscum
2093 949 2362 996 congrediantur,
2393 960 2424 990 ut
2445 955 2500 992 illis

1479 1003 1696 1042 mulieribus
1733 1005 1810 1044 illi?
1829 1005 1906 1044 Iino
1925 1005 1996 1044 boc
2022 1009 2238 1055 potissimum
2256 1011 2396 1061 plerique
2421 1014 2500 1053 al’lir-

1481 1074 1595 1104 mant.
1619 1067 1754 1107 Verum
1791 1070 1879 1118 quid
1905 1069 2002 1109 hoc?
2037 1071 2172 1119 inquit:
2203 1081 2318 1114 contra
2345 1087 2434 1115 suum
2459 1079 2500 1117 illi

1479 1137 1602 1179 caput.
1619 1132 1675 1168 An
1695 1142 1782 1170 vero
1803 1140 1930 1171 contra
1963 1143 2068 1172 suum
2103 1140 2232 1173 tantum
2260 1144 2354 1185 caput
2383 1140 2496 1186 dicant,

1479 1200 1603 1240 postea
1621 1194 1860 1243 inquiremus.
1881 1196 1927 1234 Et
1941 1196 2016 1244 jam
2039 1197 2181 1245 quidem
2197 1199 2366 1238 manifeste
2376 1201 2498 1240 demon-

1478 1261 1634 1294 stratum
1665 1263 1745 1303 est,
1783 1268 1867 1297 eum
1899 1259 1945 1298 de
1977 1261 2064 1298 viris
2089 1260 2298 1304 diceremus.
2327 1264 2410 1312 quod
2441 1275 2497 1305 non

1479 1318 1598 1356 solum
1617 1320 1678 1368 qui
1709 1321 1955 1367 maledicunt,
1975 1322 2040 1360 sed
2053 1329 2090 1362 et
2101 1325 2157 1372 qui
2172 1325 2358 1364 occasiones
2387 1333 2499 1365 temere

1479 1382 1644 1430 praebent
1675 1383 1711 1423 in
1746 1393 1856 1422 causa
1886 1395 1968 1432 qua:
2004 1386 2130 1434 agitur.
2162 1387 2208 1424 rei
2233 1394 2305 1425 sunt
2333 1389 2494 1436 supplicii:

1479 1450 1730 1484 verumtamen
1758 1445 1828 1485 hoc
1843 1447 1962 1496 ipsum
1983 1447 2102 1488 denuo
2118 1449 2414 1488 demonstrabimus.
2427 1451 2499 1490 lant

1477 1514 1599 1546 autem
1617 1509 1647 1546 si
1664 1513 1698 1546 te
1718 1519 1895 1558 rogavero
1908 1521 2054 1550 causam
2071 1511 2174 1560 hujus
2191 1512 2406 1557 contubernii,
2423 1523 2496 1549 num

1477 1568 1636 1617 aliquam
1650 1569 1778 1609 dicere
1799 1571 1928 1619 potes?
1946 1572 2090 1610 lnlirma
2107 1584 2206 1619 sum,
2233 1573 2354 1620 inquit,
2377 1573 2496 1616 mulier,

1478 1641 1596 1680 neque
1613 1633 1688 1670 sola
1703 1633 1807 1672 valeo
1824 1643 1908 1672 meo
1940 1635 2020 1673 usui
2037 1634 2208 1673 sufﬁcere.
2237 1635 2406 1673 Enimvero
2432 1645 2501 1675 cum

1478 1695 1557 1733 haec
1573 1695 1882 1734 cohabitatdribus
1901 1698 2032 1736 vestris
2047 1699 2225 1746 objicimus
2235 1727 2246 1744 ,
2263 1699 2304 1736 ab
2316 1697 2362 1735 eis
2377 1703 2496 1734 conua-

1477 1757 1529 1794 ria
1551 1758 1718 1796 audimus
1736 1787 1748 1805 ,
1766 1770 1897 1808 nempe
1910 1761 2006 1809 quod
2027 1768 2170 1810 propter
2181 1771 2276 1798 suum
2296 1760 2496 1798 ministerium

1477 1829 1543 1858 vos
1563 1827 1722 1859 teneant.
1739 1823 1928 1868 Quomodo
1942 1823 2049 1872 igitur
2065 1835 2143 1872 qua:
2171 1834 2212 1861 ex
2228 1822 2402 1861 abundanti
2429 1822 2501 1859 viris.

1475 1883 1586 1920 etiam
1603 1884 1734 1922 solatio
1754 1895 1836 1924 esse
1864 1887 2037 1934 potestis,
2056 1878 2154 1924 vobis
2186 1885 2376 1923 mulieribus
2401 1883 2494 1922 subsi-

1475 1943 1536 1982 dio
1563 1954 1645 1983 esse
1674 1956 1746 1984 non
1764 1949 1936 1994 potestis,
1953 1949 2017 1988 sed
2037 1948 2112 1986 aliis
2129 1946 2396 1996 indigetisiNant
2424 1945 2496 1982 sicut

1476 2007 1532 2044 vir
1544 2007 1622 2044 viro
1635 2036 1646 2054 ,
1661 2007 1709 2046 ita
1729 2009 1859 2048 mulier
1874 2011 2017 2050 mulieri
2033 2010 2246 2054 commodius
2264 2015 2298 2048 et
2313 2009 2428 2046 rectius
2443 2007 2494 2043 uti-

1475 2079 1546 2116 que
1557 2069 1776 2109 cohabitarit
1789 2084 1798 2109 :
1813 2073 1957 2121 quando
1970 2080 2088 2112 autem
2100 2079 2135 2111 et.
2149 2073 2228 2110 viris
2237 2071 2280 2110 ad
2296 2069 2497 2108 ministerium

1475 2133 1744 2172 commodiores
1769 2136 1858 2174 estis
1873 2137 1987 2174 multo
2008 2139 2119 2186 magis
2137 2135 2230 2174 vobis
2257 2135 2346 2182 ipsis.
2366 2133 2413 2170 Ad
2429 2130 2493 2179 quid

1473 2195 1594 2242 enim,
1617 2207 1766 2244 quasso,
1787 2200 1991 2237 necessaria
2023 2206 2060 2238 et
2079 2200 2172 2236 utilis
2186 2198 2248 2236 viri
2277 2195 2494 2235 societasiaut

1473 2260 1581 2307 quale
1614 2260 1675 2298 ille
1695 2262 1840 2301 mulieri
1860 2263 2044 2302 exhibebit
2061 2263 2286 2302 ministerium
2299 2290 2309 2307 ,
2325 2259 2408 2308 quod
2437 2267 2495 2296 non

1472 2322 1586 2370 possit
1601 2324 1744 2362 mulieri
1755 2326 1908 2364 mulier?
1919 2337 2004 2364 num
2023 2326 2126 2364 telatn
2142 2332 2251 2363 tecum
2267 2331 2372 2362 texere
2380 2321 2425 2358 vel
2437 2326 2494 2356 tra-

1473 2393 1568 2422 mam
1585 2396 1671 2424 nere
1681 2398 1763 2425 cum
1778 2389 1934 2428 stamine
1946 2389 2005 2428 ille
2017 2389 2129 2438 magis
2141 2388 2265 2437 poterit
2275 2397 2364 2436 quam
2376 2382 2496 2422 mulier?-

1471 2457 1516 2484 an
1539 2457 1609 2486 non
1627 2455 1755 2487 contra
1771 2460 1812 2488 se
1830 2462 1888 2489 res
1908 2451 2042 2490 habet?
2059 2451 2122 2489 Ille
2139 2451 2231 2489 enim
2248 2447 2366 2488 etiamsi
2383 2445 2485 2487 vellet.

1470 2522 1546 2550 non
1565 2513 1690 2562 utique
1709 2515 1842 2560 sciret,
1862 2515 1930 2552 nisi
1948 2515 2039 2554 forte
2059 2525 2152 2552 nunc
2166 2514 2198 2552 id
2213 2514 2302 2562 ipsos
2312 2506 2483 2548 docueritis:

1471 2575 1604 2624 quippe
1623 2577 1786 2616 mulieris
1815 2578 1930 2616 solius
1963 2577 2032 2616 hoc
2054 2587 2144 2626 opus
2158 2582 2224 2615 est.
2237 2574 2302 2613 Sed
2317 2578 2429 2610 vestem
2445 2569 2486 2604 la-

1470 2648 1578 2686 vare,
1601 2640 1719 2688 ignem
1739 2641 1939 2680 accendere
1953 2669 1964 2688 ,
1985 2647 2022 2680 et
2035 2641 2142 2679 ollam
2155 2635 2378 2678 fervefacere?
2393 2631 2488 2669 Etiam

1469 2700 1550 2740 me
1568 2712 1640 2755 "9"
1668 2702 1787 2740 minus
1800 2731 1812 2749 ν
1831 2703 1896 2742 scd
1917 2703 2045 2742 melius
2063 2713 2169 2752 quam
2184 2702 2235 2739 vir
2250 2699 2362 2737 mulier
2373 2694 2494 2734 ellicero

1469 2769 1602 2810 potest.
1635 2764 1826 2810 Quomodo
1859 2766 1968 2815 igitur
1997 2765 2092 2802 utilis
2121 2765 2188 2808 vir,
2219 2762 2273 2800 die
2301 2755 2429 2807 quaeso?
2447 2763 2492 2822 an

1468 2826 1614 2874 quando
1636 2827 1794 2866 vendere
1821 2834 1884 2865 aut
1903 2839 2026 2868 emere
2045 2827 2208 2876 oportet?
2226 2825 2292 2864 Sed
2321 2829 2421 2868 neque
2447 2816 2494 2852 hic
2517 2837 2520 2840 ~

1467 2888 1597 2926 mulier
1625 2889 1720 2927 valet
1753 2890 1872 2928 minus
1905 2901 2013 2939 quam
2045 2891 2112 2936 vir,
2144 2895 2179 2927 et
2209 2885 2381 2926 testabitur
2393 2881 2494 2926 utique

1466 2951 1584 2990 forum
1598 2981 1608 3000 ,
1628 2959 1664 2989 et
1675 2963 1804 2990 omnes
1823 2959 2002 3002 quotquot
2025 2955 2231 2991 vestimenta
2248 2957 2358 2987 emere
2372 2943 2490 3010 velulli:

1467 3024 1486 3050 a
1503 3015 1714 3052 mulieribus
1735 3015 1948 3065 plerumque
1965 3022 2099 3054 emunt.
2111 3013 2209 3061 Quod
2223 3013 2250 3049 si
2266 3017 2360 3058 turi)c
2374 3006 2493 3051 “mm

1466 3077 1534 3115 bus
1555 3078 1588 3114 in
1610 3077 1689 3115 foro
1704 3084 1802 3116 stare
1822 3079 1858 3115 in
1879 3068 2106 3117 commerciis
2119 3105 2129 3123 ,
2151 3077 2238 3113 sicut
2261 3079 2296 3111 et
2321 3077 2412 3117 turPe
2428 3069 2491 3103 es"

1463 3147 1600 3188 quanto
1620 3140 1734 3188 magis
1759 3141 1968 3179 cohabitare
1999 3141 2076 3178 viro
2097 3135 2254 3186 turpius?
2276 3135 2492 3188 Verumtamen

1463 3186 1501 3239 et
1519 3202 1587 3239 hoc
1604 3186 1724 3240 minus
1741 3213 1848 3249 quam
1871 3203 1955 3242 illud
1968 3203 2124 3252 effugere
2139 3204 2262 3250 potest.
2278 3195 2360 3232 Nam
2373 3191 2440 3228 hmo
2451 3186 2495 3224 νει

1464 3264 1594 3312 puellae
1611 3275 1692 3312 qua:
1709 3265 1904 3310 ministrat,
1917 3266 1974 3303 vel
1995 3265 2122 3304 vetulis
2137 3271 2214 3310 quae
2229 3258 2271 3296 ad
2288 3257 2361 3293 hate
2376 3252 2494 3290 idoneae

1463 3331 1560 3370 sunt,
1577 3325 1707 3362 rectius
1719 3326 1975 3364 commiserim:
1988 3327 2080 3364 unde
2093 3325 2202 3374 palam
2215 3327 2266 3359 est
2275 3318 2495 3380 limo???"

1463 3393 1520 3424 tus
1534 3393 1569 3424 et
1583 3386 1712 3434 eﬂ‘ugia
1725 3397 1806 3424 esse
1824 3397 1868 3426 ac
1888 3393 2090 3436 tegumenta
2110 3375 2495 3424 intirmitatis.Q"3“5i"‘

1461 3447 1645 3486 ﬁrmitatis
1669 3449 1871 3487 velamenta
1885 3451 1902 3486 ?
1923 3451 2049 3498 inquit.
2067 3449 2153 3490 Nam
2182 3445 2212 3484 si
2237 3438 2496 3498 concupiscere?

1461 3511 1578 3548 virum
1601 3517 1638 3548 et
1656 3512 1798 3560 nuptias
1831 3519 1868 3550 et
1898 3513 1932 3550 id
1955 3491 2067 3561 genus
2084 3510 2163 3546 vita:
2177 3536 2187 3552 ,
2202 3505 2277 3554 quis
2294 3491 2495 3550 thibc'e”

1459 3585 1581 3612 annon
1611 3575 1756 3612 adesset
1791 3575 1940 3616 libertas
1968 3580 2006 3611 ut
2033 3573 2100 3610 hoc
2117 3571 2287 3610 facerem,
2303 3571 2368 3611 (1⁸³0
2395 3563 2497 3602 “eq”

1461 3638 1708 3676 oii'enderetur
1736 3639 1854 3683 Deus,
1875 3647 1990 3685 neque
2015 3635 2094 3682 ipsa
2110 3635 2156 3678 ab
2171 3627 2362 3668 hominibus
2387 3618 2496 3658 red“-

1461 3703 1617 3750 gnerer?
1635 3703 1782 3740 Etenim
1815 3707 1851 3740 et
1877 3710 1944 3749 ego
1975 3699 2044 3736 hoc
2073 3697 2172 3738 dico,
2201 3699 2236 3732 et
2259 3699 2325 3728 nun
2357 3692 2419 3750 ιιι-η)

1461 3739 1569 3812 Euam
1606 3775 1686 3803 mea
1722 3771 1806 3802 sunt
1836 3739 1958 3800 verba.
1975 3761 2022 3798 At
2049 3766 2193 3796 necesse
2211 3754 2344 3792 dicere.
2363 3743 2420 3812 ubi,
2441 3739 2495 3812 ul?

1461 3809 1528 3864 viri
1548 3838 1636 3864 usus
1658 3834 1844 3876 tantopere
1871 3823 2114 3864 necessarius;
2133 3818 2187 3855 νει
2213 3824 2288 3876 cum
2317 3809 2496 3876 monsmf:

1460 3900 1531 3926 non
1563 3891 1681 3938 possis
1695 3919 1706 3936 ,
1724 3860 1888 3937 ejiciatur
1905 3887 1934 3924 is
1957 3885 2016 3932 qui
2037 3882 2128 3920 male
2155 3875 2344 3938 θοωθίίίῖξί
2362 3860 2494 3938 nam”?

1462 3951 1528 3991 hac
1549 3933 1766 3990 contumelia
1792 3949 1926 3988 absolvi
1951 3947 2054 3985 aliter
2072 3954 2140 3985 non
2168 3945 2276 3988 potes
2302 3933 2378 3980 live
2410 3933 2494 3965 enim
