2726 4358
233 243 296 282 Sil

237 332 317 369 quae
331 318 496 358 dicebas,
517 324 587 350 non
609 319 668 348 tua
697 308 810 354 magis
827 310 932 345 sunt,
954 308 1058 348 quam
1092 302 1215 332 eorum
1237 289 1295 336 qui

241 380 493 430 turpitudinem
521 383 617 412 tuam
649 371 784 408 dolent.
820 363 1013 413 Oportebat
1040 356 1207 405 quidem,
1245 358 1298 387 ta-

242 443 346 482 metsi
376 438 567 488 plurimum
597 433 684 470 utile
717 435 836 470 esset,
859 425 923 462 viri
961 416 1193 458 ministerium
1219 421 1300 448 cum

1064 479 1072 488 ι
1113 475 1174 488 ἢκε
1193 471 1300 488 ,ΛΑ-,2η

247 471 346 482 .........

247 510 346 542 tanto
364 498 525 538 convicio
545 506 616 532 non
631 492 840 528 admittere:
857 496 938 523 nam
958 479 1098 530 quando
1113 475 1175 513 Dei
1191 471 1302 520 gloria

244 564 423 602 dedecore
439 557 607 597 afﬁcitur.
632 553 751 590 nullus
777 556 848 586 tam
868 540 1088 582 necessarius
1101 545 1181 574 esse
1207 537 1307 580 pote-

249 627 295 662 rit
313 626 505 672 prmtcxtus
520 646 531 661 ,
545 624 584 654 ut
601 613 856 664 persuadeatur
873 601 1052 644 contemni
1078 604 1214 636 tantum
1229 604 1309 630 ma-

798 671 805 672 ,
863 668 884 672 __
947 666 967 672 ,ν
1083 658 1224 672 ,_J__
1266 663 1309 672 Μ

253 658 295 662 "‘
314 658 347 672 ιν-
358 658 382 660 η
521 658 528 661 -
603 658 613 664 .

253 687 340 723 lum.
365 681 565 728 Quinetiam
585 677 614 713 si
643 675 769 711 millies
797 671 832 706 in
851 668 908 704 die
927 666 974 702 sit
1001 658 1250 700 moriendum,
1266 663 1310 690 ne

257 748 323 784 hoc
344 747 426 788 ﬁat,
447 753 528 781 cum
559 739 670 777 multa
683 735 866 780 voluptate
895 729 963 765 hoc
991 723 1172 762 sustinere
1206 726 1314 764 opor-

258 810 352 845 lebat
366 835 376 849 ,
397 805 508 842 multo
526 803 642 838 minus
658 778 807 844 quietis,
827 791 883 828 vel
904 785 1071 826 mundani
1087 791 1173 820 usus
1186 778 1312 826 gratia,

259 842 504 920 neglig'endum
522 871 598 904 erat
615 842 763 900 malum.
782 856 873 894 Audi
893 855 999 902 igitur
1019 845 1199 896 quomodo
1227 842 1317 888 idip-

1043 912 1050 920 .
1158 914 1224 920 ,___
1256 903 1302 920 υ,

259 903 503 920 ..κοηνηηη
530 903 537 904 ,

259 947 337 973 sunt
351 934 466 971 timuit
479 929 608 968 Paulus
617 932 653 964 et
663 921 820 964 tremuit,
832 925 979 965 etquam
995 912 1238 949 vehementer.
1251 903 1318 940 Bo-

267 1010 342 1036 num
361 997 456 1034 enim
483 991 568 1028 mihi
585 995 632 1026 est
651 985 737 1024 mori
752 1011 763 1029 ,
783 983 830 1020 ait
845 1010 854 1025 ,
877 989 979 1026 quam
998 973 1140 1024 gloriam
1159 977 1266 1005 meam
1286 970 1321 1000 ut

266 1061 340 1108 quis
361 1063 491 1096 evacuet
504 1055 553 1104 (l.
568 1052 647 1089 Cor.
666 1049 702 1086 9.
731 1046 803 1094 15).
822 1043 917 1080 Sane
935 1039 1006 1080 ille,
1023 1042 1118 1073 utne
1133 1033 1322 1068 evacuarct

784 1106 790 1108 Α
993 1107 1016 1108 η
1053 1107 1056 1108 ν
1160 1085 1322 1108 -,.....,ι..ι..

267 1085 340 1108 ινιιισ
361 1085 490 1096 υνμν-ν-
526 1085 553 1090 --
573 1085 624 1089 --ν-
777 1085 786 1094 ,

267 1131 366 1156 stram
392 1085 538 1165 gloriain
555 1141 564 1158 ,
587 1110 676 1148 mori
703 1106 831 1154 elegit:
853 1111 919 1138 nos
943 1107 1061 1134 autem
1093 1100 1132 1129 ut
1160 1085 1324 1127 scandala

941 1161 948 1165 -
1111 1146 1324 1165 -γΑηΛή-...μιῖ

392 1146 538 1165 om.-."
555 1146 564 1158 ,
588 1146 608 1148 ._
631 1146 638 1148 ν
760 1146 780 1154 ν

270 1181 436 1217 tollamus
451 1205 459 1219 ,
482 1184 599 1222 neque
617 1179 767 1219 parvum
787 1161 1015 1202 commodum
1039 1146 1326 1192 contemnimus?

269 1249 306 1278 et
318 1238 498 1288 quomodo
518 1235 710 1282 poterimus
731 1235 896 1273 umquam
919 1219 1066 1262 salvari,
1083 1225 1162 1252 cum
1183 1221 1253 1248 nou
1284 1208 1330 1244 sit

272 1268 495 1288 ...μηηηηνη
519 1268 608 1282 rw,
805 1268 814 1273 _

272 1312 349 1348 par,
371 1307 485 1345 neque
511 1293 654 1331 accedat
682 1298 815 1337 prope,
832 1283 935 1321 laude
965 1277 1116 1326 privari,
1137 1279 1173 1311 et
1199 1272 1233 1308 in
1258 1268 1330 1305 cri-

822 1345 858 1348 ν.
935 1341 948 1348 -
990 1341 996 1347 .
1065 1343 1072 1348 ,
1217 1331 1329 1348 mm

273 1331 349 1348 ιμ’-τ
371 1331 482 1345 ⁷⁷*Ί-ν-
683 1331 691 1337 .
751 1331 758 1335 ,

273 1373 353 1397 men
371 1355 551 1395 incidere?
569 1354 632 1390 Ille
650 1351 744 1388 enim
763 1347 830 1384 etsi
851 1345 918 1380 hoc
935 1341 1099 1380 fecisset,
1119 1344 1188 1370 non
1215 1331 1331 1366 otl‘en-

273 1425 384 1458 di~srt
403 1422 512 1456 Deum
528 1429 537 1453 :
559 1417 634 1462 ipse
655 1421 808 1456 namque
821 1407 853 1444 ei
871 1405 1104 1442 constituerat
1121 1407 1162 1434 es
1181 1401 1334 1439 evange-

276 1485 324 1521 lio
338 1484 477 1518 vivere:
497 1485 652 1515 attamen
671 1472 825 1510 malebat
841 1467 952 1509 mori,
971 1472 1078 1510 quam
1107 1465 1178 1496 tam
1203 1457 1335 1493 bonum

278 1555 368 1592 opus
381 1543 579 1588 relinquere
598 1550 607 1574 :
627 1546 692 1572 nos
713 1539 830 1570 autem
850 1529 1034 1566 turbantes
1051 1534 1092 1560 ca
1109 1531 1188 1568 qua;
1207 1518 1338 1562 ubique

281 1612 362 1642 sunt
379 1603 558 1642 ordinata,
587 1599 668 1634 licet
683 1597 836 1632 sciamus
850 1588 945 1639 quod
963 1585 1152 1624 maximam
1175 1587 1338 1629 propter-
1373 1619 1386 1623 _

289 1677 331 1703 ea
365 1663 483 1700 inituri
527 1661 638 1696 simus
678 1665 844 1704 poenam,
893 1659 1008 1696 neque
1049 1641 1340 1682 consuetudinem

285 1727 447 1776 frigidam
477 1731 512 1760 et
539 1719 821 1767 intempestivam
847 1711 980 1760 deSpici
1007 1705 1181 1757 patimur?
1199 1709 1234 1740 ct
1265 1711 1344 1748 qum

287 1790 427 1827 tandem
460 1786 563 1823 nobis
588 1763 660 1820 erit.
674 1780 800 1818 venia?
819 1775 1014 1824 Oportebat
1047 1771 1164 1818 igitur,
1195 1765 1260 1802 etsi
1295 1763 1346 1798 vi-

287 1861 366 1889 rum
402 1858 510 1884 unum
548 1843 646 1881 multi
681 1851 768 1878 usus
796 1823 1100 1884 requirerent,ut
1121 1834 1225 1864 antra
1251 1823 1346 1858 dicc-

289 1913 369 1948 bam
384 1937 393 1952 ,
411 1914 506 1944 tanta
526 1915 611 1941 vero
632 1903 714 1939 inde
735 1902 940 1936 nasceretur
959 1887 1172 1928 contumelia
1190 1912 1200 1927 ,
1215 1883 1346 1930 eligere

287 1979 438 2010 mortem
458 1968 576 2016 potius
589 1993 600 2010 ,
621 1973 727 2012 quam
748 1961 816 1996 hoc
842 1962 1099 1994 contemnere:
1117 1960 1198 1986 cum
1227 1953 1347 1983 autem

290 2045 354 2082 per
373 2032 559 2068 mulierem
577 2021 799 2060 eorumodius
815 2025 851 2054 et
871 2015 1011 2053 facilius
1029 2013 1107 2050 lucc
1123 2009 1241 2048 omnia
1262 2017 1346 2055 pet»

291 2097 344 2130 ﬁci
362 2091 494 2139 passim
507 2117 517 2132 ,
535 2097 614 2134 quae
635 2085 735 2120 vobis
757 2081 824 2118 erit
848 2079 950 2115 venia
970 2077 1022 2113 sic
1039 2075 1192 2112 delicate
1215 2069 1350 2118 agenti-

291 2156 358 2194 bus
375 2181 385 2196 ,
404 2158 437 2187 et
453 2153 576 2185 contra
595 2145 747 2181 salutem
759 2146 914 2178 vestram
929 2147 994 2174 vos
1021 2133 1264 2172 (redeuntibus?
1284 2131 1346 2168 Dic

295 2216 380 2250 item
413 2210 668 2254 mihi,qnanto
701 2203 764 2240 tibi
792 2201 868 2237 hzec
904 2199 964 2235 ille
993 2195 1160 2236 exhibet,
1186 2201 1304 2229 annon
1342 2191 1352 2211 ¹

295 2271 480 2310 exhibebis
514 2268 621 2306 etiam
648 2264 699 2301 illi
725 2261 881 2300 vicissim
915 2255 1059 2304 aliquod
1092 2249 1356 2290 ministerium?

297 2333 386 2371 Nulli
421 2341 492 2368 non
520 2328 760 2365 manifestum.
783 2322 828 2359 Et
853 2325 986 2368 quanto
1001 2316 1134 2354 melius
1162 2324 1232 2350 non
1251 2311 1358 2348 retri-

297 2398 407 2433 buere
443 2393 548 2434 talia,
585 2399 699 2436 neque
727 2384 884 2422 vicissim
907 2381 1091 2427 accipere,
1123 2375 1185 2414 sed
1221 2381 1361 2420 tempus

298 2459 458 2496 laborum
474 2483 484 2500 ,
503 2452 598 2501 quod
631 2435 666 2488 in
688 2450 780 2487 illius
811 2447 967 2494 quietem
1005 2440 1184 2490 impendis
1199 2467 1210 2483 ,
1233 2437 1302 2474 hoc
1325 2435 1360 2472 in

302 2526 396 2558 tuam
433 2518 636 2556 insumere,
670 2521 776 2558 qttam
809 2507 964 2556 graviter
1003 2503 1222 2540 laborantem
1265 2504 1362 2535 tuam

302 2579 600 2624 existimationem
621 2565 864 2612 confundere?
891 2567 962 2606 Sed
977 2565 1114 2603 nullum
1135 2563 1200 2610 ipsi
1215 2559 1365 2598 exhibes

305 2639 560 2682 ministerium.
588 2635 682 2682 Ergo
711 2635 827 2680 ipsum
845 2629 914 2667 sibi
932 2627 1000 2675 ipsi
1017 2625 1137 2662 omnia
1161 2621 1365 2659 ministrare

308 2700 573 2742 necessarium,
611 2703 646 2734 et
691 2701 852 2732 sternere
883 2692 1017 2733 lectos,
1051 2692 1088 2724 et
1119 2693 1294 2732 coquere,
1330 2686 1368 2718 et

309 2765 426 2812 ignem
441 2760 660 2802 accendere,
681 2763 715 2794 et
731 2755 798 2791 alia
819 2753 852 2790 id
867 2761 978 2800 genus
995 2749 1126 2787 facere.
1147 2747 1231 2782 Ilaec
1254 2752 1368 2790 neque

310 2825 463 2862 famulus
494 2821 603 2859 ferret
632 2819 677 2856 ita
711 2815 940 2866 ministrans,
960 2818 998 2850 et
1022 2810 1112 2848 nihil
1141 2805 1322 2846 commodi
1349 2814 1369 2840 a

313 2887 462 2925 domino
481 2884 675 2929 accipiens.
693 2879 762 2917 Sed
785 2878 842 2914 hic
861 2876 930 2914 fert
962 2873 1103 2917 omnia,
1133 2869 1268 2917 inquit,
1289 2876 1371 2914 pro-

311 2955 390 2997 pter
399 2947 563 2984 timorem
579 2941 716 2980 Domini
735 2947 770 2978 et
786 2938 976 2986 repositam
993 2935 1051 2973 hic
1064 2931 1264 2972 ministerio
1275 2941 1371 2967 mer-

310 3009 434 3047 cedem
448 3035 457 3049 .
477 3012 513 3043 ct
529 3005 678 3052 gratiam
700 3000 842 3038 habebit
860 3000 918 3046 qui
945 2995 1098 3044 imperio
1125 2993 1271 3036 subest,
1291 3000 1371 3028 cum

313 3072 401 3114 nihil
433 3071 482 3107 illi
519 3069 566 3104 sit
595 3064 760 3102 utilitatis
783 3073 827 3100 ex
853 3061 968 3098 nobis.
996 3057 1098 3096 Unde
1121 3056 1229 3104 igitur
1250 3059 1373 3101 postea

315 3131 574 3182 itnpudcntium
603 3125 850 3166 obturahimus
885 3121 972 3160 ora?
1000 3120 1140 3159 Etenim
1178 3118 1208 3154 si
1240 3121 1374 3154 tantam

317 3196 392 3240 ipsa
411 3195 488 3240 eius
506 3191 649 3228 testaris
680 3189 846 3234 pietatem
861 3213 871 3230 ,
896 3191 933 3222 et
956 3184 1009 3221 sic
1027 3181 1150 3219 tremit
1171 3185 1208 3217 et
1233 3184 1378 3215 veretur

320 3255 384 3292 Dei
403 3254 567 3294 mandata
580 3279 591 3296 ,
613 3256 650 3290 ut
668 3249 824 3295 seipsum
833 3246 913 3294 plus
926 3250 1032 3292 quam
1045 3242 1260 3280 vilissimum
1274 3248 1378 3275 man-

319 3315 452 3362 cipium
480 3313 672 3364 despiciat,
697 3308 890 3356 omniaque
923 3306 986 3344 tibi
1017 3305 1208 3348 exhibeat,
1242 3300 1378 3338 nullum

321 3377 402 3436 inde
421 3375 564 3422 capiens
589 3375 768 3416 fructum,
794 3375 878 3412 ante
903 3369 1023 3406 omnia
1052 3366 1238 3414 oportebat
1263 3365 1379 3411 ipsum

327 3440 503 3483 rationem
529 3437 660 3477 habere
677 3433 802 3483 gloria:
819 3438 856 3470 et
874 3431 1022 3478 honoris
1034 3431 1097 3468 Dei
1117 3441 1126 3466 :
1147 3438 1242 3469 nunc
1261 3432 1381 3463 autem

323 3509 393 3541 non
404 3505 460 3537 est
477 3498 638 3545 ejusdem
651 3497 779 3534 animae
795 3493 901 3531 simul
915 3498 950 3530 et
960 3502 1025 3540 per
1037 3491 1132 3528 idem
1152 3497 1292 3537 tempus
1305 3494 1384 3524 tan—

324 3567 396 3601 tam
414 3557 680 3604 obsequentiam
697 3555 803 3602 simul
817 3559 853 3592 et
866 3553 1075 3600 despectum
1087 3551 1276 3589 ostendere
1289 3549 1383 3586 circa

325 3620 490 3668 mandata
508 3619 585 3663 Dei,
603 3624 639 3655 et
653 3628 746 3662 nunc
757 3616 900 3664 quidem
911 3615 987 3661 ipSa
1003 3619 1174 3660 tremere,
1191 3621 1285 3648 nunc
1294 3620 1378 3646 vero

325 3684 456 3731 nullam
465 3681 638 3718 rationem
652 3679 783 3720 habere
801 3678 879 3725 ejus
892 3677 954 3724 qui
968 3677 1064 3723 leges
1077 3675 1188 3719 dedit,
1201 3675 1287 3711 dum
1301 3683 1388 3710 con-

321 3743 470 3796 titinelia
483 3741 648 3780 afﬁcitur.
663 3740 800 3780 Etenim
815 3739 844 3776 si
855 3749 896 3776 se
905 3747 1031 3786 purum
1043 3747 1215 3784 scrvarea
1223 3736 1386 3783 volupta-

373 3877 384 3915 ¹,
407 3875 485 3934 savii
504 3900 513 3914 ,
530 3874 716 3932 celtibrbis;
737 3873 796 3908 sed
816 3873 932 3914 eodem
952 3872 1036 3916 redit
1058 3871 1232 3920 sententia.

585 230 704 278 QUOD
730 219 1006 264 REGULARES
1032 211 1216 255 ΡΕΜΙΝᾸΞ
1244 208 1362 245 \‘llllS
1387 197 1680 242 COHABITARE
1705 194 1793 232 NON
1821 185 2046 230 DEBEANT.

2358 175 2428 214 5%!

1366 293 1415 320 te.
1429 289 1463 319 et
1473 280 1558 318 nihil
1572 275 1714 315 hmnani
1727 282 1831 320 agere
1841 299 1850 313 ,
1864 269 2020 316 seipsum
2033 261 2234 317 humiliare,
2255 255 2428 300 afﬂigere.

1368 352 1404 382 ct
1421 342 1590 380 mrtnnuis
1607 337 1796 384 subjicere,
1815 332 1961 377 suisque
1976 314 2157 364 laboribus
2170 321 2248 359 aliis
2264 317 2421 365 quietem

1373 415 1498 454 parcre
1511 431 1520 447 ,
1541 411 1624 438 vere
1641 397 1742 435 valde
1761 392 1931 442 sapientis
1950 391 2078 426 animae
2095 391 2149 424 est
2177 389 2214 421 et
2241 379 2405 418 sublimis
2423 405 2432 420 ,

1374 479 1460 506 sane
1488 465 1638 514 gloriam
1679 460 1744 497 Dei
1773 454 1989 494 contumelia
2019 461 2089 486 non
2121 447 2288 483 afﬁcere.
2317 449 2434 487 neque

1987 512 1996 514 _
2371 501 2434 514 ,μ

1377 531 1454 566 haec
1473 501 1590 563 facere
1603 551 1612 567 ,
1637 526 1779 569 propter
1792 528 1870 565 qtae
1885 512 2152 560 blaSphematur
2171 517 2190 542 a
2204 504 2327 542 multis
2339 529 2350 546 ,
2371 501 2438 536 hoc

1379 589 1481 628 multi
1504 597 1571 625 nec
1586 584 1688 621 valde
1709 563 1826 626 magni
1847 577 1938 613 bene
1961 579 1998 610 et
2022 581 2103 608 cum
2137 567 2242 604 laude
2267 563 2442 612 prmstite-

1383 657 1479 689 runt.
1507 645 1696 694 Quomodo
1725 642 1832 688 igitur
1851 637 1913 674 tibi
1929 634 2117 673 credemus
2137 628 2231 677 quod
2269 627 2337 662 hoc
2360 632 2444 670 pro.

1381 718 1462 761 pter
1481 711 1592 746 Deum
1610 711 1646 743 et
1664 711 1830 741 asceseos
1848 697 2002 735 studium
2022 693 2143 736 facias,
2165 688 2259 737 quod
2278 693 2443 732 magnam

1941 757 1948 761 ⁸
1974 757 1980 761 “
2153 751 2161 761 ¹
2219 749 2255 761 ἠ
2274 747 2304 761 ml
2355 743 2443 761 .......l

1383 743 1419 810 et
1436 777 1647 818 generosam
1663 765 1820 801 animam
1850 757 1996 805 requirit
2013 784 2022 799 ,
2043 751 2188 800 quando
2219 747 2306 786 illud
2322 775 2332 792 ,
2352 743 2447 792 quod

1385 835 1524 872 scilicet
1553 831 1672 867 minus
1690 831 1745 863 est
1761 830 1798 861 et
1815 823 1981 868 vulgare,
2001 815 2186 862 despicere
2219 820 2289 848 non
2324 805 2452 855 potes?

1388 895 1508 942 Neque
1537 891 1711 928 absistere
1744 884 1798 920 vis
1823 867 1965 923 abiiis,
2005 887 2025 914 a
2046 874 2176 922 quibus
2205 872 2279 908 Deo
2306 867 2456 904 infertur

1391 929 1462 942 -.-Ἰ
1495 929 1504 931 ,

1391 955 1542 1003 injuria,
1580 948 1616 988 et
1645 956 1776 994 corpus
1809 949 1847 980 et
1882 939 2003 977 omnia
2037 935 2159 983 prodis
2195 941 2260 979 pro
2295 929 2340 966 iis
2375 935 2456 974 qum

1882 1002 1887 1003 ,
1927 1000 1936 1003 _
2173 993 2181 1003 ,
2227 993 2234 999 ,
2269 986 2456 1003 “Mn”

1393 986 1466 1054 ndn
1495 1013 1562 1061 ipsi
1586 986 1750 1058 placent?
1765 1005 1811 1042 Et
1835 1002 1890 1040 cui
1927 1000 2004 1036 haec
2031 993 2236 1044 persuaderi
2269 986 2460 1038 poterunt?

1394 1075 1464 1114 Sed
1484 1048 1606 1111 nescio
1624 1065 1802 1116 quomodo
1823 1074 1843 1100 a
1862 1059 2059 1108 virginibus
2077 1055 2120 1092 ad
2136 1062 2259 1092 earum
2273 1048 2460 1087 cohabita-

1397 1147 1494 1177 tores
1503 1134 1609 1174 simul
1629 1127 1854 1169 transiverim
1867 1135 1878 1168 ;
1893 1127 2083 1170 propterea
2099 1117 2223 1163 utique
2244 1113 2289 1150 ad
2317 1121 2380 1148 eas
2396 1119 2463 1146 no-

1399 1202 1454 1240 bis
1467 1195 1704 1236 redeundum.

1571 1256 1630 1306 qui
1657 1253 1734 1290 aliis
1751 1245 1958 1295 offendicula
1985 1247 2048 1284 est,
2070 1241 2132 1276 hoc
2157 1238 2232 1285 ipso
2251 1239 2364 1283 pereat
2379 1260 2390 1276 ,
2409 1233 2467 1266 etsi

1402 1335 1471 1362 non
1491 1299 1688 1365 male-agat.
1705 1334 1754 1342 --
1770 1309 1874 1350 Unde
1893 1308 1999 1355 igitur
2020 1304 2104 1346 illis,
2121 1300 2180 1348 qni
2203 1299 2248 1334 ita
2275 1307 2336 1333 eas
2363 1303 2467 1329 accu—

1405 1391 1486 1424 sant
1513 1388 1549 1420 ει
1574 1378 1883 1426 argumentantur,
1911 1378 1978 1405 nos
2007 1363 2204 1412 poterimus
2230 1353 2470 1405 persuadere?

1407 1447 1484 1484 Non
1503 1439 1798 1490 persuadeantur,
1817 1433 1879 1468 ait.
1902 1431 1956 1466 An
1975 1435 2061 1464 vero
2081 1425 2147 1470 pia:
2165 1421 2293 1456 anim-.c
2308 1420 2375 1453 hoc
2397 1415 2472 1450 fue-

1409 1507 1481 1544 rit?
1499 1504 1600 1541 Tune
1629 1499 1725 1536 enim
1752 1491 1916 1532 maledici
1934 1483 2154 1535 despiciendi
2183 1485 2280 1524 sunt,
2309 1487 2390 1514 cum
2410 1483 2478 1510 nos

1411 1568 1480 1605 illis
1505 1572 1610 1600 ansas
1635 1570 1704 1596 non
1723 1555 2005 1605 prmbucrimus;
2025 1549 2096 1584 imo
2115 1553 2229 1591 neque
2255 1547 2352 1582 tunc,
2371 1548 2479 1584 quau-

1411 1626 1604 1676 doqnidem
1634 1623 1791 1669 ipsorum
1821 1616 1993 1653 obturare
2012 1619 2076 1648 ora
2105 1613 2318 1654 possumus;
2339 1599 2480 1648 quando

1415 1699 1533 1728 autem
1553 1694 1664 1724 totum
1685 1695 1730 1720 ex
1748 1680 1850 1718 nobis
1870 1682 1938 1720 est,
1961 1675 1997 1711 in
2026 1677 2186 1708 nostrum
2205 1666 2356 1703 vertitur
2375 1667 2481 1708 caput

1416 1759 1510 1790 totus
1539 1749 1642 1795 ignis.
1665 1745 1726 1782 Sic
1751 1742 1855 1782 enim,
1877 1737 1941 1781 ait,
1961 1737 2138 1782 peccantes
2163 1729 2198 1764 in
2217 1727 2352 1774 fratres,
2381 1729 2410 1758 ct
2429 1723 2482 1756 in-

1417 1817 1552 1862 ﬁrmam
1570 1812 1721 1856 ipsorum
1747 1799 1986 1841 conscientiam
2006 1793 2242 1844 percutientes,
2254 1789 2288 1824 in
2311 1785 2484 1823 Christum

1417 1847 1564 1926 incentis
1583 1847 1634 1923 ξι.
1655 1871 1735 1909 Cor.
1762 1869 1799 1906 8.
1819 1865 1896 1913 12).
1915 1860 2061 1900 Sciebat
2086 1856 2198 1899 enim,
2218 1851 2354 1890 sciebat
2371 1847 2486 1884 maui-

1419 1916 1523 1983 ieste,
1541 1916 1635 1984 quod
1664 1942 1736 1970 non
1765 1927 1948 1966 sufﬁceret
1971 1921 2018 1959 ad
2037 1917 2284 1957 defensionem
2311 1916 2485 1952 nostram,

1420 2011 1545 2040 eorum
1563 1997 1624 2046 qui
1643 1993 1872 2032 oﬁ‘cnduntur
1893 1984 2096 2027 infirmitas,
2118 1980 2182 2018 sed
2199 1979 2268 2016 hoc
2283 1977 2398 2024 ipsum
2419 1981 2486 2020 po-

1422 2065 1599 2104 tissimum
1633 2064 1689 2096 est
1719 2053 1813 2101 quod
1849 2049 2066 2089 condemnat
2099 2053 2178 2080 nos.
2215 2040 2357 2084 Quanto
2392 2035 2488 2072 enim

1425 2128 1588 2174 puriores
1615 2128 1738 2158 sumus
1768 2127 1788 2154 a
1815 2123 1923 2153 causa
1951 2120 2032 2158 qua:
2062 2108 2270 2147 intentatur,
2301 2105 2400 2138 tanto
2425 2106 2489 2134 nos

1425 2188 1563 2234 aquius
1579 2179 1842 2232 praestabimus,
1867 2175 1896 2212 si
1927 2167 2127 2210 inﬁrmitati
2147 2174 2272 2203 eorum
2291 2167 2492 2209 parcamus.

1962 2233 1965 2234 ,
2089 2230 2096 2234 _
2183 2225 2209 2234 ,-
2265 2225 2273 2234 _
2327 2229 2334 2234 Α
2378 2232 2408 2234 η
2432 2218 2492 2234 ___‘

1428 2218 1644 2285 E‘t’nondrum
1665 2242 1746 2280 dico
1767 2218 1863 2287 quod
1882 2235 1940 2272 hic
1959 2230 2139 2270 immerito
2157 2225 2384 2264 effundantur
2401 2232 2410 2264 ;
2430 2218 2492 2256 scd

1429 2315 1582 2359 ponatur
1599 2304 1696 2352 quod
1712 2303 1846 2346 abSque
1863 2297 2000 2334 ratione
2018 2293 2087 2330 hoc
2105 2289 2284 2338 patiantur
2305 2299 2314 2322 :
2335 2294 2416 2321 nam
2432 2292 2496 2318 nec

1909 2358 1915 2359 γ
2020 2355 2044 2359 -
2161 2351 2170 2359 .
2318 2358 2323 2359 γ
2409 2345 2496 2359 ΑΝ,

1431 2345 1470 2359 ..γ
1612 2345 1623 2352 .
1791 2345 1797 2346 ,

1431 2372 1484 2408 sic
1514 2363 1735 2414 despiciendi
1767 2365 1865 2398 sunt.
1899 2358 1985 2402 Qua:
2020 2351 2192 2391 Romanis
2221 2360 2284 2396 per
2311 2345 2498 2394 epistolam

1433 2432 1594 2472 scribens
1613 2427 1748 2466 Paulus
1773 2423 1894 2460 docuit
1913 2429 1978 2455 nos
2005 2417 2057 2453 sic
2080 2415 2207 2451 dicens
2225 2423 2235 2446 :
2257 2409 2340 2446 Noti
2362 2412 2500 2455 propter

1575 2492 1748 2528 destruere
1777 2495 1865 2533 opus
1893 2481 1958 2517 Dei
1987 2478 2104 2526 (Rom.
2138 2475 2198 2510 Η.
2223 2471 2302 2518 20).
2333 2467 2502 2514 Quamvis

1436 2559 1484 2596 illi
1511 2551 1709 2600 improvide
1737 2552 1838 2586 erant
1862 2541 2004 2584 oll‘ensi,
2031 2544 2187 2574 attamen
2221 2543 2292 2570 non
2326 2540 2406 2566 eum
2439 2527 2500 2574 qni

1436 2617 1642 2660 offenditur,
1665 2612 1728 2650 sed
1748 2607 1986 2648 oil'eudentem
2008 2603 2181 2647 increpat.
2203 2595 2290 2632 Nam
2315 2591 2408 2640 quod
2427 2591 2500 2636 jam

1438 2681 1605 2720 videlicet
1633 2675 1794 2714 dicebam
1827 2678 1864 2708 et
1891 2675 1988 2705 nunc
2017 2663 2098 2702 dico
2121 2673 2130 2698 :
2153 2656 2303 2706 Quando
2336 2661 2504 2700 magnum

1439 2741 1584 2792 aliquod
1603 2741 1739 2776 lucrum
1765 2729 1952 2770 obvenerit
1977 2731 2014 2764 et
2029 2725 2129 2772 plaga
2159 2721 2236 2768 ipsa
2264 2716 2390 2764 majus,
2417 2723 2506 2750 con-

1924 2791 1927 2792 '
1957 2791 1963 2792 ί
2111 2786 2118 2792 ·
2175 2789 2182 2792 -
2282 2777 2415 2792 ημ---υιΔ
2443 2785 2486 2792 ....

1443 2777 1624 2845 terrinendi
1643 2805 1726 2838 sunt
1744 2796 1804 2844 qui
1823 2791 2030 2832 scandalum
2049 2786 2229 2834 patiuntur
2249 2793 2258 2816 :
2277 2777 2418 2826 quando
2442 2785 2508 2810 au-

1443 2835 1806 2906 ifuci-it
1831 2853 2000 2901 amplius,
2027 2857 2132 2895 quam
2151 2841 2246 2892 quod
2266 2837 2396 2878 inﬁrmi
2422 2835 2510 2882 deji-

1443 2932 1598 2972 ciantur,
1619 2922 1758 2964 etiamsi
1777 2899 1906 2957 millies
1927 2925 1968 2952 ex
1986 2905 2224 2958 imprudentia
2244 2903 2313 2940 hoc
2333 2899 2512 2948 patiantur

1444 2993 1512 3036 illi,
1534 2985 1752 3038 parcendum
1783 2982 1836 3020 eis
1859 2977 1954 3020 erit;
1973 2971 2141 3022 quoniam
2163 2974 2199 3006 et
2226 2967 2320 3003 Dens
2349 2972 2426 3006 eos,
2452 2959 2511 3006 qui

1446 3025 1636 3102 imperlluut
1655 3049 1690 3086 in
1714 3047 1855 3092 lapsum
1879 3047 1916 3078 et
1932 3036 2116 3085 dejiciunt,
2140 3032 2212 3069 lata
2233 3025 2410 3066 sententia
2430 3031 2512 3067 sup-

1900 3101 1904 3102 ⁷
1939 3101 1945 3102 '
1975 3099 1984 3102 ‘
2105 3101 2110 3102 ν
2187 3090 2286 3102 γ’·γμ
2317 3083 2498 3102 Asiani-..“

1447 3083 1543 3165 plizii
1575 3096 1710 3162 puniet.
1739 3107 1829 3145 Nam
1859 3101 1950 3140 nihil
1975 3083 2156 3136 lucrantes
2181 3090 2289 3128 alium
2315 3083 2514 3124 oll'enderc,

1924 3161 1954 3165 "
2082 3162 2088 3165 -
2210 3152 2325 3165 υΑ-..ιιι
2354 3146 2514 3165 "unm":

1448 3146 1620 3215 extrentrte
1646 3169 1792 3209 malitia:
1821 3170 1890 3203 est.
1924 3161 1998 3199 Nos
2032 3162 2152 3194 autem
2184 3152 2327 3200 quando
2354 3146 2516 3183 videmus

1450 3240 1604 3286 aliquem
1636 3231 1837 3280 inquietum.
1861 3225 1909 3264 ob
1937 3223 2142 3260 diuturnam
2171 3211 2426 3252 valetudinem,
2457 3215 2519 3242 cos

2047 3283 2055 3286 ⁸
2073 3282 2080 3286 “
2108 3281 2115 3286 ¹
2287 3284 2346 3286 κημ
2367 3270 2516 3286 -Α-.Ιιιιιιι

1451 3270 1603 3286 -..η-,μη
1637 3270 1644 3271 ,
1686 3270 1698 3280 ι

1451 3302 1512 3350 qui
1530 3300 1629 3336 illum
1647 3292 1878 3335 exacerbant,
1897 3288 2006 3324 domo
2025 3281 2214 3330 abigimus,
2233 3284 2350 3322 neque
2367 3270 2517 3308 multum

1931 3348 1938 3350 μ
1967 3347 1975 3350 -
2007 3345 2014 3350 -
2067 3349 2071 3350 .
2125 3340 2174 3350 ...ε
2196 3340 2204 3350 .
2227 3347 2262 3350 __
2286 3334 2414 3350 αλκ...
2450 3327 2511 3350 mu!

1453 3327 1690 3409 disputamus,
1709 3365 1754 3392 an
1772 3353 1868 3402 iuste
1885 3348 1942 3387 vel
1967 3327 2101 3392 injuste
2125 3340 2177 3378 illi
2196 3340 2267 3376 hoc
2285 3334 2431 3374 faciant,
2450 3327 2512 3364 sed

2105 3404 2112 3409 '
2155 3404 2162 3409 '
2215 3401 2223 3409 -
2251 3405 2277 3409 -μ
2308 3394 2348 3409 -ι-
2368 3388 2512 3409 :..n..m:_

1455 3388 1584 3472 negrata
1603 3421 1677 3457 illis
1694 3388 1792 3454 omni
1809 3410 2033 3451 defensione,
2050 3412 2088 3442 et
2105 3404 2188 3440 huic
2203 3401 2284 3436 data
2304 3394 2350 3430 ob
2368 3388 2517 3428 inﬁrmi-

1456 3449 1584 3472 ..νος-,μ
1605 3449 1677 3457 ....-
1814 3449 1851 3451 γέ
2024 3449 2028 3451 ,

1456 3493 1565 3524 tatem
1584 3481 1705 3525 venia,
1721 3475 1884 3526 quamvis
1903 3472 2034 3520 injuste
2053 3462 2300 3505 exacerbetur,
2317 3454 2394 3500 ejus
2411 3449 2520 3486 mise-

1457 3557 1592 3586 remur.
1611 3541 1712 3590 Quod
1730 3540 1761 3578 si
1780 3547 1844 3576 nos
1860 3535 1929 3572 hac
1949 3541 2035 3570 cura
2049 3529 2141 3566 circa
2161 3517 2313 3558 famulos
2331 3519 2368 3551 et
2387 3519 2521 3558 pueros

2187 3588 2192 3590 ·
2287 3573 2505 3590 ⁸⁸-Α11οι--ιι-ι·

1458 3573 1592 3586 II'IIIUII
1613 3573 1712 3590 κει-νι-
1730 3573 1761 3578 σ-
1780 3573 1840 3576 --ἡκ

1457 3610 1606 3652 utimur,
1640 3610 1678 3643 et
1703 3611 1799 3649 siepe
1832 3597 1943 3635 ﬁlium
1973 3594 2020 3629 ita
2048 3588 2255 3636 peccantem
2286 3573 2522 3623 ﬂagellamns,

2089 3649 2097 3652 ‘
2265 3646 2286 3652 νι
2317 3645 2436 3652 ------ι-
2459 3633 2522 3652 LM

1459 3633 1606 3652 “iullus.
1641 3633 1678 3643 νυ
1703 3633 1798 3649 υιυγ-
1833 3633 1880 3635 πη
2051 3633 2059 3636 _

1459 3671 1572 3710 multo
1598 3667 1711 3714 magis
1729 3665 1843 3702 bonus
1875 3660 1969 3696 Deus
1997 3658 2034 3690 et
2067 3649 2226 3685 clemens
2255 3646 2290 3678 et
2315 3645 2439 3684 azquns
2459 3633 2528 3668 hoc

2151 3707 2158 3714 -
2205 3703 2231 3714 ι-
2261 3713 2266 3714 .
2287 3697 2397 3714 ηιμ-θ
2417 3696 2528 3714 1ης...-

1599 3697 2000 3777 ὄυίί-άῖῶέῖἱηίῑνωιιε
2027 3717 2080 3749 est
2101 3707 2161 3756 qui
2178 3697 2397 3777 offenditur:
2417 3697 2528 3742 Igitur

2131 3774 2138 3777 -
2173 3764 2324 3777 LL»...
2401 3757 2525 3777 "1......

1461 3757 1580 3772 Ιιιυιυιι
1633 3757 1690 3766 ηιμ
1707 3757 1796 3764 ...ν,-
1812 3757 1818 3758 κ

1461 3757 1676 3842 dignusuest
1706 3786 1763 3824 cui
1795 3783 1976 3829 parcatur,
2008 3781 2080 3809 non
2103 3774 2144 3805 ut
2173 3764 2340 3802 laedatur.
2369 3757 2527 3794 Vulnera

2092 3831 2101 3842 '
2127 3835 2286 3842 ηκ--ι--ιι-
2318 3821 2527 3842 cum-sinant"

1465 3821 1596 3907 ξιιῖἶῴῑῖ
1609 3853 1660 3890 Ne
1685 3821 2019 3896 igitur'atteramus,
2040 3831 2102 3871 sed
2119 3835 2301 3868 curemus.
2318 3821 2528 3868 Suspicatur
