2726 4358
157 306 378 352 praetexens,
396 299 432 332 et
451 287 590 328 ancillis
617 292 713 330 smpe
732 277 868 318 tardius
888 272 1022 352 paratis
1038 297 1048 314 ,
1067 274 1105 352 et
1131 265 1222 336 assi-

649 346 670 352 ..
797 351 813 352 γ
843 349 882 352 __
915 343 1006 352 mm
1035 341 1074 352 η
1092 339 1147 352 Μ
1165 337 1221 352 νη

184 322 357 342 Πετιειῠιισ
368 323 378 339 ,
397 322 432 332 ν-
451 322 585 328 ..η-.-ἡκ
671 322 681 330 _
892 322 898 323 γ

138 322 220 410 Eiet
236 369 271 400 et
287 359 356 398 alia
369 358 469 394 curat
489 359 568 400 quas
585 346 773 385 mulierem
791 337 1008 388 quandoque
1034 330 1148 369 solam
1165 328 1222 363 vix

757 405 766 410 “
797 409 802 410 ⁷
839 401 874 410 ““¹
925 409 929 410 ν
981 393 1041 410 --ιι
1072 391 1222 410 ..ιΛ--ἶηηι

149 399 365 464 :ministrare
390 417 442 454 fas
458 391 540 457 esi;
561 419 678 456 neque
699 405 808 454 pudet
838 401 958 442 illam,
979 393 1044 434 sed
1071 391 1223 440 gloriam

164 490 287 536 putat,
319 487 435 527 neque
455 455 536 524 ipse?
551 455 756 510 erubescit,
776 463 841 502 sed
873 459 986 507 magis
1005 455 1160 536 gaudet;
1191 456 1227 488 et

561 533 571 536 -
619 532 639 536 __
850 525 873 536 ,Δ
892 528 971 536 4η-
991 527 1065 536 mm
1085 525 1125 536 Μ
1157 518 1210 536 Μ

165 513 262 586 :anto
275 513 390 590 inagis
404 513 538 587 quairto
557 532 745 571 fmdiorcm
765 525 972 564 servitutem
991 527 1065 566 pra:
1085 525 1125 552 se
1143 513 1225 550 fert.

165 579 518 656 Χῌᾷἐιῶῑὲυωῖιιυά
539 595 687 632 verbum
709 588 802 638 quod
822 586 928 627 dicit,
955 580 1073 619 Gloria
1090 579 1126 614 in
1143 587 1225 612 con-

165 643 299 718 fersione
317 667 468 713 ipsorum
488 658 662 708 (Philipp.
683 654 720 690 5.
753 650 836 698 19),
859 655 942 684 tunc
961 654 1001 681 re
1030 643 1109 689 ipsa
1127 648 1231 707 mon-

167 700 414 769 istratur.'Ulii
450 728 568 760 autem
602 724 638 755 et
665 714 802 752 ancilla:
835 706 1084 747 surrexerint,
1117 700 1233 746 major

169 789 370 839 turpitudo;
405 796 487 824 nam
507 785 685 828 etaperto
705 775 840 822 capite,
873 776 908 808 et
927 777 998 806 una
1025 765 1142 805 tunica
1157 789 1167 806 ,
1199 766 1236 797 et

171 829 276 892 nudis
293 849 458 888 manibus
478 850 602 892 utpote
617 840 770 878 turbatae
782 865 792 881 ,
814 841 850 871 et
867 833 903 869 in
924 835 1030 868 nocte
1047 829 1236 872 surgentes

171 916 376 954 tliSCurrunt
395 910 456 946 illo
483 909 660 954 praesente
673 927 684 945 ,
718 900 790 935 imo
811 899 847 932 in
879 891 998 930 medio
1019 892 1184 925 versante
1202 889 1238 919 ct

173 977 279 1015 simul
307 977 496 1014 currente,
517 965 637 1004 omnia
657 963 832 1008 coguntur
851 953 1004 1001 implere
1025 962 1033 985 :
1053 958 1124 996 quo
1155 943 1238 992 quid

180 1039 256 1076 licri
279 1034 392 1084 possit
409 1012 565 1069 foedius?
582 1023 683 1071 Quod
699 1023 727 1059 si
746 1025 783 1058 ct
798 1015 973 1056 obstetrix
992 1012 1109 1054 adsit,
1126 1016 1241 1053 neque

745 1083 750 1084 ⁷
783 1081 803 1084 ’⁸
877 1079 884 1084 ⁵
991 1074 1010 1084 ¹¹
1066 1071 1158 1084 HL..-
1175 1067 1241 1084 Lf...

177 1102 229 1137 sic
249 1067 382 1145 pridefit
397 1122 408 1139 ,
429 1091 494 1130 sed
511 1094 548 1126 et
566 1067 646 1123 aliis
665 1081 862 1129 virginibus
877 1071 1160 1123 ingredientibus
1175 1067 1244 1103 hoc

178 1160 245 1198 sibi
265 1158 461 1206 gloriosum
481 1150 674 1188 existimat.
699 1145 816 1182 Unum
836 1141 933 1178 enim
951 1135 1068 1174 solum
1089 1135 1242 1179 spectat,

179 1218 360 1270 quomodo
376 1217 552 1253 monstret
562 1207 747 1257 a‘grmanti
760 1213 863 1242 suum
880 1197 1133 1238 ministerium,
1144 1194 1247 1240 igno-

183 1257 242 1270 1,,

181 1293 266 1320 rans
291 1279 386 1328 quod
413 1286 483 1324 quo
499 1273 611 1321 magis
632 1268 810 1311 ostendit,
832 1275 875 1302 eo
894 1261 1006 1310 magis
1025 1268 1061 1296 et
1089 1257 1248 1302 seipsnm

184 1353 220 1383 et
250 1322 346 1382 illam
367 1322 593 1378 dehonestat.
617 1334 660 1370 Et
675 1330 760 1378 quid
793 1328 948 1369 mirum,
979 1323 1009 1359 si
1037 1322 1250 1368 praesentem

183 1419 255 1446 non
272 1400 485 1443 erubescat?
501 1399 605 1445 Saepe
621 1395 717 1433 enim
732 1390 858 1428 mediis
873 1386 1038 1424 noctibus
1053 1382 1174 1418 vilium
1190 1389 1253 1414 an-

184 1469 347 1507 cillarum
365 1472 455 1512 opus
472 1461 630 1498 facturus
647 1456 692 1493 ad
721 1455 834 1502 ipsam
863 1439 1254 1486 obstetricem-currere

188 1541 261 1568 non
275 1534 456 1576 gravatur.
477 1521 626 1569 Quando
642 1524 761 1555 autem
779 1514 899 1555 adest,
921 1519 1017 1546 nunc
1031 1505 1174 1554 quidem
1203 1504 1258 1550 ip-

191 1602 268 1630 sum
295 1589 446 1636 ejiciunt
464 1584 521 1622 vel
541 1581 691 1619 invitum
709 1605 720 1622 ,
751 1576 835 1613 licet
851 1572 954 1610 valde
973 1567 1164 1616 impudens
1184 1564 1256 1607 sit;

193 1661 287 1691 nunc
305 1656 422 1688 autem
445 1644 656 1694 permittunt
670 1668 678 1684 ,
709 1645 745 1676 ut
763 1639 890 1674 iterum
913 1631 1134 1680 ingrediatur
1151 1633 1187 1664 et
1203 1637 1258 1664 as-

193 1715 308 1752 sideat
327 1725 336 1748 :
359 1709 520 1758 quamvis
539 1705 708 1754 quidnam
738 1702 858 1739 facere
881 1697 1057 1745 quispiam
1080 1691 1192 1740 possit
1211 1688 1255 1726 ad

195 1778 297 1814 illum
313 1773 450 1822 pudore
463 1766 690 1806 afficiendum
703 1792 712 1808 ,
735 1760 877 1800 etiamsi
898 1758 1008 1794 millia
1025 1759 1177 1792 conetur
1190 1779 1200 1796 ,
1219 1751 1262 1787 iis

196 1815 413 1883 simile-qum
433 1834 511 1880 ipse
526 1830 593 1869 sibi
609 1827 724 1865 facit?
745 1823 814 1862 Ubi
831 1827 950 1859 autem
971 1819 1048 1856 dics
1067 1815 1181 1854 illuxit
1197 1841 1206 1855 ,
1229 1817 1264 1848 ct

197 1909 368 1948 utrosque
385 1908 406 1935 c
424 1897 517 1933 lecto
545 1901 691 1939 surgere
711 1892 851 1936 oportet
867 1913 876 1930 ,
898 1881 1069 1920 custodim
1087 1885 1122 1914 et
1141 1877 1264 1912 obser-

197 1964 356 2002 vationes
373 1963 456 1996 sunt
476 1968 486 1994 :
505 1963 621 2002 neque
640 1951 736 1988 enirn
757 1948 802 1984 ad
833 1944 1050 1983 exteriorem
1066 1940 1266 1976 domuncu-

198 2027 270 2064 lam
301 2019 465 2070 progredi
496 2017 574 2053 sine
600 2013 729 2050 timore
749 2009 864 2058 possit
885 2019 894 2044 :
917 2014 1013 2050 sa-pe
1043 2007 1158 2038 autem
1181 2009 1267 2046 pro-

199 2095 320 2134 gressa
336 2111 346 2128 ,
365 2082 517 2118 fortasse
535 2083 572 2114 et
589 2076 624 2112 in
644 2074 759 2110 virum
779 2069 912 2107 nudum
943 2065 1080 2103 incidit.
1103 2062 1166 2099 llle
1182 2070 1267 2098 vero

202 2151 272 2187 hoc
297 2147 414 2192 ipsum
444 2139 656 2186 suspicans,
685 2132 794 2170 modo
817 2131 851 2166 id
870 2137 1022 2165 monens
1047 2123 1267 2171 ingreditur,

203 2209 311 2247 modo
331 2208 494 2242 incautus
513 2195 793 2246 deprehenditur
807 2220 818 2238 ,
839 2201 881 2228 ac
899 2190 1014 2226 multo
1043 2189 1117 2224 risu
1142 2185 1270 2231 dignus

205 2277 286 2313 est;
314 2266 403 2305 nihil
435 2263 530 2301 enim
561 2259 713 2307 amplius
751 2255 871 2293 dicere
907 2251 1002 2288 volo.
1036 2249 1120 2286 llaec
1152 2253 1272 2282 autem

207 2330 369 2379 quamvis
387 2334 495 2374 parva
513 2351 522 2368 ,
543 2329 662 2359 tamen
678 2328 816 2365 magna:
837 2313 994 2352 libidinis
1010 2310 1186 2347 carbones
1213 2315 1275 2342 ac-

207 2391 363 2430 cendere
381 2388 658 2426 consueverunt.
681 2381 726 2418 Et
743 2379 821 2416 luce
839 2375 984 2424 quidem
1001 2371 1099 2410 domi
1117 2399 1127 2415 ,
1149 2376 1184 2407 et
1197 2379 1274 2406 ma-

207 2457 283 2502 jora
302 2453 358 2490 his
379 2463 390 2488 :
409 2448 552 2498 quando
565 2452 685 2483 autem
700 2445 735 2480 in
755 2440 938 2490 publicum
959 2436 1062 2474 iverit
1079 2433 1273 2476 rediturus,

209 2519 338 2554 iterum
357 2513 473 2560 major
492 2505 687 2556 turpitudo.
711 2505 749 2541 ln
770 2503 916 2540 domum
941 2509 1042 2536 suam
1065 2497 1247 2542 ingressus
1265 2520 1274 2536 ,

209 2586 244 2616 et
263 2578 348 2614 dum
383 2585 453 2611 non
481 2572 620 2618 cogitur
651 2565 913 2616 prtennnliare,
935 2557 1091 2598 inventis
1117 2555 1276 2592 mulieri-

211 2641 278 2678 bus
295 2616 542 2676 assidentibus
553 2632 649 2669 illam
667 2627 867 2676 pudefacit,
891 2631 927 2662 et
945 2623 1018 2669 ipsa
1038 2630 1134 2666 saepe
1151 2619 1197 2654 ita
1225 2616 1280 2652 af-

213 2704 332 2740 ficitur
345 2728 356 2746 ,
379 2706 552 2745 turpeque
572 2699 694 2732 censet
719 2691 747 2728 si
767 2689 896 2726 mulier
915 2685 1086 2723 mulieres
1105 2680 1280 2726 excipiat,

213 2773 248 2805 et
265 2766 325 2803 ille
344 2763 374 2801 si
390 2761 446 2798 vir
459 2759 554 2796 viros
576 2769 584 2793 :
608 2761 768 2792 mutuum
786 2758 904 2788 autem
922 2745 1194 2786 contubernium
1211 2753 1282 2779 non

213 2831 402 2868 recusant,
423 2826 550 2860 cavent
564 2825 683 2855 autem
716 2825 760 2852 ne
787 2823 872 2850 suos
891 2808 1112 2848 contribules
1131 2804 1284 2851 hospitio

215 2888 396 2936 excipiant
415 2896 424 2920 :
443 2893 514 2931 quo
547 2879 630 2928 quid
649 2877 808 2914 deterius
824 2873 900 2910 fieri
922 2870 1057 2919 possit?
1075 2867 1214 2905 Accidit
1233 2865 1286 2902 in-

217 2949 371 2992 terdmn,
384 2951 420 2982 ut
433 2946 548 2991 ipsum
561 2939 728 2978 mulieres
743 2935 924 2974 inveniant
934 2931 1150 2975 assidentem
1164 2927 1286 2974 agglo-

217 3009 370 3049 meranti
391 3008 446 3044 vel
460 3005 577 3042 colum
601 3000 748 3038 tenenti.
765 2997 859 3043 Quid
879 3005 970 3042 opus
987 3001 1042 3031 est
1068 2992 1190 3029 dicere
1207 2989 1288 3036 jur-

217 3074 272 3120 gia
291 3076 328 3108 et
345 3067 570 3116 quotidianus
587 3063 690 3100 lites?
707 3061 796 3098 Nam
815 3059 922 3095 etiam
943 3056 974 3092 si
1001 3054 1112 3091 multa
1133 3050 1288 3088 amicitia

218 3137 278 3178 sit,
302 3133 379 3170 haec
397 3139 540 3178 quoque
560 3126 768 3172 contingere
785 3127 840 3158 est
857 3118 1066 3157 verisimile.
1083 3115 1210 3152 Audivi
1225 3124 1290 3148 au-

221 3204 292 3232 tem
311 3201 346 3230 et
362 3193 408 3230 de
425 3189 602 3237 aliquibus
622 3186 715 3234 quod
737 3183 890 3232 zelotypi
919 3187 1015 3218 sunt.
1030 3179 1120 3216 Nam
1141 3177 1200 3214 ubi
1219 3185 1291 3212 non

224 3263 280 3293 est
298 3255 442 3292 dilectio
459 3250 655 3300 spiritualis
671 3276 680 3292 ,
703 3255 739 3285 et
758 3247 827 3283 hoc
844 3254 992 3282 necesse
1011 3247 1068 3280 est
1087 3240 1164 3278 fieri
1185 3251 1192 3274 :
1209 3236 1293 3274 inde

225 3325 262 3356 et
297 3316 387 3354 varii
421 3325 548 3358 casus,
585 3312 669 3348 inde
705 3308 984 3354 corruptiones,
1020 3305 1103 3342 inde
1137 3302 1294 3350 virgines

225 3381 425 3419 redduntur
441 3377 668 3424 impudentes
683 3380 717 3410 ct
733 3371 948 3414 illiberalcs;
964 3370 1030 3407 etsi
1055 3377 1206 3414 corpore
1225 3375 1294 3400 non

227 3446 524 3488 corrumpantur,
557 3437 716 3474 moribus
745 3441 878 3470 tamen.
900 3431 1050 3476 Quando
1076 3430 1170 3467 enim
1191 3427 1298 3464 discit.

230 3505 342 3541 libere
361 3500 457 3548 loqui
484 3499 560 3536 viro
577 3527 586 3541 ,
607 3497 797 3536 considere
814 3522 824 3537 ,
854 3494 888 3530 in
915 3503 996 3530 cum
1017 3491 1172 3535 obtueri,
1193 3496 1229 3526 et
1249 3490 1296 3525 ri.

230 3568 331 3610 dere,
351 3570 388 3602 et
404 3562 516 3600 multa
536 3560 605 3596 alia
625 3559 719 3597 foeda
738 3567 862 3604 agere,
882 3563 1000 3601 neque
1021 3553 1089 3590 hoc
1107 3563 1216 3600 grave
1235 3551 1299 3587 ali-

229 3628 314 3677 quid
336 3635 418 3664 esse
448 3629 574 3672 putat,
611 3621 746 3658 tollitur
775 3617 987 3665 virginitatis
1015 3616 1157 3660 velum,
1179 3621 1216 3652 et
1234 3614 1299 3650 flos

231 3676 478 3728 conculcatur.
511 3683 598 3722 lude
618 3691 704 3718 vero
734 3679 822 3716 nihil
855 3688 963 3725 agere
993 3677 1178 3718 dubitant,
1212 3676 1298 3712 nihil

231 3752 471 3798 deprecantur
487 3773 496 3790 ,
515 3743 580 3783 sed
601 3750 636 3780 et
653 3739 880 3779 internuntia:
911 3738 1116 3784 nuptiarum
1136 3738 1224 3774 fiunt
1237 3763 1246 3781 ,
1266 3741 1303 3772 et

234 3811 450 3851 institoriam
484 3802 888 3860 aliorumP-ncgotiorum
912 3799 1070 3844 obeunt,
1102 3799 1303 3847 multasque

233 3877 393 3914 volentes
412 3883 494 3912 esse
511 3869 610 3908 vidu'
659 3865 850 3915 prohibent
867 3891 876 3910 ,
907 3869 1073 3912 putantes
1089 3874 1137 3902 se
1154 3872 1302 3902 suorum

456 3936 640 3982 Ρλτιιόί.
674 3934 754 3976 Gn.
788 3932 956 3975 XLVII.

509 208 632 258 QUOD
657 197 937 244 REGULABES
961 190 1150 234 FEMINE
1171 186 1293 226 VlRlS
1317 179 1612 223 COHABlTAllE
1632 175 1723 216 NON
1749 171 1978 213 DEBEANT.

2291 165 2362 204 530

1295 260 1473 298 malorum
1497 255 1744 293 defensionem
1775 251 1955 288 invenisse
1973 260 1982 286 :
2003 247 2086 284 inde
2105 245 2271 284 omnibus
2304 243 2367 280 dc-

1299 320 1489 370 spicabiles
1503 323 1600 362 sunt,
1615 315 1698 354 inde
1715 321 1752 352 et
1769 319 1888 360 nuptae
1902 313 2060 358 ipsarum
2071 319 2178 346 causa
2196 317 2266 344 non
2285 316 2368 344 eru-

1298 385 1474 425 bescunt,
1497 386 1619 427 utpote
1649 379 1684 415 in
1717 375 1882 413 omnibus
1907 373 2036 410 melius
2065 375 2226 418 agentes.
2258 367 2370 405 Multo

1300 446 1397 484 enim
1413 443 1544 482 melius
1563 451 1670 478 unum
1689 445 1725 476 et
1739 437 1889 475 alterum
1915 435 2008 472 inire
2023 432 2244 480 eonjugium,
2267 441 2370 478 quam

1303 509 1380 558 hare
1395 506 1488 546 {teda
1507 514 1626 552 agere,
1639 508 1676 540 et
1693 501 1862 538 lenonum
1880 497 2122 544 suspicionem
2140 493 2232 542 apud
2248 499 2372 528 omnes

1302 572 1425 610 subire
1442 599 1452 615 ,
1473 569 1569 617 quod
1589 579 1609 604 τι
1641 566 1818 604 suavitate
1847 561 2054 609 nuptiarum
2079 568 2120 598 se
2139 557 2371 597 abstrahant,

1305 640 1340 671 ct
1357 633 1526 684 oneribus
1546 629 1750 676 nuptiarum
1769 636 1808 662 se
1828 623 1996 662 subdant.
2018 619 2109 666 Quid
2129 618 2225 657 enim
2243 627 2366 654 onero~

1305 697 1380 734 sius
1401 705 1506 740 quam
1528 693 1641 728 virum
1659 689 1791 726 habere
1809 691 1864 729 ,et
1880 684 2070 722 sollicitam
2086 690 2166 719 esse
2181 679 2225 716 de
2241 678 2284 715 iis
2297 687 2379 724 quas

1307 760 1403 796 illius
1435 756 1544 794 sunt?
1577 753 1792 791 Exonerat-it
1822 756 1856 786 te
1889 748 1934 784 ab
1955 747 2020 783 hac
2052 743 2214 781 molestia
2246 743 2340 778 Deus
2361 752 2376 777 :

1309 822 1362 857 At!
1386 819 1493 856 virum
1511 823 1606 854 tuum
1625 814 1796 852 conversio
1823 820 1900 856 tua,
1923 817 1953 847 et
1983 810 2054 857 ipse
2075 807 2124 844 tui
2152 804 2383 843 dominabitur

1314 881 1414 930 (Gen.
1431 881 1467 918 5.
1484 878 1544 927 16)
1559 905 1570 924 ,
1586 877 1702 914 soluta
1723 886 1762 912 es
1781 885 1842 921 per
1856 873 2098 920 virginitatem
2121 882 2128 906 :
2150 867 2235 916 quid
2255 868 2383 903 iterum

1315 952 1348 980 te
1367 942 1530 980 servituti
1553 939 1726 986 subjicis?
1746 937 1913 974 Liberam
1947 942 1981 971 te
2001 933 2118 970 effecit
2136 930 2302 968 Christus
2315 957 2326 972 ,
2349 934 2385 964 tu

1315 1013 1434 1041 autem
1454 1003 1515 1040 tibi
1537 1002 1603 1049 ipsi
1623 1001 1738 1038 nectis
1767 997 1909 1044 negotia
1933 1008 1942 1032 :
1961 995 2007 1032 ab
2022 994 2121 1031 omni
2142 991 2388 1030 sollicitudine

1317 1067 1464 1103 liberam
1486 1070 1521 1100 te
1537 1063 1639 1105 fecit,
1664 1068 1700 1098 tu
1714 1067 1834 1097 autem
1851 1067 1958 1096 curas
1972 1056 2169 1104 excogitas.

1365 1129 1400 1165 9.
1421 1126 1491 1164 Sed
1512 1125 1678 1172 quoniam
1699 1121 1948 1159 sollicitudinis
1969 1120 2104 1156 mentio
2131 1116 2276 1159 incidit,
2298 1121 2390 1152 tem-

1319 1192 1456 1239 pestive
1482 1189 1560 1224 haec
1577 1183 1904 1223 dicenti‘succurrit
1927 1180 2161 1228 apostolicum
2182 1177 2280 1214 illud.
2303 1177 2392 1214 Nam

1321 1253 1350 1290 si
1369 1251 1574 1290 eohabitare
1593 1249 1678 1285 viris
1697 1247 1864 1283 mulieres
1892 1250 1928 1280 et
1947 1242 2157 1279 mulieribus
2175 1240 2272 1276 viros
2289 1247 2395 1275 curas

1324 1315 1486 1355 tolleret,
1524 1311 1566 1348 ad
1601 1309 1855 1347 c0ntincntiam
1894 1304 2118 1342 adhortando
2152 1301 2286 1340 Paulus
2325 1291 2444 1336 nonI.

1324 1377 1474 1413 dixisset
1497 1387 1504 1408 ε
1534 1373 1616 1408 Volo
1630 1378 1740 1407 autent
1759 1381 1815 1406 ros
1829 1369 1902 1405 sine
1917 1365 2146 1403 sollicitudine
2166 1374 2238 1400 esse
2250 1362 2302 1412 (1.
2315 1361 2397 1398 Cor.

1326 1439 1362 1474 7.
1379 1437 1455 1484 '52).
1479 1441 1514 1472 ut
1544 1439 1580 1471 ct
1609 1433 1676 1470 hac
1693 1431 1832 1468 ratione
1859 1439 1926 1465 nos
1943 1427 2167 1464 admoneret.
2187 1421 2279 1470 Quid
2305 1422 2400 1459 enim

1329 1483 1462 1536 vultis?
1479 1497 1528 1533 ait
1541 1508 1548 1532 :
1561 1494 1725 1540 Quietem
1738 1500 1773 1529 ct
1791 1489 2020 1528 libertatem?
2041 1486 2174 1524 Deinde
2189 1497 2260 1521 non
2274 1483 2402 1520 videtis

1329 1559 1549 1597 contrarium
1569 1557 1728 1599 evenire,
1745 1553 1954 1590 servitutem
1969 1556 2005 1588 et
2020 1549 2165 1587 labores
2181 1553 2217 1584 et
2239 1546 2402 1583 miserias

1331 1623 1476 1666 multas,
1507 1619 1590 1656 dum
1624 1617 1712 1654 viris
1743 1612 1998 1653 cohabitatur?
2025 1610 2146 1648 Multa:
2176 1609 2282 1655 igitur
2303 1617 2405 1653 saepe

1332 1683 1475 1720 amissis
1495 1681 1578 1717 \iris
1595 1680 1642 1717 ob
1661 1678 1730 1715 hoc.
1761 1687 1831 1714 non
1849 1676 1980 1712 iterum
1999 1672 2150 1714 nubunt,
2173 1681 2218 1708 ne
2237 1669 2305 1706 sub
2320 1669 2406 1716 jugo

1333 1743 1516 1783 servitutis
1531 1742 1659 1778 iterum
1678 1739 1764 1776 sint.
1785 1737 1938 1774 Prorsus
1953 1743 2072 1772 autem
2092 1733 2120 1769 si
2143 1733 2177 1768 in
2197 1735 2408 1778 paupertate

1336 1808 1428 1844 vivis
1448 1812 1484 1842 et
1497 1804 1594 1840 omni
1613 1800 1810 1848 patrocinio
1829 1808 1945 1842 cares,
1961 1796 2129 1833 virtutem
2147 1794 2228 1830 vita:
2243 1791 2406 1836 ostende,

1335 1875 1371 1906 ct
1386 1867 1555 1905 cumviro
1573 1864 1662 1900 nihil
1683 1862 1775 1898 habe
1796 1868 2012 1897 commune:
2031 1856 2208 1904 conjunge
2226 1860 2262 1900 te
2279 1853 2408 1890 mulie-

1336 1931 1434 1968 ribus
1453 1939 1532 1976 quae
1553 1927 1704 1964 honeste
1723 1924 1902 1964 vixerunt,
1923 1927 1958 1958 et
1976 1929 2090 1966 neque
2112 1925 2208 1954 tuam
2239 1925 2408 1954 coronam

1337 1991 1538 2038 disperdes,
1557 1995 1592 2026 ct
1616 1986 1713 2040 omni
1735 1983 1930 2032 perfrueris
1946 1982 2152 2019 securitate.
2171 1977 2272 2024 Quod
2293 1977 2324 2014 si
2345 1977 2412 2012 hoc

1339 2053 1488 2092 difﬁcile
1506 2061 1588 2088 esse
1605 2038 1723 2096 putas,
1741 2055 1864 2094 qumre
1878 2044 2080 2090 diligenter,
2097 2047 2133 2078 et
2149 2039 2296 2077 omnino
2315 2038 2413 2074 inve-

1342 2116 1442 2159 nies;
1463 2114 1536 2150 imo
1564 2121 1635 2148 non
1662 2107 1902 2146 necessarium
1933 2112 1988 2142 est
2017 2112 2193 2151 quaerere.
2213 2100 2303 2138 Nam
2323 2100 2415 2136 sicut

1341 2177 1385 2213 ad
1405 2176 1519 2212 lucem
1541 2171 1763 2210 occurrimus
1781 2177 1920 2210 omnes,
1939 2167 2005 2210 sic,
2027 2166 2058 2204 si
2077 2163 2307 2212 refulgebunt
2325 2157 2415 2198 radii

1343 2237 1425 2273 vita:
1457 2242 1690 2278 tum,_omncs
1709 2236 1901 2268 accurrent
1921 2235 1956 2265 te
1975 2227 2177 2274 diligentes,
2197 2234 2418 2271 unaquatqne

1345 2299 1408 2336 tibi
1429 2307 1577 2334 nnmere
1609 2296 1817 2342 fungeretur
1851 2292 2038 2334 ministra},
2059 2296 2094 2326 et
2125 2296 2160 2326 te
2187 2288 2314 2325 domus
2343 2297 2420 2324 sua:

1345 2362 1576 2399 securitatem
1605 2357 1741 2404 putabit
1771 2364 1864 2398 esse,
1897 2359 1934 2390 et
1951 2359 2116 2389 ornatum
2137 2349 2218 2387 vita:
2247 2355 2284 2386 ct
2314 2358 2421 2386 coro-

1347 2436 1431 2463 nam
1473 2421 1672 2460 secundum
1705 2426 1910 2456 sermonem
1939 2413 2086 2451 Christi.
2118 2412 2268 2458 Quaerite
2297 2411 2392 2448 enim
2410 2437 2422 2454 ,

1349 2489 1411 2531 ait,
1435 2495 1575 2532 regnum
1595 2482 1671 2526 Dei,
1687 2487 1718 2518 et
1732 2481 1804 2516 lucc
1825 2477 1940 2515 omnia
1957 2475 2162 2523 adjiciantur
2175 2473 2264 2510 vobis
2277 2472 2422 2519 (Matth.

1350 2549 1386 2587 6.
1407 2548 1482 2595 55).
1503 2546 1604 2584 Nunc
1623 2551 1744 2580 autem
1763 2548 1798 2579 et
1816 2551 1882 2578 nos
1897 2545 2065 2576 auctores
2083 2547 2220 2580 sumus,
2242 2541 2281 2572 ut
2299 2546 2340 2572 ex
2359 2534 2426 2570 hac

1352 2610 1513 2648 saeculari
1545 2607 1716 2646 felicitate
1747 2603 1954 2642 excidamus
1972 2599 2067 2648 quod
2087 2599 2244 2636 caelestia
2266 2597 2426 2644 negliga-

1353 2685 1446 2712 mus.
1465 2673 1539 2710 Nos
1559 2677 1678 2707 autem
1699 2666 1842 2716 quando
1859 2666 1954 2709 dico,
1977 2673 2048 2699 non
2066 2661 2162 2698 viros
2183 2660 2300 2697 solum
2330 2659 2424 2700 dico,

1355 2740 1418 2777 sed
1437 2745 1474 2775 ct
1503 2747 1578 2778 vos,
1603 2741 1639 2772 et
1668 2743 1732 2770 vos
1760 2730 1874 2778 magis
1905 2737 2010 2776 quam
2043 2726 2154 2762 viros.
2189 2723 2364 2769 Quoniam
2385 2721 2430 2756 ab

1356 2803 1456 2840 initio
1475 2800 1520 2838 ob
1541 2799 1608 2834 hoc
1638 2795 1839 2844 graviorem
1859 2800 2001 2839 pmnam
2021 2787 2159 2834 accepit
2178 2785 2305 2822 mulier
2318 2812 2328 2828 ,
2348 2782 2428 2829 quia

1357 2861 1580 2910 deceptiOnis
1610 2843 1724 2905 major
1749 2865 1857 2892 causa
1890 2851 1970 2896 fuit,
2002 2855 2149 2898 propter
2177 2847 2244 2882 hoc
2271 2851 2308 2882 et
2336 2843 2432 2880 deci—

1359 2927 1514 2974 pienlem
1548 2921 1661 2968 magis
1680 2928 1786 2966 quam
1805 2916 1994 2960 deceptum
2027 2909 2166 2958 punivit
2198 2908 2290 2942 Deus
2310 2917 2318 2940 :
2337 2903 2431 2950 quod

1359 2996 1395 3026 et
1417 2985 1604 3024 nunccrit,
1625 2982 1654 3018 si
1671 2991 1740 3017 non
1762 2975 1944 3014 volueritis
1963 2971 2106 3017 corrigi,
2125 2976 2158 3005 et
2179 2967 2222 3003 ad
2255 2965 2432 3012 propriam

1361 3051 1477 3088 redire
1511 3045 1744 3082 nobilitatem.
1767 3040 1918 3084 Propter
1936 3035 2005 3070 hoc
2034 3031 2129 3068 enim
2149 3036 2185 3066 et
2205 3027 2332 3064 mulier
2353 3033 2436 3062 tunc

1363 3111 1580 3159 reprehensa
1599 3105 1700 3155 (Gen.
1731 3102 1784 3150 '5),
1803 3098 1899 3148 quod
1929 3105 2016 3133 vero
2035 3093 2192 3130 dedisset
2221 3090 2266 3127 de
2292 3089 2405 3126 fructu
2425 3116 2434 3131 ,

1364 3186 1434 3212 non
1463 3170 1618 3208 audebat
1645 3166 1766 3203 dicere
1797 3159 2013 3208 Oportuisse,
2045 3165 2128 3190 cum
2151 3153 2206 3188 vir
2225 3156 2336 3193 esset,
2366 3160 2435 3186 non

1366 3233 1574 3285 persuaderi
1608 3238 1724 3276 neque
1756 3222 1887 3270 decipi,
1921 3219 1984 3257 sed
2017 3220 2109 3253 hanc
2139 3214 2283 3262 quidem
2315 3218 2438 3260 utpote

1367 3298 1529 3345 frigidam
1560 3290 1806 3330 defensionem
1835 3282 1958 3326 tacuit,
1993 3280 2037 3316 ad
2065 3279 2171 3315 aliam
2203 3283 2322 3314 autem
2343 3273 2440 3310 venit

1368 3335 1544 3399 infirmam
1566 3353 1710 3402 quidem
1728 3354 1765 3386 ct
1783 3347 1912 3394 ipsam,
1933 3349 2088 3379 attamen
2111 3340 2188 3386 plus
2219 3339 2284 3374 hac
2304 3335 2438 3370 baben-

1369 3432 1439 3462 tcm
1470 3393 1632 3458 rationis.
1665 3412 1767 3452 Unde
1796 3393 1912 3457 palam
1934 3410 1990 3443 est
2015 3403 2127 3450 magis
2147 3401 2256 3436 licere
2280 3393 2439 3440 deceptis

1371 3488 1404 3523 in
1426 3485 1636 3529 deceptores
1655 3475 1798 3523 culpam
1826 3470 1990 3518 rejicere,
2012 3475 2118 3514 quam
2135 3456 2384 3505 deceptoribus
2405 3455 2437 3490 iu

1371 3549 1554 3592 deceptos.
1575 3540 1741 3578 Scorlum
1763 3532 1914 3572 accersit
1932 3538 2013 3566 eum
2033 3525 2093 3572 qui
2123 3517 2338 3558 contumelia
2357 3527 2434 3552 cor—

2234 3577 2412 3592 ,ηαλμ-ε,

1372 3620 1439 3658 pus
1459 3577 1562 3644 suum
1592 3600 1715 3643 afﬁcit,
1746 3602 1782 3635 et
1811 3599 2002 3642 postquam
2027 3594 2107 3622 cum
2138 3581 2198 3618 illo
2228 3577 2432 3616 dormierit.

1374 3637 1502 3707 iterum
1522 3662 1690 3706 dimittit;
1711 3665 1747 3696 tu
1765 3637 1883 3694 aulem
1903 3637 1960 3687 ubi
1978 3644 2118 3683 vocaris
2135 3652 2216 3678 eum
2235 3638 2294 3688 qui
2314 3637 2442 3684 injuria

1374 3732 1482 3770 afficit
1498 3734 1536 3768 et
1554 3723 1752 3771 corrumpit
1769 3718 1924 3755 animam
1953 3717 2064 3749 tuam,
2085 3713 2227 3750 semper
2245 3701 2361 3747 ipsum
2387 3699 2438 3735 in.

1375 3795 1516 3837 cludis,
1549 3796 1586 3830 et
1617 3761 1900 3830 non-permiltis
1932 3772 2044 3813 exire,
2081 3765 2293 3811 vinculaque
2323 3761 2442 3810 gravia

1379 3827 1742 3906 injicis'adulationc,
1764 3849 1850 3880 cura
1869 3842 1906 3876 et
1935 3833 2016 3871 aliis
2035 3827 2202 3878 operibus
2232 3830 2268 3863 et
2289 3830 2390 3872 putas
2411 3829 2445 3859 te
