4114 6392
399 543 3620 605 W

1681 835 2359 952 MONITUM

1970 1121 2051 1161 DE

1000 1325 1165 1388 ΗΔΕ
1206 1324 1767 1387 BENEDICTINE
1814 1321 2221 1386 EDITIONIS
2265 1320 2487 1380 NOVA
2532 1317 2625 1377 RE

1423 1324 1767 1387 DICTINE
1814 1321 2221 1386 EDITIONIS
2265 1320 2487 1380 NOVA
2532 1315 3048 1378 RECENSIONE.

462 1839 753 1901 Pretiosa
778 1833 1053 1914 qucedam
1089 1840 1335 1891 exstant
1367 1831 1645 1901 nomina,
1684 1845 1818 1908 qua:
1845 1826 2300 1904 pronuntiasse
2334 1833 2434 1885 sat
2457 1832 2570 1898 est,
2595 1834 2667 1885 ut
2699 1822 3006 1901 extemplo
3039 1822 3187 1882 idem
3216 1819 3438 1898 gloria:
3466 1817 3630 1881 mul-

398 1938 664 2020 tiplicis,
698 1936 935 2015 ingenii
976 1933 1215 1994 scilicet
1263 1942 1444 2009 atque
1484 1931 1869 2001 sanctitatis,
1916 1928 1985 1987 in
2016 1927 2334 1989 audientis
2364 1928 2573 1988 animo
2606 1929 3024 1994 suscitentur;
3074 1924 3141 1987 id
3197 1941 3342 1984 vero
3378 1922 3450 1984 de
3488 1920 3640 1985 illu-

386 2044 696 2104 strissimo
726 2037 1196 2113 archiepiscopo
1229 2028 1935 2109 Constantinopolitano
1960 2030 2282 2107 praecipue
2310 2029 2661 2101 dicendum,
2689 2029 2799 2107 qui
2834 2025 3009 2087 solus
3041 2025 3187 2086 Oris
3218 2026 3399 2085 aurei
3422 2043 3648 2086 nomen

395 2143 666 2205 sortitus
700 2147 807 2199 est.
855 2160 882 2192 «
920 2139 1139 2207 Nemo,
1176 2136 1382 2215 inquit
1420 2134 1675 2201 Suidas,
1715 2131 1905 2193 tantis
1934 2129 2323 2208 eloquentiae
2358 2138 2421 2190 et
2481 2130 2790 2219 ubertatis
2823 2127 3067 2188 divitiis
3100 2132 3448 2188 exornatus
3495 2125 3642 2189 fuit.
3686 2141 3709 2147 "

386 2243 556 2307 Audi
604 2242 786 2303 etiam
831 2227 1392 2319 Monte/alconium
1415 2259 1437 2294 .·
1471 2258 1500 2293 α
1542 2239 1879 2312 Lacrymas
1911 2232 2110 2293 movit
2149 2239 2218 2293 ut
2244 2231 2473 2306 voluit,
2506 2231 2661 2292 vilia
2692 2229 3077 2300 emendavit,
3110 2228 3540 2292 Christianam
3575 2227 3646 2287 ﬁ-

394 2345 540 2406 dem
578 2343 780 2415 auxit,
811 2342 1067 2402 Judteos
1094 2348 1154 2411 et
1183 2338 1516 2400 hmreticos
1548 2334 1932 2414 proﬂigavit.
1975 2334 2111 2394 Non
2148 2332 2458 2394 minorem
2495 2333 2666 2391 enim
2712 2332 2777 2392 in
2810 2329 3140 2393 dialectica
3175 2345 3366 2408 quam
3409 2328 3479 2390 in
3510 2345 3648 2391 ora-

386 2452 549 2507 torla
580 2452 712 2505 arte
741 2445 1052 2502 Joannem
1080 2448 1370 2501 nostrum
1400 2438 1857 2516 comperimus.
1899 2460 1926 2491 ιι
1964 2437 2133 2511 Quid
2158 2436 2392 2513 plura?
2425 2437 2529 2496 Ea:
2559 2436 2732 2497 brevi
2760 2433 2871 2496 illo
2904 2435 3009 2495 sed
3037 2435 3490 2515 perfectissimo
3529 2451 3635 2491 en-

384 2547 585 2608 comio
613 2564 819 2606 nonne
843 2553 1015 2624 patet
1043 2554 1277 2625 quanta
1305 2542 1656 2621 diligentia,
1695 2552 1930 2622 quanta
1949 2541 2166 2618 potius
2197 2541 2503 2618 religione
2536 2542 2701 2604 tanti
2740 2542 3021 2602 doctoris
3061 2558 3253 2619 opera
3300 2542 3653 2603 recudenda

387 2652 561 2711 sint:
587 2666 696 2708 nec
734 2649 959 2707 mirum
990 2646 1328 2718 videbitur,
1360 2643 1944 2726 Monte/alconium,
1979 2662 2115 2703 cum
2141 2644 2411 2723 quinque
2443 2662 2519 2703 ea:
2548 2641 2870 2705 sodalibus
2899 2644 3057 2717 suis,
3080 2642 3386 2721 paranda:
3418 2644 3648 2705 editio-

384 2758 456 2816 ni
487 2754 797 2815 sexdecim
821 2770 1020 2812 annos
1051 2752 1398 2813 insudasse.
1432 2753 1615 2825 Nam,
1647 2759 1948 2828 praeterea
1977 2748 2145 2828 quod
2174 2746 2549 2809 bibliotheca
2575 2757 2747 2821 sunt,
2770 2766 2894 2808 non
2928 2746 3108 2821 liber,
3143 2747 3414 2806 Joannis
3443 2747 3648 2824 Chry-

386 2857 645 2917 sostomi
689 2873 901 2933 opera,
947 2852 1148 2914 multa
1180 2856 1248 2914 in
1292 2855 1373 2914 iis
1410 2852 1756 2923 abundant,
1789 2869 1925 2930 quae
1960 2850 2034 2911 ob
2085 2860 2471 2927 temporum,
2503 2847 2785 2911 locorum
2813 2867 3172 2929 morumque
3198 2849 3644 2920 diversitatem,

389 2959 559 3019 notis
588 2976 660 3016 ac
691 2956 1245 3017 dissertationibus
1291 2964 1467 3014 erant
1516 2952 1915 3014 illustranda.
1961 2952 2229 3011 Pensum
2258 2952 2373 3013 hoc
2416 2952 2656 3029 egregie
2697 2949 3096 3012 absolverunt
3136 2950 3359 3011 Patres
3391 2951 3654 3010 Benedi-

386 3057 564 3129 ctini,
592 3074 884 3136 omneque
914 3054 1195 3115 tulerunt
1218 3062 1551 3133 punctum,
1587 3051 1729 3112 licet
1758 3051 1886 3110 viri
1903 3052 2444 3128 praestantissimi,
2474 3053 2643 3112 inter
2667 3070 2821 3131 quos
2851 3053 3156 3130 imprimis
3186 3053 3501 3112 Henricus
3528 3054 3611 3113 Sa
3636 3090 3645 3096 -

387 3156 577 3219 vilius
605 3169 660 3218 et
690 3160 935 3219 Fronto
976 3158 1267 3231 Ducceus,
1298 3155 1538 3233 magnis
1567 3152 1907 3215 sudoribus
1942 3153 2101 3213 idem
2130 3155 2406 3216 stadium
2436 3153 2853 3215 decurrerint.

460 3326 781 3387 Eximiam
827 3326 984 3387 hanc
1025 3325 1359 3387 editionem
1391 3344 1507 3386 nos
1541 3326 1769 3386 iterum
1806 3326 1981 3404 typis
2040 3326 2451 3393 mandamus;
2490 3329 2699 3388 omnia
2740 3325 2953 3388 sedulo
2985 3328 3366 3387 servavimus
3425 3326 3653 3406 quibus

386 3424 604 3485 crescit
642 3426 774 3504 ejus
803 3423 1077 3497 utilitas,
1106 3441 1321 3502 nempe
1369 3440 1654 3501 magnam
1678 3423 2218 3494 dissertationum,
2249 3433 2545 3484 notarum
2567 3424 3005 3502 variarumque
3029 3423 3363 3485 lectionum
3382 3426 3650 3504 copiam.

390 3529 479 3589 Ea
512 3532 694 3591 etiam
728 3530 1085 3591 addidimus
1115 3548 1250 3608 qua:
1278 3538 1425 3607 post
1454 3528 1804 3589 absolutam
1836 3528 2100 3589 eamdem
2133 3530 2466 3591 editionem
2494 3530 2576 3591 ad
2608 3530 2766 3591 hanc
2796 3548 2989 3609 usque
3024 3530 3184 3591 diem
3205 3529 3456 3607 publici
3476 3531 3653 3610 juris

389 3631 553 3695 facta
584 3630 1017 3707 comperimus.
1060 3630 1169 3689 Ita
1208 3639 1411 3689 tamen
1456 3628 1815 3688 addidimus
1848 3636 1921 3688 ut
1970 3629 2125 3689 ordo
2170 3649 2208 3688 a
2235 3630 2731 3711 Monte/alconio
2780 3633 3112 3693 institutus
3141 3642 3526 3705 servaretur,
3571 3632 3652 3691 ad

390 3732 679 3795 ultimum
717 3752 932 3811 nempe
974 3743 1208 3794 tomum
1252 3733 1607 3795 additiones
1649 3744 1905 3793 nostras
1956 3733 2325 3813 rejicienc'o.
2368 3735 2643 3813 Paginas
2684 3736 2981 3797 editionis
3024 3736 3443 3798 Benedictinw
3486 3737 3653 3796 inter

390 3853 581 3896 uncos
614 3838 681 3897 in
717 3845 899 3896 textu
932 3835 1149 3897 Graeco
1184 3837 1535 3914 posuimus,
1566 3836 1843 3894 numeris
1878 3834 2168 3896 Arabicis
2215 3855 2567 3914 expressas.
2602 3838 2879 3899 Indicam
2922 3839 3003 3899 ad
3043 3837 3359 3899 columnas
3403 3848 3653 3898 nostras

390 3938 1014 4000 accommodavimus.

470 4083 630 4144 Ante
674 4084 783 4145 hos
815 4081 1285 4163 quatuordecim
1313 4099 1512 4141 annos
1542 4080 2054 4160 Chrysostomum
2075 4083 2212 4161 jam
2242 4082 2546 4153 dedimus,
2585 4082 2693 4142 sed
2720 4082 2942 4141 Latine
2973 4093 3238 4143 tantum.
3278 4084 3488 4161 Hujus
3519 4085 3650 4145 edi-

391 4189 590 4251 tionis
632 4190 925 4267 paginas,
973 4188 1406 4266 stereotypice,
1456 4197 1529 4246 ut
1560 4186 1766 4257 aiunt,
1800 4194 2103 4259 servatas,
2136 4187 2462 4263 posuimus
2511 4206 2540 4247 e
2596 4189 2851 4265 regione
2878 4188 3257 4264 paginarum
3295 4187 3653 4247 Grcecarum

390 4308 525 4370 qua:
553 4288 924 4350 Latinarum
949 4291 1419 4369 paginationem
1467 4290 1760 4349 retinent.
1797 4288 1948 4348 Inde
2002 4292 2071 4367 ﬁt
2116 4297 2189 4347 ut
2236 4286 2472 4349 notulaz
2512 4291 2790 4368 quddam
2834 4288 3043 4350 Greece
3095 4286 3281 4348 simul
3322 4298 3373 4346 et
3434 4287 3653 4347 Latine

397 4408 700 4467 expressa:
722 4409 1166 4470 nonnunquam
1207 4400 1569 4453 occurrant.
1596 4393 1685 4451 De
1708 4408 1827 4470 quo
1856 4391 2199 4449 monendus
2239 4400 2370 4450 erat
2410 4391 2649 4452 Lector.
2702 4392 3032 4463 Utriusque
3060 4400 3271 4450 textus
3298 4388 3653 4465 diligentem

396 4494 791 4554 collationem
825 4495 1241 4557 instituimus.
1285 4493 1522 4556 Multas
1566 4495 1772 4565 etiam,
1812 4494 2061 4574 quando
2098 4512 2258 4572 opus
2299 4496 2451 4573 fuit,
2488 4503 2673 4555 notas
2727 4505 2783 4555 et
2836 4493 3294 4555 observationes
3332 4495 3403 4556 de
3431 4504 3651 4554 nostra

380 4589 980 4670 Monte/alconianis
1022 4593 1427 4655 inseruimus.
1457 4608 1626 4651 nunc
1657 4594 1910 4649 omnino
1946 4599 2230 4658 latentes,
2265 4595 2625 4655 charactere
2654 4604 2898 4656 tantum
2931 4596 3150 4659 italico
3194 4596 3381 4657 verba
3434 4606 3657 4657 nostra

382 4693 861 4775 distinguentes,
900 4696 1062 4757 alias
1098 4715 1320 4757 nomen
1352 4703 1640 4756 nostrum
1674 4692 2131 4755 subscribentes
2171 4695 2286 4771 (sic
2328 4706 2617 4758 notatum
2652 4722 2666 4760 :
2706 4694 2916 4772 Eunt,
2961 4698 3058 4759 vel
3093 4702 3274 4761 Em'r.
3325 4700 3655 4779 Pyram),

380 4798 623 4876 quoties
679 4797 1029 4876 puesertim
1064 4795 1310 4878 aliquid
1354 4794 1790 4874 ambiguitatis
1828 4812 1907 4854 ea:
1943 4793 2141 4855 tacito
2170 4797 2423 4857 nomine
2456 4798 2799 4861 timendum
2827 4809 2982 4861 erat.

460 4960 684 5021 Editio
731 4960 1142 5023 Benedictina
1182 4961 1338 5023 duas
1370 4964 1498 5042 fert
1525 4963 1799 5025 Joannis
1829 4965 2265 5046 Chrysostomi
2305 4966 2497 5038 Vitas,
2531 4966 2724 5027 aliam
2761 4976 3020 5027 auctore
3042 4963 3334 5027 Palladio
3370 4966 3482 5041 qui
3509 4984 3647 5025 cum

387 5060 626 5139 inclyta
661 5062 919 5124 doctore
948 5064 1115 5125 vixit
1144 5063 1572 5143 familiariter,
1604 5064 1799 5127 aliam
1831 5085 1908 5128 ea:
1939 5068 2144 5145 ipsius
2188 5067 2450 5145 scriptis
2480 5076 2856 5129 contextam.
2886 5065 3067 5130 Nihil
3092 5083 3239 5126 sane
3262 5064 3481 5126 melius
3503 5084 3647 5126 sue-

388 5162 703 5235 currebat,
732 5173 805 5224 ut
828 5164 1040 5224 Patris
1066 5165 1254 5245 hujus
1280 5165 1620 5244 ingenium,
1653 5185 1854 5228 mores
1883 5186 1956 5228 ac
1984 5168 2175 5228 carice
2204 5169 2275 5228 in
2294 5168 2519 5248 quibus
2542 5170 2805 5247 scripsit
2834 5168 2930 5229 vel
2957 5168 3204 5230 locutus
3251 5176 3338 5228 est
3384 5167 3648 5228 cireum-

387 5268 633 5328 stantia:
659 5286 943 5347 apprime
970 5279 1398 5331 noscerentur.
1433 5270 1540 5333 Sic
1572 5272 1753 5333 etiam
1780 5281 1991 5334 actum
2018 5282 2105 5334 est
2128 5272 2194 5334 in
2213 5272 2362 5334 Divi
2388 5271 2736 5350 Augustini
2767 5272 3037 5334 editione
3061 5272 3487 5335 Benedictina.
3530 5272 3640 5331 Ve-

388 5383 529 5428 rum
560 5371 889 5450 utriusque
914 5370 1127 5433 Patris
1165 5370 1315 5431 Vite
1346 5372 1429 5433 ad
1444 5370 1669 5433 calcem
1690 5391 1947 5451 operum
1978 5373 2405 5450 inopportuno
2433 5374 2667 5453 rejectoe
2688 5382 2857 5433 sunt.
2890 5372 3015 5432 Eas
3042 5372 3273 5432 rectius
3306 5373 3490 5433 initio
3515 5388 3643 5450 po-

386 5471 651 5530 suimus.
682 5471 830 5533 Non
856 5490 1031 5532 secus
1059 5472 1447 5533 sentiendum
1481 5482 1568 5534 est
1613 5474 1685 5535 de
1712 5472 2011 5554 Epistola
2046 5474 2436 5537 dedicatoria
2475 5486 2529 5536 et
2561 5475 2634 5536 de
2664 5466 3044 5555 Prafatione
3070 5472 3347 5551 generali
3377 5493 3530 5554 quas
3565 5490 3638 5534 ex

390 5576 558 5630 (omo
594 5572 828 5633 decimo
857 5573 1045 5633 tertio
1083 5575 1149 5632 in
1172 5575 1447 5651 primum
1479 5577 1944 5638 transtulimus.

467 5735 664 5798 Forte
686 5734 921 5819 aliquis
940 5743 1232 5819 genuinis
1260 5741 1690 5825 Chrysostomi
1711 5746 2007 5826 operibus
2035 5756 2127 5808 tot
2158 5746 2379 5824 spuria
2411 5746 2743 5810 immisceri
2765 5763 2925 5826 aegre
2941 5749 3127 5827 feret;
3163 5761 3272 5806 nec
3304 5747 3635 5807 immerito.

712 5866 983 5929 Ρηκοι..
1031 5862 1149 5931 Gn.
1195 5870 1422 5930 XLVII
1864 5958 1883 5963 Η

1864 5958 1883 5963 θ
3272 5874 3302 5933 1

1714 6157 1792 6221 σῖ)
1824 6150 1903 6221 ’τί
1945 6146 2021 6217 i1:
2062 6145 2140 6215 (ξ
2203 6140 2221 6221 ξ

1719 6198 1792 6231 *μ’
1870 6198 1894 6227 η(
1945 6198 2021 6217 ππ·
2070 6198 2080 6203 -
2121 6198 2139 6215 ἠ
2198 6198 2222 6251 ί

1719 6232 1795 6273 1"?
1858 6236 1884 6265 Ι
1953 6224 2026 6261 ⁸η.
2070 6225 2191 6261 ³-ί”
