4114 6392
3642 417 3702 460 Π

444 448 516 496 ΙΙΙ

444 458 516 496 ιιι
884 458 887 463 ’
3642 458 3656 460 -
3684 458 3687 459 ,

355 458 398 649 ξ
446 560 700 640 Duplex
731 575 874 618 vero
909 564 997 617 est
1024 554 1403 632 Spuriorum
1422 566 1612 630 genus
1649 566 1782 629 qua
1810 546 2120 608 communi
2142 545 2453 623 attingere
2482 540 2926 621 reprobatione
2975 536 3222 597 minime
3256 550 3494 614 aquam
3511 532 3707 612 foret.

445 631 588 722 Alia
607 668 779 725 sunt.
800 664 1373 737 quorumauctores
1401 649 1695 728 temporis
1713 644 1955 707 invidia
1979 643 2194 706 obruti
2224 642 2443 714 latent,
2481 650 2533 702 et
2568 658 2723 719 quea,
2757 638 2830 698 ob
2851 634 3178 716 quamdam
3205 631 3442 711 ingenii
3470 638 3709 692 tracta-

445 769 569 827 tive
594 729 948 843 argumenti
973 752 1464 822 similitudinem,
1495 746 1907 810 celeberrimis
1929 742 2268 823 aliquando
2299 739 2723 818 scriptoribus
2765 735 3162 797 tribuuntur.
3197 731 3370 794 Licet
3407 729 3709 810 gravibus

442 876 623 957 fraus
638 869 1002 949 plerumque
1038 859 1457 926 demonstrari
1484 863 1666 937 queat
1704 849 2102 918 testimoniis,
2141 848 2384 926 spuriis
2414 841 2774 926 hujusmodi
2806 857 2921 900 nos
2948 835 3122 900 ultro
3151 837 3394 899 veniam
3415 836 3672 898 concedi
3683 867 3706 878 -

443 943 602 1043 mus,
621 970 772 1051 quia
796 943 1192 1047 philologiae
1220 964 1469 1024 critices
1487 957 1797 1021 thesauris
1829 956 1898 1017 in
1923 953 2053 1015 dies
2076 950 2518 1015 crescentibus.
2538 950 2707 1029 forte
2725 944 2954 1005 eveniet
2971 951 3042 1004 ut
3065 961 3205 1006 cras
3228 943 3582 1023 probentur
3607 959 3713 1021 ge-

443 1041 652 1137 nuind
663 1041 1145 1155 qum—hodiedum
1167 1067 1525 1129 adulterina
1540 1063 1853 1125 videntur.
1875 1056 2015 1120 Alia
2035 1074 2179 1118 vero
2200 1063 2394 1116 scatet
2413 1054 2649 1133 fetuum
2667 1046 3228 1127 supposititiorum
3252 1041 3554 1124 ignobilis
3575 1043 3710 1121 ple-

447 1179 685 1253 becula,
700 1179 808 1258 qui
819 1174 1229 1236 reverendissi
1234 1174 1367 1243 mis,
1382 1173 1503 1233 imo
1518 1166 1930 1229 sanctissimis
1943 1163 2318 1226 adhwrentes
2329 1156 2711 1228 nominibus,
2728 1174 2794 1215 ea
2808 1154 3067 1233 indigno
3084 1154 3347 1228 turpant
3363 1144 3712 1216 consortio,

450 1294 505 1346 et
534 1285 627 1346 sic
656 1241 943 1345 indebita:
961 1280 1121 1359 ﬁunt
1151 1241 1646 1337 immortalitatis
1680 1263 2057 1344 participes.
2094 1260 2362 1320 Tantum
2397 1255 2565 1316 abest
2612 1263 2684 1314 ut
2736 1253 2811 1314 ab
2846 1253 2959 1314 hac
2986 1258 3154 1330 peste
3201 1244 3491 1309 immunis
3521 1241 3716 1324 fuerit

446 1382 646 1443 Divus
672 1348 1177 1457 Chrysostomits,
1211 1382 1265 1432 et
1303 1370 1515 1429 varios
1545 1368 1711 1428 inter
1743 1365 1872 1444 ejus
1897 1362 2189 1429 editores,
2221 1375 2396 1417 nemo
2433 1373 2562 1414 non
2590 1354 3000 1425 sensit,nemo
3020 1369 3150 1412 non
3178 1348 3349 1410 dixit
3380 1364 3563 1428 quam
3594 1359 3715 1421 op-

449 1483 705 1546 tandum
737 1448 889 1542 esset
917 1474 1278 1560 quisquiliis
1310 1473 1452 1533 istis
1483 1473 1612 1552 ejus
1631 1486 1822 1549 opera
1856 1463 2228 1545 expurgari.
2262 1461 2353 1527 Ne
2377 1458 2534 1540 quid
2549 1466 2754 1520 autem
2780 1474 2858 1517 ex
2871 1456 3009 1536 jam
3025 1458 3210 1520 editis
3231 1453 3299 1515 in
3314 1453 3426 1515 hac
3447 1448 3720 1511 editione

447 1595 670 1649 nostra
697 1584 1104 1651 desideretur,
1126 1599 1202 1640 ne
1222 1576 1643 1641 insulsissima
1672 1572 1918 1653 quidem
1946 1577 2287 1630 commenta
2318 1566 2663 1639 omisimus,
2691 1562 2934 1644 judicio
2975 1561 3279 1621 lectorum
3310 1549 3711 1628 conﬁdentes,

449 1684 675 1765 quibus
695 1695 995 1762 praeterea
1022 1680 1350 1759 exquisita:
1382 1675 1860 1757 Montefalconii
1885 1672 2387 1754 prwfatiuncula:
2418 1687 2640 1730 secura
2671 1663 2939 1729 consilia
2969 1657 3482 1741 suppeditabunt.
3523 1653 3603 1716 Μ

2426 1947 2841 1962 “Mr
2738 1961 2803 1962 ἐή
2861 1947 3445 1962 *ῃ
3142 1961 3149 1962 7
3204 1961 3267 1962 77”
3447 1947 3477 1957 ο

578 1986 3216 2019 WWW-.-«.W

456 2214 1446 2335 BEBNABDI
1508 2212 1748 2326 DE
1826 2210 2081 2325 ΜΟ

2074 2205 3109 2324 νιπτιπΔυαοΝ
3169 2205 3699 2321 νιτΔ.

1838 2529 2329 2554 -σ--οοομ--ο-

538 2759 1089 2845 Montefalconius,
1115 2754 1339 2834 gallice
1367 2755 1438 2816 de
1473 2743 2343 2831 Montfaucon(Bernardus),
2370 2741 2704 2821 provincia
2740 2737 3080 2803 Occitanus
3103 2784 3121 2814 ,
3158 2744 3227 2805 in
3264 2746 3522 2809 castello
3551 2751 3725 2813 Sou-

463 2878 618 2956 lagii
649 2892 725 2935 ex
754 2838 1013 2950 antiqua
1040 2859 1360 2939 nobilique
1386 2849 1633 2936 familia
1649 2859 1837 2909 natus
1868 2853 1955 2904 est
1980 2844 2078 2905 die
2102 2842 2397 2923 januarii
2430 2838 2668 2901 decima
2692 2839 2977 2918 septima,
3006 2859 3172 2902 anno
3214 2845 3393 2908 1655.
3422 2846 3733 2912 Militiam

456 2938 734 3059 primum
760 2938 1112 3053 amplexus,
1142 2938 1355 3024 rerum
1387 2957 1800 3017 humanarum
1823 2944 2257 3028 fragilitatem
2286 2951 2485 3002 morte
2508 2949 2842 3019 parentum
2871 2938 3127 3002 edoctus
3161 2951 3272 3005 est.
3315 2945 3509 3009 Haud
3538 2949 3734 3010 multo

455 3045 607 3163 post
658 3045 887 3140 saeculo
935 3069 1247 3133 valedixit
1298 3060 1730 3136 hIaurianue
1779 3053 1907 3113 PP.
1960 3047 2514 3110 Benedictinorum
2565 3045 3043 3122 congregationi
3084 3064 3214 3108 sese
3254 3049 3740 3114 adscribendum

462 3149 710 3250 curavit
737 3200 901 3244 anno
931 3179 1106 3241 1675.
1140 3174 1302 3236 Novi
1331 3165 1569 3232 sodalis
1593 3165 1763 3244 fama
1793 3177 1941 3219 mox
1973 3164 2157 3216 extra
2185 3151 2453 3213 coenobii
2482 3149 2710 3211 limites
2743 3149 2864 3211 late
2887 3167 3005 3229 per
3034 3159 3228 3212 totam
3259 3151 3578 3232 Europam
3611 3153 3738 3233 ﬂo-

459 3294 621 3356 ruit,
652 3287 975 3354 Memoria:
996 3275 1344 3346 miraculis,
1381 3273 1679 3334 immensa
1710 3261 2036 3331 doctrina,
2052 3258 2307 3340 judicio
2340 3255 2690 3335 praesertim
2720 3264 2777 3316 et
2814 3255 3057 3333 ingenii
3093 3258 3377 3318 acumine
3402 3260 3542 3339 jam
3588 3257 3741 3321 cele-

464 3400 804 3470 berrimus,
836 3395 906 3456 in
955 3388 1211 3454 Italiam
1266 3378 1563 3459 migravit
1595 3391 1762 3435 anno
1808 3369 1983 3433 1698.
2025 3364 2493 3441 manuscriptos
2537 3363 2776 3424 codices
2826 3360 3281 3424 vetustissimos
3325 3361 3567 3440 passim
3624 3376 3744 3440 pe:

464 3465 874 3563 bibliothecas
901 3489 1417 3568 investigaturus.
1451 3483 1611 3541 Dum
1629 3478 1836 3538 Romae
1856 3472 2125 3550 degeret,
2159 3469 2332 3547 apud
2351 3468 2644 3562 Sanctam
2670 3466 2884 3529 Sedem
2907 3465 3153 3527 ordinis
3181 3466 3287 3526 sui
3313 3476 3731 3545 procurator,

465 3601 919 3666 benedictinam
946 3596 1076 3659 divi
1106 3588 1453 3670 Augustini
1500 3578 2093 3645 editionem‘contra
2124 3575 2465 3635 acerrimos
2502 3573 2904 3634 inimicorum
2943 3568 3226 3631 assultus
3271 3569 3548 3649 feliciter
3575 3586 3734 3648 pro-

457 3703 799 3787 pugnavit.
837 3699 1173 3778 Pontiﬁces
1221 3692 1497 3758 Clemens
1526 3689 1585 3749 X
1592 3688 1620 3747 ι
1659 3693 1713 3745 et
1765 3679 2138 3742 Benedictus
2169 3679 2345 3740 XIII
2371 3680 2836 3758 imperatorque
2880 3674 3151 3738 Carolus
3187 3673 3269 3733 VI
3298 3674 3576 3735 maxima
3605 3692 3741 3735 eum

467 3772 707 3885 semper
739 3772 1505 3878 excepere-bmevolentia.
1556 3785 1873 3847 Lutetiam
1900 3798 2189 3841 reversus
2217 3796 2384 3839 anno
2424 3778 2603 3852 1701,
2634 3778 2969 3839 continuos
2994 3774 3137 3834 vitae
3164 3774 3463 3835 studiosa
3495 3772 3740 3836 labores

468 3916 841 3989 prosecutus
871 3912 979 3964 est.
1012 3894 1444 3977 Quamobrem,
1462 3889 1606 3951 licet
1637 3881 2033 3949 curriculum
2051 3898 2246 3961 usque
2266 3878 2350 3940 ad
2364 3897 2476 3939 sex
2496 3887 2553 3940 et
2581 3879 2907 3957 octoginta
2927 3892 3126 3935 annos
3147 3876 3578 3953 protraxerit,
3606 3877 3742 3956 fer-

468 3973 576 4066 reo
595 4020 798 4084 prope
831 3973 1121 4077 corporis
1150 3992 1379 4056 robore
1411 4003 1604 4067 usque
1631 3981 1869 4054 valens,
1892 3981 2006 4041 vix
2033 3988 2241 4040 tamen
2274 3973 2661 4053 intelligitur
2692 3973 2998 4052 quomodo
3048 3983 3145 4038 tot
3179 3985 3422 4058 tamque
3445 3978 3743 4056 gravibus

474 4077 766 4184 operibus
799 4098 1046 4162 edendis
1063 4093 1403 4175 suffecerit.
1421 4090 1695 4170 Legatur
1712 4085 1893 4145 modo
1916 4099 2171 4162 sequens
2194 4077 2700 4140 nomenclatura:
2721 4084 2779 4140 1°
2796 4080 3098 4144 Analecta
3112 4100 3333 4162 graeca,
3364 4089 3388 4147 1
3408 4085 3533 4147 vol.
3553 4087 3619 4146 in
3631 4085 3738 4157 Δι’,

470 4182 930 4289 graeco-latine,
960 4202 1138 4264 1688.
1183 4200 1247 4259 2°
1289 4195 1580 4259 Diarium
1628 4191 1945 4260 Italicum,
1988 4190 2018 4248 1
2055 4184 2180 4246 vol.
2236 4184 2630 4289 infla-Z1702.
2677 4182 2736 4243 3°
2781 4184 3091 4249 Collectio
3127 4197 3418 4251 veterum
3463 4190 3740 4266 scripto-

474 4281 621 4375 rum
669 4319 1048 4388 graecorum,
1083 4303 1124 4362 2
1151 4298 1278 4362 vol.
1312 4295 1551 4377 in-fol.,
1596 4288 2057 4371 grteco-latine,
2094 4286 2270 4345 1706.
2308 4281 2369 4342 is“
2398 4281 2638 4345 Gallica
2685 4284 2900 4347 versio
2949 4282 3103 4347 libri
3141 4286 3429 4349 Philonis
3475 4290 3567 4349 De
3596 4288 3744 4351 Vita

475 4408 1004 4487 mntemplativa,
1063 4409 1095 4467 1
1138 4403 1268 4467 vol.
1321 4400 1527 4464 ἐτι-12.
1569 4400 1632 4461 5⁸
1664 4390 2142 4474 Palmographia
2178 4405 2415 4469 graeca,
2458 4392 2490 4450 1
2529 4389 2654 4450 vol.
2698 4388 2945 4470 in-fol.,
2991 4390 3174 4460 1708,
3225 4404 3384 4465 opus
3447 4387 3746 4449 eximium

477 4518 547 4579 in
597 4485 939 4595 quo—varia
1000 4508 1432 4569 characterum
1476 4516 1825 4579 graecorum
1869 4492 2212 4573 specimina
2252 4489 2651 4551 exhibentur.
2692 4492 2754 4552 6⁸
2811 4489 3097 4567 Hexapla
3152 4485 3466 4565 Origenis,
3517 4485 3559 4546 2
3614 4486 3739 4549 vol’.

476 4585 729 4696 in-fol.,
758 4611 933 4674 1713.
967 4611 1028 4669 7°
1059 4604 1453 4669 Bibliotheca
1479 4599 1895 4671 Coisliniana,
1930 4598 1963 4656 1
1997 4591 2126 4655 vol.
2162 4588 2482 4681 in-fol.’8°
2522 4590 2891 4670 Antiquitas
2937 4589 3297 4668 explanata,
3333 4597 3475 4661 etc.,
3511 4589 3589 4649 10
3612 4585 3741 4668 vol.

476 4688 724 4797 in-fol.,
767 4713 943 4774 1719.
980 4713 1043 4772 9⁸
1086 4704 1473 4785 Antiquitati
1513 4701 1868 4781 explanata;
1895 4695 2455 4776 Supplementum,
2495 4694 2534 4755 5
2561 4692 2685 4754 vol.
2721 4690 2962 4772 in-fol.,
3004 4692 3190 4765 1721s;
3228 4700 3566 4772 utrumque
3600 4688 3743 4769 gal-

481 4788 863 4876 lica-latine.
910 4813 1011 4873 10⁸
1055 4807 1439 4870 Monarchiaa
1481 4802 1741 4867 Gallicae
1789 4801 2204 4863 Monumenta
2229 4839 2247 4869 ,
2288 4797 2327 4857 5
2355 4792 2479 4856 vol.
2519 4792 2765 4876 in-fol.,
2809 4812 2946 4855 cum
2980 4793 3229 4872 figuris,
3279 4788 3526 4871 gallice,
3561 4791 3738 4853 1729.

482 4920 581 4975 11⁸
625 4911 1023 4977 Bibliotheca
1066 4909 1600 4971 bibliothecarum
1651 4900 2237 4980 manuscriptorum
2285 4914 2485 4970 nova,
2536 4898 2577 4957 2
2618 4894 2742 4956 vol.
2788 4894 3039 4977 in-fol.,
3090 4897 3267 4957 1739.
3317 4895 3417 4956 12°
3472 4892 3745 4955 Joannis

480 5012 916 5092 Chrysostomi
969 5027 1226 5090 operum
1274 5007 1466 5069 editio
1517 5004 2014 5085 exquisitissimo
2059 5017 2242 5080 quam
2283 4998 2485 5059 denuo
2537 4997 2709 5075 typis
2760 4998 3159 5071 mandamus,
3209 4998 3284 5059 13
3323 4995 3450 5057 vol.
3488 4996 3711 5076 in-fol.

481 5056 915 5092 maguum...
969 5056 1101 5090 νμν.
1127 5056 1226 5069 κ...
1275 5056 1462 5069 πη-.-
1518 5056 2011 5085 -.Ἵππη-ηρ---
2540 5056 2665 5075 πη.
2916 5056 2941 5058 ,_
2974 5056 2979 5057 ,
3010 5056 3039 5057 η
3102 5056 3109 5057 ,
3144 5056 3159 5071 ,
3212 5056 3269 5059 _,
3338 5056 3343 5057 ,
3376 5056 3379 5057 ν
3586 5056 3602 5076 ,

480 5120 557 5179 ab
588 5135 753 5178 anno
787 5117 943 5177 1718
969 5130 1163 5194 usque
1194 5112 1277 5174 ad
1304 5128 1538 5171 annum
1569 5107 1747 5168 1738.
1773 5105 1918 5165 ch
1956 5112 2043 5164 est
2059 5108 2531 5182 prxcipuorum
2560 5097 3042 5181 Montefalconii
3067 5116 3323 5178 operum
3362 5094 3575 5171 moles,
3613 5056 3751 5177 qua:

480 5221 679 5283 multo
702 5219 901 5296 magis
950 5226 1319 5296 portentosa
1365 5212 1707 5281 videbitur,
1737 5211 1795 5270 si
1836 5209 2203 5270 attendatur
2242 5207 2581 5285 unicuique
2621 5206 2799 5283 operi
2832 5203 3018 5282 vulgo
3059 5204 3345 5266 accedere
3370 5202 3743 5275 versionem,

481 5332 689 5391 notas,
717 5322 1210 5390 dissertationes,
1232 5313 1553 5395 epistolas,
1593 5311 2054 5382 commentaria,
2091 5324 2218 5369 uno
2243 5306 2425 5368 verba
2457 5305 2763 5388 quidquid
2790 5304 2872 5366 ad
2890 5301 3320 5384 explanandas
3342 5304 3541 5364 omnis
3562 5318 3749 5381 gens-

483 5427 576 5487 ris
608 5421 1011 5511 difﬁcultates
1028 5422 1327 5501 prodesse
1351 5426 1596 5498 potest.

566 5505 1096 5605 Montefalconius
1117 5521 1389 5582 Parisiis
1410 5518 1566 5580 obiit
1596 5516 1694 5579 die
1723 5514 2057 5578 decembris
2076 5513 2370 5591 vigesima
2382 5512 2620 5592 prima,
2653 5528 2817 5572 anno
2854 5512 3029 5582 17’s],
3066 5518 3122 5570 et
3153 5510 3219 5572 in
3241 5506 3496 5569 ecclesia
3525 5504 3747 5566 Sancti

482 5626 784 5692 Germani
809 5644 846 5684 a
870 5624 1081 5684 Pratis
1098 5618 1381 5702 sepultus
1410 5628 1518 5681 est.
