4114 6392
1826 412 1915 421 .._.

1136 593 1247 678 D.
1288 594 1891 679 BERNARDI
1939 596 2099 679 DE
2141 591 2959 684 MONTFAUCON

728 790 1706 941 EPISTULA
1798 788 3448 938 NUNCUPATORIA.

1882 1040 2251 1095 W

1285 1197 1885 1263 ILLUSTRISSIMO
1924 1201 2029 1262 ET
2070 1197 2822 1261 EXCELLENTISSIMO

1064 1382 2189 1514 ALEXANDRO
2270 1380 3067 1528 ALBANO,

748 1617 980 1687 EQUITI
1013 1616 1286 1674 ORDINIS
1325 1612 1968 1681 HIEROSOLYMITANI,
2007 1612 2244 1668 MAGNO
2282 1611 2678 1668 BAJULATUS
2716 1609 3050 1666 ΑΒΜΕΝΙᾸΞ
3089 1609 3341 1676 PRIORI,

913 1791 1306 1839 SANCTISSIMI
1349 1790 1578 1834 DOMINI
1621 1789 1849 1834 NOSTRI
1892 1790 1956 1831 D.
2003 1788 2357 1832 CLEMENTIS
2401 1787 2578 1831 ΡΔΡΕ
2622 1787 2689 1829 XI
2733 1785 3002 1829 FRATBIS
3049 1783 3240 1827 FILIO.

514 1948 695 2005 Sancti
717 1947 937 2003 Joannis
959 1944 1322 2017 Chrysostomi
1350 1959 1511 2013 opera
1537 1952 1597 1997 ut
1624 1942 1735 2008 tibi,
1755 1941 1853 1996 Vin
1871 1941 2358 2005 pRESTANTlSSlIE,
2389 1954 2769 2010 nuncuparem,
2800 1954 2905 1993 non
2936 1955 3041 1994 una
3070 1954 3157 1994 me
3181 1954 3341 1994 causa
3372 1940 3617 2008 impulit:
3643 1940 3710 1995 ad

437 2040 741 2113 huiusmodi
776 2039 1090 2108 obsequium
1131 2037 1227 2091 tibi
1255 2034 1613 2106 praestandum
1642 2049 1729 2089 me
1759 2033 1968 2102 publica
1999 2032 2243 2087 movebat
2272 2031 2430 2095 fama,
2473 2046 2576 2101 qua
2606 2040 2773 2085 totum
2803 2047 2898 2100 per
2922 2032 3105 2086 orbem
3131 2031 3489 2086 Christianum
3510 2073 3525 2097 ,
3557 2033 3710 2102 quasi

438 2137 633 2190 artium
679 2142 733 2187 et
760 2130 1164 2200 disciplinarum
1193 2129 1428 2183 omnium
1470 2127 1640 2181 culter
1666 2127 1893 2181 eximius
1920 2126 2227 2181 celebraris.
2266 2124 2338 2181 Ut
2380 2126 2524 2179 enim
2566 2141 2751 2180 omnes
2779 2126 2973 2196 ubique
2997 2126 3322 2196 praedicant,
3370 2142 3579 2196 unoque
3617 2141 3714 2181 ore

442 2226 761 2299 proﬁtentur
789 2222 1022 2278 universi
1045 2263 1061 2287 ,
1104 2238 1131 2275 a
1169 2222 1344 2291 primo
1368 2221 1662 2289 iuventutis
1689 2220 1819 2274 ﬁore
1842 2219 1979 2289 apud
2007 2230 2057 2275 te
2086 2235 2298 2288 semper
2324 2219 2555 2287 virtutis,
2583 2236 2740 2290 quam
2770 2223 2941 2276 aetatis
2966 2220 3065 2275 fuit
3096 2236 3283 2276 cursus
3321 2220 3565 2276 celerior.
3595 2218 3715 2274 Non

442 2316 586 2371 ludis
612 2323 662 2369 et
690 2313 824 2384 jocis
853 2328 1012 2383 puer,
1046 2327 1151 2364 non
1183 2310 1491 2365 scurrilibus
1523 2311 1746 2380 negotiis
1774 2309 2114 2377 adolescens,
2142 2326 2246 2365 non
2279 2310 2524 2365 inanibus
2553 2311 2671 2364 vita:
2701 2312 3114 2366 oblectamentis
3139 2312 3552 2367 adolescentiam
3574 2325 3714 2381 prae-

443 2419 741 2477 tergressus
772 2420 989 2474 operam
1016 2401 1362 2468 dedisti;sed
1401 2417 1516 2455 eam
1542 2444 1556 2466 ,
1601 2417 1757 2471 quam
1800 2402 1888 2455 alii
1934 2402 2093 2473 longo
2138 2418 2399 2456 annorum
2439 2403 2707 2456 curriculo
2749 2404 3115 2473 adipiscuntur
3161 2404 3515 2458 maturitatem
3562 2412 3720 2473 atque

448 2500 784 2571 sapientiam,
823 2505 876 2552 et
903 2511 1039 2567 puer
1067 2494 1372 2557 exliibuisti,
1403 2504 1457 2547 et
1485 2494 1795 2548 adolescens
1828 2509 1961 2547 nova
1986 2495 2294 2551 accessione
2323 2494 2608 2562 decorasti,
2642 2503 2696 2550 et
2721 2496 2801 2550 vir
2826 2497 3017 2550 mirum
3048 2506 3303 2567 quantum
3330 2496 3541 2551 auxisti.

526 2587 830 2645 Accedebat
857 2595 913 2641 et
945 2588 1118 2656 patrui
1145 2586 1220 2638 tui
1252 2584 1350 2638 SS.
1377 2584 1587 2638 Domini
1614 2585 1779 2637 nostri
1810 2584 2102 2641 Clementis
2125 2584 2281 2653 l’ap:e
2311 2586 2404 2651 XI,
2437 2587 2525 2655 qui
2558 2601 2698 2641 nunc
2716 2587 2974 2642 Ecclesiae
2994 2588 3201 2642 clavum
3230 2588 3443 2658 egregie
3474 2588 3722 2643 modera-

454 2692 563 2746 tur,
591 2681 849 2752 judicium
872 2697 884 2732 :
906 2678 997 2732 illo
1018 2677 1224 2731 scilicet
1251 2676 1531 2730 consilium
1561 2683 1799 2729 nostrum
1830 2673 2179 2745 approbante,
2215 2676 2518 2745 nostrisque
2544 2677 2679 2732 votis
2705 2686 2993 2744 annuente,
3019 2678 3085 2732 ad
3116 2678 3254 2733 hunc
3275 2678 3367 2732 tibi
3394 2678 3723 2733 vicennalem

452 2772 879 2831 consecrandmn
906 2771 1143 2825 laborem
1174 2769 1408 2822 animum
1435 2768 1755 2837 appulimus.
1790 2766 1882 2821 llle
1908 2783 2135 2837 namque
2161 2777 2233 2835 te,
2266 2768 2363 2822 Vin
2385 2772 2728 2832 Alpussnts,
2758 2785 2860 2825 non
2896 2772 3072 2826 minus
3098 2771 3166 2825 ab
3193 2772 3388 2826 indolis
3418 2771 3723 2841 praastantia

449 2864 662 2935 diligit,
691 2878 849 2931 quam
876 2876 906 2914 a
935 2859 1250 2930 cognatione
1276 2876 1288 2911 :
1315 2858 1610 2912 institutum
1633 2859 1800 2927 probe
1826 2859 2075 2926 juvenem
2107 2858 2206 2911 sibi
2234 2859 2533 2928 gratulatur
2559 2902 2574 2927 ,
2605 2861 2933 2916 educationis
2961 2861 3189 2917 fructum
3219 2878 3278 2918 se
3306 2863 3726 2918 cumulatissime

451 2955 725 3011 demetere
752 2952 1051 3016 existimat;
1098 2965 1221 3004 cum
1250 2958 1302 3003 te
1346 2948 1490 3003 videt
1512 2964 1577 3003 eo
1613 2948 1785 3003 studia
1813 2950 1991 3002 omnia
2032 2947 2296 3013 conferre,
2324 2958 2380 3002 ut
2406 2960 2626 3004 cunctas
2652 2962 2793 3005 artes
2817 2960 2871 3005 et
2892 2951 3203 3023 disciplinas
3233 2954 3466 3017 excolas,
3486 2953 3722 3023 antiqui-

456 3045 580 3099 tatis
602 3042 824 3112 vestigia
850 3039 1093 3103 secteris,
1117 3047 1588 3093 monumentorum
1617 3046 1857 3091 veterum
1890 3036 2131 3091 festivam
2151 3038 2358 3110 copiam
2389 3040 2710 3108 quotidianis
2738 3041 2881 3096 curis
2908 3044 3318 3114 sumptibusque
3342 3045 3394 3097 in
3424 3044 3730 3113 reipublicae

464 3135 718 3189 literarize
745 3133 1162 3188 emolumentum
1202 3131 1435 3201 undique
1461 3130 1702 3199 colligas.
1732 3129 1937 3184 Gaudet
1963 3130 2124 3185 etiam
2163 3140 2214 3185 te
2252 3132 2488 3186 moribus
2518 3133 2736 3203 integris
2766 3134 3135 3205 religiosisque
3162 3144 3406 3190 ornatum
3434 3176 3449 3202 ,
3480 3136 3733 3189 comitate

466 3240 523 3282 et
549 3227 898 3283 beneﬁcentia
926 3233 1236 3280 cunctorum
1266 3224 1474 3277 animos
1500 3224 1592 3276 tibi
1622 3222 1929 3277 conciliare.

531 3318 846 3389 Huiusmodi
875 3318 1045 3372 virum
1091 3317 1314 3372 decebat
1341 3317 1394 3370 in
1425 3315 1601 3370 fronte
1629 3330 1849 3384 operum
1883 3315 2251 3386 Chrysostomi
2298 3316 2549 3372 collocari
2575 3336 2588 3371 :
2610 3319 2699 3389 qui
2730 3319 2992 3376 lubricum
3019 3321 3320 3391 juvenlutis
3345 3337 3561 3377 cursum
3591 3322 3734 3376 inof-

462 3413 615 3468 fensu
645 3421 705 3466 ut
731 3412 822 3466 ille
854 3410 989 3480 pede
1018 3409 1336 3473 decurrerit,
1360 3411 1451 3478 qui
1477 3408 1874 3477 disciplinarum
1897 3409 2135 3463 omnium
2165 3408 2357 3464 studiis
2383 3409 2485 3465 hoc
2512 3411 2741 3481 primum
2764 3414 2937 3468 artatis
2966 3415 3193 3469 stadium
3222 3416 3514 3469 exornarit.
3542 3415 3735 3470 Hacte-

463 3521 566 3560 nus
597 3512 744 3557 tanto
775 3502 899 3557 Viro
925 3500 1113 3554 similis
1138 3539 1153 3564 ,
1193 3499 1259 3553 ad
1286 3500 1547 3568 reliquum
1585 3500 1708 3552 vitm
1744 3498 1972 3567 spatium
2001 3513 2065 3553 eo

2110 3514 2361 3568 ,amquam
2392 3501 2608 3569 speculo
2634 3511 2688 3556 et
2712 3503 3037 3572 exemplari,
3087 3503 3189 3558 Vm
3222 3504 3694 3559 Pnasusnssme
3718 3544 3735 3566 ,

466 3597 633 3650 utaris
660 3609 837 3664 operae
867 3592 1097 3663 pretium
1140 3590 1319 3644 fuerit.
1348 3589 1500 3643 Nulla
1530 3588 1793 3643 sincerior
1820 3588 2032 3643 vivendi
2061 3604 2278 3655 norma,
2322 3604 2479 3660 quam
2508 3590 2629 3661 ejus
2657 3592 2799 3659 vita;
2848 3594 3007 3648 nullae
3045 3595 3436 3663 praeceptiones
3476 3595 3543 3649 ad
3573 3596 3734 3648 vitam

466 3687 844 3743 instituendam
874 3683 1134 3748 utiliores,
1158 3698 1314 3751 quam
1340 3682 1458 3750 ejus
1487 3680 1682 3750 scripta
1706 3680 1992 3750 cujuslibet
2011 3680 2244 3750 generis,
2276 3681 2534 3746 bomilizn,
2562 3685 2851 3751 orationes,
2878 3686 3139 3754 epistolae.
3173 3687 3269 3741 llic
3296 3686 3504 3741 edisces
3530 3686 3737 3756 qualem

470 3788 716 3849 oporteat
737 3792 860 3833 esse
887 3778 938 3830 in
966 3774 1098 3842 etio,
1124 3777 1175 3829 in
1203 3776 1435 3845 negotio,
1464 3773 1673 3843 qualem
1697 3773 1750 3826 in
1775 3771 2165 3827 Ecclesiasticis
2194 3773 2535 3842 dignitatibus
2564 3785 2618 3830 et
2645 3774 2837 3831 ofﬁciis
2860 3777 3329 3844 administrandis;
3359 3794 3516 3849 quam
3541 3777 3736 3833 fortem

472 3876 526 3928 in
555 3874 794 3929 adversis
815 3914 831 3940 ,
878 3888 1035 3943 quam
1062 3884 1273 3927 cautum
1312 3872 1363 3925 in
1394 3871 1685 3941 prosperis,
1716 3885 1874 3941 quam
1903 3870 2324 3939 imperterritum
2354 3871 2407 3924 in
2430 3887 2611 3926 rerum
2638 3871 3117 3939 vicissitudinibus;
3147 3889 3304 3942 quam
3336 3873 3651 3943 prudentem
3684 3875 3739 3926 in

472 3969 816 4038 capessendis
834 3968 1080 4038 negotiis,
1100 3981 1218 4036 quae
1236 3965 1447 4020 nonnisi
1463 3965 1865 4035 circumspectis
1881 3965 2041 4018 rebus
2056 3963 2326 4028 omnibus,
2348 3964 2747 4035 rationibusque
2763 3965 3040 4020 subductis
3061 3966 3396 4035 suscipienda
3419 3981 3538 4021 esse
3557 3977 3741 4021 monet

475 4063 563 4117 ille
592 4062 916 4131 frequenter.
945 4059 1115 4115 Nemo
1139 4068 1222 4113 est
1249 4059 1339 4128 qui
1368 4058 1662 4128 sapientius
1686 4056 1779 4111 tibi
1803 4055 2029 4110 suadere
2055 4055 2225 4124 possit
2255 4054 2672 4126 Chrysostomo:
2700 4073 2982 4127 numquam
3015 4057 3216 4122 labere,
3249 4058 3294 4112 si
3327 4059 3496 4127 ipsum
3524 4057 3737 4112 audias.

547 4155 663 4209 Alia
705 4153 833 4207 item
860 4167 946 4207 me
969 4167 1058 4206 res
1083 4152 1358 4220 compulit,
1388 4149 1489 4204 Vm
1514 4148 2004 4211 PM-zsrm'rtssms,
2062 4154 2120 4199 ut
2170 4155 2223 4201 te
2272 4146 2396 4201 huic
2423 4149 2568 4216 Operi
2597 4147 2936 4203 Mmcenalem
2965 4149 3339 4213 inscriberem;
3370 4150 3510 4219 quod
3536 4150 3742 4203 scilicet

480 4263 585 4301 non
610 4245 767 4300 modo
787 4244 1094 4314 disciplinas
1118 4250 1172 4297 et
1199 4250 1345 4296 artes
1385 4255 1595 4295 summo
1638 4239 1815 4293 studio
1858 4236 2228 4307 prosequaris,
2272 4237 2365 4292 sed
2396 4239 2555 4291 etiam
2585 4239 2725 4307 quod
2754 4239 2993 4293 literatus
3040 4239 3334 4309 patrocinio
3364 4248 3454 4293 tuo
3481 4239 3663 4295 foveas
3687 4248 3741 4293 et

480 4352 733 4393 exornes.
781 4336 893 4390 Hoc
918 4350 1116 4405 genere
1142 4332 1312 4387 laudis
1341 4331 1542 4385 nullum
1574 4330 1765 4398 majus,
1798 4330 2001 4383 nullum
2038 4326 2257 4396 publica:
2283 4329 2363 4384 rei
2390 4330 2591 4384 utilius.
2623 4331 2789 4385 Labat
2813 4340 2959 4386 certe
2982 4332 3337 4387 studiosorum
3365 4333 3593 4398 animus,
3625 4346 3749 4385 cum

477 4444 511 4482 e
540 4426 860 4497 primoribus
888 4439 1047 4480 nemo
1074 4437 1230 4493 opem
1256 4421 1447 4477 afferre
1473 4430 1686 4490 paratus
1713 4419 1882 4473 adest.
1911 4419 2145 4485 Etenim,
2172 4427 2230 4471 ut
2254 4419 2329 4472 ait
2351 4418 2585 4489 quidam,

1405 4555 1583 4605 Idcirco
1600 4556 1754 4605 virtus
1774 4553 1937 4602 medio
1953 4554 2086 4616 jacet
2106 4553 2278 4604 obruta
2298 4565 2456 4603 caeno.

485 4667 582 4722 Est
604 4666 787 4737 utique
806 4665 1137 4720 literatorum
1158 4676 1325 4733 genus
1345 4661 1504 4731 vulgo
1525 4658 1788 4723 timidum,
1816 4657 1975 4711 rebus
1996 4657 2243 4726 gerendis
2264 4672 2368 4711 non
2391 4666 2607 4727 aptum:
2634 4660 2712 4714 rei
2737 4658 2980 4716 familiari
3008 4663 3089 4717 vel
3110 4664 3362 4718 curanda:
3382 4664 3466 4718 vel
3495 4664 3750 4732 augendae

486 4760 720 4829 impares
744 4766 802 4811 ut
834 4756 1117 4827 plurimum
1141 4762 1263 4807 sunt
1286 4752 1385 4805 viri
1404 4752 1598 4821 quique
1618 4749 1810 4803 artium
1839 4759 1893 4803 et
1914 4747 2311 4816 disciplinarum
2334 4748 2524 4817 peritia
2547 4748 2783 4819 insignes
2809 4751 2975 4821 (artes
2995 4767 3113 4806 cum
3131 4753 3249 4807 aliis
3267 4752 3561 4822 disciplinis
3581 4767 3750 4822 copu-

484 4852 689 4916 lamus;
722 4849 816 4904 Est
854 4849 1021 4915 enim,
1060 4856 1116 4901 ut
1141 4847 1215 4900 ait
1241 4845 1328 4899 ille
1345 4841 1477 4915 [Cic.
1500 4842 1557 4896 in
1582 4839 1790 4913 Bruto].
1822 4842 2013 4893 artium
2044 4838 2446 4909 studiorumque
2467 4839 2618 4911 quasi
2657 4841 2879 4896 ﬁnitima
2906 4844 3195 4915 vicinitas).
3224 4844 3333 4900 Hos
3371 4844 3532 4914 igitur
3570 4843 3753 4898 fovere

486 4958 681 5013 perge:
710 4940 761 4996 id
792 4939 934 4995 enim
960 4938 1015 4992 in
1051 4951 1239 5007 magna
1268 4937 1419 4989 laude
1456 4932 1781 5003 ponendum.
1802 4931 1912 4984 Hac
1945 4931 1996 4983 in
2034 4945 2093 4984 re
2119 4929 2201 4984 fac
2230 4930 2457 4999 palmam
2482 4932 2725 4987 obtineas
2750 4951 2764 4987 :
2786 4934 2915 4989 illud
2942 4951 3068 4990 vero
3096 4945 3155 4991 ut
3183 4950 3492 5007 assequare,
3512 4951 3616 4992 non
3648 4936 3751 4991 erit

488 5034 580 5089 tibi
608 5042 755 5087 tanto
774 5040 965 5086 conatu
1000 5042 1133 5099 Opus
1157 5045 1171 5092 ;
1202 5042 1306 5082 non
1334 5025 1534 5080 multos
1576 5023 1718 5077 enim
1743 5022 1930 5076 eodem
1963 5022 2015 5074 in
2042 5020 2213 5074 stadio
2239 5032 2517 5077 currentes
2538 5022 2795 5078 offendes.
2816 5024 2898 5079 Ad
2937 5036 3162 5081 caeteras
3188 5036 3304 5081 tuas
3342 5026 3549 5095 laudes,
3577 5028 3753 5083 aiebat

489 5126 703 5197 quidam
732 5124 815 5179 vir
839 5122 1091 5193 insignis,
1123 5119 1263 5174 hanc
1280 5119 1440 5174 etiam
1468 5116 1666 5181 addas,
1701 5130 1803 5185 qua
1833 5114 1974 5169 nulla
2006 5127 2127 5167 meo
2156 5114 2368 5183 quidem
2393 5116 2593 5184 judicio
2629 5116 2798 5187 major
2823 5126 2940 5185 est,
2983 5119 3125 5173 nulla
3164 5121 3487 5190 praeclarior,
3521 5132 3578 5176 ut
3604 5137 3756 5177 com-

492 5218 635 5272 muni
675 5214 915 5271 omnium
946 5213 1262 5283 populorum
1288 5223 1554 5265 consensu
1594 5206 1885 5261 Literarum
1924 5203 2081 5258 Pater
2107 5205 2418 5261 nomineris.
2442 5205 2518 5260 Te
2549 5215 2828 5275 patronum
2855 5209 3147 5277 suspiciant
3173 5223 3361 5265 omnes
3396 5211 3487 5281 qui
3527 5211 3756 5281 quodvis

494 5319 733 5377 μαθήσεως
774 5319 942 5376 genus
970 5311 1269 5365 sectantur,
1318 5300 1409 5371 qui
1451 5297 1518 5352 ad
1555 5297 1941 5352 mansuetiores
1983 5294 2160 5348 Musas
2206 5310 2266 5350 se
2290 5294 2579 5361 referunt,
2639 5297 2727 5365 qui
2773 5306 2945 5352 mutas
2984 5308 3131 5354 artes
3174 5300 3509 5369 proﬁtentur.
3538 5302 3633 5358 His
3658 5302 3764 5360 tibi

492 5403 683 5456 ofﬁciis
718 5398 783 5453 ad
833 5395 1285 5452 immortalitatem
1310 5393 1447 5447 viam
1475 5389 1685 5461 parabis
1710 5406 1724 5443 :
1747 5403 1905 5459 quam
1932 5387 2056 5451 tibi,
2110 5386 2207 5440 Vm
2249 5388 2569 5443 Aurussme
2588 5429 2604 5454 ,
2633 5389 2778 5443 omni
2806 5404 2871 5445 ex
2896 5399 3050 5460 parte
3076 5430 3093 5458 ,
3120 5402 3177 5447 et
3197 5407 3529 5464 quacumque
3556 5396 3759 5464 percipi

452 5492 457 5496 ’
497 5500 670 5562 potest
694 5490 899 5545 ratione
920 5494 1161 5558 peroptat
1726 5550 1741 5562 _
1896 5550 1907 5561 .
2112 5548 2125 5560 ι

1688 5550 2001 5622 obsequium
2033 5549 2128 5605 tibi
2154 5565 2419 5606 summum
2450 5549 2721 5621 professus

2482 5640 2580 5697 Fn.
2610 5643 2777 5697 BERN.
2810 5642 2898 5698 DE
2924 5642 3410 5709 MONTFAUCON,

2521 5735 2827 5808 Presbyter.
2849 5735 3153 5808 Monachus
3177 5737 3553 5793 Benedictinua

2782 5821 2813 5861 e
2838 5804 3257 5879 Congregatione
3283 5808 3339 5864 S.
3365 5808 3555 5866 Mauri.
