4114 6392
332 1120 369 1136 β

1233 472 1236 473 ⁷
1317 470 1366 474 ⁴⁴““
1407 467 1412 473 ‘
1467 465 1580 471 ”⁴““*⁴“
1698 461 1707 468 κ
1893 460 1945 464 -η
2006 461 2008 463 -
2255 454 2267 457 --
2301 452 2342 458 -ν-
2387 449 2392 454 .
2444 447 2484 455 η..
2669 449 2674 451 _
2754 445 2798 452 ___
2847 446 2868 450 ν-
2969 446 2978 451 μ
3067 447 3104 451 7-
3133 446 3208 452 _~I
3291 446 3297 452 -
3521 449 3524 452 Α
3584 452 3585 456 Ἴ

2033 477 2432 494 -ρρ-ν-σ--η
2490 471 3512 482 κ--ὼκ--ηςψ

1017 488 1742 509 -—-—-———-——-——--_—-——-——-—____.__
3531 476 3596 483 ~‘v

465 519 510 523 υ-.
633 514 678 518 ..-.
699 512 760 517 _..-
789 513 792 515 _
815 507 944 514 _____..
963 506 1016 509 -.ν

612 614 786 726 n.
840 585 1817 721 BERNABDI
1838 492 3442 697 ἷέἶιοιπτνιποοπ

3175 473 3221 475 7.,
3235 473 3253 475 ν
3264 473 3317 483 κήξ

1676 756 2303 948 ﬁcetum
2320 860 2352 893 .

473 1210 572 1264 Diu
621 1206 907 1275 expetitum
952 1202 1010 1257 S.
1059 1195 1275 1253 Joannis
1330 1183 1697 1261 Chrysostomi
1745 1179 1974 1248 Operam

402 1300 638 1356 omnium
666 1296 951 1352 editionem
977 1307 1007 1344 a
1036 1287 1216 1343 multis
1241 1284 1348 1354 jam
1379 1279 1531 1333 annis
1557 1286 1807 1347 paramus
1834 1286 1849 1323 :
1886 1282 1981 1321 ne-

403 1407 507 1463 que
534 1389 674 1443 enim
703 1391 910 1456 poterat
937 1396 1024 1436 res
1055 1389 1160 1433 tam
1203 1387 1427 1444 operosa
1446 1411 1462 1436 ,
1493 1380 1597 1422 tam
1626 1362 1802 1432 ampla
1821 1401 1837 1427 ,
1864 1374 1993 1412 mor

403 1457 524 1539 dico
548 1479 802 1550 temporis
828 1472 1093 1531 curriculo
1112 1464 1444 1524 eoneinnari.
1471 1457 1792 1515 Bibliotheca
1815 1457 1977 1514 sunt,

404 1592 513 1632 non
563 1542 716 1638 liber,
759 1568 889 1623 tanti
952 1562 1190 1620 doctoris
1228 1554 1527 1627 Opuscula,
1554 1542 1976 1638 Commentaria,

405 1634 800 1736 Epistoldea
836 1672 965 1712 vero
1003 1669 1110 1708 non
1145 1664 1251 1704 uno
1287 1648 1339 1702 in
1389 1646 1508 1699 loco
1550 1639 1706 1695 simul
1759 1634 1980 1736 collecta

405 1721 717 1824 comparent
749 1751 799 1805 in
827 1743 1162 1804 bibliothecis
1211 1733 1725 1802 manuscriptorum,
1755 1722 1896 1795 quod
1927 1721 1980 1824 in

406 1849 630 1903 aliorum
672 1843 991 1910 scriptorum
1057 1833 1308 1904 operibus
1351 1840 1494 1895 saepe
1540 1818 1844 1889 contingit;
1886 1810 1982 1910 sed

406 1938 637 2006 undique
665 1905 905 2002 dispersa
933 1941 1155 1997 carpere
1178 1934 1232 1978 et
1252 1921 1504 1989 colligere
1543 1923 1625 1968 est
1651 1924 1820 2006 opus}

402 1997 587 2097 diique
637 1997 764 2080 non-
794 2019 995 2083 semel,
1024 2027 1082 2072 ut
1126 2031 1250 2072 cum
1287 2022 1473 2066 omnes
1521 2006 1749 2071 Europae
1794 1997 1982 2052 biblio-

405 2120 591 2172 thecas
629 2114 681 2169 itt
723 2125 936 2168 cassum
978 2105 1324 2179 percurreris,
1350 2102 1402 2156 in
1439 2097 1634 2169 angulo
1667 2090 1881 2146 tandem
1919 2102 1982 2141 ea

406 2222 525 2275 qua:
561 2205 653 2260 diu
705 2178 1032 2272 exquisieras
1084 2192 1572 2266 deprehendantur.
1629 2185 1684 2241 ld
1720 2178 1984 2254 quantivis

405 2298 605 2353 laboris
656 2297 727 2349 sit
774 2294 1001 2348 libenter
1055 2288 1376 2357 suscipitur,
1416 2280 1630 2354 quando
1676 2277 1744 2332 de
1779 2274 1986 2329 Joanne

405 2388 793 2460 Chrysostomo
823 2385 1010 2455 agitur,
1050 2390 1194 2434 tanto
1230 2378 1450 2432 doctore
1469 2415 1484 2440 ,
1511 2380 1727 2426 oratore
1754 2376 1983 2424 summo,

408 2483 496 2551 qui
526 2496 637 2536 rem
657 2478 1013 2535 Christianam
1044 2473 1164 2544 plus
1187 2484 1347 2543 quam
1387 2466 1474 2520 alii
1503 2476 1689 2519 omnes
1709 2501 1725 2526 ,
1750 2468 1860 2513 tum
1897 2453 1987 2525 qui

410 2546 831 2641 praecesserunt,
864 2576 973 2620 tum
1018 2563 1109 2634 qui
1157 2569 1274 2631 post
1316 2558 1465 2613 illum
1506 2554 1834 2612 ﬂoruerunt,
1876 2546 1988 2600 elo-

410 2661 642 2730 quentia:
667 2656 996 2713 ornamentis
1024 2650 1314 2707 decoravit.
1344 2648 1392 2703 ls
1422 2662 1450 2700 a
1482 2658 1646 2714 puero
1666 2639 1860 2696 divinis
1889 2635 1986 2689 hu-

411 2728 689 2820 manisque
729 2748 897 2803 literis
946 2760 1161 2815 operam
1192 2741 1378 2797 dedit:
1413 2756 1441 2792 a
1471 2736 1799 2802 Libanioque
1835 2728 1988 2783 insti-

414 2856 560 2897 tutus
594 2851 795 2895 tantum
828 2837 1081 2908 profecit,
1111 2846 1167 2888 ut
1196 2835 1247 2888 in
1269 2830 1522 2887 extremis
1550 2840 1712 2896 agens
1740 2820 1991 2877 Libanius

415 2930 688 3001 professus
713 2930 803 2994 sit,
834 2942 893 2982 se
914 2926 1174 2981 Joannem
1215 2923 1315 2978 sibi
1350 2931 1710 2975 successorem
1753 2910 1990 2967 destina-

415 3030 633 3086 turum,
676 3017 776 3072 nisi
821 3016 866 3070 is
894 3015 997 3071 sibi
1043 3029 1074 3067 a
1113 3011 1432 3068 Christianis
1477 3007 1728 3075 abreptus
1783 3002 1989 3056 fuisset.

416 3112 613 3168 Forum
662 3109 1007 3179 forensesqne
1048 3119 1238 3159 causas
1265 3103 1522 3172 tantisper
1548 3106 1812 3159 sectatus,
1848 3092 1993 3149 brevi

415 3219 443 3254 a
496 3211 673 3270 empto
710 3199 925 3262 resiliit,
979 3212 1041 3252 ac
1084 3195 1397 3251 Christiana:
1439 3203 1658 3262 prorsus
1699 3184 1992 3254 disciplinae

415 3292 783 3360 severiorique
823 3291 946 3343 νίιιθ
987 3289 1229 3343 instituto
1268 3301 1327 3340 se
1371 3292 1539 3338 totum
1578 3278 1814 3341 dedidit;
1845 3284 1903 3329 ut
1942 3276 1994 3327 in

417 3384 534 3448 ejus
572 3383 679 3435 vita
717 3381 786 3435 ad
831 3380 1030 3434 calcem
1057 3378 1287 3447 Operam
1323 3381 1601 3435 accurate,
1631 3380 1883 3440 quantum
1919 3365 1999 3418 fas

418 3472 553 3537 erit,
585 3471 891 3526 adornanda
919 3469 1160 3540 pluribus
1206 3465 1524 3521 narrabitur.
1562 3460 1786 3517 Juvenis
1824 3457 2000 3513 adhuc

419 3566 614 3621 eximia
636 3566 781 3620 dedit
810 3564 1003 3634 ingenii
1030 3560 1351 3631 spccimiua;
1385 3558 1690 3612 Parmneses
1716 3567 1908 3622 nempe
1932 3551 1997 3604 ad

420 3656 761 3712 Theodorum
788 3656 1013 3724 lapsum,
1037 3653 1203 3707 libros
1239 3651 1304 3706 ad
1332 3648 1690 3712 Demetrium,
1720 3646 1785 3699 ad
1825 3644 1999 3701 Stcle-

423 3748 602 3802 ehium
620 3788 636 3813 ,
658 3746 724 3801 ad
754 3745 1041 3814 Stagirium
1069 3750 1125 3797 et
1146 3741 1210 3795 ad
1236 3741 1370 3794 alios
1399 3756 1414 3791 :
1438 3754 1556 3808 quae
1584 3735 1833 3806 opuscula
1866 3749 2002 3804 prse-

424 3839 625 3892 clarum
664 3836 902 3891 referunt
937 3843 1244 3888 oratorem:
1275 3830 1569 3886 litnatiores
1614 3836 1736 3881 sunt
1781 3826 1898 3881 libri
1933 3824 2002 3879 de

425 3929 736 3987 Sacerdotio
757 3971 771 3994 ,
804 3929 858 3983 in
890 3927 1059 3996 iisque
1087 3922 1535 3994 deprehendimus
1562 3920 2003 3991 Chrysostomum

425 4022 811 4092 Chrysostomo
843 4017 1282 4087 eIOquentiorem.
1314 4014 1407 4068 llis
1434 4012 1599 4068 veluti
1639 4008 1907 4081 praeludiis
1937 4006 2004 4060 ad

427 4114 613 4169 orandi
639 4126 832 4167 munus
853 4127 911 4165 se
934 4109 1279 4180 comparabat
1305 4107 1539 4163 Joannes
1564 4122 1577 4158 :
1601 4104 1691 4172 qui
1731 4103 2006 4173 presbyter

429 4205 728 4262 Antiochia:
768 4203 924 4258 annis
962 4200 1242 4256 duodecim
1267 4239 1283 4264 ,
1327 4198 1607 4268 episcOpus
1637 4192 2008 4249 Constantino-

429 4295 538 4365 poli
564 4296 798 4365 quinqne
816 4308 977 4348 sexve
1004 4291 1162 4347 annis
1179 4330 1193 4353 ,
1219 4303 1249 4342 a
1275 4285 1628 4341 concionandi
1654 4284 1827 4338 officio
1848 4297 2007 4336 num-

432 4400 591 4455 quam
621 4384 858 4449 destitit,
888 4383 1050 4452 inque
1088 4379 1172 4434 sui
1201 4377 1609 4433 admirationem
1641 4384 1806 4429 totum
1836 4372 2012 4440 rapuit

431 4476 724 4533 Orientem.
757 4476 999 4536 Paratus,
1024 4474 1316 4541 imparatus
1357 4468 1657 4532 accederet,
1696 4465 1874 4519 omnia
1911 4462 2011 4532 ipsi

435 4583 605 4638 prona
650 4575 804 4622 erant
824 4606 840 4631 ,
872 4581 938 4621 eo
974 4578 1187 4633 semper
1224 4561 1431 4615 dicendi
1457 4572 1655 4629 genere
1684 4571 1810 4610 usus
1830 4594 1844 4615 .
1872 4553 2011 4624 quod

437 4660 641 4730 majore
682 4657 749 4712 ad
791 4654 1216 4726 persuadendum
1270 4657 1541 4705 momento
1581 4649 1811 4700 futurum
1849 4653 2011 4699 esset.

440 4751 572 4820 Ejus
605 4746 791 4804 orandi
815 4746 951 4802 ratio
981 4746 1097 4814 plus
1124 4743 1283 4797 habet
1314 4741 1501 4795 nativae
1529 4739 1824 4807 elegantize,
1855 4751 2016 4807 quam

436 4826 741 4896 artificiosa:
789 4837 1073 4908 diligentia
1105 4852 1118 4888 :
1148 4832 1314 4888 sicubi
1361 4842 1479 4886 arte
1531 4830 1727 4892 utitur,
1775 4829 1847 4881 ita
1903 4841 2015 4881 rem

439 4941 741 5001 temperat,
774 4939 832 4985 ut
862 4930 1023 4984 lateat
1047 4939 1260 4994 semper
1279 4924 1560 4978 artificium
1604 4930 1660 4976 et
1698 4918 2020 4991 quadrandae

443 5024 701 5079 orationis
729 5021 1007 5077 industria.
1037 5018 1304 5089 Eapedita
1328 5025 1383 5072 et
1417 5014 1712 5085 proﬂuente
1740 5014 2018 5069 verborum

440 5116 596 5186 copia
642 5114 907 5185 loquitur,
953 5110 1330 5168 concinnitatis
1373 5107 1677 5177 leporisque
1720 5106 1923 5175 plena:
1964 5113 2021 5159 ut

443 5205 666 5262 miriﬁce
686 5204 787 5275 ipsi
810 5211 1076 5272 competat
1102 5201 1231 5256 illud
1256 5198 1596 5255 Homericum
1622 5214 1638 5252 :

587 5306 687 5353 Τοῦ
711 5307 795 5352 καὶ
830 5300 926 5351 ἀπὸ
947 5303 1153 5362 γλώττης
1177 5301 1366 5362 μέλιτος
1395 5300 1589 5357 γλυκίων
1611 5297 1707 5361 ῥέεν
1736 5292 1879 5350 αὖδή.

691 5395 744 5439 Et
766 5401 831 5438 ex
854 5400 943 5439 ore
964 5387 1070 5450 ejus
1088 5385 1238 5436 melle
1258 5386 1452 5436 suavior
1470 5383 1657 5433 ﬂuebat
1677 5394 1789 5432 vox.

437 5473 832 5546 Perspicuilate
875 5471 1076 5526 nemini
1119 5468 1396 5533 concedit,
1427 5466 1530 5522 nisi
1574 5465 1801 5520 fortasse
1839 5478 2026 5517 omnes

451 5575 692 5639 superet.
721 5563 1035 5619 lnventione
1053 5603 1069 5628 ,
1097 5578 1216 5633 qua:
1241 5575 1308 5615 ex
1338 5558 1533 5629 ingenii
1559 5556 1816 5612 felicitate
1855 5554 2027 5608 nasci-

442 5674 556 5729 tur,
574 5661 858 5720 unlversos
880 5663 1137 5727 quotquot
1159 5654 1418 5709 hactenus
1445 5651 1593 5706 fuere
1616 5658 1857 5704 oratores
1873 5647 2028 5717 longe

450 5762 596 5806 retro
636 5749 906 5823 relinquit.
935 5745 1316 5817 lnesspectatis
1357 5745 1446 5799 ille
1474 5741 1647 5797 modis
1672 5755 1788 5796 rem
1832 5752 2028 5809 pr0po-

454 5844 612 5893 suam
639 5844 830 5910 vertit,
852 5850 902 5897 et
930 5852 1032 5911 qua
1072 5838 1153 5892 via
1191 5851 1346 5891 nemo
1384 5834 1671 5891 divinasset
1712 5829 1778 5886 ad
1811 5843 2029 5899 sc0pum

2090 1173 2292 1236 tendit;
2323 1172 2479 1242 idque
2507 1174 2575 1231 ita
2603 1174 2770 1229 libere
2798 1173 3148 1245 expediteque
3171 1215 3186 1238 ,
3215 1183 3274 1230 ut
3303 1190 3362 1231 re
3385 1188 3662 1246 perspecta

2090 1274 2243 1333 putes
2267 1280 2386 1319 eum
2412 1264 2555 1318 nulla
2586 1265 2685 1319 alia
2718 1281 2874 1336 posse
2901 1267 3016 1330 via,
3044 1267 3189 1321 nullo
3224 1280 3382 1322 cursu
3430 1267 3663 1323 feliciora

2088 1356 2154 1410 ad
2180 1356 2499 1412 destinatum
2522 1373 2741 1428 pergere
2767 1358 3150 1413 linem.\’erum
3178 1359 3297 1427 quia
3322 1358 3453 1414 nihil
3478 1371 3661 1415 natura

2086 1448 2255 1518 gignit
2299 1451 2443 1503 omni
2484 1466 2550 1504 ex
2595 1460 2744 1519 parte
2782 1450 3113 1518 perfectum,
3160 1450 3289 1504 nihil
3331 1467 3421 1506 ars
3462 1452 3663 1521 profert

2089 1541 2336 1596 omnibus
2359 1542 2660 1597 absolutum
2694 1543 2929 1612 partibus
2971 1551 3026 1596 et
3060 1543 3329 1608 numeris,
3363 1561 3523 1599 unum
3559 1544 3666 1599 for-

2091 1645 2234 1690 tasse
2262 1640 2365 1688 erit
2391 1634 2531 1704 quod
2563 1635 2615 1687 in
2644 1644 2859 1688 oratore
2887 1643 3071 1689 nostro
3115 1632 3514 1702 reprehendas;
3558 1647 3666 1689 tro-

2092 1744 2280 1796 porum
2320 1742 2509 1796 nempe
2534 1742 2598 1781 ac
2627 1726 3030 1780 similitudinmn
3065 1727 3449 1796 frequentiam,
3473 1745 3571 1798 qua
3598 1731 3662 1783 ad

2089 1832 2339 1872 nauseam
2377 1832 2545 1888 usque
2584 1816 2842 1871 redundat
2894 1817 3084 1871 oratio.
3124 1815 3228 1872 Sed
3283 1818 3335 1872 id
3382 1820 3493 1872 vitii
3548 1835 3663 1874 tevn

2091 1910 2266 1979 potius
2307 1907 2675 1978 Chrysostomi
2723 1923 2881 1977 quam
2925 1908 3308 1977 Chrysosmmo
3355 1909 3664 1977 adscribas,

2088 2001 2514 2073 quandoquidem
2561 2001 2690 2067 ille,
2734 2001 2822 2055 tali
2865 2000 3220 2055 concionandi
3258 2016 3455 2071 genere
3501 2018 3660 2065 usus.

2090 2094 2325 2149 Omnium
2349 2093 2450 2148 sibi
2474 2093 2775 2148 conciliavit
2804 2093 3273 2158 existimalimtem,
3300 2102 3504 2164 gratam
3537 2109 3666 2149 (ξοη-

2091 2184 2260 2241 cionis
2311 2183 2895 2249 admurmurationem,
2941 2184 3159 2253 plausus
3228 2195 3553 2254 perpetuos,
3606 2201 3671 2241 ae

2094 2275 2441 2344 plerumque.
2471 2284 2530 2329 ut
2571 2275 2662 2329 ille
2709 2275 2819 2341 ait.
2852 2274 3224 2343 importunus;
3270 2277 3522 2343 anrcique
3559 2280 3671 2333 oris

2093 2365 2217 2419 ideo
2256 2381 2448 2419 nomen
2490 2366 2712 2419 sortitus
2757 2375 2860 2421 est.
2892 2366 3026 2419 Audi
3078 2366 3341 2422 Suidam:
3384 2366 3671 2439 Martyrum

2090 2459 2358 2512 conciones
2397 2458 2630 2525 expedita
2654 2467 2702 2510 et
2740 2459 3070 2528 extemporali
3098 2459 3461 2513 declamatione
3495 2461 3671 2515 admo-

2094 2550 2216 2603 dum
2237 2550 2396 2604 auxit.
2416 2549 2617 2620 Lingua
2633 2550 2743 2620 ejus
2767 2548 2879 2603 Nili
2902 2550 3153 2617 catadupa
3175 2553 3452 2619 proﬂuente
3474 2553 3669 2607 dicendl

2093 2643 2242 2713 copia
2289 2641 2579 2712 superabat.
2623 2640 2785 2695 Nemo
2831 2658 3052 2710 unquam
3103 2643 3256 2696 tantis
3292 2641 3584 2706 eloquentiae
3627 2656 3672 2696 et

2096 2733 2336 2787 ubertatis
2375 2733 2562 2786 divitiis
2610 2741 2880 2785 exornatus
2921 2732 3059 2801 fuit:
3086 2732 3225 2787 solus
3258 2733 3422 2802 itaque
3463 2749 3671 2786 aureum

2096 2824 2419 2892 divinumque
2446 2839 2626 2876 nomen
2654 2824 2760 2876 sine
2794 2821 2904 2876 labe
2927 2822 3131 2876 sortitus
3155 2831 3245 2877 est.
3289 2822 3411 2875 lla:c
3435 2832 3673 2876 veterum

2099 2916 2198 2969 fuit
2250 2916 2489 2968 omnium
2531 2914 2754 2983 opinio:
2785 2912 3163 2982 quamobrem,
3192 2912 3236 2967 si
3271 2911 3397 2981 quid
3442 2913 3578 2967 natvi
3618 2913 3672 2968 in

2101 3016 2247 3060 tanto
2276 3017 2490 3075 tamque
2523 3006 2777 3073 praeclaro
2802 3013 3015 3059 oratore
3046 3004 3397 3073 reperiatitus,
3427 3003 3476 3059 id
3507 3006 3670 3066 tutati,

2102 3105 2160 3150 ut
2217 3096 2363 3159 dixi,
2410 3111 2516 3151 non
2573 3095 2955 3166 Chrysostomo
3023 3094 3383 3149 tribuendum.
3454 3094 3677 3155 Solertis

2098 3190 2326 3244 oratoris
2348 3188 2446 3243 fuit
2466 3189 2763 3242 auditorum
2790 3188 3055 3257 ingenium
3086 3187 3308 3241 feliciter
3329 3189 3635 3256 explorasse
3659 3206 3677 3243 τ

2102 3297 2197 3350 per
2223 3281 2309 3334 illa
2340 3280 2534 3350 placuit
2561 3297 2679 3350 qua:
2702 3280 2813 3350 jam
2842 3282 3020 3334 multis
3050 3296 3154 3333 non
3196 3279 3266 3333 ita
3305 3281 3532 3349 placent.
3574 3279 3674 3334 La-

2101 3387 2312 3441 crymas
2336 3373 2501 3426 movit
2531 3381 2587 3425 ut
2616 3372 2802 3436 voluit,
2821 3370 2945 3424 vitia
2969 3370 3289 3433 emendavit,
3320 3370 3676 3424 Christianam

2104 3464 2261 3517 fidem
2304 3463 2479 3523 auxit.
2524 3462 2738 3517 Judaeos
2773 3472 2829 3515 et
2874 3462 3152 3516 haereticos
3190 3460 3507 3531 profligavit.
3562 3462 3678 3517 l\'0u

2105 3556 2361 3609 minorem
2389 3556 2531 3610 enim
2573 3555 2623 3608 in
2667 3553 2940 3608 dialectica
2997 3568 3153 3622 quam
3184 3554 3236 3606 in
3285 3555 3519 3607 oratoria
3568 3565 3683 3607 arte

2102 3648 2362 3703 Joannem
2402 3658 2643 3703 nostrum
2671 3647 3029 3715 comperimus
3075 3663 3089 3699 :
3137 3646 3293 3715 idque
3332 3646 3682 3716 proculdubio

2106 3739 2358 3795 fatebitur
2382 3741 2621 3809 quisquis
2656 3740 2941 3793 conciones
2960 3737 3074 3806 ejus
3098 3746 3284 3792 contra
3303 3739 3594 3792 Anommos
3631 3748 3683 3791 et

2104 3842 2292 3885 contra
2329 3829 2543 3885 Juda'os
2584 3837 2830 3883 accurate
2864 3828 3178 3897 perlegerit,
3225 3828 3311 3881 ubi
3350 3828 3687 3897 argutissime

2107 3926 2381 3994 disputat,
2413 3932 2469 3977 et
2497 3921 2892 3976 ratiociniorum
2932 3921 2980 3973 vi
3006 3918 3344 3974 adversarios
3383 3920 3451 3972 ita
3490 3928 3642 3989 uiget
3667 3960 3683 3985 .

2109 4028 2167 4071 ut
2196 4018 2337 4072 nulla
2365 4015 2595 4085 supersit
2633 4015 2760 4082 ipsis
2781 4013 3025 4069 elabendi
3054 4013 3154 4066 via.
3187 4012 3318 4066 Rem
3345 4011 3684 4082 epistularem

2109 4112 2269 4166 etiam
2298 4110 2471 4179 attigit
2494 4108 2909 4179 Chrysostomus
2929 4147 2942 4169 ,
2975 4105 3208 4159 maxime
3238 4119 3364 4158 vero
3394 4105 3443 4156 in
3475 4104 3683 4162 exsilio.

2110 4200 2234 4255 dum
2266 4201 2537 4254 calamitas
2558 4239 2572 4258 .
2599 4206 2773 4252 metus
2795 4237 2808 4259 ,
2839 4195 3069 4249 solitudo
3100 4193 3445 4265 prohiberent
3477 4210 3507 4246 a
3534 4193 3691 4246 solito

2113 4290 2467 4346 conciOttandi
2498 4290 2676 4344 oflicio
2705 4330 2722 4354 ,
2749 4299 2800 4344 el
2831 4287 3050 4341 multum
3092 4285 3247 4354 spatii
3289 4294 3432 4338 esset
3465 4283 3531 4336 ad
3561 4284 3693 4338 seri-

2114 4381 2367 4437 bendum.
2402 4381 2593 4435 Pulsus
2621 4382 2798 4450 itaque
2822 4377 2950 4433 sedc
2977 4375 3181 4432 curavit
3207 4383 3264 4428 ut
3286 4390 3353 4430 ne
3384 4376 3553 4444 ipsum
3576 4375 3693 4444 qnio

2116 4477 2238 4531 dem
2265 4476 2430 4530 otium
2460 4480 2605 4527 esset
2631 4472 2879 4525 otiosum.

2118 4608 2147 4680 ᾗ
2183 4607 2224 4663 1.
2249 4637 2312 4648 -
2335 4605 2415 4661 De
2433 4605 2583 4659 variis
2603 4600 2943 4673 Clzrysostomi
2978 4598 3323 4660 Editionibus,
3358 4615 3418 4652 ac
3445 4599 3699 4671 praecipue

2503 4697 2566 4749 de
2606 4694 2812 4749 Πριαπίσὶ
2847 4691 3028 4747 Savilii
3064 4690 3318 4746 Editione.

2193 4813 2334 4870 Nihil
2382 4814 2575 4867 mirum
2622 4810 2725 4864 sia
2754 4806 3059 4878 primordiis
3098 4819 3267 4875 usque
3307 4803 3690 4875 typographicx

2122 4912 2253 4960 artis
2275 4905 2407 4960 tanti
2425 4902 2657 4958 doct0ris
2675 4899 2926 4969 operibus
2945 4896 3168 4952 edendis
3189 4897 3336 4950 multi
3360 4898 3688 4951 desntlarint:

2125 4996 2418 5051 innumera:
2444 4993 2593 5047 vario
2619 5001 2862 5061 tempore
2887 4989 3266 5058 opusculorum
3297 4987 3413 5056 ejus
3441 4986 3698 5042 editiones

2125 5087 2374 5158 prodiere
2423 5086 2478 5141 in
2524 5084 2710 5143 Italia,
2748 5081 2951 5147 Gallia,
2995 5079 3315 5143 Germania,
3345 5080 3550 5145 Anglia.
3598 5078 3700 5132 Alii

2124 5179 2382 5249 quasdam
2423 5191 2642 5248 operum
2683 5186 2863 5247 partes
2889 5174 3075 5229 Latine
3123 5181 3324 5226 tanttnn
3352 5170 3586 5238 dabant,
3616 5169 3702 5224 alii

2127 5272 2346 5335 Graece,
2388 5268 2627 5323 nonnulli
2673 5276 2893 5336 utraque
2944 5265 3140 5335 lingua.
3184 5262 3299 5318 Non
3336 5262 3488 5332 pauci
3538 5261 3700 5317 colle-

2127 5367 2290 5420 ctioni
2339 5380 2559 5434 Operum
2611 5364 2849 5417 omnium
2896 5356 3218 5415 adornanda:
3260 5371 3475 5410 manum
3525 5354 3699 5407 admo-

2128 5469 2337 5514 verunt.
2369 5458 2425 5513 Si
2453 5458 2541 5528 qui
2566 5473 2693 5512 vero
2717 5466 2841 5510 ante
2856 5452 3123 5509 decimum
3149 5451 3430 5520 septimum
3456 5447 3707 5503 sacculum

2132 5552 2184 5607 id
2206 5549 2439 5621 aggressi
2469 5558 2616 5613 sunt,
2649 5548 2683 5600 ii
2722 5546 2937 5601 Latinas
2958 5552 3161 5598 tantum
3186 5540 3552 5612 Cltrysostomi
3578 5553 3702 5608 ope-

2132 5658 2249 5697 runt
2268 5640 2608 5696 colleCtiones
2632 5637 2925 5692 emiserunt
2955 5649 3019 5688 ,ιο
3051 5632 3224 5688 multa
3255 5631 3581 5700 reliquerunt
3628 5631 3700 5682 in-

2139 5743 2274 5789 tacta
2305 5741 2360 5787 et
2403 5730 2759 5786 inobservata.
2796 5726 2991 5781 Verum
3032 5729 3099 5778 de
3142 5725 3205 5778 iis
3237 5723 3486 5779 omnibus
3520 5722 3698 5777 editio-

2138 5827 2288 5884 nibus
2316 5824 2455 5880 alius
2480 5833 2559 5879 est
2583 5821 2734 5879 nobis
2760 5818 2824 5876 ad
2852 5818 3137 5875 dicenuum
3161 5817 3482 5873 consulatus
3502 5816 3667 5871 laets.
