4114 6392
432 453 489 494 ιι
1459 436 1523 495 D.
1544 488 1547 489 ν
1568 437 1633 493 Β,
1672 437 1759 493 ΒΕ
1799 432 2007 489 MONTI

2117 430 2262 488 ἱεοΝ
2301 426 2690 491 ΡΒᾸΞΕΑΤῙΟ.
3672 456 3711 501 ι

506 556 727 608 bemum
758 555 917 624 paulo
942 562 1060 624 post
1102 554 1312 609 Initium
1353 551 1545 609 decimi
1584 552 1796 625 septimi
1836 552 2016 608 smeuli

431 645 536 699 duo
564 645 662 699 viri
684 648 878 700 summi
909 646 1097 702 eodem
1126 645 1295 702 ferme
1326 655 1564 715 tempore
1591 662 1705 700 eam
1734 660 2016 714 suscepere

432 736 760 805 provinciam
785 778 798 799 ,
829 744 886 791 ut
927 738 1104 791 omnia
1149 752 1366 807 prorsus
1394 738 1633 807 ejusdem
1674 737 1730 792 S.
1779 737 2015 791 doctoris

432 843 595 897 opera
625 844 784 882 mium
831 828 883 882 in
915 844 1109 896 corpus
1141 830 1469 897 redigerent;
1520 829 1780 883 Henricus
1824 844 2015 897 nempe

429 919 658 974 Savilins
685 929 735 972 et
760 918 960 973 Fronto
994 921 1236 975 Duc:etts.
1266 921 1413 974 Prior
1437 922 1648 990 magnis,
1680 930 1737 973 ιιι
1769 921 1879 990 ipse
1904 921 2013 984 ait,

426 1010 693 1064 sudoribus
720 1020 765 1063 et
805 1012 1061 1063 immensis
1090 1012 1388 1080 sumptibus,
1420 1012 1791 1080 undewmque
1836 1012 1879 1065 si
1910 1025 2013 1081 qua

430 1102 658 1155 laterent
701 1102 752 1154 in
795 1104 954 1156 variis
1002 1103 1229 1170 Europa:
1274 1102 1610 1156 bibliothecis
1658 1103 2011 1173 perquirenda

427 1193 881 1259 chcribcndaque
934 1195 1178 1259 ciu-avit,
1226 1196 1519 1247 amicorum
1577 1195 2014 1262 literatorumque

428 1299 562 1348 pene
584 1284 819 1336 onminm
844 1300 1003 1353 opera
1035 1301 1159 1337 usus
1190 1296 1242 1339 et
1272 1286 1545 1338 imlustria.
1577 1285 1686 1350 Quo
1714 1286 1764 1337 in
1792 1286 2010 1355 negotio,

430 1366 913 1446 inquitpegregiam
955 1376 1096 1429 nobis
1133 1386 1176 1430 et
1216 1387 1471 1430 strenuam
1517 1394 1720 1446 operam
1764 1388 2011 1430 nararunt

435 1465 527 1517 eiri
548 1466 847 1536 amplissimi
876 1466 1250 1536 doctissimique
1274 1511 1287 1529 ,
1319 1484 1443 1537 quos
1482 1469 1687 1521 honoris
1726 1485 1882 1521 causa
1914 1484 2009 1521 no-

428 1561 599 1623 mino,
650 1558 873 1613 Jacobus
921 1561 1178 1629 Angustus
1221 1559 1501 1627 Thurinus,
1556 1578 1795 1631 magnum
1845 1562 2012 1615 lumen

429 1647 647 1715 Galliaz,
694 1649 903 1703 Marcus
964 1650 1194 1704 Vcls‘erus
1238 1649 1301 1703 II
1346 1652 1421 1703 vir
1462 1653 1785 1721 Augustanus
1811 1696 1824 1716 ,
1859 1650 2007 1705 Geor.

432 1740 651 1795 Michael
697 1730 1151 1812 Lingelshcimius,
1194 1742 1423 1796 Andreas
1471 1743 1752 1807 Schottus,
1800 1744 2011 1797 lsaacus

428 1832 750 1885 Casaubonus
775 1874 789 1893 ,
826 1831 1018 1885 Fronto
1042 1833 1265 1886 Duc'a’tts
1288 1874 1302 1896 ,
1334 1834 1501 1887 Janus
1528 1833 1773 1888 Gruterus
1798 1876 1811 1899 ,
1846 1836 2011 1888 David

431 1922 762 1984 llreschelius,
795 1923 1119 1977 Sebastianus
1150 1923 1459 1994 Tengnagel,
1488 1935 1534 1978 et
1553 1925 2011 1979 Reverendissimus

430 2013 635 2069 Gabriel
663 2015 1081 2085 Archiepiscopus
1119 2015 1602 2087 Philadelphiensis.
1645 2018 1806 2087 Nefas
1851 2029 2015 2073 tacere

428 2107 491 2159 de
516 2106 837 2160 Serenissimi
858 2106 1011 2177 Regis
1036 2109 1195 2161 nostri
1218 2110 1356 2177 apud
1383 2119 1580 2163 exteros
1607 2108 1875 2179 Principes
1902 2114 2011 2164 cla-

428 2201 639 2254 iissimis
668 2200 875 2270 legatis,
905 2200 1083 2269 quibus
1126 2202 1233 2271 ipse
1264 2203 1355 2255 hoc
1384 2204 1435 2255 in
1466 2203 1721 2255 mandatis
1768 2204 2007 2270 dederat,

429 2303 482 2346 ut
508 2293 642 2347 omni
670 2310 769 2362 qua
797 2303 995 2362 possent
1025 2310 1178 2363 opera
1217 2295 1440 2347 studium
1486 2296 1579 2347 hoc
1608 2311 1771 2348 meum
1804 2313 2006 2365 promo-

426 2394 615 2437 verent.
662 2382 841 2452 Itaque
895 2384 1114 2437 librariis
1170 2386 1353 2437 nostris
1401 2386 1565 2439 aditus
1621 2389 1899 2456 patefactus
1943 2387 2011 2439 ad

429 2476 775 2529 bibliothecam
804 2474 1011 2544 Regiam
1043 2473 1273 2539 Lutetia‘,
1301 2473 1614 2540 Palatinam,
1639 2476 2008 2545 Augustanam,

429 2566 728 2621 Bararicam
748 2608 763 2632 ,
789 2566 1069 2621 Caesaream
1090 2610 1103 2632 ,
1135 2580 1339 2621 cwtcras
1364 2584 1382 2621 :
1403 2569 1579 2637 quibus
1620 2570 1735 2638 freti
1777 2569 2013 2623 subsidiis

426 2661 556 2712 illud
602 2660 807 2713 domum
846 2658 1120 2712 attulerunt
1160 2661 1542 2713 instrumentum
1567 2703 1582 2727 ,
1616 2662 1757 2713 illaut
1792 2661 2012 2729 supellc-

428 2756 593 2808 ctilem
616 2796 629 2819 ,
664 2771 725 2807 ex
754 2772 850 2823 qua
878 2754 1018 2807 nobis
1039 2765 1109 2807 est
1137 2754 1243 2807 hac
1271 2753 1521 2807 adornata
1554 2754 1723 2807 editio.
1750 2755 1863 2821 Qua
1904 2753 2006 2807 uti-

426 2862 529 2912 que
582 2847 814 2900 editione
855 2846 993 2899 nulla
1048 2856 1200 2910 ante,
1231 2845 1369 2913 quod
1416 2861 1602 2915 parum
1644 2854 1729 2899 est
1770 2845 2008 2911 dixisse,

427 2940 676 3008 nullaque
702 2948 884 3009 postea
911 2938 1178 3006 cepiosior
1206 2938 1420 3006 prodiit.
1452 2939 1858 2992 Accurationem
1883 2953 2011 2992 vero

430 3033 479 3084 in
506 3030 828 3100 castigandis
854 3030 1052 3085 Graecis
1079 3029 1399 3084 dictionibus
1426 3038 1583 3098 atque
1615 3030 1895 3099 phrasilms
1919 3031 2008 3084 vix

426 3124 621 3179 alicubi
654 3125 910 3192 majorem
938 3122 1328 3190 deprehendas.
1379 3121 1640 3176 Nimirum
1682 3137 1890 3176 summo
1920 3122 2010 3176 ille

426 3219 605 3270 studio
632 3217 753 3270 l'olia
788 3233 1012 3287 qmeque
1038 3218 1222 3287 dispici
1252 3216 1470 3270 curabat
1516 3215 1813 3285 tnendaque
1852 3216 1965 3269 tolli
1992 3234 2004 3269 :

426 3325 531 3379 quo
555 3310 747 3364 factum
771 3320 846 3376 ut,
872 3313 914 3364 si
938 3313 1056 3380 quis
1084 3310 1462 3380 longitudinem
1485 3310 1662 3377 operis
1682 3308 2007 3373 consideret,

426 3410 572 3455 certe
603 3416 765 3470 pauca
793 3411 965 3455 errata
995 3402 1224 3470 reperiat
1256 3402 1309 3453 in
1332 3410 1408 3453 tot
1430 3400 1730 3452 orationum
1762 3398 2007 3452 humilia-

426 3510 655 3563 rumque
683 3493 911 3548 decursu
948 3514 960 3546 :
995 3511 1111 3562 qua:
1143 3504 1317 3547 tamen
1356 3501 1531 3546 errata
1564 3491 1653 3545 ille
1688 3491 1741 3544 in
1770 3490 1873 3545 ﬁne
1910 3504 2005 3543 no-

427 3596 597 3639 tarum
648 3602 853 3639 summa
890 3585 1160 3654 diligentia
1204 3584 1381 3651 colligi
1422 3582 1615 3652 edique
1642 3583 1882 3644 curavit,
1920 3581 2009 3634 ubi

426 3678 510 3732 vel
541 3678 755 3730 minima
779 3692 1001 3745 quaeque
1032 3684 1303 3730 notantur.
1337 3675 1501 3728 Notas
1531 3684 1706 3726 autem
1729 3673 1793 3725 ad
1824 3673 2009 3742 singu-

426 3770 507 3823 los
538 3777 711 3823 tomos
750 3769 803 3821 in
835 3768 936 3821 ﬁne
966 3768 1137 3822 octavi
1186 3782 1290 3820 non
1331 3781 1455 3819 suas
1492 3765 1650 3819 modo
1686 3764 1888 3827 edidit,
1914 3762 2007 3818 sed

426 3861 585 3914 etiam
632 3861 858 3914 aliorum
906 3858 1185 3912 doctormn
1232 3856 1771 3924 hominum,,.loannis
1808 3856 2005 3921 Boisii,

427 3951 655 4005 Andrea:
701 3949 914 4004 Doumci
937 3990 951 4013 ,
983 3949 1195 4003 Ricardi
1236 3948 1563 4010 Montacutii,
1593 3958 1647 4002 et
1686 3946 1918 4011 llalesii;
1952 3955 2009 3999 ut

425 4044 557 4097 alios
590 4052 787 4095 taceam
819 4042 910 4111 qui
939 4042 1021 4095 vel
1054 4042 1223 4111 rogati
1249 4082 1263 4106 ,
1294 4041 1374 4095 vel
1400 4050 1588 4108 suopte
1613 4040 1835 4096 consilio
1863 4040 2006 4092 varia

424 4138 540 4190 ioca
570 4135 848 4191 restituere
877 4135 1085 4197 conati,
1118 4135 1184 4187 ab
1216 4135 1331 4203 ipso
1358 4133 1649 4186 afferuntur
1676 4133 1727 4185 in
1750 4131 2003 4186 medium.

426 4230 568 4281 Inter
598 4227 713 4279 illas
736 4242 861 4280 vero
894 4235 1047 4279 notas
1074 4267 1087 4290 ,
1121 4241 1243 4279 meo
1285 4225 1497 4294 quidem
1534 4223 1734 4293 judicio
1755 4264 1769 4287 ,
1798 4224 2007 4278 caeteris

423 4318 672 4372 erunibus
694 4327 947 4386 prtestant
973 4318 1135 4386 ipsius
1154 4316 1364 4370 llenrici
1392 4315 1573 4370 Savilii
1601 4323 1761 4381 note,
1779 4316 1821 4369 si
1851 4330 2004 4384 saga-

424 4411 639 4464 citatem
663 4418 871 4478 spectes
891 4449 907 4474 ,
937 4410 978 4461 si
1008 4409 1244 4463 eritieam
1272 4418 1472 4471 artem,
1504 4408 1547 4460 si
1579 4417 1769 4460 cmtera
1804 4406 2002 4459 omnia.

426 4504 661 4559 Aliorum
694 4504 889 4572 quippe
916 4510 1090 4566 notae,
1126 4509 1182 4553 ut.
1213 4500 1493 4569 pluritnum
1526 4500 1671 4553 leves
1698 4508 1854 4561 sunt,
1888 4513 2005 4566 qua:

424 4595 746 4665 eonjecturis
775 4603 1023 4648 constant
1068 4593 1351 4663 aliquando
1387 4592 1605 4646 incertis
1642 4600 1697 4645 et
1736 4606 2004 4643 nonnum-

423 4702 581 4754 quam
627 4685 883 4740 futilibus.
935 4685 1198 4738 Saviliana
1259 4698 1417 4753 porro
1468 4682 1671 4749 editio,
1718 4698 1836 4751 qua:
1884 4691 2006 4735 octo

422 4778 758 4834 densissimis
814 4778 865 4831 in
914 4777 1041 4831 folio
1088 4778 1246 4831 lOIIllS
1284 4784 1529 4842 constat,
1559 4790 1719 4845 opera
1764 4774 2001 4845 Chryso-

421 4869 581 4923 stomi
612 4868 798 4924 Graece
826 4878 1029 4923 tantum
1058 4868 1459 4938 complectitur.

461 5000 501 5056 ι..
527 5000 592 5054 ll.
615 5030 688 5042 —
706 5000 786 5056 De
814 5001 1088 5057 Frontonis
1115 5002 1293 5057 Παίωὶ
1324 5002 1557 5056 Editione
1607 5012 1654 5055 et
1683 5002 1746 5055 de
1772 5002 1966 5055 Morel-

1127 5100 1285 5156 liana.

493 5252 606 5307 Non
634 5254 893 5309 minorem
920 5253 1242 5323 diligentiam
1270 5254 1321 5308 in
1352 5255 1664 5324 colligendis
1684 5256 2003 5327 Chrysosto-

422 5344 492 5397 mi
526 5346 776 5415 Operibus
819 5346 1058 5401 exhibuit
1108 5347 1309 5401 Fronto
1363 5348 1587 5402 Ducasus
1634 5363 1700 5403 ex
1733 5348 2001 5405 Societate

421 5436 549 5493 Jesu
576 5449 809 5507 nostras,
837 5442 925 5511 qui
954 5451 1130 5497 tamen
1157 5483 1173 5510 ,
1206 5442 1420 5511 paribus
1448 5442 1671 5497 fortasse
1716 5443 2001 5499 destitutus

421 5530 757 5587 facultatibus
782 5544 836 5589 et
860 5536 1069 5589 auxiliis
1092 5578 1109 5603 ,
1140 5536 1191 5589 in
1220 5536 1525 5589 diuturnum
1583 5545 1790 5605 tempus
1821 5548 2000 5591 extra-

423 5632 564 5677 ctum
596 5640 732 5694 opus
777 5624 887 5680 fato
938 5638 1337 5697 pra-occupatus
1367 5628 1643 5683 absolvere
1672 5644 1775 5683 non
1806 5630 1994 5698 potuit.

423 5712 616 5768 Verum
663 5731 907 5787 magnam
938 5720 1024 5773 ille
1051 5729 1103 5775 et
1128 5720 1348 5774 arduam
1385 5737 1498 5774 rem
1547 5729 1630 5775 est
1680 5737 1994 5792 aggressus,

420 5814 479 5858 ut
500 5806 702 5863 Scilicet
729 5826 834 5863 non
864 5811 1023 5865 modo
1051 5811 1233 5866 (ἑταιρτι
1262 5812 1627 5883 Chrysostomi
1668 5814 1889 5882 perinde
1917 5824 1997 5869 at-

420 5912 519 5965 que
546 5897 770 5955 Savilius
800 5899 1000 5973 ederet,
1051 5904 1143 5959 sed
1180 5904 1338 5959 etiam
1370 5903 1592 5975 singulis
1622 5905 1874 5975 operibus
1897 5906 1995 5964 ho-

2132 548 2399 622 miliisque
2426 551 2668 606 Latinam
2700 552 3193 621 interpretationem
3235 563 3443 624 aptaret
3471 571 3487 610 :
3525 572 3629 628 qua
3655 565 3708 614 in

2129 660 2187 699 re
2232 656 2500 698 strenuam
2549 646 2640 700 ille
2679 660 2894 714 Operam
2950 648 3184 701 navavit.
3233 649 3707 718 lnlerpretationes
3766 674 3773 675 ί

2125 737 2321 806 quippe
2373 739 2659 792 midtorum
2715 753 2936 807 operum
2974 740 3179 807 jamdiu
3227 740 3397 796 editas
3427 756 3459 797 e
3494 745 3709 813 regione

2126 827 2431 882 Grmcorum
2464 831 2657 897 posuit,
2692 830 2784 883 sed
2816 830 3126 884 emendatas
3152 840 3206 886 et
3225 833 3290 885 ad
3319 832 3475 887 ﬁdem
3506 834 3703 888 Grazcm

2125 920 2385 973 orationis
2436 922 2799 974 concinnatas.
2832 921 2884 975 Si
2913 937 3016 990 qua
3048 937 3174 975 vero
3198 922 3418 977 offundit
3467 924 3702 978 nondum
3760 946 3777 1005 ξ

2125 1010 2311 1064 Latine
2341 1013 2595 1065 translata
2623 1028 2782 1082 opera
2817 1012 2994 1084 (erant
3021 1025 3199 1068 autern
3232 1014 3536 1083 hujusmodi
3569 1017 3708 1071 bene
3765 1016 3774 1031 ‘

2124 1103 2345 1170 multa),
2375 1103 2490 1158 lucc
2531 1103 2619 1157 ille
2663 1105 2730 1157 de
2757 1102 2942 1158 Graeco
2971 1106 3251 1169 convertit,
3276 1115 3331 1160 et
3357 1107 3571 1176 quidem
3602 1116 3710 1163 tam

2124 1202 2371 1246 accurate
2402 1203 2457 1248 et
2494 1194 2798 1263 eleganter,
2831 1206 2887 1248 ut
2938 1196 3075 1249 inter
3125 1198 3356 1265 optimos
3386 1198 3709 1267 interpretes

2122 1284 2239 1351 jure
2262 1297 2595 1339 numeretur.
2627 1286 2877 1355 Ejusdem
2922 1303 3082 1356 porro
3108 1289 3332 1344 eruditae
3372 1300 3512 1344 notae
3546 1306 3706 1360 repeo

2124 1375 2332 1431 riuntur
2367 1378 2417 1430 in
2449 1378 2552 1432 ﬁne
2587 1380 2764 1448 primi,
2799 1382 2971 1449 quarti
3012 1391 3067 1435 et
3108 1384 3244 1436 sexti
3298 1385 3451 1438 tomi.
3492 1383 3710 1441 Similes

2124 1464 2263 1519 baud
2308 1466 2467 1522 dubie
2515 1478 2668 1521 notas
2718 1470 2771 1523 in
2836 1471 3080 1538 quintum
3120 1480 3321 1526 tomum
3367 1470 3708 1539 destinabat';

2120 1567 2173 1608 at
2210 1557 2314 1612 vita
2363 1559 2572 1614 functus
2621 1576 2733 1615 rem
2792 1563 3049 1631 perﬁcere
3092 1565 3348 1634 nequivit.
3401 1566 3708 1622 Editionem

2122 1647 2533 1705 Frontonianam
2580 1651 2777 1721 incepit
2807 1653 3124 1709 Fredericus
3159 1655 3429 1719 Morellus.
3480 1659 3710 1712 absolvit

2120 1740 2373 1794 Claudius
2404 1757 2499 1796 sex
2531 1743 2581 1795 in
2624 1743 2752 1796 folio
2802 1746 2994 1805 tomis;
3038 1748 3127 1816 qui
3171 1746 3230 1802 S.
3283 1748 3526 1804 Doetoris
3556 1750 3706 1819 Ope-

2122 1832 2270 1884 scula
2331 1842 2388 1886 et
2434 1831 2863 1890 Commentarios
2928 1836 2983 1890 in
3058 1837 3223 1893 Vetus
3305 1839 3706 1896 Testamentum

2119 1925 2566 1993 Complectuntur.
2618 1927 2819 1983 Deinde
2866 1944 3008 1984 anno
3062 1930 3201 1986 1655
3256 1932 3395 1987 idem
3447 1933 3699 1989 Claudius

2118 2014 2371 2069 Morellns
2408 2016 2838 2073 Commentarios
2868 2020 2919 2073 in
2944 2020 3151 2075 Novum
3176 2021 3574 2077 Testamentum
3606 2040 3701 2079 sex

2122 2107 2171 2159 in
2228 2107 2356 2161 folio
2405 2109 2561 2162 tomis
2609 2110 2673 2163 ad
2726 2110 2887 2163 ﬁdem
2946 2111 3388 2168 Commelinianze
3450 2114 3703 2170 editionis

2118 2197 2314 2251 emisit.
2358 2198 2515 2252 Anno
2553 2209 2731 2253 autem
2764 2201 2901 2256 1656
2932 2203 3188 2272 integram
3242 2220 3433 2259 novam
3475 2207 3709 2278 Chryso-

2120 2288 2281 2341 stomi
2326 2303 2550 2358 operum
2602 2290 2892 2345 editionem
2945 2292 3227 2348 duodecim
3277 2294 3331 2348 in
3374 2294 3500 2349 folio
3549 2298 3708 2350 tumis

2118 2389 2276 2449 atque
2344 2380 2594 2435 undecim
2639 2382 2998 2439 voluminibus
3054 2386 3318 2455 publicam
3372 2386 3517 2441 fecit.
3582 2387 3705 2442 [lare

2120 2491 2277 2543 porro
2310 2487 2577 2546 postrema
2612 2478 2775 2533 editio
2818 2480 3001 2534 charta
3032 2481 3210 2535 minus
3245 2482 3470 2550 eleganti
3504 2482 3701 2536 instru-

2118 2577 2223 2632 cta,
2248 2568 2342 2622 sed
2371 2580 2556 2624 contra
2580 2585 2738 2638 quam
2769 2570 2928 2640 vulgo
2958 2572 3195 2626 creditur
3222 2573 3555 2627 emendatior
3583 2583 3701 2634 est;

2118 2672 2244 2713 usus
2285 2660 2466 2729 operis
2515 2661 2827 2715 melioribus
2877 2662 3130 2717 Morellus
3193 2663 3404 2728 menda,
3447 2671 3702 2733 quantum

2117 2749 2320 2817 potuit,
2354 2766 2422 2804 ex
2471 2750 2571 2805 bac
2601 2762 2869 2820 postrema
2900 2753 3137 2807 editione
3190 2753 3402 2807 sustulit
3431 2769 3444 2817 ;
3497 2764 3606 2806 tum
3638 2770 3702 2808 ea

2116 2858 2233 2910 qua:
2256 2842 2456 2897 Fronto
2487 2843 2709 2898 Duca‘us
2737 2844 2787 2896 in
2823 2844 2964 2898 notis
3013 2844 3170 2913 primi
3194 2853 3247 2899 et
3276 2846 3447 2915 quarti
3476 2846 3601 2899 tomi
3627 2846 3702 2899 ir-

2115 2933 2347 3000 repsisse
2387 2944 2685 2998 monuerat,
2721 2945 2829 2987 tum
2870 2935 3029 2988 etiam
3080 2935 3181 2989 alia
3210 2951 3329 3005 qua:
3350 2936 3706 2990 occurrebant

2117 3025 2136 3091 (
2166 3036 2420 3093 expertus
2452 3026 2686 3095 loquor)
2712 3068 2726 3087 .
2762 3027 2993 3081 maxime
3018 3043 3147 3081 vero
3177 3027 3243 3082 de
3283 3030 3476 3097 primo,
3509 3037 3701 3098 quarto

2116 3122 2169 3168 et
2197 3116 2384 3185 quinto
2411 3127 2573 3170 tomo.
2601 3117 2657 3171 In
2701 3117 2846 3171 hisce
2889 3134 3014 3172 vero
3041 3118 3249 3172 duobus
3274 3129 3552 3188 postremo
3582 3136 3698 3175 me-

2115 3208 2333 3261 moratis
2365 3210 2522 3262 tomis
2548 3208 2789 3278 quaedam
2816 3208 3081 3279 Opuscula
3110 3210 3496 3280 Cbrysostomi,
3521 3226 3640 3279 quae
3667 3226 3696 3263 ιι

2115 3299 2283 3366 prima
2314 3298 2554 3364 aberant,
2604 3301 2656 3354 in
2700 3302 2806 3355 ﬁne
2852 3300 3031 3355 addita
3062 3310 3205 3355 sunt.
3251 3301 3446 3356 Verum
3493 3303 3545 3357 in
3594 3302 3697 3357 hoc

2114 3392 2353 3460 peccavit
2416 3390 2666 3446 Claudius
2734 3393 3019 3459 lilorellus,
3080 3394 3224 3464 quod
3284 3404 3438 3449 notas
3492 3396 3543 3449 in
3594 3398 3702 3451 line

2113 3484 2285 3549 quarti
2318 3484 2445 3537 tomi
2490 3500 2518 3537 a
2550 3484 2825 3539 Frontone
2870 3485 3063 3539 Duemo
3105 3486 3341 3554 positas,
3392 3495 3447 3540 et
3494 3488 3702 3555 aliquot

2112 3572 2378 3642 Opuscula
2410 3574 2795 3645 Cbrysostomi,
2836 3574 3022 3629 Latine
3064 3584 3267 3629 tantum
3308 3576 3492 3646 quinto
3543 3586 3690 3631 tomo

2113 3680 2260 3730 casa,
2291 3666 2343 3718 in
2393 3666 2491 3720 hac
2535 3667 2815 3735 posteriori
2864 3667 3097 3721 editione
3132 3667 3429 3721 sustulerit.
3473 3666 3698 3732 Eodem,

2116 3757 2189 3809 uti
2246 3756 2476 3810 diximus
2508 3797 2523 3822 ,
2570 3756 2736 3810 ferme
2783 3769 3022 3828 tempore
3075 3757 3335 3811 Henricus
3380 3757 3610 3813 Savilius
3646 3766 3704 3812 et.

2114 3846 2315 3900 Fronto
2346 3847 2588 3913 Ducazus,
2622 3847 2811 3901 Etonze
2851 3849 2959 3911 ille,
3007 3848 3094 3902 hic
3133 3848 3390 3913 Lutetiae,
3433 3848 3695 3903 editiones

2114 3953 2337 4006 operum
2393 3938 2631 3991 omnium
2695 3938 3059 4009 Chrysostomi
3110 3937 3385 4007 parabant.
3442 3937 3703 4007 Quodque

2114 4030 2397 4082 observata
2445 4028 2662 4098 dignum
2713 4029 2979 4095 videatur,
3020 4030 3145 4083 licet
3185 4029 3374 4083 eodem
3420 4029 3472 4083 in
3526 4028 3701 4083 stadio

2114 4124 2271 4175 ambo
2301 4128 2596 4183 currerent,
2628 4121 2751 4175 licet
2779 4131 2883 4174 tam
2912 4121 3084 4174 varias
3110 4134 3383 4175 sacrorum
3414 4121 3700 4189 religiones

2114 4213 2272 4267 ambo
2318 4215 2737 4284 proﬁterentur,
2786 4213 2929 4267 nulla
2975 4213 3189 4267 invidia:
3217 4254 3230 4276 ,
3288 4212 3499 4266 adversi
3537 4213 3699 4266 animi

2114 4308 2256 4362 nulla
2308 4316 2434 4361 nota
2481 4306 2865 4374 comparebat:
2896 4305 3172 4375 quinimo,
3219 4313 3281 4358 ut
3320 4319 3437 4358 sese
3484 4305 3697 4358 occasio

2112 4398 2407 4466 oll'crcbat,
2468 4398 2664 4452 dabant
2702 4412 2891 4466 operas
2948 4403 3193 4462 mutuas,
3247 4411 3534 4466 numquam
3582 4396 3700 4450 sine

2114 4490 2332 4545 honoris
2376 4488 2837 4557 observantiieque
2866 4486 3256 4557 signiﬁcatione
3296 4485 3433 4540 alter
3472 4487 3696 4540 alterum

2113 4583 2486 4649 memorabat,
2543 4590 2731 4636 contra
2757 4596 2915 4649 quam
2962 4595 3063 4634 usu
3101 4580 3316 4635 evenire
3364 4580 3522 4634 solet.
3565 4578 3698 4634 Nam

2112 4674 2351 4743 plerique
2378 4687 2498 4727 cum
2528 4673 2667 4726 idem
2700 4687 2833 4740 Opus
2863 4671 3019 4725 simul
3049 4671 3447 4741 aggrediuntur,
3469 4685 3701 4740 praeser-

2115 4767 2210 4818 tim
2242 4780 2364 4819 cum
2393 4763 2678 4818 intervenit
2702 4763 3020 4833 religionum
3047 4763 3357 4827 discrimen,
3387 4762 3693 4832 frequenter

2111 4872 2232 4912 sese
2279 4854 2578 4909 maledictis
2606 4864 2659 4909 et
2688 4854 2943 4909 conviciis
2972 4855 3205 4909 lacerant
3229 4896 3244 4921 ,
3285 4853 3519 4923 nihilque
3546 4853 3691 4907 aliud

2110 4962 2301 5002 rorare
2347 4945 2594 5000 videntur
2657 4960 2816 5014 quam
2879 4953 2937 4998 ut
2986 4944 3218 4999 auctoris
3278 4943 3489 4998 adversi
3536 4942 3698 4997 famze

2109 5039 2412 5100 detrahant,
2456 5054 2518 5093 ac
2569 5040 2613 5093 si
2657 5038 2708 5092 id
2754 5038 2895 5107 quod
2940 5039 3026 5091 alii
3078 5038 3374 5092 detrahitur
3414 5037 3697 5092 existima-

2110 5131 2291 5195 tionis,
2325 5129 2496 5183 laudis
2521 5130 2751 5199 propria:
2795 5128 2936 5183 foret
2960 5128 3221 5183 accessio.
3266 5128 3514 5181 Livorcm
3545 5143 3697 5181 eam-

2107 5224 2228 5276 dem
2258 5221 2619 5275 exercentium
2663 5230 2832 5274 artem
2888 5221 2966 5275 sic
3021 5219 3279 5288 exprimit
3327 5217 3455 5272 illud
3510 5219 3694 5273 tritqu

2108 5312 2323 5368 llesiodi
2355 5331 2367 5365 :

2272 5456 2372 5502 Καὶ
2387 5456 2610 5520 κεραμεὺς
2638 5463 2829 5519 κεραμεῖ
2852 5456 2999 5502 κστέει
3024 5456 3105 5501 καὶ
3132 5456 3311 5502 τέκτονι
3335 5457 3528 5516 τέκτων,

2283 5548 2381 5593 Καὶ
2403 5549 2585 5608 πτωχὸς
2611 5551 2782 5609 πτωχῷ
2810 5547 2982 5610 φθθνὲει
3009 5550 3090 5593 καὶ
3110 5543 3271 5601 ἀοιδὸς
3290 5543 3455 5609 ἀοιδῷ.

2259 5637 2311 5679 Et
2332 5630 2509 5693 ﬁgulus
2531 5630 2731 5693 ﬁgulum
2754 5632 3004 5693 impugnat
3026 5638 3079 5679 et
3104 5630 3289 5680 fabrum
3318 5630 3474 5692 faber,

2260 5719 2309 5760 Et
2328 5713 2579 5761 mendicus
2601 5712 2821 5761 mendico
2846 5713 3029 5761 invidet
3051 5720 3102 5761 et
3124 5721 3290 5762 cantor
3313 5715 3516 5764 cantori.

2109 5813 2161 5867 Id
2194 5830 2319 5868 vero
2349 5816 2576 5868 maxime
2622 5815 2709 5868 illa
2736 5815 3020 5870 Frontonis
3069 5824 3123 5871 et
3151 5816 3329 5871 Savilii
3376 5825 3691 5886 tempestate

2105 5906 2243 5963 inter
2280 5905 2465 5964 doctos
2511 5908 2563 5963 in
2616 5922 2713 5961 usu
2756 5917 2911 5972 erat,
2972 5910 3061 5977 qui
3111 5908 3193 5963 vel
3243 5908 3509 5964 levissima
3565 5910 3688 5964 dan
