4114 6392
392 491 451 532 xl
1633 460 1699 516 D.
1738 459 1801 516 Β.
1841 455 1933 514 DE
1971 456 1983 513 l

2090 454 2440 514 RTFAUCON
3587 461 3671 508 ια

391 595 672 654 occasione
706 600 825 644 sese
843 580 1078 640 dicteriis
1103 589 1157 636 et
1181 577 1476 635 maledictis
1501 573 1815 632 onerabant.
1845 571 1965 640 Quo

398 692 568 764 magis
606 683 906 746 aestimandi
955 682 1031 737 illi
1061 679 1170 735 duo
1191 677 1314 744 viri,
1358 675 1448 746 qui
1477 672 1683 730 meritis
1707 684 1804 741 pro
1842 667 1966 722 tali-

395 786 514 851 bus,
555 793 610 839 et
638 797 735 853 pro
763 790 981 834 strenue
1007 781 1196 828 navata
1226 771 1280 825 in
1319 769 1399 824 rei
1447 764 1700 821 literaria:
1726 774 1968 818 commo-

392 876 521 932 dum
549 887 734 944 opera,
762 865 1051 924 immortali
1089 872 1236 918 certe
1281 859 1425 930 digni
1457 856 1611 911 laude
1632 863 1777 909 sunt.
1893 911 1900 918 _

459 965 539 1020 Ne
567 962 798 1024 mireris,
828 959 1034 1022 Lector,
1066 969 1153 1010 me
1180 951 1380 1007 tamdiu
1401 963 1586 1004 eorum
1612 944 1856 1001 laudibus
1879 956 1976 997 ce-

393 1053 661 1112 lebrandis
713 1053 963 1108 insistere
1019 1065 1032 1100 :
1085 1059 1248 1110 nam,
1314 1049 1671 1112 prmterquam
1723 1033 1867 1106 quod
1903 1032 1973 1088 de

395 1146 529 1202 orbe
575 1143 813 1200 literario
843 1149 952 1196 tam
983 1139 1119 1193 bene
1166 1134 1340 1190 meriti
1365 1141 1510 1196 sunt,
1538 1130 1641 1184 hoc
1659 1144 1725 1184 ex
1754 1127 1966 1182 illorum

393 1235 680 1292 sudoribus
716 1234 771 1288 in
823 1229 1161 1286 commodum
1190 1240 1371 1281 meum
1401 1221 1740 1288 redundavit,
1767 1229 1826 1274 ut
1857 1227 1979 1288 post

398 1335 574 1382 tantos
596 1339 782 1381 eorum
810 1321 1020 1376 labores
1047 1319 1224 1372 minus
1256 1313 1606 1370 laborandum
1640 1312 1770 1366 mihi
1796 1309 1975 1365 fuerit.

395 1419 593 1490 Ecquis
621 1418 707 1472 ille
732 1415 940 1470 futurus
962 1421 1078 1468 erat
1105 1411 1276 1475 labor,
1301 1409 1346 1463 si
1372 1408 1571 1463 nullam
1597 1405 1825 1460 Savilius
1863 1401 1976 1456 col-

396 1516 410 1567 l
435 1511 620 1583 gendis
646 1507 1101 1574 emendandisque
1119 1503 1492 1573 Chrysostomi
1518 1497 1731 1566 scriptis
1760 1508 1980 1564 Operam

395 1600 702 1676 posuisset?
746 1600 902 1672 quis,
935 1598 980 1653 si
1005 1597 1208 1653 Fronto
1248 1594 1475 1649 Ducteus
1523 1604 1707 1661 parem
1755 1602 1977 1658 aggres-

398 1711 488 1750 sus
517 1687 1160 1764 operam,convertendis
1185 1685 1344 1740 etiam
1395 1682 1588 1737 Latine
1634 1681 1694 1736 S.
1736 1677 1981 1734 Doctoris

399 1787 653 1857 operibus
701 1797 810 1838 non
849 1776 1218 1836 incubuisset?
1261 1775 1470 1842 Quanta
1509 1773 1681 1828 moles
1709 1770 1983 1826 collectio-

397 1878 520 1945 nis,
569 1881 765 1946 quanta
823 1867 1282 1940 interpretationis
1328 1863 1504 1920 futura
1560 1873 1720 1929 erat,
1764 1859 1983 1932 quando

397 1970 559 2024 etiam
589 1973 711 2037 post
736 1963 961 2021 emissas
1005 1960 1126 2015 illas
1155 1957 1313 2012 laude
1349 1954 1689 2026 dignissimas
1713 1951 1978 2008 editiones

400 2070 603 2115 tantum
630 2055 841 2112 sudoris
863 2053 1108 2108 relictum
1133 2048 1254 2106 est?
1280 2046 1505 2102 inﬁnitae
1533 2053 1681 2100 certe
1702 2051 1786 2098 est
1805 2055 1984 2111 operae

399 2159 480 2204 tot
506 2149 720 2205 codices
771 2142 1164 2212 manuscriptos
1213 2137 1495 2200 evolvere,
1543 2134 1632 2189 ubi
1687 2133 1984 2188 innumerae

406 2255 546 2310 pene
574 2235 938 2309 Chrysostomi
966 2232 1200 2287 homilia:
1229 2235 1534 2292 occurrunt,
1571 2226 1730 2294 idque
1758 2225 1812 2278 in
1864 2237 1984 2277 om-

402 2333 563 2392 nibus
586 2329 922 2387 bibliothecis
953 2326 1138 2380 Grzeca
1178 2323 1264 2376 illa
1295 2320 1626 2392 supellectile
1670 2318 1941 2372 instructis
1965 2358 1980 2381 ,

401 2425 490 2482 ubi
519 2422 782 2479 anecdota
802 2421 938 2475 bene
967 2417 1130 2471 multa
1159 2423 1370 2470 exstant
1407 2429 1420 2465 :
1459 2427 1566 2466 non
1614 2411 1855 2477 minoris,
1885 2410 1984 2463 nisi

400 2516 619 2587 majoris
661 2514 822 2569 etiam
858 2553 874 2576 ,
921 2508 1100 2579 spuria
1162 2523 1192 2561 a
1260 2506 1527 2577 germanis
1577 2503 1982 2565 internoscere,

401 2610 597 2664 emissa
627 2623 656 2661 a
689 2621 795 2660 non
843 2603 1076 2667 emissis,
1109 2615 1230 2655 cum
1273 2598 1520 2652 videlicet
1553 2595 1807 2666 principia
1863 2609 1984 2649 mu-

405 2712 588 2755 tantur
617 2699 892 2754 :sinceras
914 2694 1175 2749 lectiones
1205 2691 1460 2760 deligere,
1508 2687 1722 2758 quando
1754 2687 1990 2741 maxime

403 2800 486 2844 tot
535 2796 661 2843 sunt
702 2785 977 2847 Homiliaz,
1011 2792 1088 2835 tot
1115 2779 1522 2842 Commentarii,
1576 2785 1653 2832 tot
1679 2777 1942 2846 Opuscula
1967 2817 1982 2840 ,

406 2893 462 2935 ut
485 2923 500 2946 ,
531 2878 672 2951 quod
697 2878 807 2948 jam
829 2877 972 2941 dixi,
1001 2873 1321 2930 bibliotheca
1345 2871 1522 2942 potius
1545 2885 1704 2941 quam
1735 2869 1870 2924 liber
1897 2879 1988 2924 aut

405 2987 539 3041 opus
562 2969 743 3024 vocari
769 2975 1095 3022 mereantur.

405 3063 432 3134 ᾗ
471 3059 556 3117 Ill.
581 3090 652 3101 —
671 3059 750 3113 De
775 3066 1004 3127 suscepto
1033 3071 1174 3110 novre
1195 3053 1439 3125 paranda:
1465 3052 1720 3106 Editionis
1745 3050 1977 3106 consilio.

473 3153 542 3211 Ut
569 3159 747 3207 autem
773 3150 951 3220 aliquo
985 3147 1172 3203 ordine
1214 3145 1339 3216 quid
1371 3146 1423 3200 in
1460 3145 1561 3198 hac
1587 3142 1824 3198 editione
1871 3141 1981 3211 jam

404 3245 720 3316 prmstitum,
744 3239 872 3311 quid
900 3241 952 3294 in
974 3238 1320 3308 sequentibus
1346 3236 1505 3291 tomis
1522 3234 1883 3306 praestandum
1909 3232 1982 3287 sit

402 3347 739 3398 euarrennus,
767 3345 880 3385 rem
907 3329 976 3383 ab
1000 3344 1103 3384 ovo
1142 3337 1385 3398 repetere
1413 3341 1511 3396 par
1537 3325 1715 3380 fuerit.
1748 3325 1829 3378 Ab
1875 3339 1976 3376 an-

403 3427 489 3480 nis
525 3425 646 3494 plus
703 3422 916 3491 triginta
960 3419 1065 3474 hoc
1109 3417 1484 3473 Prml‘cctorum
1531 3415 1772 3470 Sodalitii
1817 3413 1988 3467 nostri

404 3515 687 3571 consilium
739 3513 912 3566 fuerat
935 3552 951 3578 ,
1004 3518 1083 3576 ut,
1113 3518 1234 3580 post
1277 3519 1544 3578 peractam
1573 3508 1629 3562 S.
1663 3504 1943 3575 Augustini
1970 3545 1985 3568 ,

406 3611 548 3664 inter
567 3607 818 3662 doctores
845 3605 1065 3660 Latinos
1095 3603 1370 3672 principis,
1401 3602 1712 3665 editionem,
1739 3600 1990 3669 Operibus

405 3698 807 3771 Chrysostomi,
838 3696 927 3766 qui
953 3709 1141 3765 parem
1189 3695 1240 3748 in
1280 3693 1518 3748 Ecclesia
1537 3691 1725 3747 Grteca
1764 3700 1989 3759 occupat

404 3791 713 3860 dignitatem
742 3829 758 3854 ,
813 3800 1030 3841 manum
1077 3784 1503 3839 admoveremus.
1538 3783 1776 3837 Priscum
1807 3781 1988 3836 consi-

410 3884 541 3936 lium
581 3879 864 3949 intercepit
892 3877 959 3932 ad
1007 3877 1207 3947 aliquot
1251 3890 1421 3930 annos
1470 3875 1748 3929 Athanasii
1788 3873 1986 3938 editio,

404 3987 524 4042 quae
559 3985 700 4025 anno
745 3968 883 4024 i698
939 3969 1111 4021 lucem
1157 3966 1310 4020 vidit.
1363 3964 1564 4020 Deinde
1627 3977 1757 4019 vero
1796 3979 1990 4018 nervos

407 4078 596 4119 omnes
623 4060 900 4117 industriae
938 4056 1311 4114 contendimus
1335 4065 1394 4111 ut
1429 4055 1796 4128 Chrysostomi
1828 4069 1988 4122 opera

405 4157 620 4210 demum
672 4153 725 4206 in
788 4149 1060 4221 publicum
1105 4147 1400 4218 prodirent.
1433 4147 1707 4216 Apparatu
1757 4145 1989 4199 maximo

405 4256 519 4302 erat
541 4259 705 4315 opus:
726 4241 1012 4297 lustranda:
1034 4239 1389 4303 bibliotheczc,
1410 4239 1583 4292 omnis
1607 4238 1836 4307 denique
1856 4237 1990 4306 lapis

411 4339 728 4395 movendus.
781 4337 889 4390 iter
928 4335 1167 4389 italicum
1217 4347 1358 4386 anno
1396 4331 1532 4386 1698
1575 4331 1813 4400 suscepi,
1845 4328 1984 4383 unde

407 4431 575 4487 multa
604 4445 670 4484 ex
697 4427 952 4482 Romanis
981 4425 1168 4479 aliisve
1190 4423 1384 4478 italicis
1414 4421 1750 4476 bibliothecis
1789 4422 1993 4475 corrasi

406 4522 475 4577 ad
504 4522 607 4576 hoc
634 4521 931 4575 institutum
960 4515 1279 4586 pertinentia
1310 4531 1323 4567 :
1358 4513 1528 4569 tribus
1559 4512 1760 4567 exactis
1791 4512 1845 4565 in
1887 4511 1990 4566 hoc

397 4617 602 4671 itinere
629 4613 816 4680 annis,
847 4620 969 4680 post
1005 4609 1237 4664 reditum
1289 4608 1340 4662 id
1391 4624 1421 4662 a
1477 4607 1746 4662 Pracicctis
1792 4606 1990 4661 nostris

407 4705 719 4776 impetravi,
747 4712 805 4757 ut
833 4717 899 4756 ex
937 4700 1209 4755 sodalibus
1233 4708 1460 4768 quatuor
1486 4699 1574 4753 vel
1602 4699 1834 4768 quinque
1861 4712 1990 4752 con-

407 4795 644 4851 ferendis
672 4793 1116 4850 bibliothecarum
1160 4791 1361 4860 Regiae,
1391 4790 1713 4846 Colbertinze
1738 4801 1793 4844 et
1837 4789 1990 4844 Cois-

404 4887 618 4942 iinianae
629 4885 898 4940 codicibus
917 4892 1170 4953 perpetuo
1187 4882 1571 4945 incumberent,
1589 4882 1730 4936 etsic
1754 4896 1854 4950 ope
1874 4896 1986 4935 ma-

405 4981 796 5050 nuscriptorum
818 4978 992 5047 prisco
1017 4976 1175 5030 nitori
1203 4976 1409 5031 restitui
1437 4975 1845 5046 Chrysostomus
1863 4989 1988 5044 pos-

407 5082 512 5128 set.
527 5071 609 5125 Ab
623 5072 776 5125 annis
793 5071 952 5140 igitur
967 5071 1245 5138 plusquam
1269 5068 1522 5123 tredecim
1542 5067 1592 5120 id
1606 5067 1846 5135 agunt,id
1870 5082 1988 5136 pro-

407 5172 717 5230 movent,ut
745 5161 1225 5232 manuscriptorum
1253 5161 1426 5214 varias
1447 5159 1699 5214 lectiones
1719 5159 1986 5228 colligant.

402 5258 480 5314 Ne
510 5271 640 5311 vero
673 5271 787 5310 rem
815 5255 1022 5324 longius
1053 5269 1210 5324 quam
1245 5268 1339 5322 par
1370 5252 1438 5306 sit
1467 5260 1760 5306 extractam
1791 5262 1943 5320 putes
1968 5294 1984 5318 ,

401 5351 624 5406 codices
652 5348 772 5417 plus
801 5363 958 5417 quam
1004 5355 1272 5402 trecentos
1297 5345 1659 5415 Chrysostomi
1690 5359 1909 5413 operum
1933 5345 1984 5397 in

405 5441 556 5494 hisce
591 5437 934 5493 bibliothecis
966 5447 1178 5492 exstare
1217 5447 1421 5491 certum
1486 5435 1716 5498 habeas,
1748 5449 1882 5504 quos
1920 5433 1988 5489 de

400 5531 569 5588 verbo
606 5529 673 5585 ad
703 5530 921 5584 verbum
947 5529 1191 5585 conferre
1218 5546 1324 5583 non
1356 5530 1469 5584 sine
1489 5526 1742 5582 diuturno
1761 5537 1815 5582 et
1842 5529 1984 5582 mul—

402 5633 580 5677 torum
605 5636 866 5676 annorum
897 5621 1091 5676 sudore
1117 5629 1408 5692 potuerunt
1435 5620 1524 5690 qui
1555 5618 1622 5672 ad
1659 5619 1710 5672 id
1743 5619 1980 5674 muneris

402 5713 593 5768 delectt
651 5722 793 5767 sunt.
838 5713 1054 5768 lntcrim
1081 5727 1210 5767 vero
1234 5727 1356 5766 cum
1392 5711 1577 5765 amicis
1603 5711 1652 5765 id
1681 5726 1776 5779 per
1804 5711 1985 5765 literas

402 5806 506 5873 egi.
532 5812 592 5858 ut
618 5804 661 5859 si
680 5819 780 5875 qua
809 5806 860 5859 in
894 5805 1097 5876 Anglia:
1124 5813 1178 5859 et
1211 5803 1512 5860 Germaniae
1536 5803 1872 5859 bibliothecis
1917 5804 1983 5858 ad

401 5912 521 5954 eam
555 5911 666 5953 rem
701 5905 995 5968 opportuna
1026 5905 1204 5953 essent
1227 5937 1243 5966 ,
1285 5911 1347 5953 ea
1378 5895 1532 5953 nobis
1562 5896 1984 5953 transmitteren-

2081 579 2204 638 tur;
2231 570 2376 644 quod
2414 587 2445 626 a
2503 569 2633 626 viris
2685 568 2859 626 doctis
2899 567 3195 640 amicisque
3243 565 3667 624 cumulatissime

2081 663 2378 732 praestitum
2412 669 2496 716 est
2523 702 2539 727 ,
2570 669 2632 716 ut
2655 658 2896 731 pluribus
2939 658 3149 715 dicetur
3175 658 3334 714 infra.
3363 657 3460 714 liis
3486 668 3667 713 autem

2083 753 2315 825 peractis
2344 751 2638 809 editionem
2680 753 2754 808 ita
2795 752 3034 825 aggressi
3081 765 3286 820 sumus,
3332 760 3391 806 ut
3435 751 3669 807 minuta-

2083 847 2178 902 tim
2219 861 2342 900 mox
2368 845 2724 900 describetur.

2086 981 2117 1056 §
2161 981 2250 1038 IV.
2276 1013 2350 1023 —
2369 981 2446 1036 De
2473 982 2766 1036 restauratis
2799 980 3100 1051 quibusdam
3149 979 3389 1034 Homilia
3417 987 3464 1032 et
3493 977 3666 1048 Optu-

2168 1074 2296 1128 culis
2323 1072 2537 1127 antehac
2582 1073 2766 1127 hiulcis
2784 1081 2831 1126 et
2867 1087 3055 1143 magna
3095 1072 3175 1126 sui
3205 1080 3348 1141 parte
3379 1070 3580 1125 laceris.

2162 1207 2420 1264 llomilias
2464 1223 2570 1263 non
2610 1221 2809 1278 paucas
2833 1247 2847 1272 ,
2894 1222 3014 1277 qua:
3047 1205 3100 1260 in
3137 1205 3286 1276 prius
3337 1205 3496 1261 editis
3542 1219 3664 1260 cum

2084 1301 2290 1372 magnis
2332 1299 2566 1356 hiatibus
2619 1299 2964 1370 prodierant,
3011 1313 3115 1368 ope
3187 1299 3670 1368 manuscriptorum

2084 1395 2322 1463 integras
2349 1407 2612 1462 sanasque
2634 1390 2876 1460 proferre
2901 1405 3008 1445 non
3049 1388 3246 1444 infelici
3272 1400 3468 1444 conatu
3493 1404 3656 1444 cura-

2085 1485 2302 1551 vimus;
2347 1483 2609 1554 siquidem
2650 1482 2936 1538 Homiliam
2965 1480 3032 1537 de
3063 1480 3267 1536 Lazaro
3301 1480 3415 1550 jam
3445 1495 3672 1536 numero

2083 1584 2290 1632 sextam
2317 1615 2332 1641 ,
2383 1590 2503 1645 quae
2548 1574 2602 1628 in
2638 1573 2908 1629 Saviliana
2953 1583 3010 1629 et
3045 1571 3411 1628 Frontoniana
3438 1571 3671 1629 editione

2084 1668 2292 1738 paginis
2313 1667 2431 1738 plus
2457 1665 2734 1736 quaternis
2775 1665 2960 1720 mutila
2986 1672 3124 1730 erat,
3157 1664 3222 1719 ad
3250 1664 3482 1735 priscam
3517 1665 3662 1718 inte-

2086 1760 2331 1830 gritatem
2357 1767 2584 1828 quatuor
2623 1757 3106 1826 manuscriptorum
3157 1770 3259 1826 ope
3310 1755 3618 1810 reduximus
3650 1773 3668 1809 :

2087 1865 2190 1904 nec
2216 1847 2662 1904 dissimulandum
2694 1857 2776 1903 est
2809 1863 2895 1914 ea,
2924 1863 3043 1918 quae
3089 1850 3142 1901 in
3166 1847 3254 1901 illa
3285 1848 3544 1902 concione
3570 1847 3670 1902 de-

2088 1944 2261 2000 erant,
2291 1951 2322 1988 a
2351 1934 2468 1988 viro
2490 1933 2647 1988 docto
2669 1933 2918 1988 Benzelio
2945 1932 3225 2003 fragmenti
3253 1932 3498 1988 anecdoti
3524 1947 3673 1988 more

2090 2026 2278 2096 paucis
2307 2025 2432 2080 hinc
2453 2024 2608 2079 annis
2626 2023 2859 2094 Upsalia:
2889 2018 3158 2093 publicata
3203 2022 3368 2078 fuisse
3415 2038 3537 2078 cum
3574 2021 3675 2077 ali-

2089 2127 2219 2186 quot
2246 2117 2364 2171 aliis
2391 2116 2758 2188 Chrysostomi
2788 2115 3085 2170 anecdotis.
3121 2114 3402 2170 llomiliam
3434 2115 3561 2169 item
3603 2113 3672 2168 de

2091 2208 2399 2262 Ahrahamo
2417 2248 2431 2272 ,
2457 2210 2576 2277 plus
2605 2223 2765 2277 quam
2811 2205 3028 2260 dimidia
3056 2204 3140 2260 sui
3169 2214 3317 2274 parte
3345 2212 3589 2259 truncam
3617 2215 3672 2260 et

2089 2298 2320 2354 laceram
2339 2341 2353 2365 ,
2379 2299 2488 2368 jam
2519 2299 2781 2367 integram
2801 2297 3144 2368 protulimus.
3175 2296 3367 2351 Hiatus
3393 2295 3521 2351 item
3552 2310 3672 2351 ma-

2089 2405 2223 2461 gnos
2241 2389 2498 2444 sarsimus
2514 2389 2568 2443 in
2593 2389 2824 2444 Homilia
2851 2387 2918 2444 de
2944 2388 3164 2443 Christo
3184 2387 3298 2442 Deo
3321 2395 3508 2442 contra
3530 2386 3674 2442 Gen-

2091 2483 2211 2536 tiles
2243 2522 2260 2548 ,
2299 2491 2354 2536 et
2403 2482 2458 2535 in
2510 2482 2617 2536 alia
2655 2480 2722 2536 de
2767 2480 3201 2536 Resurrectione.
3257 2479 3407 2534 Mitto
3457 2479 3672 2533 lacunas

2087 2575 2222 2630 alias
2248 2573 2504 2636 minores,
2527 2586 2662 2642 quas
2697 2572 2748 2625 in
2790 2572 2970 2624 multis
3015 2570 3365 2625 concionibus
3385 2569 3678 2638 cornplevi-

2093 2680 2234 2728 mus,
2287 2665 2516 2718 maxime
2551 2679 2680 2717 vero
2711 2663 2763 2716 in
2793 2663 2858 2716 iis
2882 2678 3001 2731 qua:
3027 2662 3095 2716 de
3140 2660 3676 2729 lncomprehensibili

2093 2767 2278 2811 contra
2328 2757 2639 2808 Anommos.
2679 2753 2797 2810 Una
2865 2764 3044 2807 tamen
3101 2752 3320 2806 homilia
3390 2761 3676 2823 superest,

2093 2863 2210 2913 qua:
2243 2853 2324 2899 est
2371 2843 2604 2899 secunda
2645 2854 2829 2899 contra
2854 2845 3091 2906 Judazos,
3120 2844 3272 2913 cujus
3319 2844 3523 2898 initium
3553 2841 3678 2896 Jam

2079 2937 2458 3007 iniquumillud
2489 2944 2535 2990 et
2575 2937 2892 2990 immundum
2919 2979 2934 3003 ,
2961 2938 3134 2992 adhuc
3173 2953 3364 3007 magna
3413 2938 3494 2992 sui
3526 2945 3677 3006 parte

2093 3027 2283 3079 mutila
2311 3067 2327 3092 ,
2356 3026 2483 3080 licet
2510 3041 2722 3080 omnem
2754 3027 3081 3082 moverimus
3116 3027 3345 3096 lapidem
3389 3035 3446 3080 ut
3473 3041 3592 3081 eam
3623 3026 3675 3079 in

2091 3117 2328 3185 priscum
2366 3126 2564 3171 statum
2593 3117 2992 3171 reduceremus.
3024 3116 3191 3186 Opem
3221 3133 3282 3170 ea
3327 3115 3395 3172 de
3443 3131 3503 3170 re
3545 3117 3679 3170 ami-

2092 3222 2280 3260 corum
2310 3208 2549 3262 omnium
2606 3209 3012 3279 imploravimus
3035 3249 3050 3274 ,
3099 3209 3242 3262 nulla
3273 3223 3379 3262 non
3405 3207 3677 3278 diligentia

2091 3297 2331 3352 adhibita
2378 3298 2496 3352 fuit.
2530 3297 2589 3352 in
2617 3300 2864 3354 omnibus
2911 3311 3059 3354 certe
3083 3341 3098 3365 ,
3141 3315 3262 3369 quze
3298 3314 3357 3355 se
3401 3301 3678 3370 patiuntur

2092 3387 2249 3451 adiri,
2293 3389 2628 3444 bibliothecis
2654 3406 2714 3444 ea
2755 3390 3113 3444 Sollicitudiue
3140 3391 3485 3460 perquisitum
3518 3399 3681 3445 estut

2092 3491 2302 3534 certum
2347 3481 2504 3536 nobis
2534 3481 2603 3535 sit
2626 3497 2746 3536 eam
2773 3483 2860 3536 vel
2893 3497 3153 3551 nuSqnam
3196 3497 3378 3536 sanam
3418 3492 3631 3538 exstare
3655 3523 3673 3550 ,

2094 3572 2179 3626 vel
2221 3571 2511 3627 admodum
2558 3573 2724 3627 latere
2747 3615 2762 3638 ,
2820 3575 2862 3627 si
2893 3574 3010 3628 talis
3037 3575 3290 3642 supersit.
3321 3574 3376 3628 in
3401 3575 3675 3644 sequenti-

2095 3663 2196 3718 bus
2223 3663 2350 3718 item
2380 3664 2537 3718 tomis
2589 3664 2756 3718 multa
2793 3666 2906 3735 pari
2945 3665 3106 3719 modo
3148 3666 3532 3729 restituentur;
3578 3681 3678 3721 nec

2093 3755 2267 3808 minor
2291 3753 2548 3808 industria
2577 3753 2629 3807 in
2655 3754 2812 3808 editis
2866 3754 3229 3810 restaurandis
3253 3770 3412 3826 quam
3433 3754 3674 3809 inaaec-

2099 3847 2248 3902 dotis
2291 3844 2542 3901 eruendis
2564 3845 2927 3900 adhibebitur.

2122 3959 2150 4032 ᾗ
2182 3959 2242 4014 ν.
2270 3990 2340 4001 -—
2370 3959 2598 4025 Quantus
2623 3960 2984 4013 anecdotorum
3008 3975 3244 4014 numerus
3271 3976 3403 4013 nunc
3429 3961 3649 4030 primum

2750 4048 3011 4117 efferatur.

2167 4164 2420 4218 llomilias
2449 4164 2808 4232 Opusculaque
2837 4163 2940 4216 alia
2972 4163 3210 4218 nondum
3252 4163 3447 4218 emissa
3489 4164 3680 4218 iisdem

2093 4269 2162 4310 ex
2195 4255 2412 4308 latebris
2437 4254 2737 4320 eduximus,
2757 4253 3042 4323 etquidem
3071 4263 3218 4308 tanto
3240 4270 3459 4308 numero
3490 4257 3676 4310 utsola

2093 4346 2326 4414 amplum
2349 4345 2597 4399 volumen
2626 4345 2890 4398 coniicere
2911 4345 3139 4398 valeant.
3165 4346 3222 4398 ln
3248 4345 3313 4400 iis
3338 4361 3465 4400 vero
3489 4362 3680 4417 magna

2093 4436 2300 4490 cautela
2328 4434 2583 4490 utendum
2614 4434 2890 4501 duximus,
2917 4450 3038 4490 cum
3067 4451 3134 4490 ne
3161 4451 3257 4505 pro
3280 4436 3528 4508 legitimis
3553 4453 3678 4508 spu-

2094 4526 2172 4580 ria
2201 4524 2564 4596 proferantur,
2591 4534 2699 4578 tum
2723 4525 2881 4579 etiam
2911 4540 2977 4579 ne
3002 4527 3370 4580 consarcinata
3397 4541 3581 4597 Opera,
3604 4543 3674 4583 ex

2094 4618 2275 4672 multis
2301 4618 2523 4671 aliarum
2555 4617 2854 4670 orationum
2879 4617 3144 4685 excerptis
3172 4617 3509 4684 concinnata,
3541 4619 3674 4673 vel‘a

2095 4707 2686 4777 nugacibusGrznculis,
2709 4708 2789 4760 vel
2817 4706 2885 4759 ab
2913 4707 3030 4760 aliis
3055 4707 3143 4776 qui
3174 4707 3272 4761 hac
3297 4709 3486 4762 techna
3502 4707 3674 4781 Chry-

2093 4799 2318 4854 sostomi
2366 4814 2500 4854 nova
2542 4813 2706 4867 opera
2746 4797 3124 4865 venditabant,
3157 4813 3224 4853 ne
3265 4798 3386 4863 illa,
3421 4799 3676 4868 inquam.

2094 4899 2424 4959 repetantur,
2460 4906 2563 4944 neu
2603 4890 2686 4944 bis
2725 4898 2873 4944 terve
2909 4888 3093 4942 eadem
3127 4889 3420 4959 prodeant,
3449 4892 3594 4961 quod
3617 4901 3674 4947 et

2093 4983 2234 5054 apud
2255 4983 2694 5053 Chrysostomum
2720 4991 2773 5036 ct
2795 4979 2935 5050 apud
2965 4981 3100 5035 alios
3125 4975 3345 5036 sanctos
3358 4979 3546 5039 Patres
3569 4999 3674 5038 non

2093 5074 2257 5128 semel
2285 5073 2544 5128 accidisse
2568 5073 2953 5142 comperimus.
2982 5071 3080 5125 Est
3113 5073 3274 5125 etiam
3313 5087 3432 5126 cum
3461 5074 3678 5130 mutatis

2093 5165 2360 5234 prioribus
2378 5163 2608 5218 homilia:
2629 5177 2724 5217 seu
2749 5163 2923 5218 verbis
2945 5177 3035 5216 seu
3060 5163 3311 5232 periodis,
3337 5179 3455 5232 qure
3475 5166 3673 5221 emdem

2093 5257 2311 5309 omnino
2338 5263 2463 5308 sunt
2486 5254 2773 5309 conciones
2794 5296 2808 5315 ,
2850 5269 2946 5323 pro
2971 5255 3092 5308 aliis
3133 5264 3188 5308 et
3215 5255 3440 5309 diversis
3469 5258 3673 5313 haben-

2093 5355 2222 5400 tur:
2254 5347 2501 5399 nimirum
2531 5345 2730 5415 decipit
2771 5347 2918 5400 frons
2967 5346 3137 5415 prima
3183 5347 3414 5414 multos,
3453 5358 3510 5402 et
3551 5365 3672 5404 cutn

2091 5438 2352 5508 principia
2375 5438 2615 5502 variant,
2645 5437 2712 5492 de
2740 5437 2948 5491 caeteris
2984 5447 3039 5490 ut
3080 5437 3362 5505 plurimum
3393 5452 3496 5492 non
3525 5455 3670 5509 qute-
3697 5452 3708 5474 '-

2093 5529 2228 5584 ritur
2255 5545 2321 5583 an
2350 5529 2536 5584 eadem
2564 5545 2630 5582 an
2659 5529 2867 5584 diversa
2894 5530 3016 5582 sint.
3047 5528 3182 5582 Rem.
3208 5529 3435 5584 similem
3467 5532 3671 5600 experti

2092 5635 2278 5674 sumus
2319 5621 2370 5674 in
2418 5620 2644 5674 llomilia
2685 5619 2750 5674 de
2779 5619 2949 5674 Natali
2987 5619 3223 5686 Christi,
3264 5621 3416 5689 cujus
3464 5621 3669 5678 initium

2094 5710 2392 5781 Mysterium
2413 5725 2591 5764 nouum
2620 5719 2667 5764 et
2689 5710 3004 5764 admirabile.
3034 5709 3122 5764 illa
3155 5711 3295 5765 enim
3325 5712 3376 5766 in
3399 5713 3670 5771 codicibus

2094 5802 2360 5857 nonnullis
2403 5804 2508 5856 alio
2547 5803 2810 5872 principio
2842 5803 3095 5858 instructa
3135 5813 3257 5858 est:
3290 5803 3416 5874 quid
3443 5818 3584 5876 quoa
3616 5807 3670 5863 in

2098 5893 2215 5950 aliis
2257 5893 2527 5950 codicibus
2563 5892 2838 5950 Athanasii
2878 5892 3277 5966 Archiepiscopi
3325 5895 3671 5953 Alexandrini
