4114 6392
423 370 513 414 Im
1846 348 2225 410 PREFATIO.
3359 415 3362 419 _
3615 365 3702 409 IN

421 485 614 526 nomen
662 470 909 542 praefert,
956 469 1136 527 multis
1181 478 1312 541 post
1341 470 1548 526 initium
1579 470 1918 525 commutatis
1949 477 2002 522 et

418 562 632 616 aliunde
661 562 931 617 corrasis-?
951 562 1080 616 Eam
1111 576 1270 630 porro
1288 561 1520 616 Savilius
1548 569 1697 630 putat
1724 574 1782 614 se
1816 559 2006 628 legisse

416 649 1170 713 admixtamaltericoncioni.
1193 669 1288 708 nec
1309 654 1544 722 assignat
1567 654 1738 706 locum
1767 669 1780 706 :
1806 651 2007 706 Fronto

416 753 596 798 autem
630 745 854 799 Ducacus
901 745 1037 798 inter
1080 745 1265 814 spuria
1298 745 1581 812 ablegavit.
1630 744 1697 797 lis
1745 742 2001 812 permoti,

416 838 538 906 quia
561 837 719 892 nobis
744 837 977 906 suspicio
1003 846 1085 890 est
1111 851 1229 890 eam
1261 852 1289 888 a
1319 836 1551 890 librariis
1577 836 1660 890 vel
1687 843 2000 889 temeratam

416 929 620 991 fuisse,
663 928 749 982 vel
790 943 866 983 εχ»
890 928 1023 982 locis
1053 927 1300 982 alicunde
1339 927 1606 995 excerptis
1651 925 1962 980 adornatam
1986 965 2000 990 ,

418 1036 540 1074 cum
571 1019 804 1074 nondum
834 1019 961 1090 quid
989 1020 1130 1074 circa
1168 1019 1312 1073 illam
1339 1031 1516 1072 actum
1542 1019 1611 1072 sit
1638 1018 1768 1072 satis
1804 1017 2005 1072 intelli-

414 1127 639 1183 gamus,
671 1114 723 1166 in
764 1121 1076 1183 sequentem
1125 1122 1324 1166 tomum
1370 1111 1746 1166 reservandam
1790 1111 2005 1166 censui-

417 1218 559 1270 mus,
593 1214 742 1258 extra
777 1204 1048 1274 proprium
1074 1204 1280 1258 scilicet
1309 1205 1480 1257 locum
1503 1245 1516 1268 ,
1551 1218 1617 1257 ne
1657 1211 2002 1272 posteaquam

415 1296 560 1349 illam
590 1295 966 1358 edidissemus,
997 1310 1062 1350 ex
1091 1294 1302 1349 assidua
1332 1295 1646 1349 tractatione
1673 1293 1871 1364 aliquid
1893 1293 2003 1347 im-

415 1395 719 1456 portaretur
749 1387 894 1440 novi.
920 1387 1161 1440 l‘rol’ecto
1185 1396 1438 1457 quantum
1469 1385 1644 1439 fucum
1673 1385 1897 1440 fecerint
1920 1394 2000 1440 te—

413 1478 631 1532 merarii
675 1479 750 1532 illi
789 1488 883 1532 aut
910 1478 1247 1548 bibliopolae,
1288 1488 1378 1531 aut
1407 1477 1633 1533 Grmculi
1678 1478 1997 1547 scriptores,

423 1569 514 1622 vix
563 1570 828 1640 quispiam
877 1569 1065 1623 credat
1111 1568 1212 1622 nisi
1257 1578 1560 1638 eXpertus:
1596 1566 1999 1632 homilia,verbi

411 1677 596 1724 causa,
614 1661 665 1714 in
687 1661 1186 1727 Annuntiationem,
1206 1675 1324 1730 qua:
1351 1664 1402 1712 in
1434 1658 1668 1714 secundo
1690 1667 1834 1712 tomo
1862 1658 2001 1712 inter

413 1753 591 1823 spuria
620 1753 790 1807 locmn
820 1752 994 1816 habet,
1024 1753 1279 1822 cujusque
1303 1752 1508 1805 mitium
1539 1760 1621 1805 est
1650 1749 1848 1804 Rursus
1872 1749 2001 1803 [ceti-

415 1846 499 1898 tia?
517 1846 643 1916 felix
669 1845 899 1911 nuntius,
924 1845 975 1898 in
1004 1860 1108 1898 non
1137 1844 1317 1914 paucis
1345 1843 1617 1897 codicibus
1631 1842 1998 1913 Chrysostomi

412 1954 607 1992 nomen
626 1937 837 2007 prml'ert
856 1955 870 1997 ;
890 1937 941 1991 in
961 1938 1078 1992 aliis
1093 1937 1351 2007 Gregorio
1364 1936 1778 1991 Neocaesariensi
1798 1935 2000 1990 adscri-

413 2028 574 2094 bitur,
607 2039 766 2099 atque
793 2029 914 2083 ideo
940 2030 1077 2084 inter
1101 2029 1341 2098 Gregorii
1369 2029 1813 2084 Neocaesariensis
1834 2043 1998 2098 Opera

408 2118 552 2173 edita
579 2119 694 2174 fuit.
721 2120 920 2174 Eadem
951 2135 1101 2181 vero,
1134 2129 1192 2174 ut
1218 2135 1387 2188 nuper
1414 2121 1792 2189 comperimus,
1822 2121 1874 2174 in
1900 2135 1994 2174 co-

406 2210 526 2266 dice
555 2210 655 2265 l06
683 2211 1018 2267 bibliotheca:
1033 2210 1395 2278 Coislinianzc,
1421 2212 1472 2264 in
1498 2211 1672 2265 indice
1697 2211 1905 2266 scilicet
1924 2211 1993 2266 ad

406 2305 638 2359 frontem
679 2305 797 2359 libri
836 2307 1043 2374 posito,
1086 2305 1299 2358 Macarii
1345 2303 1830 2372 Philadelphiensis
1872 2319 1995 2359 esse

408 2394 624 2450 dicitur.
657 2395 773 2449 .lam
817 2396 986 2450 tribus
1023 2395 1344 2466 adscriptam
1390 2396 1696 2450 auctoribus
1727 2411 1883 2449 unam
1915 2396 1996 2449 iu-

405 2486 649 2541 venimus
671 2485 968 2554 homiliam,
997 2485 1242 2556 forteque
1263 2487 1314 2540 in
1336 2487 1452 2542 dies
1472 2495 1692 2558 quartus
1711 2488 1994 2556 quintusve

406 2577 644 2646 ejusdem
672 2587 859 2633 auctor
886 2588 1144 2648 emerget.
1181 2577 1246 2634 Ut
1285 2579 1446 2647 igitur
1479 2587 1594 2632 tuto
1631 2577 1684 2632 in
1715 2577 1817 2632 hac
1849 2585 1991 2632 tanta

404 2670 721 2740 supellectili
765 2671 942 2724 omnia
971 2669 1348 2740 disponantur,
1379 2671 1592 2725 nonnisi
1624 2678 1745 2740 post
1773 2684 1990 2724 accura-

405 2773 512 2816 tam
543 2762 986 2832 perquisitionem
1009 2761 1124 2816 haec
1153 2777 1289 2816 nova
1318 2771 1373 2816 et
1409 2775 1598 2816 recens
1628 2769 1779 2816 eruta
1812 2763 1862 2814 in
1889 2776 1989 2830 pu-

404 2853 600 2908 blicum
644 2852 961 2908 efferimus:
996 2867 1166 2922 eoque
1211 2852 1437 2906 consilio
1491 2867 1686 2921 paucas
1737 2851 1990 2906 homilias

403 2943 691 3000 auecdotas
731 2945 782 2998 in
825 2943 1032 2997 duobus
1063 2944 1329 3012 prioribus
1375 2943 1535 2996 tomis
1564 2942 1787 3009 damus;
1821 2950 1879 2997 ut
1920 2957 1986 2998 ex

401 3034 711 3102 Quotidiano
736 3049 835 3087 usu
865 3034 989 3104 quid
1035 3033 1104 3088 de
1147 3033 1266 3088 aliis
1308 3034 1636 3089 censendum
1675 3035 1743 3088 sit
1783 3035 1989 3088 cautius

403 3135 681 3180 statuatur.
711 3125 944 3180 Caeteras
986 3125 1040 3179 in
1074 3125 1424 3195 sequentibus
1467 3127 1626 3179 tomis
1646 3166 1661 3190 ,
1691 3135 1746 3181 et
1769 3126 1985 3196 quidem

402 3217 735 3288 congruenti,
768 3227 1023 3287 quantum
1049 3215 1128 3271 fas
1151 3217 1272 3282 erit,
1301 3217 1488 3272 ordine
1518 3215 1832 3272 locabimus.
1855 3217 1990 3271 Sunt

403 3323 563 3378 porro
590 3310 693 3363 illre
722 3324 914 3379 magno
942 3324 1188 3373 numero,
1211 3309 1451 3378 variique
1473 3309 1792 3379 argumenti.
1819 3306 1996 3362 Caete-

403 3419 520 3457 rum
547 3403 684 3457 iuter
712 3403 828 3456 illas
856 3402 1100 3456 homilias
1121 3418 1152 3456 e
1174 3402 1408 3456 tenebris
1431 3418 1573 3456 nunc
1599 3402 1828 3471 primum
1859 3402 1995 3456 edu-

402 3503 516 3549 ctas
542 3495 832 3564 principem
864 3495 1108 3549 obtinent
1152 3495 1327 3549 locum
1359 3510 1496 3549 unus
1524 3505 1577 3550 et
1615 3496 1826 3566 triginta
1873 3511 1987 3548 ser-

404 3600 592 3641 mones
639 3587 691 3640 in
745 3587 1023 3653 Psalmos,
1068 3587 1159 3657 qui
1209 3587 1263 3640 in
1307 3586 1545 3656 ejusdem
1590 3587 1991 3642 commentariis

405 3677 663 3732 hactenus
689 3678 1151 3745 desiderabantur,
1181 3693 1351 3748 exque
1379 3679 1687 3748 Anglicanis
1716 3678 1988 3732 codicibus

402 3771 538 3824 eruti
563 3779 704 3824 sunt.
735 3771 934 3824 llorum
967 3770 1254 3841 apographi
1295 3779 1497 3841 partem
1513 3771 1673 3826 nobis
1695 3770 1992 3825 transmisit

402 3861 484 3914 vir
532 3861 922 3916 illustrissimus
963 3862 1026 3916 Da
1077 3862 1312 3918 Joannes
1358 3862 1641 3927 Potterus,
1689 3863 1986 3932 Episcopus

401 3953 738 4020 Oxoniensis,
769 3956 1072 4008 mmminus
1096 3954 1397 4008 eruditione
1418 3995 1433 4018 ,
1469 3969 1626 4022 quam
1656 3953 1985 4009 humanitate

402 4045 758 4115 conspicuus,
784 4046 873 4115 qui
914 4046 1095 4099 multis
1141 4045 1540 4114 insignibusque
1578 4044 1828 4115 operibus
1872 4059 1985 4098 rem

400 4135 688 4189 literariam
715 4136 1030 4201 exornavit;
1062 4145 1255 4190 cmtera
1283 4136 1434 4190 brevi
1467 4136 1897 4201 transmissurus,
1928 4145 1988 4190 ut

401 4243 617 4299 sperare
638 4228 808 4298 jubet.
839 4229 964 4283 llam
993 4245 1121 4284 sane
1159 4238 1303 4283 tanta
1334 4229 1731 4284 commentariis
1757 4228 1818 4282 in
1841 4228 1988 4282 Psal-

401 4335 519 4377 mos
557 4322 796 4376 accessio
829 4338 1070 4391 magnam
1100 4323 1175 4377 rei
1203 4322 1592 4377 Ecclesiasticm
1633 4321 1996 4390 literarimque

400 4411 650 4469 studiosis
682 4413 916 4467 lmtitiam
947 4415 1117 4482 pariat
1145 4423 1375 4482 Oportet.

403 4522 435 4595 ς
465 4523 623 4578 νιρ-
653 4522 727 4578 De
756 4525 944 4596 ingenti
981 4542 1187 4595 Operam
1227 4543 1462 4591 numero,
1491 4542 1606 4597 qua:
1640 4525 1983 4596 C/u'ysostomi

913 4634 1094 4672 nomen
1121 4619 1476 4671 ementiuntur.

469 4731 528 4785 In
557 4732 644 4785 illa
668 4745 799 4786 vero
829 4739 972 4786 tanta
1003 4730 1386 4787 anecdotorum
1418 4730 1570 4801 sylva
1589 4770 1605 4796 ,
1632 4730 1814 4799 Spuria
1848 4730 1985 4784 bene

398 4824 564 4877 multa
594 4825 948 4893 reperiuntur.
973 4823 1102 4876 Nam
1131 4823 1395 4878 innumeri
1424 4838 1557 4892 pene
1587 4821 1838 4884 Graeculi,
1877 4837 1984 4877 non

398 4914 612 4985 ingenio
642 4917 818 4970 minus
841 4957 856 4981 ,
884 4932 1042 4986 quam
1073 4926 1228 4971 aelate
1255 4916 1494 4986 dispares
1513 4957 1527 4980 ,
1565 4931 1686 4970 cum
1719 4931 1817 4971 nec
1847 4915 1984 4971 fama

397 5006 803 5060 celebrarentur
843 5022 942 5061 nec
981 5017 1166 5076 suapte
1209 5023 1373 5076 Opera
1413 5022 1606 5062 nomen
1649 5008 1750 5062 sibi
1793 5023 1984 5078 parcre

399 5111 556 5164 posse
584 5099 930 5164 confiderent,
957 5110 1196 5154 mutuato
1221 5099 1590 5172 Chrysostonti
1619 5102 1856 5162 nomine,
1883 5101 1983 5154 ali-

398 5202 555 5258 quam
585 5192 869 5259 sperabant
908 5194 1118 5261 scriptis
1158 5193 1268 5246 suis
1295 5192 1451 5262 adjici
1478 5192 1828 5263 dignitatem;
1860 5192 1984 5248 hinc

400 5279 592 5334 accidit
635 5290 692 5334 ut
735 5281 1046 5352 plerumque
1091 5283 1461 5352 imperitorum
1506 5283 1781 5338 hominum
1829 5286 1985 5354 nugis

336 5363 340 5367 ’
402 5371 540 5428 male
566 5384 755 5428 auctus
786 5375 856 5429 sit
885 5385 991 5429 tam
1019 5377 1218 5444 peritus
1241 5376 1452 5432 artifex.
1479 5377 1593 5433 Non
1623 5378 1739 5434 lucc
1757 5394 1861 5432 una
1887 5378 1986 5433 fuit

404 5475 512 5519 tam
541 5465 788 5520 immanis
814 5468 1139 5523 accessionis
1171 5485 1330 5524 causa
1354 5488 1368 5524 :
1398 5469 1658 5539 siquidem
1683 5471 1986 5541 bibliopolae

403 5564 639 5621 veteres,
672 5566 732 5609 ut
757 5557 921 5612 libros
940 5559 1102 5628 pluris
1121 5559 1434 5626 venderent,
1456 5561 1734 5630 praemisso
1758 5563 1985 5616 ementi-

401 5657 560 5716 toque
579 5647 944 5719 Chrysoslomi
974 5652 1209 5718 nomine,
1229 5661 1502 5722 emptores
1519 5653 1619 5708 hac
1644 5663 1759 5707 arte
1779 5653 1983 5709 allicie-

401 5736 546 5792 bant.
583 5738 660 5794 Ex
695 5740 798 5796 illis
823 5757 952 5798 vero
976 5745 1171 5813 spttriis
1195 5759 1254 5799 ea
1282 5745 1452 5800 solum
1477 5745 1751 5816 publicare
1773 5747 1982 5801 animus

398 5842 502 5898 est,
525 5846 643 5902 qua:
673 5832 892 5904 alicuius
913 5845 1036 5893 sunt
1065 5838 1322 5897 momenti
1345 5856 1356 5893 :
1379 5849 1572 5896 castora
1593 5849 1776 5897 autem
1803 5841 1980 5902 lllCllla

2116 473 2277 535 atque
2299 459 2487 531 iutilia,
2506 468 2690 534 utpote
2707 461 2863 535 digna
2890 462 3143 529 tenebris,
3167 462 3362 518 intacta
3384 462 3697 520 manebunt.

2112 555 2190 611 Ex
2239 555 2305 609 iis
2343 570 2473 610 vero
2497 555 2693 625 spuriis
2716 595 2730 620 ,
2761 570 2882 624 qua:
2908 554 3138 612 Savilius
3166 565 3222 612 et
3247 555 3446 611 Fronto
3473 555 3698 610 Ducaaus

2106 647 2216 716 jam
2248 647 2442 716 publici
2481 646 2620 716 juris
2646 644 2914 713 fecerant,
2953 646 3154 701 nullum
3186 645 3695 716 prastermittendum

2111 737 2382 803 duximus,
2412 754 2481 793 ne
2510 738 2637 809 quid
2668 739 2720 792 in
2747 738 2982 794 editione
3017 749 3197 793 nostra
3227 737 3519 794 desiderari
3545 738 3697 793 vide-

2111 839 2261 884 retur
2286 846 2298 884 :
2328 832 2540 885 tametsi
2572 831 2711 885 inter
2740 829 2849 894 illa,
2882 829 3107 899 plurima
3134 839 3283 884 certe
3308 839 3437 884 sunt
3459 830 3579 884 luce
3608 829 3696 884 in-

2111 918 2290 990 digna,
2319 937 2438 990 qua:
2465 935 2626 976 nemo
2652 936 2814 976 sanus
2839 922 2956 976 sine
2990 921 3268 977 stomacho
3295 921 3474 991 legere
3503 922 3693 993 possit.

2109 1010 2220 1066 Nec
2245 1012 2392 1066 venit
2418 1013 2472 1066 in
2502 1020 2736 1068 mentem
2761 1028 2858 1068 cur
2896 1011 3161 1079 Savilius,
3205 1012 3294 1083 qui
3343 1012 3507 1067 multa
3545 1013 3694 1082 ejus-

2109 1107 2252 1162 modi
2276 1106 2447 1162 futilia
2471 1109 2758 1178 opuscula,
2787 1123 3013 1178 quorum
3035 1107 3333 1178 catalognm
3354 1107 3468 1176 ipse
3495 1106 3692 1173 texuit,

2108 1213 2168 1253 se
2209 1200 2454 1254 consulto
2483 1201 2658 1254 missa
2688 1200 2878 1255 fecisse
2908 1198 3208 1268 profitetur,
3239 1206 3316 1254 tot
3337 1198 3475 1254 alias
3505 1197 3696 1266 hujus-

2107 1291 2252 1345 medi
2277 1306 2482 1346 merces
2512 1291 2665 1346 nobis
2681 1290 2954 1358 obtulerit,
2979 1306 3113 1360 quas
3129 1304 3258 1345 sane
3273 1288 3488 1345 aeternis
3503 1288 3694 1359 dignas

2107 1396 2226 1436 esse
2259 1382 2497 1437 tenebris
2526 1397 2683 1437 nemo
2714 1397 2826 1436 non-
2852 1381 3094 1437 fateatur.
3119 1382 3176 1436 ld
3203 1381 3341 1436 haud
3371 1381 3532 1437 dubie
3552 1381 3696 1435 acci-

2106 1470 2206 1538 dit,
2235 1473 2356 1542 quia
2384 1472 2436 1527 in
2467 1481 2618 1526 tanta.
2639 1487 2860 1542 operum
2897 1472 3042 1544 sylva
3063 1512 3078 1537 ,
3117 1472 3173 1526 in
3202 1480 3360 1526 tanto
3389 1471 3690 1526 orationum

2105 1559 2356 1629 decursu,
2380 1578 2485 1617 non
2511 1579 2604 1633 par
2625 1577 2836 1632 semper
2855 1573 2937 1617 est
2956 1565 3165 1617 animus
3190 1577 3364 1632 neque
3384 1561 3522 1617 idem
3540 1577 3693 1618 men-

2106 1653 2174 1706 tis
2217 1652 2510 1723 judiciique
2553 1655 2710 1709 situs.
2749 1654 2932 1724 Neque
2960 1655 3089 1709 satis
3123 1653 3408 1710 habuimus
3447 1653 3629 1724 spuria
3659 1671 3692 1709 a

2103 1745 2374 1813 germanis
2395 1747 2761 1815 segregavisse
2781 1762 2794 1809 ;
2819 1745 2885 1800 ad
2903 1745 3157 1815 majorem
3180 1747 3374 1814 quippe
3393 1745 3693 1800 distinctio-

2103 1849 2226 1889 nem
2253 1835 2342 1888 illa
2368 1835 2433 1890 ad
2465 1836 2626 1890 ﬁnem
2655 1835 2916 1906 cujusque
2933 1835 3217 1891 voluminis
3241 1836 3608 1906 ablegavimus
3627 1850 3691 1890 ac

2102 1927 2390 1983 minutiore
2416 1927 2728 1983 charactere
2756 1927 2842 1982 edi
2869 1929 3171 1982 curavimus
3191 1969 3206 1993 ,
3231 1927 3408 1982 habita
3431 1936 3687 1996 quantum

2103 2019 2252 2074 licuit
2289 2021 2588 2090 argumenti
2621 2021 2863 2077 ratione:
2896 2034 3000 2074 non
3031 2020 3173 2075 enim
3210 2034 3423 2088 semper
3461 2034 3523 2074 ea
3567 2035 3688 2089 quae

2102 2128 2206 2166 una
2244 2112 2384 2167 serie
2412 2113 2653 2182 ponenda
2688 2111 3005 2166 videbantur
3033 2112 3222 2166 eodem
3255 2112 3306 2164 in
3333 2119 3478 2164 tonio
3508 2110 3690 2170 locare

2103 2206 2392 2273 potuimus,
2421 2221 2488 2260 ne
2515 2206 2674 2259 nimia
2702 2203 2841 2259 foret
2859 2205 3141 2258 voluminis
3159 2204 3343 2258 moles.
3366 2203 3532 2258 Dubia
3559 2218 3687 2258 vero

2100 2311 2286 2366 opera,
2311 2313 2430 2367 qua:
2459 2313 2561 2351 non
2587 2312 2749 2366 parvo
2774 2303 2898 2350 sunt
2925 2311 3177 2360 numero,
3200 2294 3265 2350 ad
3293 2295 3493 2352 calcem
3513 2294 3687 2366 gemi-

2099 2402 2293 2442 norum
2316 2388 2502 2442 eadem
2531 2386 2854 2442 characteris
2881 2387 3049 2441 forma
3078 2386 3371 2456 posuimus,
3394 2386 3686 2456 praemissis

2098 2481 2558 2536 admonitionibus
2583 2489 2638 2536 et
2671 2480 2848 2535 allatis
2873 2477 3149 2534 dubitandi
3176 2479 3372 2534 causis.

2101 2609 2129 2681 §
2157 2610 2426 2667 Vll.—De
2450 2612 2602 2667 uariis
2627 2610 2920 2665 lectionibus
2943 2619 3092 2678 atque
3113 2610 3266 2675 notis,
3284 2607 3440 2678 deque
3459 2606 3679 2670 monitis,

2396 2719 2509 2775 qua:
2527 2705 2593 2757 ad
2620 2703 2823 2774 singula
2847 2718 3000 2782 opera
3027 2700 3378 2772 prcemisimus.

2171 2813 2358 2869 Varias
2387 2814 2646 2870 lectiones
2674 2829 2739 2868 ex
2768 2813 3142 2882 manuscriptis
3168 2819 3349 2866 erutas
3378 2811 3430 2866 in
3459 2811 3683 2882 ima‘pa-

2095 2905 2217 2974 gina
2245 2905 2521 2973 posuimus
2546 2920 2638 2960 eas
2668 2904 2866 2969 solum,
2893 2920 3012 2975 quae
3035 2905 3262 2972 alicujus
3283 2903 3538 2958 momenti
3559 2918 3682 2959 esse

2094 2997 2412 3052 videbantur
2436 3017 2450 3054 :
2474 3013 2630 3063 nam,
2651 2999 2696 3053 si
2723 3011 2912 3053 omnes
2933 2998 3048 3053 sine
3068 2997 3292 3052 delectu.
3304 2996 3681 3062 edidissemus,

2101 3090 2154 3144 in
2186 3091 2405 3145 nimiam
2436 3092 2630 3146 molem
2657 3092 2804 3145 nullo
2830 3107 3007 3160 operae
3034 3091 3206 3160 pretio
3235 3089 3494 3146 crevisset
3520 3104 3675 3160 opus,

2093 3183 2235 3252 quod
2260 3185 2371 3252 jam
2396 3184 2642 3254 quemvis
2670 3184 2988 3253 scriptorem
3013 3182 3257 3238 Grmcum
3278 3182 3419 3237 mole
3439 3190 3677 3252 superat.

2093 3272 2254 3328 Notas
2279 3274 2525 3343 ponimus
2553 3273 2745 3329 breves
2765 3315 2780 3340 ,
2807 3273 2894 3329 ubi
2925 3288 3145 3328 necesse
3171 3273 3414 3328 ducimus
3439 3287 3560 3329 esse
3588 3291 3601 3326 :
3633 3274 3679 3328 si

2092 3381 2195 3436 qua
2227 3381 2355 3422 vero
2395 3366 2654 3437 majorem
2685 3366 2967 3436 requirunt
3012 3364 3470 3436 disquisitionem,
3512 3380 3574 3420 ea
3613 3365 3682 3419 ad

2093 3458 2344 3511 trutinam
2377 3458 2752 3513 examinantur
2781 3458 2832 3511 in
2863 3457 3114 3523 monitis,
3143 3472 3262 3526 qua:
3297 3457 3348 3510 in
3380 3455 3552 3510 fronte
3579 3471 3676 3510 cu-

2087 3547 2283 3618 jusque
2313 3547 2432 3602 libri
2460 3548 2544 3602 vel
2575 3548 2807 3602 homilite
2837 3548 3269 3617 prmmittuntur:
3297 3561 3359 3602 re
3394 3554 3570 3600 tamen
3601 3547 3678 3601 sic

2093 3648 2382 3710 temperata
2402 3682 2417 3706 ,
2449 3649 2510 3695 ut
2536 3656 2657 3696 cum
2688 3641 2869 3710 plures
2894 3641 3135 3710 ejusdem
3172 3639 3470 3709 argumenti
3504 3641 3680 3693 couti-

2092 3744 2195 3783 nua
2224 3731 2362 3784 serie
2390 3739 2659 3799 ponuntur
2685 3733 2989 3794 orationes,
3023 3746 3184 3784 unum
3217 3745 3313 3799 pro
3338 3730 3402 3783 iis
3429 3731 3678 3785 omnibus

2092 3829 2146 3872 et
2189 3819 2413 3889 singulis
2443 3821 2700 3875 monitum
2742 3821 2794 3875 in
2839 3821 3016 3875 fronte
3061 3822 3255 3891 prioris
3294 3821 3518 3876 locetur.
3547 3821 3677 3886 Quze

2091 3909 2305 3978 quidem
2334 3911 2534 3964 monita
2555 3911 2764 3977 lectori,
2793 3919 2852 3964 ut
2876 3927 3057 3980 spero,
3085 3926 3185 3964 nec
3207 3912 3411 3980 ingrata
3450 3925 3549 3964 nec
3585 3911 3670 3964 in-

2094 3999 2241 4053 utilia
2281 3999 2456 4054 fulura
2486 4011 2631 4056 sunt.
2660 4002 2879 4056 Multum
2906 4001 3049 4057 enim
3087 4001 3239 4071 juvat
3263 4001 3330 4054 ad
3373 4001 3676 4072 intelligen-

2093 4091 2219 4144 tiam
2251 4091 2483 4147 bomilia:
2528 4094 2610 4148 vel
2655 4092 2948 4158 orationis,
2994 4093 3038 4147 si
3085 4108 3190 4163 qua
3233 4094 3533 4159 occasione,
3573 4109 3680 4163 quo

2092 4193 2334 4256 tempore
2356 4228 2372 4251 ,
2415 4201 2442 4239 a
2487 4187 2682 4258 quibus
2723 4187 2968 4242 inductus
2991 4197 3172 4242 orator
3195 4201 3254 4241 ca
3283 4186 3349 4240 de
3375 4201 3436 4241 re
3463 4186 3680 4240 concio-

2092 4293 2214 4332 nem
2262 4279 2534 4346 habuerit,
2581 4280 2748 4333 lector
2771 4278 3085 4334 edidicerit:
3115 4285 3169 4332 et
3197 4277 3241 4333 si
3269 4292 3386 4347 quae
3417 4277 3680 4348 legentem

2092 4370 2291 4423 morari
2317 4378 2604 4439 poterant,
2633 4378 2917 4440 antequam
2950 4369 3108 4424 lectio
3137 4367 3379 4437 adeatur,
3410 4367 3682 4438 explicen-

2092 4472 2196 4516 tur.
2227 4463 2358 4517 lllud
2386 4478 2514 4517 vero
2540 4462 2806 4517 commodi
2833 4462 2888 4516 in
2921 4462 3071 4532 prius
3099 4461 3255 4516 editis
3285 4475 3505 4529 prorsus
3528 4459 3673 4514 desi-

2090 4556 2398 4610 derabatur.
2427 4556 2484 4611 ln
2509 4555 2657 4610 hisce
2683 4555 2903 4610 monitis
2933 4570 3040 4608 non
3073 4551 3441 4623 infrequentcr
3462 4569 3490 4604 a
3515 4552 3678 4606 Tille-

2090 4649 2278 4703 montii
2333 4648 2597 4702 sententia
2660 4647 3030 4710 dellectimus;
3077 4646 3203 4700 licet
3250 4647 3394 4700 enim
3445 4642 3560 4712 ejus
3607 4644 3676 4698 ad

2090 4738 2369 4794 historiam
2417 4739 2848 4794 Ecclesiasticam
2895 4737 3263 4794 illustrandam
3299 4737 3676 4790 concinnatum

2089 4843 2225 4898 opus
2274 4829 2452 4898 magni
2499 4827 2794 4891 faciamus,
2842 4843 2950 4882 non
2999 4841 3163 4896 pauca
3215 4835 3390 4880 tamen
3437 4834 3593 4890 sunt,
3623 4833 3677 4879 in

2091 4921 2284 4990 quibus
2313 4935 2434 4974 eum
2459 4935 2490 4973 a
2517 4933 2645 4973 vero
2670 4919 2949 4976 aberrasse
2976 4927 3242 4990 putamus.
3266 4915 3427 4971 Certe
3454 4930 3674 4970 accura-

2090 5011 2240 5066 tionc
2290 5010 2380 5065 ille
2418 5025 2481 5064 ac
2523 5009 2795 5080 diligentia
2841 5008 3045 5064 nemini
3085 5007 3330 5062 concedit
3358 5024 3372 5062 :
3399 5007 3580 5062 omnia
3624 5007 3677 5060 in

2091 5102 2323 5156 medium
2355 5101 2532 5167 affert,
2563 5100 2769 5170 singula
2800 5099 3037 5163 discutit,
3075 5097 3209 5154 nihil
3230 5099 3428 5152 omittit
3465 5113 3677 5165 eorum,

2099 5210 2218 5266 quae
2243 5194 2308 5247 ad
2340 5209 2452 5248 rem
2486 5193 2552 5248 de
2576 5208 2679 5264 qua
2703 5193 2878 5263 agitur
2903 5189 3284 5260 explorandam
3313 5188 3623 5255 conferunt;
3645 5205 3678 5244 a

2092 5285 2436 5356 prarjudicata
2466 5285 2717 5354 opinione
2747 5285 2939 5337 mirum
2976 5290 3230 5350 quantum
3263 5285 3331 5334 sit
3355 5280 3582 5335 alienus.
3618 5281 3678 5336 In

2089 5377 2292 5447 judicio
2321 5387 2496 5431 tamen
2522 5374 2744 5430 ferendo
2770 5390 2875 5430 non
2908 5389 3122 5442 semper
3142 5372 3255 5443 pari
3286 5372 3538 5427 felicitate
3557 5387 3681 5442 pro-

2092 5468 2263 5534 cedit;
2297 5466 2391 5522 sed
2421 5479 2544 5522 tunc
2570 5467 2730 5521 etiam
2757 5465 2825 5520 ob
2847 5464 3170 5534 diligentiam
3203 5463 3349 5517 utills
3378 5463 3458 5517 vel
3487 5461 3551 5516 iis
3587 5463 3679 5532 qui

2093 5561 2373 5619 adversam
2416 5567 2632 5616 tuentur
2672 5559 3000 5628 opinionem.
3030 5557 3109 5612 Ad
3142 5559 3256 5612 hmc
3279 5571 3410 5612 vero
3453 5572 3572 5628 qua!
3609 5558 3680 5613 de

2096 5652 2301 5708 Joanne
2322 5651 2710 5723 Chrysostomo
2733 5651 3151 5720 ille'scripserat,
3175 5650 3265 5703 diu
3292 5657 3413 5720 post
3439 5664 3555 5717 ejus
3584 5651 3681 5703 ob-

2093 5749 2223 5805 itum
2254 5755 2381 5803 sunt
2405 5747 2455 5801 in
2487 5747 2658 5803 lucem
2681 5745 2909 5811 emissa;
2942 5761 3038 5798 nec
3061 5744 3231 5814 potttit
3255 5759 3339 5809 ea,
3362 5759 3480 5814 quae
3505 5742 3682 5797 minus

2097 5850 2345 5897 accurate
2373 5841 2545 5911 posita
2571 5849 2723 5897 erant
2742 5879 2758 5910 ,
2788 5838 3173 5911 posterioribus
3202 5837 3343 5892 curis
3369 5836 3590 5892 Sarcira.
