4114 6392
396 356 467 401 IV
1632 339 1696 395 D.
1734 336 1798 393 Β.
1837 334 1930 393 DE
1964 331 2428 394 HONTFAUCON

469 456 656 514 Varias
684 456 942 513 lectiones
969 463 1025 511 et
1048 461 1203 512 notas
1232 452 1447 510 Henrici
1474 451 1655 509 Savilii
1675 461 1731 509 et
1753 449 1984 507 Fronto-

398 553 483 607 nis
521 550 707 607 Ductei
743 564 853 606 non
895 549 1132 619 integras
1174 546 1402 603 damus:
1431 561 1556 601 nam
1599 560 1667 601 ex
1702 544 1987 602 Saviliaais

398 646 541 700 notis
569 643 749 699 multa:
775 642 962 698 Grteca
990 640 1290 713 respiciunt
1315 637 1690 705 restaurando,
1718 652 1838 709 quae
1863 651 1987 692 cum

398 738 465 793 ad
492 736 652 793 fidem
680 734 1167 806 manuscriptorum
1191 732 1303 804 jam
1326 748 1355 788 a
1378 731 1534 789 nobis
1556 731 1836 788 emendata
1866 730 1987 786 fue-

397 831 525 896 rint,
554 843 812 901 quorsum
840 827 946 882 illae.
975 836 1139 895 notae,
1162 826 1266 881 nisi
1294 834 1350 880 ut
1374 825 1485 897 jam
1509 833 1686 880 aetum
1721 821 1984 895 agendum

398 938 520 979 esse
547 921 838 978 moneant?
860 920 1012 977 Nota:
1036 936 1170 977 vero
1192 919 1571 975 Frontoniaate
1601 918 1704 973 ilhe
1724 960 1739 982 ,
1771 933 1891 986 quae
1919 916 1988 973 de

398 1013 713 1086 corrigenda
737 1014 1178 1084 interpretatione
1201 1011 1389 1068 Latina
1405 1012 1573 1068 veteri
1595 1012 1821 1082 agebant
1840 1012 1989 1079 (sunt

397 1115 579 1163 autem
619 1105 822 1163 eaadem
848 1106 981 1176 ipsa:
1014 1120 1240 1160 numero
1269 1104 1500 1172 multat),
1524 1104 1633 1172 jam
1663 1117 1885 1174 prorsus
1905 1103 1986 1156 in-

398 1202 560 1256 utiles
587 1208 787 1267 essent,
806 1199 1021 1271 quando
1041 1213 1105 1254 ea
1133 1199 1220 1255 vel
1236 1196 1516 1255 emendata
1544 1198 1660 1262 fuit,
1687 1197 1767 1253 vel
1791 1196 1987 1267 rejecta

399 1307 556 1347 nova:
582 1291 1011 1362 interpretationi
1039 1291 1217 1346 locum
1244 1290 1412 1346 dedit.
1442 1290 1588 1344 Alias
1613 1291 1736 1345 item
1762 1289 1991 1344 Fronto-

399 1383 484 1438 nis
512 1382 691 1436 Dueaei
718 1390 894 1450 notas,
922 1381 974 1436 in
1002 1381 1196 1452 quibus
1218 1381 1363 1436 varia
1390 1380 1754 1451 Chrysostomi
1783 1381 1898 1436 loca
1919 1380 1987 1435 ad

400 1472 541 1529 idem
561 1483 935 1543 argumentum
952 1473 1249 1544 spectantia
1269 1473 1531 1544 congerit,
1555 1474 1784 1543 exempli
1802 1487 1984 1538 causa,

399 1577 522 1619 cum
546 1564 614 1619 de
628 1563 857 1635 jejunio,
881 1563 1334 1631 de'matrimonio,
1362 1565 1429 1619 de
1450 1564 1749 1619 humilitate
1776 1564 1985 1634 agitur:

401 1655 538 1721 illas,
560 1656 799 1726 inquam,
823 1664 982 1711 notas
1016 1654 1219 1726 pariter
1253 1657 1732 1727 praetermisimus:
1762 1664 1987 1724 quanta-

400 1762 631 1819 cumque
671 1748 814 1804 enim
846 1747 1152 1818 hujusmodi
1200 1747 1358 1802 simul
1400 1759 1685 1817 ponantur,
1731 1747 1782 1801 id
1830 1762 1990 1801 num-

399 1854 560 1910 quam
588 1848 733 1895 tanta
763 1839 1103 1896 accuratioue
1140 1839 1498 1909 praestabitur,
1522 1848 1718 1909 quanta
1740 1839 1790 1892 in
1811 1836 1991 1894 Indice

400 1930 666 2000 generali,
700 1929 789 1986 ubi
816 1932 996 1985 omnia
1022 1931 1245 1985 omnino
1275 1930 1391 1985 loca
1422 1930 1490 1985 ad
1529 1930 1667 1985 idem
1706 1945 1992 2001 argumen-

402 2030 517 2074 tum
548 2020 869 2089 pertinentia
898 2021 998 2076 sub
1027 2036 1134 2076 uno
1163 2031 1455 2091 conspectu
1499 2021 1837 2077 locabuntur.
1863 2022 1994 2076 Bre-

400 2111 584 2167 vitatis
616 2111 777 2183 igitur
803 2127 964 2167 causa
987 2124 1142 2169 notas
1165 2112 1347 2169 Savilii
1382 2124 1435 2168 et
1464 2112 1752 2168 Frontonis
1776 2113 1985 2184 delegi-

402 2212 630 2270 mus,et
661 2204 727 2259 ad
763 2205 966 2261 calcem
1003 2206 1263 2277 cujusque
1296 2206 1427 2261 tomi
1466 2205 1740 2275 posuimus
1776 2220 1867 2259 eas
1903 2220 1994 2260 so-

404 2294 549 2363 lum,
576 2310 696 2367 qua:
734 2295 1053 2354 videbantur
1085 2297 1153 2352 ad
1186 2313 1301 2353 rem
1340 2295 1710 2369 explicandam
1733 2304 1992 2367 opportu-

405 2401 490 2441 ΙιῖΕ

401 2532 428 2604 ς
454 2531 590 2589 Vill.
608 2533 771 2590 —De
799 2536 1237 2606 interpretatione
1270 2534 1466 2589 Latina
1497 2550 1716 2605 operum
1743 2535 1983 2606 chryso-

465 2630 644 2683 stomi.
687 2628 1004 2685 Retinenlur
1036 2631 1277 2700 pristinae
1314 2630 1776 2698 interpretationes
1816 2627 1984 2682 variis

465 2719 524 2772 in
569 2720 698 2774 locis
748 2721 1073 2785 emendant;
1113 2720 1236 2775 libri
1291 2728 1498 2774 tantum
1553 2720 1627 2777 De
1676 2720 1986 2777 sacerdotio

467 2824 604 2871 nova
626 2814 864 2868 versione
889 2815 1179 2873 donantur.

462 3022 616 3083 Circa
656 3024 1148 3095 interpretationem
1189 3039 1411 3094 operum
1453 3023 1511 3080 S.
1550 3022 1770 3079 Joannis
1809 3022 1985 3095 Chry-

393 3117 615 3173 sostomi
662 3115 753 3172 diu
796 3115 1101 3183 haerebam,
1148 3123 1202 3170 et
1248 3115 1386 3170 inter
1429 3115 1638 3169 diversa
1689 3114 1983 3170 amicorum

393 3209 614 3265 consilia
655 3207 821 3263 animi
864 3206 1189 3278 pendebam;
1229 3207 1479 3261 volebant
1519 3207 1609 3260 alii
1652 3222 1844 3262 novam
1871 3222 1985 3261 om-

395 3301 541 3356 nium
566 3298 1059 3369 interpretationem
1087 3314 1118 3352 a
1150 3313 1238 3353 me
1270 3296 1557 3364 adornari;
1589 3299 1676 3351 alii
1705 3314 1768 3353 ex
1799 3299 1985 3369 pristi-

393 3393 478 3448 nis
505 3407 701 3463 paucas
724 3391 1049 3454 conservari,
1072 3391 1370 3461 corrigique
1393 3399 1591 3458 tamen,
1613 3392 1781 3447 sicubi
1802 3406 1987 3448 emcn-

393 3483 610 3540 datione
649 3498 784 3554 opus
826 3481 1107 3538 haberent.
1148 3482 1274 3537 llaec
1303 3497 1428 3537 vero
1459 3481 1553 3537 fuit
1590 3497 1804 3553 semper
1839 3484 1987 3539 omni

394 3575 709 3645 exceptione
736 3573 997 3644 majorum
1018 3574 1416 3642 amicorumque
1442 3575 1677 3629 virorum
1700 3577 1983 3644 sententia,

394 3664 572 3721 Caroli
597 3665 811 3737 Cangii,
834 3665 1172 3736 Emericique
1197 3664 1409 3736 Bigotii,
1432 3667 1747 3734 quibuscum
1770 3667 1986 3723 senibus

391 3758 603 3829 juvenis
639 3757 765 3812 olim
795 3757 1071 3825 versabar,
1102 3766 1159 3811 ut
1186 3772 1253 3813 ne
1286 3759 1506 3813 semotis
1543 3758 1869 3813 laudatorum
1900 3759 1987 3813 in-

396 3857 690 3921 terpretum
728 3848 1064 3905 versionibus
1106 3863 1254 3904 meas
1281 3849 1691 3914 substituerem;
1722 3849 1772 3904 id
1815 3851 1987 3919 ipsum

393 3940 663 4012 praecipue
707 3954 803 4010 per
838 3940 1027 3997 literas
1084 3942 1337 3997 monebat
1375 3941 1609 3997 Joannes
1650 3942 1983 4010 Cotelerius,

394 4042 678 4105 antequam
705 4033 1016 4091 Graecorum
1044 4034 1259 4090 Patrum
1294 4034 1617 4091 editionibus
1644 4052 1859 4090 manum
1888 4037 1987 4090 ad-

394 4140 688 4183 moverem.
719 4126 902 4196 Neque
925 4142 1054 4183 vero
1079 4129 1196 4184 sine
1215 4129 1393 4198 aliqua
1417 4130 1730 4184 temeritatis
1756 4140 1879 4185 nota
1901 4146 1987 4185 me

396 4230 768 4288 aggressurum
792 4217 1059 4284 dicebant,
1088 4226 1145 4274 ut
1166 4218 1560 4276 laudatissitnas
1588 4220 1706 4276 illas
1728 4221 1987 4291 interprec

397 4307 627 4363 taliones
649 4308 784 4363 meis
803 4317 1199 4379 postponerem.
1229 4310 1410 4381 Itaque
1433 4327 1535 4365 non
1560 4319 1621 4366 ut
1643 4314 1987 4368 convertendi

396 4397 635 4453 laborem
674 4398 1096 4470 subterfugerem
1141 4400 1277 4472 (non
1320 4402 1464 4457 enim
1504 4404 1675 4458 multo
1700 4405 1876 4458 minus
1914 4404 1991 4459 la-

398 4488 543 4545 boris
568 4490 709 4545 inest
743 4490 798 4545 in
826 4491 1174 4553 emendandis
1211 4493 1279 4548 de
1306 4495 1470 4549 verbo
1497 4493 1564 4549 ad
1597 4496 1813 4550 verbum
1851 4496 1987 4551 alio-

394 4597 516 4638 rum
541 4582 1087 4653 interpretationibus,
1117 4600 1275 4655 quam
1304 4585 1355 4639 in
1384 4586 1534 4641 novis
1555 4587 1986 4658 coneinuandis),

398 4673 495 4730 sed
539 4683 599 4730 ut
637 4674 797 4732 tantis
821 4674 951 4731 viris
978 4690 1181 4732 morem
1210 4691 1452 4747 gererem
1473 4718 1486 4743 ,
1538 4678 1589 4732 in
1633 4678 1735 4735 hoc
1771 4679 1986 4734 demum

399 4766 673 4837 proposito
693 4766 938 4823 substiti:
969 4774 1029 4822 ut
1058 4781 1248 4824 onmes
1268 4783 1482 4838 prorsus
1503 4768 1790 4826 Frontonis
1811 4771 1986 4827 Ducti

399 4857 868 4930 interpretationes
895 4874 1197 4928 servarem,
1227 4860 1327 4915 nisi
1353 4875 1474 4916 cum
1496 4905 1511 4928 ,
1540 4862 1866 4919 variantibus
1892 4879 1987 4920 co-

398 4951 638 5019 dicibus,
669 4953 921 5009 mutanda
958 4952 1119 5009 lectio
1145 4962 1259 5020 est,
1299 4963 1355 5010 et
1383 4955 1751 5025 interpretatio
1777 4974 1988 5027 quoque

401 5048 637 5097 mutetur
666 5049 909 5113 oportet;
941 5044 1028 5098 vel
1064 5057 1184 5098 cum
1215 5044 1317 5099 alia
1342 5046 1673 5101 commodior
1697 5059 1749 5102 et
1787 5047 1989 5105 Grmcis

401 5136 779 5206 eongruentior
800 5152 903 5192 vox
934 5146 1029 5193 aut
1067 5139 1319 5208 periodus
1341 5140 1500 5195 etiam
1543 5142 1722 5196 Latina
1759 5157 1878 5199 sese
1903 5143 1989 5199 of-

401 5222 534 5293 fert;
564 5226 706 5300 quod
729 5228 1092 5299 infrequenter
1113 5231 1330 5288 evenit:
1359 5247 1505 5297 nam,
1530 5233 1711 5302 utjam
1734 5235 1993 5303 diximus,

401 5330 545 5378 mter
593 5322 827 5393 optimos
870 5324 1189 5395 interpretes
1233 5325 1353 5396 jure
1411 5325 1611 5382 Fronto
1653 5340 1984 5384 nmueratnr.

402 5414 611 5471 Erasmi
644 5430 857 5488 quoque
881 5425 938 5472 et
972 5415 1155 5474 Jacobi
1196 5417 1331 5474 Billii
1372 5418 1645 5474 versiones
1673 5419 1787 5488 pari
1828 5420 1991 5475 modo

399 5505 705 5563 retinendas
749 5509 954 5566 censui.
1007 5509 1248 5566 Aliorum
1297 5520 1475 5565 autem
1524 5511 1989 5582 interpretationes

401 5605 495 5653 aut
525 5598 688 5654 variis
717 5598 772 5654 in
811 5599 944 5656 locis
970 5600 1281 5657 emendatas
1321 5602 1664 5670 retinuimus,
1703 5617 1826 5661 cum
1856 5605 1989 5661 satis

400 5701 649 5749 accurate
674 5689 1119 5767 Cbrysostomum'
1153 5708 1396 5753 orantem
1424 5696 1693 5763 referunt,
1721 5702 1804 5755 vel
1832 5715 1987 5769 pror-

403 5797 494 5840 sus
521 5785 803 5855 rejecimus
827 5796 880 5841 et
903 5800 1068 5843 novas
1088 5787 1378 5859 edidimus,
1407 5790 1620 5861 quando
1646 5790 1754 5848 illa:
1778 5801 1986 5852 veteres

3583 362 3677 406 ιη

2095 463 2207 505 non
2250 458 2497 520 poterant
2534 453 2742 511 medica
2778 464 2941 513 manu
2980 457 3049 514 ad
3087 458 3281 518 bonam
3323 463 3683 524 conditionem

2094 541 2356 633 revocari.
2388 543 2535 600 Alias
2596 546 2722 602 item
2751 549 3151 620 paraphrastice
3197 553 3514 626 adornatas,
3561 575 3683 633 quae

2094 632 2254 705 longo
2278 635 2565 693 verborum
2595 639 2858 697 inutilium
2886 643 3110 702 circuitu
3140 647 3405 704 laStidium
3431 632 3680 722 pariunt,

2094 740 2318 797 prorsus
2353 730 2748 802 ablegavimus,
2790 750 3059 809 novasque
3111 742 3431 810 paravimus.
3483 745 3681 816 Hujus-

2095 819 2240 875 modi
2263 830 2386 877 sunt
2413 822 2687 883 Godcl‘ridi
2712 828 2976 885 Tilmanni
3006 842 3060 888 et
3085 835 3308 890 aliorum
3329 839 3680 907 quorumdam

2094 910 2582 987 interpretationes,
2611 935 2731 990 qua:
2759 922 3073 980 redundanti
3104 927 3189 981 illa
3211 928 3500 984 dictionum
3530 935 3681 1004 eopia

2094 1002 2533 1076 Cbrysostomum
2554 1054 2567 1072 .
2595 1011 2686 1081 qui
2718 1014 2892 1081 inopia
2918 1016 3124 1072 dicendi
3155 1035 3440 1089 numquam
3471 1002 3682 1078 labora-

2093 1096 2199 1162 vit,
2228 1097 2591 1156 verbosiorcm
2631 1119 2788 1175 quam
2823 1121 2917 1176 par
2944 1110 3012 1163 sit
3050 1109 3306 1165 referunt.
3339 1113 3458 1169 lllas
3495 1130 3684 1172 ontnes

2094 1189 2360 1245 variorum
2394 1193 2885 1264 interpretationes,
2917 1215 2948 1255 e
2984 1204 3200 1271 regione
3235 1203 3540 1261 Cra-eurum
3565 1207 3683 1261 edi-

2096 1288 2210 1349 tas,
2256 1291 2542 1354 utcumque
2583 1290 2961 1347 etnendaverat
3009 1292 3209 1348 Fronto
3257 1298 3478 1352 Ducieus
3510 1317 3523 1352 :
3553 1314 3684 1370 quas

2094 1389 2213 1429 cum
2257 1380 2337 1433 sic
2358 1380 2518 1434 etiam
2549 1384 2861 1441 emendatas
2905 1403 3009 1442 non
3041 1390 3260 1445 omnino
3285 1393 3565 1461 probaret,
3594 1409 3683 1449 se-

2094 1466 2284 1523 cundis
2308 1471 2451 1525 curis
2482 1472 2673 1529 iterum
2713 1477 2982 1547 corrigere
3024 1480 3075 1534 in
3120 1483 3551 1540 annotationibus
3574 1486 3685 1541 suis

2095 1569 2178 1614 est
2201 1577 2499 1632 aggressus.
2527 1565 2720 1622 Verum
2742 1611 2757 1634 ,
2790 1571 2861 1624 uti
2884 1571 2993 1641 jam
3031 1573 3264 1630 diximus
3283 1618 3297 1640 ,
3326 1592 3508 1632 carum
3539 1595 3684 1649 qute-

2094 1649 2216 1707 dam
2257 1654 2324 1707 ita
2355 1657 2685 1713 concinnatae
2723 1671 2878 1728 sunt,
2927 1673 2984 1718 ut
3007 1667 3097 1720 vix
3134 1683 3196 1722 ac
3238 1684 3306 1724 ne
3344 1671 3428 1724 vix
3469 1670 3685 1740 quidem

2096 1747 2301 1813 possint
2326 1750 2539 1819 corrigi.
2571 1751 2851 1809 Nonnulla:
2879 1773 3038 1821 vero,
3068 1760 3252 1830 quales
3281 1773 3403 1818 sunt
3441 1765 3644 1819 Erasmi
3663 1807 3683 1831 ,

2093 1836 2275 1893 Jacobi
2308 1840 2443 1896 Billii
2465 1885 2477 1904 ,
2510 1842 2760 1901 Germani
2790 1848 2989 1914 Brixii,
3030 1851 3356 1923 Sigismundi
3396 1855 3601 1913 Geleuii
3630 1862 3684 1914 et

2093 1931 2318 1986 aliorum
2347 1950 2451 1990 non
2482 1935 2763 1995 infeliciter
2782 1942 3055 1999 adornatre
3073 1987 3089 2011 ,
3118 1948 3307 2019 corrigi
3342 1960 3595 2018 possunt,
3627 1961 3685 2008 ut

2093 2038 2192 2078 nos
2218 2025 2384 2082 libere
2412 2026 2655 2095 fecimus,
2693 2033 2778 2086 ubi
2808 2050 3026 2091 necesse
3053 2038 3224 2093 visum
3256 2051 3355 2094 est.
3386 2042 3578 2098 Libros
3602 2051 3685 2098 ta-

2094 2131 2214 2171 men
2253 2118 2323 2175 de
2360 2118 2703 2188 Sacerdmio,
2750 2126 2871 2181 licet
2911 2144 2939 2180 a
2975 2128 3242 2187 Germano
3280 2133 3459 2189 Brixio
3500 2135 3685 2193 Latino

2092 2211 2335 2265 Conversi
2364 2223 2573 2280 essent,
2614 2231 2748 2270 nova
2792 2218 3226 2291 interpretatione
3254 2225 3530 2283 donandus
3555 2245 3685 2285 cen-

2093 2300 2330 2367 suimus,
2370 2305 2492 2371 quia
2534 2306 2782 2362 nimirum
2815 2311 2902 2366 ille
2938 2315 3280 2384 paraphrasin
3312 2319 3380 2373 ibi
3411 2320 3518 2375 fere
3542 2335 3686 2377 setti-

2095 2404 2189 2461 per
2214 2393 2514 2463 all'ectavit,
2558 2400 2698 2469 quod
2732 2417 2903 2472 genus
2932 2405 3311 2474 interpretandi
3343 2410 3469 2465 viris
3498 2427 3687 2469 emun-

2092 2490 2192 2538 cte
2228 2487 2374 2541 naris
2411 2487 2698 2545 admodum
2744 2492 3008 2563 diSplicet.
3046 2498 3118 2553 Ea
3160 2515 3319 2569 porro
3345 2517 3556 2573 semper
3590 2504 3685 2562 fuit

2093 2573 2319 2630 instituti
2363 2581 2532 2635 nostri
2565 2584 2737 2651 ratio,
2786 2594 2843 2640 ιιι
2883 2587 3282 2657 interpretando
3320 2594 3545 2649 mediam
3584 2611 3683 2652 ceu

2092 2666 2229 2719 viam
2255 2676 2560 2726 teneremus
2586 2675 2726 2729 inter
2744 2678 3217 2747 parapltrasticam,
3232 2694 3284 2738 et
3314 2687 3592 2755 strigosam
3614 2688 3682 2744 il-

2092 2759 2197 2813 lam
2218 2762 2374 2816 aliam
2391 2804 2407 2829 ,
2431 2779 2551 2835 quae
2580 2764 2767 2824 Graeca
2794 2770 3124 2840 pedetentim
3151 2784 3206 2830 et
3234 2776 3400 2832 nimio
3429 2780 3686 2850 scrupulo

2093 2863 2446 2910 consectatur.

2097 3004 2125 3078 §
2155 3005 2246 3061 IX.
2274 3037 2347 3049 -—
2373 3007 2453 3063 De
2475 3010 2655 3067 ordine
2681 3015 2957 3069 multarum
2984 3017 3114 3072 inter
3139 3035 3195 3073 se
3228 3020 3551 3079 [comitiorum
3567 3026 3685 3096 jam

2757 3109 3006 3165 restituto.

2164 3231 2325 3287 Aliud
2352 3234 2404 3289 in
2447 3235 2549 3292 hac
2585 3237 2821 3295 editione
2850 3243 3196 3311 praestitimus
3233 3262 3338 3302 non
3379 3248 3553 3303 minus
3582 3266 3684 3306 ne~

2089 3327 2402 3393 cessarium,
2437 3345 2533 3384 nec
2556 3335 2730 3385 minus
2751 3333 2815 3386 ad
2841 3333 3279 3406 Chrysostomum
3313 3340 3680 3400 illustrandum

2089 3428 2463 3485 opportunum.
2497 3419 2628 3474 Cum
2661 3438 2851 3493 nempe
2878 3424 3104 3481 Sat-ilius
3137 3437 3189 3483 et
3228 3428 3424 3487 Fron;o
3462 3434 3682 3490 linea-us

2091 3507 2285 3577 ubique
2312 3518 2574 3565 terrarum
2619 3516 2904 3584 perquisita
2934 3516 2988 3572 S.
3019 3517 3254 3574 doetoris
3283 3536 3442 3590 Opera
3470 3524 3681 3581 confer-

2089 3598 2183 3651 tim
2226 3600 2562 3669 aeciperent,
2613 3620 2715 3658 non
2759 3608 2887 3660 satis
2926 3608 3210 3667 advertere
3249 3623 3527 3681 potuerunt
3574 3633 3679 3688 qua

2088 3687 2227 3742 serie
2263 3700 2317 3744 ct
2356 3691 2543 3748 ordine
2577 3696 2755 3748 multm
2785 3695 3017 3753 lmmilise
3058 3699 3293 3757 locanda:
3328 3716 3538 3770 essent;
3584 3687 3680 3762 Sed

2087 3778 2207 3834 illas
2244 3789 2304 3835 ttt
2332 3779 2441 3835 fors
2468 3782 2671 3838 ferebat
2705 3785 2948 3842 locabant
2968 3830 2983 3853 ,
3023 3791 3091 3846 ab
3121 3792 3184 3846 iis
3204 3835 3219 3857 ,
3260 3809 3380 3863 qum.
3409 3811 3511 3849 una
3538 3797 3679 3854 serie

2086 3873 2213 3943 poni
2254 3873 2589 3939 debuerant,
2633 3877 2790 3950 longo
2835 3882 3007 3949 spatio
3048 3883 3361 3953 disjunctas.
3408 3887 3482 3942 Ea
3511 3889 3578 3944 de
3619 3905 3679 3946 re

2084 3978 2216 4018 vero
2243 3964 2315 4018 illi
2342 3966 2629 4036 aliquando
2656 3973 2707 4023 in
2751 3972 2891 4026 notis
2920 3987 3270 4044 monuerunt,
3303 3979 3388 4033 ubi
3418 3991 3677 4036 mutatum

2086 4069 2307 4125 operum
2346 4057 2505 4112 situm
2534 4060 3057 4130 animadverterunt;
3090 4050 3283 4136 saepius
3321 4080 3497 4125 autem
3531 4073 3677 4129 illum

2085 4157 2473 4217 prmposterum
2532 4150 2775 4206 ordinem
2829 4156 3132 4210 nullatenus
3175 4172 3475 4216 seuSerunt.
3529 4163 3675 4219 Illam

2084 4253 2215 4295 vero
2244 4243 2511 4311 propriam
2543 4244 2737 4298 seriem
2768 4263 2871 4300 non
2912 4264 2983 4315 ex
3007 4264 3327 4321 argumento
3356 4264 3556 4310 lantmn
3592 4271 3679 4312 as-

2085 4331 2237 4403 sequi
2282 4347 2595 4402 possumus,
2637 4334 2730 4389 sed
2775 4338 2933 4392 etiam
2986 4340 3291 4405 frequenter
3333 4359 3401 4400 cx
3444 4343 3676 4418 Chryso-

2084 4425 2241 4479 stonti
2268 4426 2559 4493 prooemiis,
2588 4426 2674 4481 ubi
2702 4429 2894 4498 prioris
2922 4431 3152 4486 humilia:
3186 4434 3462 4507 hypotltesi
3491 4451 3549 4492 se
3582 4438 3678 4493 ad-

2085 4513 2192 4570 huc
2220 4515 2271 4570 in
2312 4519 2610 4588 posteriore
2639 4518 2841 4575 haerere
2882 4524 3213 4592 testiﬁcatur,
3244 4528 3325 4581 vel
3355 4529 3512 4583 etiam
3553 4546 3675 4586 cum

2083 4608 2279 4661 multas
2325 4622 2605 4664 enumerat
2629 4622 2778 4667 certo
2805 4613 2993 4670 ordine
3034 4615 3219 4671 eadem
3255 4619 3322 4673 de
3351 4636 3408 4674 re
3444 4622 3671 4677 habitas.

2081 4695 2216 4752 Nam
2252 4698 2390 4753 solet
2419 4700 2509 4756 ille
2538 4713 2906 4772 argumentum
2949 4704 3089 4761 idem
3134 4708 3184 4762 in
3230 4710 3409 4765 multis
3443 4713 3673 4769 ltomiliis

2084 4796 2445 4857 pertractare;
2478 4792 2547 4847 ita
2589 4803 2646 4848 ut
2670 4811 2789 4865 quae
2828 4796 3077 4851 dicuntur
3103 4800 3152 4853 in
3181 4801 3354 4872 aliqua
3383 4806 3668 4873 euncioue,

2081 4894 2202 4934 eum
2233 4892 2489 4952 sequente
2528 4883 2866 4951 cohaereant,
2913 4899 2964 4943 et
2996 4890 3072 4945 sic
3117 4906 3237 4946 cum
3280 4894 3547 4963 plerisme
3579 4910 3672 4965 po-

2081 4973 2397 5028 sterioribus
2426 4977 2574 5045 quasi
2613 4988 2855 5033 catenam
2899 4982 3149 5036 etticiant.
3185 4984 3306 5039 ll:re
3334 4986 3669 5045 heminarum

2082 5066 2415 5133 perturbatio
2439 5069 2577 5137 apud
2603 5069 2854 5126 Samium
2874 5114 2898 5139 ,
2922 5077 3014 5129 Sed
3052 5078 3247 5145 sa-pius
3271 5081 3407 5147 apud
3438 5079 3669 5137 Fronto-

2082 5172 2202 5213 nem
2247 5158 2495 5215 Ducarum
2540 5161 2873 5218 observatur.
2924 5166 3165 5222 llomilia:
3206 5171 3350 5224 verbi
3391 5173 3555 5240 gratia
3601 5172 3669 5229 de

2080 5248 2608 5319 locoinprcltensibiii
2639 5264 2691 5309 et
2717 5270 2901 5311 eontra
2942 5263 3230 5317 ADHIIICBOS
3250 5304 3264 5326 ,
3310 5265 3467 5333 priore
3487 5281 3513 5318 s
3546 5267 3668 5336 qui-

2079 5342 2200 5398 dem
2245 5360 2346 5398 ttna
2389 5353 2444 5401 et
2484 5349 2658 5402 nativa
2700 5351 2837 5405 serie
2877 5363 3165 5421 ponuntur,
3209 5357 3300 5409 sed
3344 5359 3665 5425 posteriores

2078 5433 2348 5491 distracta:
2391 5447 2517 5493 sunt
2558 5451 2613 5494 et
2658 5444 2842 5510 procul
2893 5446 3077 5513 posita:
3125 5448 3175 5501 in
3227 5458 3453 5518 utroque
3494 5450 3660 5506 edito.

2078 5524 2217 5594 Quid
2259 5539 2436 5584 autem
2484 5529 2606 5586 hinc
2648 5531 2952 5590 detrimenti
2997 5548 3232 5609 emergat
3272 5539 3375 5595 hoc
3416 5543 3663 5611 exemplo

2076 5621 2394 5688 comperies.
2437 5620 2681 5680 Halesius
2717 5626 2768 5679 in
2813 5626 2961 5681 Notis
3000 5628 3279 5684 Savilianis
3304 5648 3421 5685 cum
3451 5635 3665 5704 legisset

2078 5708 2359 5766 llomiliam
2388 5713 2454 5769 de
2480 5713 2682 5775 Lazaro
2712 5719 3064 5789 quatriduano
3091 5734 3146 5776 et
3170 5723 3238 5780 de
3262 5726 3456 5782 Christi
3488 5727 3661 5797 preci-

2079 5802 2208 5871 bus,
2249 5820 2365 5876 quae
2409 5806 2546 5865 inter
2586 5810 2703 5867 illas
2732 5817 2914 5869 contra
2945 5816 3231 5874 Anomaeos
3275 5816 3521 5875 homilias
3549 5820 3658 5891 jam
