4114 6392
347 412 457 450 XVII

335 521 474 564 nona
504 514 832 571 numeratur,
860 504 1003 558 illam
1029 502 1418 573 Clirysostomo
1439 498 1761 568 abjudicavit
1785 517 1798 553 :
1828 500 1921 569 qui

334 599 380 653 si
410 611 540 651 mox
563 596 777 666 legisset
804 596 946 649 illam
968 637 983 661 ,
1015 609 1133 664 qua:
1156 593 1264 662 jam
1297 591 1417 646 huic
1446 591 1677 645 eohmret
1696 634 1711 657 ,
1740 600 1929 660 estque

335 702 567 743 numero
591 687 824 750 decima,
870 701 900 740 a
930 686 1019 739 tali
1050 684 1188 738 haud
1229 683 1385 737 dubie
1411 681 1610 752 judicio
1636 681 1927 734 abstinuis-

334 790 438 835 set.
476 779 533 835 In
563 779 663 834 hac
689 780 882 847 quippe
910 777 1224 845 posteriore,
1250 792 1365 844 qua:
1394 775 1523 829 nulli
1553 774 1650 827 fuit
1676 788 1926 842 umquam

334 873 631 941 suSpicioni
665 871 925 932 obnoxia,
968 869 1152 923 eadem
1200 882 1343 934 smpe
1382 868 1573 935 repetit
1610 866 1933 936 (Iltrysosto-

345 979 485 1029 ntus,
517 979 636 1033 qum
659 964 709 1015 iu
740 964 898 1030 priori
927 962 1154 1025 dixerat,
1184 975 1346 1029 squIe
1374 960 1424 1012 itt
1453 958 1536 1011 illa
1565 958 1761 1011 dixiSse
1780 971 1936 1010 eom-

342 1064 628 1112 memorat.
675 1054 867 1107 Verum
914 1054 1033 1122 quia
1083 1052 1227 1121 prior
1274 1062 1416 1105 tomo
1461 1051 1645 1120 quinto
1690 1048 1931 1116 jﬂCt'blll,

344 1147 611 1217 posterior
638 1159 764 1199 vero
792 1154 937 1196 tumo
963 1155 1113 1197 sexto
1146 1152 1261 1211 post
1286 1152 1540 1195 centenas
1569 1142 1732 1193 fertile
1766 1140 1933 1191 inter-

348 1239 569 1307 positus,
595 1252 698 1289 non
726 1235 955 1288 advertit
984 1233 1248 1297 llalesius,
1276 1234 1329 1286 in
1358 1234 1453 1285 hac
1478 1232 1754 1301 posteriori
1786 1231 1934 1299 prio-

348 1328 423 1381 ris
468 1326 794 1381 authenliam
839 1324 1026 1378 asseri.
1053 1325 1106 1376 In
1138 1324 1367 1376 editione
1418 1324 1611 1389 pariter
1657 1320 1941 1373 Frontonis

352 1419 525 1472 Duea-i
572 1418 651 1469 lue
683 1417 915 1468 humilia:
960 1417 1115 1483 longo
1160 1414 1435 1467 intervallo
1474 1412 1754 1480 disjuncta:
1796 1419 1940 1463 sunt.

353 1509 633 1578 Vulgatntn
665 1523 795 1560 sane
837 1516 949 1570 est,
1001 1522 1118 1574 qua‘
1150 1506 1441 1574 peregrinis
1484 1504 1536 1556 in
1579 1503 1711 1557 locis
1737 1510 1945 1556 exstant

354 1602 691 1673 peregrinum
721 1602 902 1665 olere,
932 1609 985 1653 et
1026 1614 1416 1669 quamcumque
1446 1614 1557 1650 rem
1603 1596 1813 1650 nonni~i
1846 1610 1946 1649 suo

357 1692 475 1745 loco
516 1707 640 1745 suas
670 1702 845 1759 partes
874 1690 1093 1758 implere
1134 1704 1308 1757 posse.
1356 1689 1540 1741 Parem
1583 1686 1947 1757 perturbatio-

361 1798 483 1838 nem
506 1784 872 1851 deprehendas
901 1784 950 1836 in
976 1782 1218 1836 llomiliis
1244 1791 1427 1835 contra
1459 1781 1692 1846 Juda'os,
1722 1796 1945 1849 quarum

361 1877 657 1929 secundam
727 1882 783 1927 et
858 1874 1067 1927 tertiam
1115 1873 1299 1942 quinto
1346 1883 1489 1925 tumo
1529 1874 1706 1942 posuit
1748 1872 1948 1925 Fronto

363 1964 620 2029 Βιιαῐιιιε,
649 1979 741 2018 sex
785 1979 914 2018 vero
956 1963 1185 2032 reliquas
1228 1963 1399 2032 primo
1446 1971 1588 2015 tumo
1614 1980 1626 2015 :
1654 1962 1793 2031 quod
1846 1962 1949 2015 nisi

362 2056 664 2111 advertatur
704 2064 955 2125 quantam
1001 2055 1052 2108 in
1093 2054 1429 2122 chronologia
1464 2054 1628 2121 pariat
1668 2053 1948 2120 caliginem

362 2147 487 2201 vide
512 2147 585 2200 sis
612 2147 659 2199 itt
683 2146 885 2200 monito
915 2154 1097 2198 nostro
1116 2145 1182 2197 ad
1225 2144 1480 2197 llomilias
1506 2151 1688 2196 contra
1714 2143 1949 2197 Jttda‘os.

365 2236 485 2291 Pari
510 2237 667 2292 modo
696 2237 974 2304 disjnuctze
1002 2236 1212 2288 fuerant
1239 2235 1470 2289 homiliae
1500 2244 1605 2286 tres
1631 2233 1700 2288 de
1735 2234 1953 2286 Diabolo

367 2334 659 2391 tentatore,
694 2340 827 2394 quas
856 2340 955 2379 suo
976 2325 1161 2378 ordine
1194 2325 1249 2377 in
1276 2324 1374 2378 hac
1395 2323 1629 2378 editione
1658 2324 1940 2393 posuimus.

368 2416 495 2469 llaec
524 2417 575 2469 in
607 2415 777 2483 primo
808 2428 859 2469 et
882 2415 1116 2469 secundo
1147 2424 1311 2468 tumo.

441 2505 520 2561 Ex
550 2508 705 2561 tertio
735 2514 880 2560 tonio
918 2505 1059 2559 aliud
1088 2506 1389 2574 exemplum
1430 2502 1772 2572 proferimus.
1809 2502 1961 2557 Lon-

370 2614 489 2668 gam
552 2599 744 2652 seriem
798 2598 1132 2650 homiliarum
1198 2596 1455 2649 habuerat
1507 2594 1954 2666 Chrysostomus,

372 2706 595 2761 quarum
622 2691 709 2745 ille
737 2690 979 2744 ordinem
1003 2690 1070 2743 ita
1097 2689 1240 2743 clare
1268 2705 1372 2743 non
1402 2689 1569 2742 semel
1599 2689 1867 2753 enuntiat,
1898 2696 1955 2741 ut

374 2799 443 2836 ne
466 2783 550 2837 vel
592 2784 870 2835 minimum
906 2782 1049 2836 dubii
1087 2781 1154 2835 de
1196 2780 1383 2835 ordine
1422 2796 1702 2850 superesse
1744 2781 1955 2849 possit:

374 2875 445 2928 ita
472 2888 597 2927 vero
623 2875 892 2941 diSllOSllIl?
919 2882 1071 2927 erant
1099 2874 1201 2926 illae
1227 2873 1512 2927 conciones
1532 2914 1548 2939 ,
1588 2881 1650 2927 ut
1693 2873 1959 2941 posterior

377 2962 569 3032 prioris
595 2979 808 3032 semper
836 2973 1202 3032 argumentum
1234 2972 1661 3031 prosequerctur.
1693 2964 1960 3030 Erantque

378 3056 480 3110 illm
507 3070 729 3110 numero
758 3071 971 3120 novem,
997 3072 1218 3123 quarum
1246 3056 1478 3124 quinque
1504 3056 1706 3124 priores
1732 3055 1783 3108 in
1806 3054 1963 3108 Prin—

379 3146 566 3212 cipium
584 3145 1295 3211 Actoruminscribebanlur;
1319 3157 1544 3215 quatuor
1571 3157 1747 3199 autem
1781 3155 1962 3214 poste-

382 3236 550 3289 riores
592 3237 654 3289 de
684 3235 964 3289 Mutatione
992 3235 1302 3301 Nominum,
1334 3237 1613 3289 occasione
1652 3237 1965 3291 mutationis

383 3330 612 3382 nominis
648 3328 791 3383 Sauli
815 3330 864 3382 itt
888 3329 1127 3383 Paulum.
1162 3330 1235 3382 Ex
1261 3329 1340 3382 Itis
1360 3344 1487 3383 vero
1514 3345 1701 3382 novem
1732 3330 1964 3384 homiliis

383 3430 504 3474 octo
533 3430 737 3475 tantum
771 3421 823 3475 in
848 3431 1069 3490 utraque
1093 3421 1322 3475 editione
1348 3430 1658 3490 comparent
1687 3439 1699 3472 :
1732 3421 1963 3475 secunda

384 3515 524 3567 enim
547 3514 844 3579 exciderat,
878 3531 993 3582 qum
1018 3514 1125 3582 jam
1154 3524 1363 3581 reperta
1391 3523 1488 3566 est.
1510 3512 1643 3566 Octo
1658 3522 1832 3567 autem
1863 3513 1965 3566 illze

385 3603 618 3659 humilia:
636 3614 779 3659 tomo
792 3605 975 3673 quinto
989 3605 1234 3657 editionis
1248 3603 1619 3657 Frontoniaum
1633 3604 1965 3665 exstant,sed

387 3696 649 3766 susdeqtte
679 3696 903 3767 positze:
935 3697 1103 3766 prima
1148 3712 1377 3765 namque
1414 3711 1532 3765 pag.
1565 3695 1670 3749 556
1720 3696 1966 3761 habetur,

388 3787 622 3842 secunda
661 3788 931 3842 exciderat
962 3798 1017 3839 ut
1054 3787 1317 3852 diximus,
1363 3786 1514 3839 tertia
1545 3802 1597 3856 p.
1629 3787 1752 3851 151,
1782 3795 1967 3854 quarta

390 3894 445 3947 p.
471 3878 607 3943 589.,
637 3879 813 3948 quinta
846 3894 899 3948 p.
931 3879 1056 3940 8’51,
1090 3886 1237 3930 sexta
1266 3893 1318 3946 p.
1349 3877 1476 3941 5H,
1502 3877 1723 3945 septima
1754 3892 1803 3945 p.
1838 3876 1963 3941 850,

388 3980 573 4025 octava
599 3987 650 4040 p.
685 3970 804 4034 164,
831 3984 965 4023 uena
994 3985 1047 4039 p.
1077 3969 1199 4023 563.
1229 3968 1393 4035 Major
1416 3967 1589 4020 adhuc
1612 3967 1814 4021 ordinis
1845 3983 1969 4035 per-

393 4065 623 4120 turbatio
651 4064 701 4118 in
736 4064 967 4118 editione
993 4063 1257 4117 Saviliana
1289 4059 1743 4129 deprehenditur:
1777 4061 1827 4112 in
1867 4075 1970 4129 qua

393 4157 623 4211 homilim
652 4156 764 4209 ista:
797 4155 953 4207 variis
976 4154 1027 4207 in
1057 4153 1212 4206 tomis
1240 4152 1506 4206 distraetce.
1535 4159 1587 4204 et
1612 4158 1869 4220 separatae
1899 4151 1975 4203 lc-

390 4257 604 4318 guntur.
635 4245 775 4300 Cave
814 4255 988 4298 autem
1019 4243 1067 4297 id
1097 4243 1177 4295 vel
1218 4242 1415 4297 Savilio
1442 4241 1526 4295 vel
1564 4240 1817 4295 Frontoni
1847 4239 1975 4293 vitio

392 4352 570 4396 vertas
603 4357 617 4393 :
658 4354 780 4393 nam
822 4337 1225 4407 properantibus
1274 4334 1631 4405 typographize
1677 4332 1855 4403 operis
1893 4332 1975 4386 lite

394 4432 625 4490 homiliiu
653 4437 937 4499 separatm
983 4426 1341 4486 accedebant,
1387 4441 1559 4493 neque
1587 4424 1811 4499 fortasse
1854 4438 1977 4490 spa-

397 4525 524 4578 tium
563 4531 678 4577 erat
720 4522 786 4576 ad
817 4536 998 4575 earum
1029 4518 1434 4575 restauraudum
1472 4497 1734 4570 ordi'nem.
1780 4514 1833 4568 ln
1876 4514 1976 4568 hac

396 4630 525 4669 vero
553 4625 733 4668 neSIra
761 4612 993 4667 editione
1024 4612 1104 4665 hte
1133 4626 1319 4663 novem
1350 4609 1578 4662 humilim
1608 4608 1752 4678 (nam
1780 4622 1977 4661 secun-

395 4705 493 4770 da,
535 4720 653 4773 qua:
688 4702 915 4765 latebat,
958 4718 1022 4755 ex
1065 4700 1297 4755 tenebris
1337 4698 1590 4769 emersit)
1621 4714 1717 4752 suo
1752 4698 1973 4763 ordine,

397 4794 532 4849 duce
575 4792 993 4863 ChrySnslomo,
1040 4791 1091 4843 in
1142 4792 1296 4844 tertio
1336 4798 1480 4842 tomo
1528 4800 1809 4857 ponentur,
1854 4802 1975 4841 cum

400 4885 597 4952 prtevio
624 4884 840 4948 Monito,
861 4882 945 4936 ubi
967 4882 1104 4936 idem
1126 4882 1236 4951 ipse
1259 4881 1390 4934 ordo
1417 4890 1473 4934 ut
1492 4880 1753 4951 genuinus
1778 4879 1981 4949 perstii-

398 4990 497 5030 ene
536 4985 822 5029 asseretur.
875 4974 1107 5027 Plurima
1156 4974 1257 5026 alia
1290 4974 1526 5040 proferre
1571 4986 1849 5040 possemus
1878 4970 1979 5023 ltu-

399 5066 627 5132 iusmodi
671 5063 1081 5134 perturbationis
1106 5065 1367 5130 exempla,
1393 5062 1483 5116 sed
1512 5061 1626 5115 inec
1653 5062 1702 5114 in
1734 5060 1980 5131 praesenti

401 5156 530 5209 satis
578 5165 766 5217 erunt;
797 5168 987 5210 ρωποι-ιι
1014 5156 1219 5208 erudito
1252 5154 1434 5208 lectori
1464 5154 1517 5207 in
1556 5153 1733 5222 operis
1754 5152 1981 5206 decursu

403 5248 733 5301 observanda
762 5248 1129 5317 relinquimus.

406 5359 436 5430 ς
466 5358 533 5415 Χ.
555 5389 626 5401 —
654 5358 731 5412 De
750 5358 1096 5413 distributione
1116 5366 1362 5411 tomorum
1385 5356 1437 5408 in
1462 5355 1725 5410 Saviliana
1744 5363 1789 5407 et
1816 5351 1986 5406 Fron-

948 5449 1153 5501 toniana
1180 5446 1440 5499 Editionc.

473 5562 589 5620 Jam
616 5562 680 5615 ad
712 5560 955 5615 ordinem
985 5567 1040 5614 et
1063 5557 1488 5613 distributionem
1519 5565 1782 5611 tomorum
1812 5554 1987 5624 Chry-

409 5653 627 5708 sostomi
653 5653 967 5707 veniamus:
1000 5665 1100 5719 qua
1134 5650 1184 5701 in
1216 5663 1277 5703 re
1303 5650 1421 5719 plus
1449 5645 1586 5702 inest
1626 5646 1987 5708 difficultatis,

408 5760 564 5814 quam
595 5744 754 5812 vulgo
796 5743 1064 5797 credatur.
1106 5740 1286 5810 Longe
1329 5740 1592 5794 diversam
1641 5738 1988 5793 distribuendi

406 5837 710 5894 methodum
756 5835 965 5906 sequuti
994 5844 1116 5889 sunt
1144 5834 1372 5890 Savilius
1395 5840 1447 5888 et
1490 5832 1689 5889 Fronto
1720 5832 1980 5898 Ducarus;

1771 384 2154 444 PREFATIO.

3491 399 3615 442 κνιίι

2033 512 2221 557 neuter
2248 512 2424 558 tamen
2464 504 2636 573 potuit
2674 518 2827 567 eam,
2868 518 3026 574 quam
3072 500 3170 558 sibi
3202 503 3617 574 prmscripserat,

2036 610 2276 648 normam
2297 597 2545 650 retinere.
2569 595 2709 649 Duas
2731 610 2858 649 vero
2876 596 2926 649 in
2951 605 3128 664 partes
3147 603 3365 663 possunt
3386 594 3441 648 S.
3461 595 3621 649 Joan—

2037 687 2121 741 nis
2147 686 2511 755 Cbrysostomi
2556 701 2714 755 opera
2747 688 3042 756 generatim
3086 684 3336 753 distingui
3365 702 3376 736 :
3409 685 3459 738 in
3491 700 3625 753 optt-

2038 778 2181 830 senla
2201 777 2461 840 videlicet,
2478 786 2533 831 et
2559 778 2609 830 in
2642 777 3051 830 commentarios
3070 775 3291 829 inVetus
3315 774 3627 843 Notumque

2041 867 2464 921 Testamentum.
2511 867 2740 923 Savilius
2778 866 3189 921 commentarios
3220 866 3390 935 primo
3416 866 3624 936 posuit,

2043 958 2077 1011 ii
2106 973 2233 1012 vero
2273 970 2499 1027 quatuor
2525 958 2723 1027 primos
2751 968 2925 1010 tomos
2952 968 3244 1022 occupant;
3289 956 3542 1025 npttsenla
3575 957 3626 1012 itt

2042 1051 2387 1120 sequentibus
2432 1053 2587 1104 tomis
2636 1052 2910 1112 locantur;
2962 1051 3012 1103 in
3055 1052 3240 1119 quinto
3290 1066 3479 1119 nempe
3527 1051 3628 1105 hoc

2044 1141 2187 1194 ritu:
2224 1142 2278 1194 1°
2301 1140 2588 1196 Sertnmtes
2631 1142 2681 1193 in
2725 1142 2838 1195 loca
2881 1156 3046 1195 sacra!
3078 1141 3383 1207 Scripturaa.
3416 1140 3474 1193 2°
3498 1139 3629 1194 Ser-

2046 1248 2233 1286 mones
2280 1234 2575 1303 panegyriei
2633 1234 2968 1288 Sanctorum.
3021 1232 3078 1288 5°
3126 1233 3413 1287 Sermones
3454 1232 3628 1287 dubiae

2048 1324 2167 1377 fidei
2224 1326 2273 1377 in
2316 1325 2429 1377 loca
2474 1341 2639 1378 saera:
2688 1326 2992 1395 Scriptum.
3044 1326 3100 1381 4°
3126 1326 3412 1381 Sermones
3465 1343 3628 1396 pane-

2046 1416 2211 1486 gyrici
2255 1417 2427 1469 dubia'
2480 1417 2623 1471 fidei.
2683 1417 2738 1470 In
2770 1428 2921 1471 sexto
2964 1429 3139 1471 autem
3190 1428 3376 1471 totno:
3413 1419 3465 1472 Γ
3495 1419 3628 1473 Tra-

2048 1516 2220 1560 ctatus
2258 1508 2409 1561 varii.
2457 1507 2515 1560 9."
2548 1508 2623 1561 De
2669 1507 2869 1561 Statuis
2910 1509 3178 1561 orationes
3227 1524 3329 1561 una
3361 1518 3416 1563 et
3460 1509 3632 1579 vigin-

2052 1600 2123 1665 ti,
2174 1615 2306 1667 qttas
2354 1609 2648 1669 sequuntur
2692 1600 2779 1653 alii
2811 1616 3086 1653 sermones
3137 1602 3264 1653 varii
3312 1601 3632 1669 argumenti.

2051 1691 2108 1744 5°
2148 1691 2429 1744 Orationes
2476 1706 2540 1746 ex
2590 1691 2750 1744 variis
2795 1691 3157 1761 Chrysnstomi
3202 1692 3332 1745 locis
3369 1692 3620 1745 consarci-

2054 1789 2211 1847 nattr,
2243 1784 2739 1850 quas‘Aﬁx-iot'apam
2768 1798 2861 1835 seu
2886 1780 3162 1850 Florilegia
3186 1790 3396 1837 Vocant.
3429 1781 3484 1834 4°
3506 1780 3626 1835 Ora-

2055 1872 2226 1925 tiones
2274 1871 2514 1939 quaedam
2562 1873 2822 1941 ambigua:
2877 1872 3019 1927 fidei.
3068 1872 3121 1925 ltt
3171 1882 3315 1925 tomo
3364 1874 3633 1941 septimo:

2058 1966 2111 2018 1⁵³
2144 1964 2427 2033 Epistulae,
2460 1966 2750 2034 prtemissis
2778 1965 2984 2020 duabus
3026 1964 3352 2019 orationibus
3382 1981 3514 2034 quas
3539 1981 3638 2019 ex-

2058 2056 2158 2109 silii
2196 2058 2274 2109 sui
2308 2064 2544 2125 tempore
2581 2056 2996 2127 Chrysostomus
3033 2057 3229 2109 emisit.
3273 2055 3331 2108 2°
3357 2056 3544 2125 Spuria
3588 2056 3640 2110 in

2059 2147 2170 2201 loca
2242 2149 2550 2217 Scripturav.
2610 2148 2666 2201 5°
2721 2148 3010 2201 Sermones
3079 2148 3380 2218 panegyrici
3451 2147 3639 2215 spurii.

2059 2241 2115 2294 4°
2142 2239 2420 2295 Tiactatns
2450 2242 2578 2293 varii
2603 2242 2787 2308 spurii.
2821 2240 2879 2294 5°
2905 2240 3186 2295 Orationes
3206 2241 3446 2307 qna-dam
3476 2239 3615 2293 atnbi

2058 2345 2175 2400 grta.-
2208 2331 2345 2385 tidei.
2379 2331 2435 2385 6°
2457 2331 2742 2399 Florilegia
2771 2330 3136 2401 Chrystistomi
3165 2346 3192 2382 a
3224 2329 3507 2383 Theodoro
3533 2329 3643 2382 Ma-

2060 2427 2226 2492 gistro
2269 2424 2514 2477 collecta.
2564 2424 2617 2475 7°
2658 2424 2938 2477 Oratiunes
2985 2421 3226 2492 quaedam
3276 2420 3645 2491 Chrysustomi

2062 2517 2269 2571 Latine.
2290 2516 2343 2570 In
2367 2526 2554 2572 octavo
2578 2525 2720 2569 tumo
2744 2534 2755 2569 :
2787 2516 2837 2569 l°
2857 2516 3134 2571 Orationes
3156 2515 3395 2585 qnardam
3430 2514 3479 2567 in
3508 2528 3645 2582 prte-

2062 2608 2375 2663 cedentibus
2416 2608 2573 2661 tomis
2612 2608 2845 2662 omissa}.
2873 2607 2930 2660 2°
2964 2606 3107 2661 Varii
3137 2606 3425 2675 scriptores
3452 2604 3520 2659 de
3542 2603 3647 2657 vita

2062 2699 2283 2754 Joannis
2310 2698 2706 2770 Chrysostomi,
2741 2707 2795 2753 et
2824 2698 2971 2752 initia
3002 2697 3238 2751 omnium
3281 2696 3646 2767 ChrysOstomi

2062 2792 2401 2857 orationum,
2444 2806 2507 2845 ac
2552 2799 2734 2860 postea
2780 2790 3148 2859 epistularum.
3199 2789 3255 2842 5°
3285 2787 3433 2842 Noun
3462 2785 3647 2840 Savilii

2064 2894 2118 2939 et
2147 2882 2372 2937 aliorum
2399 2882 2450 2935 in
2480 2884 2656 2936 omnia
2698 2881 2755 2936 S.
2782 2880 3002 2936 Joannis
3039 2878 3409 2951 Chrysostomi
3439 2892 3603 2948 Opera
3630 2894 3644 2931 :

2064 2991 2181 3047 qua:
2215 2983 2352 3026 notze
2378 2973 2667 3027 maximam
2689 2972 2865 3026 octavi
2894 2971 3020 3024 tomi
3050 2981 3250 3039 partem
3280 2977 3563 3037 occupant.

2155 3065 2335 3135 Longe
2394 3067 2552 3118 aliam
2612 3062 2962 3117 distribuendi
3027 3060 3335 3116 tnetltndum
3394 3067 3650 3128 sequutus

2069 3159 2269 3213 Fronto
2320 3158 2561 3223 Ducmus,
2596 3158 2767 3226 primo
2795 3166 2938 3209 tumo
2964 3155 3140 3224 posuit
3167 3154 3417 3222 Opusenla
3462 3152 3646 3216 multa,

2067 3264 2221 3304 orsus
2250 3249 2317 3302 ab
2339 3248 2579 3302 llomiliis
2623 3246 2693 3301 ad
2720 3246 2967 3315 pupulum
3008 3244 3400 3300 Antiochenam
3447 3242 3496 3297 in
3528 3241 3652 3297 Sta-

2071 3353 2207 3406 tuas,
2232 3341 2422 3410 quibus
2456 3339 2691 3394 subdidit
2727 3340 2829 3392 alia
2868 3338 3119 3407 epuscula
3155 3337 3287 3391 varii
3316 3335 3650 3405 argumenti;

2071 3444 2179 3488 tum
2222 3448 2501 3487 sermones
2546 3434 2911 3503 panegyricos,
2946 3431 3190 3484 homilias
3217 3430 3282 3485 de
3314 3430 3654 3495 l’mnitentia,

2071 3523 2235 3577 libros
2267 3524 2333 3577 de
2376 3523 2541 3586 Fato,
2571 3532 2620 3576 et
2663 3523 2765 3575 alia
2814 3537 3001 3591 pauca.
3043 3521 3240 3574 llorum
3274 3520 3500 3574 maxima
3533 3535 3655 3587 pars

2075 3615 2388 3681 Antiochiae,
2408 3631 2506 3668 nec
2533 3615 2630 3667 nisi
2651 3613 2963 3683 paucissima
2976 3597 3433 3681 Constantinopoli
3460 3611 3653 3666 emissa

2072 3718 2213 3761 snnt.
2244 3707 2298 3761 in
2350 3707 2587 3761 secundo
2614 3717 2757 3759 tomo
2777 3749 2789 3770 ,
2825 3707 3077 3759 llomilias
3105 3721 3197 3759 seu
3228 3704 3655 3758 Commentarios

2074 3800 2127 3853 in
2148 3800 2395 3855 Genesim
2421 3817 2436 3865 ;
2475 3810 2522 3856 et
2554 3809 2733 3868 postea
2778 3799 2979 3868 aliquot
3018 3796 3262 3850 homilias
3289 3796 3340 3850 in
3371 3795 3533 3850 Vetus
3556 3794 3657 3851 Te-

2076 3902 2422 3958 stamentum,
2448 3894 2498 3946 in
2521 3893 2666 3946 varia
2694 3890 3033 3944 scilicethiuc
3059 3899 3113 3944 et
3143 3888 3263 3942 inde
3283 3897 3492 3957 sumpta
3521 3888 3656 3941 loca.

2075 3987 2131 4040 In
2166 3987 2320 4040 tertio
2360 3994 2503 4039 totno
2535 3985 2789 4038 llomilias
2832 3998 2925 4037 seu
2960 3981 3385 4036 Commentarios
3426 3982 3476 4033 in
3511 3979 3659 4032 Psal-

2077 4095 2232 4145 mos,
2268 4088 2447 4147 postea
2492 4076 2944 4131 Commentarium
2994 4076 3045 4128 in
3093 4084 3214 4127 octo
3256 4074 3427 4141 capita
3473 4072 3659 4126 Isaia}:

2080 4171 2177 4225 sub
2218 4171 2330 4225 haec
2356 4169 2609 4223 llomilias
2640 4170 2690 4221 in
2731 4168 2905 4220 varios
2936 4166 3177 4221 Psalmus
3204 4180 3297 4219 seu
3331 4164 3659 4217 l’sahnornm

2080 4272 2277 4331 partes.
2329 4262 2383 4316 in
2414 4272 2604 4331 quarto
2652 4271 2797 4314 tumo
2835 4260 3000 4313 libros
3039 4259 3103 4312 dc
3146 4256 3459 4313 Sacerdotio
3486 4274 3499 4309 :
3530 4271 3664 4325 quos

2079 4363 2374 4424 sequuntur
2400 4353 2611 4423 quidam
2670 4352 2786 4405 libri
2826 4349 3041 4405 aseetiei
3089 4350 3345 4403 adversus
3393 4364 3665 4418 Oppngna

2082 4458 2225 4501 tores
2252 4446 2371 4499 vita:
2398 4445 2730 4508 monasticae,
2760 4442 2824 4496 ad
2850 4441 3193 4503 Demetrium,
3217 4440 3281 4493 ad
3306 4438 3659 4502 Stelet-hium.

2081 4541 2145 4596 ad
2173 4541 2454 4610 Stagirium
2480 4581 2493 4602 ,
2541 4538 2609 4593 de
2648 4535 3100 4599 subintroductis,
3145 4543 3253 4587 tmn
3284 4534 3382 4586 alia
3422 4531 3666 4601 quaedam

2083 4648 2243 4702 opera
2272 4631 2575 4700 permixtim
2604 4628 2765 4689 edita,
2798 4627 3003 4696 litnrgia
3031 4624 3399 4697 Chrysostomi
3429 4624 3667 4687 nomine,

2086 4727 2345 4796 epistolas,
2370 4724 2581 4777 demum
2609 4721 2698 4775 alii
2729 4720 2942 4790 quidam
2973 4720 3133 4773 libelli
3175 4727 3321 4772 extra
3364 4717 3534 4771 locum
3572 4732 3668 4785 po.

2084 4819 2193 4877 siti.
2218 4818 2339 4886 quia
2384 4815 2587 4869 tardius
2615 4822 2968 4868 accesserant.
3002 4812 3059 4865 In
3100 4813 3285 4881 quinto
3314 4820 3459 4864 tomo
3489 4810 3667 4862 homi-

2087 4911 2185 4965 lias
2212 4909 2376 4963 edidit
2409 4908 2463 4961 in
2492 4907 2635 4960 varia
2683 4905 2812 4959 Novi
2840 4902 3165 4958 Testamenti
3199 4902 3336 4966 loca,
3363 4913 3470 4954 tum
3504 4915 3667 4970 pane-

2086 5000 2299 5073 gyricos
2324 5013 2597 5053 sermones
2625 4997 2676 5051 in
2701 4996 3062 5050 solemnitates
3088 4992 3306 5056 Christi,
3329 5000 3385 5047 et
3409 4992 3459 5044 in
3491 4991 3673 5045 divum

2091 5092 2334 5155 Paulum,
2367 5089 2581 5143 demum
2609 5088 2873 5141 orationes
2905 5095 2957 5139 et
2977 5085 3231 5154 opuscula
3266 5084 3490 5152 plurima
3522 5092 3671 5138 extra

2090 5184 2262 5238 locum
2295 5182 2483 5250 posita,
2513 5180 2633 5248 quia
2665 5178 2868 5231 tardius
2896 5177 3052 5230 allata
3092 5184 3235 5229 sunt.
3270 5173 3324 5227 ln
3351 5184 3503 5229 sexto
3532 5185 3681 5227 torno

2091 5273 2339 5328 homilias
2367 5271 2575 5339 spurias
2624 5268 2849 5327 locavit,
2896 5281 3029 5336 quas
3070 5275 3364 5334 sequuntur
3395 5263 3679 5332 Florilegia

2093 5382 2159 5419 ex
2187 5364 2347 5418 variis
2370 5358 2737 5431 Chrysostomi
2768 5356 3118 5411 orationibus.
3152 5355 3227 5409 Eo
3248 5366 3425 5408 autem
3451 5354 3676 5407 consilio

2096 5458 2319 5512 Ducaans
2364 5452 2610 5507 homilias
2656 5451 2713 5503 in
2742 5450 2888 5502 varia
2924 5447 3054 5500 Novi
3092 5446 3418 5501 Testamenti
3464 5446 3580 5500 loca
3625 5446 3677 5498 in

2094 5549 2336 5619 quintum
2366 5555 2564 5598 tomum
2590 5541 2845 5610 rejecisse
2888 5539 3115 5603 videtur,
3145 5548 3203 5593 ut
3232 5554 3350 5607 qum.
3378 5536 3441 5589 ad
3474 5535 3677 5590 Novum

2097 5640 2493 5695 Testamentum
2523 5632 2878 5703 pertinebant,
2907 5639 3026 5699 post
3054 5627 3467 5683 commentarios
3497 5627 3548 5679 in
3580 5625 3681 5679 Vc-

2098 5744 2184 5788 tus
2212 5732 2611 5787 Testamentum
2662 5727 2840 5781 locum
2886 5724 3179 5778 haberent:
3218 5721 3367 5791 quasi
3397 5734 3525 5774 vero
3559 5728 3680 5771 tau-

2104 5830 2208 5884 tam
2237 5825 2545 5881 affinitatem
2586 5837 2704 5878 cum
2749 5818 3146 5875 commentariis
3185 5817 3412 5872 habeant
3452 5812 3682 5869 humilia
