4114 6392
433 364 524 405 ιιι

438 466 566 531 illae,
595 482 714 539 qua:
737 481 769 524 a
795 467 1044 539 quapiam
1071 468 1362 541 Scripturte
1389 484 1558 526 sacra:
1597 471 1831 526 clausula
1872 487 2026 540 argu-

439 570 678 616 mentum
708 571 1040 618 mntuantur.
1062 561 1220 619 Certe
1245 565 1289 619 si
1327 562 1627 630 huiusmodi
1660 565 1910 620 homilias
1931 581 2026 634 pro

441 653 838 707 commentariis
871 653 1165 709 habeamus
1189 696 1204 721 ,
1236 671 1344 709 non
1395 671 1574 724 paucae
1613 655 1948 726 reperientur
1972 657 2025 708 in

441 743 614 812 primo
639 754 785 799 tomo
812 745 1043 802 homilize
1088 747 1423 819 huiusmodi,
1449 765 1513 804 ex
1544 749 1677 805 Novi
1704 749 2028 805 Testamenti

439 835 690 891 clausulis
707 846 1079 909 argumentum
1107 849 1430 904 mutuantes,
1451 857 1571 912 quae
1600 853 1724 898 ante
1744 843 2030 898 Commen-

450 929 615 984 tarios
643 929 694 984 in
721 929 972 987 Genesim
1017 942 1072 987 et
1117 933 1171 986 in
1201 934 1364 989 Vetus
1393 935 1795 990 Testamentum
1820 936 1888 990 ab
1915 935 2031 1004 ipso

443 1019 716 1076 Frontone
731 1024 915 1093 positae
933 1023 1165 1080 fuerunt.
1183 1026 1258 1080 Ex
1281 1026 1436 1081 dictis
1454 1027 1618 1098 liquet
1634 1042 1871 1083 summos
1891 1029 2032 1083 viros

445 1111 700 1168 Saviliu‘m
729 1123 782 1170 et
817 1116 1064 1171 Duczeum
1095 1117 1148 1171 in
1188 1117 1553 1173 concinnanda
1589 1134 1816 1189 operum
1865 1129 1920 1174 et
1949 1128 2034 1172 to-

444 1215 654 1257 moruut
683 1203 1060 1261 distributione
1107 1222 1212 1263 non
1259 1223 1446 1277 parum
1495 1209 1822 1265 laboravisse
1868 1229 1881 1265 :
1932 1210 2033 1265 etsi

442 1296 640 1366 quippe
679 1296 730 1350 id
757 1312 824 1353 ex
848 1299 1072 1354 arbitrio
1099 1309 1156 1354 ut
1187 1300 1474 1370 plurimum
1514 1301 1752 1372 pendere
1790 1311 2026 1373 putetur,

443 1403 551 1443 non
584 1390 653 1443 ita
685 1389 840 1446 facile
866 1401 946 1447 est
985 1393 1051 1447 ad
1079 1392 1304 1447 aliorum
1333 1394 1583 1463 placitum
1614 1404 1813 1450 tantam
1854 1395 2031 1464 supel-

445 1477 680 1535 lectilem
707 1481 982 1537 ordinare.
1027 1482 1147 1538 Jam
1174 1484 1482 1539 monuimus
1509 1499 1610 1539 nec
1649 1485 1906 1540 Savilium
1939 1499 2038 1538 nec

447 1569 698 1626 Duereum
715 1587 872 1642 quem
900 1573 999 1628 sibi
1020 1575 1414 1644 praestituerant
1432 1575 1674 1630 ordinem
1702 1591 1916 1632 servare
1937 1591 2037 1646 po-

450 1664 620 1719 tuisse
648 1681 663 1717 :
692 1665 815 1735 quia
847 1675 964 1736 post
993 1665 1165 1722 editas
1203 1666 1500 1737 cuiuspiam
1529 1668 1830 1738 argumenti
1861 1667 2037 1722 homi-

454 1756 550 1810 Iias
581 1755 961 1826 inexspectata:
1003 1757 1123 1811 alia:
1168 1757 1410 1826 ejusdem
1464 1759 1762 1826 argumenti
1799 1772 2041 1812 accesse-

449 1856 592 1902 runt.
624 1848 758 1903 llinc
777 1858 879 1912 est,
907 1848 1050 1920 quod
1079 1847 1220 1918 apud
1245 1848 1502 1904 Savilium
1533 1847 1699 1903 multa
1729 1847 1782 1902 in
1811 1847 2038 1917 septimo

451 1950 507 1995 et
531 1950 721 1996 octavo
752 1949 898 1996 tomo
948 1941 1305 2012 reperiantur,
1333 1956 1455 2010 quae
1495 1940 1562 1996 ad
1595 1940 1766 2010 quinti
1806 1948 1863 1994 et
1900 1940 2038 1993 sexti

460 2031 656 2087 seriem
681 2032 1037 2102 pertinebant.
1057 2033 1367 2103 Pariterque
1394 2031 1598 2087 Fronto
1619 2033 1840 2086 Ducmus
1869 2031 2044 2100 aliqua

455 2125 508 2180 in
547 2135 757 2195 quarto,
786 2141 907 2196 quae
949 2125 1106 2196 primi
1138 2126 1267 2180 tomi
1298 2134 1462 2190 sunt;
1498 2125 1662 2179 multa
1709 2123 1956 2178 similiter
1983 2123 2041 2176 in

455 2215 661 2286 quinto,
687 2231 807 2287 quae
832 2217 918 2272 vel
945 2215 1011 2271 ad
1043 2216 1274 2286 primum
1300 2216 1386 2271 vel
1429 2214 1500 2271 ad
1542 2224 1792 2286 quartum
1836 2222 2047 2285 specta-

459 2309 604 2377 bant,
636 2309 891 2380 reposuit.

458 2400 487 2472 ς
512 2398 604 2454 XI.
631 2429 705 2441 —-
746 2399 826 2454 De
853 2399 1203 2456 distributione
1227 2409 1478 2455 (amorum
1511 2401 1565 2454 in
1595 2410 1768 2455 nostra
1791 2399 2049 2454 Editt’one.

528 2491 679 2547 Ordo
723 2491 938 2558 Savilii,
990 2491 1081 2560 qui
1131 2492 1303 2561 primo
1346 2492 1465 2547 loco
1515 2492 1946 2547 Commentarios
1993 2492 2046 2544 in

461 2583 788 2656 Scripturam
845 2585 1042 2654 posuit,
1071 2585 1410 2655 quantumvis
1459 2585 1766 2654 placuisset,
1797 2600 1903 2638 non
1957 2598 2054 2653 po-

464 2688 604 2734 terat
628 2695 658 2730 a
687 2678 842 2733 nobis
869 2679 1111 2748 usurpari
1131 2679 1242 2732 'hac
1278 2677 1346 2733 de
1377 2692 1538 2732 causa
1572 2696 1585 2732 :
1619 2677 2051 2732 Commentarius

465 2774 522 2828 in
549 2772 794 2828 Psalmos
815 2772 936 2844 plus
968 2788 1127 2843 quam
1148 2771 1366 2827 dimidia
1394 2771 1736 2826 homiliarum
1759 2779 1911 2841 parte
1937 2785 2056 2823 mn-

469 2863 594 2918 tilus
625 2863 690 2918 ad
726 2871 963 2917 nostram
996 2863 1240 2931 pervenit
1266 2869 1500 2917 mtatem.
1541 2861 1677 2932 Spes
1713 2871 1894 2915 autem
1943 2869 2059 2915 erat

470 2970 567 3010 uos
610 2969 679 3009 ex
707 2953 943 3009 homiliis
969 2955 1071 3008 illis
1108 2954 1402 3024 deperditis
1441 2971 1546 3009 non
1578 2969 1773 3024 paucas
1799 2971 1865 3009 ex
1903 2963 2053 3008 tene-

469 3045 580 3100 bris
605 3045 891 3100 educturos
911 3061 1068 3100 esse:
1103 3061 1293 3116 resque
1315 3046 1424 3115 iam
1456 3047 1616 3102 cessit
1636 3062 1702 3101 ex
1733 3055 1855 3102 voto
1887 3064 1902 3100 :
1934 3061 2062 3100 nam

472 3145 529 3191 ut
549 3145 672 3190 ante
701 3137 1014 3203 narrabam,
1064 3153 1168 3192 una
1203 3147 1258 3192 et
1303 3137 1516 3207 triginta
1560 3137 1794 3192 homilian
1837 3138 2061 3192 sincera:

472 3229 524 3283 in
556 3229 744 3300 Anglia
764 3237 990 3298 repertae
1013 3237 1158 3296 sunt,
1188 3245 1411 3299 quarum
1437 3229 1660 3284 alteram
1707 3239 1908 3299 partem
1950 3229 2060 3299 jam

473 3322 791 3393 exscriptam
818 3331 996 3390 teneo,
1023 3322 1249 3376 alteram
1275 3335 1548 3393 exspecto.
1580 3322 1767 3394 Neque
1795 3332 2065 3392 postrema

476 3416 716 3473 fortassis
761 3416 866 3472 erit
911 3415 1001 3470 illa
1049 3417 1322 3483 accessio;
1382 3432 1504 3470 nam
1552 3416 1789 3486 reliquas
1841 3417 2066 3469 amissas

482 3509 594 3579 pari
645 3507 822 3562 studio
869 3507 1262 3577 perquirimus,
1329 3515 1383 3562 et
1448 3505 1605 3576 fugax
1681 3521 1853 3560 aevum
1923 3520 2067 3575 saepe

478 3601 604 3672 quid
650 3603 905 3670 importat
953 3601 1098 3654 novi.
1147 3599 1202 3655 Si
1256 3615 1382 3654 vero
1435 3615 1465 3654 a
1515 3599 1913 3654 commentariis
1957 3614 2067 3654 cce.

483 3694 784 3764 pissemus,
836 3693 1092 3763 quidquid
1153 3693 1204 3747 in
1261 3693 1502 3748 Psalmos
1555 3693 1678 3747 novi
1729 3707 2068 3748 accessurum

481 3793 599 3839 erat
622 3827 638 3850 ,
669 3793 820 3838 extra
849 3783 1091 3838 ordinem
1118 3794 1172 3839 et
1201 3784 1376 3839 locum
1408 3784 1708 3853 proprium,
1742 3799 1937 3853 magno
1960 3783 2069 3836 sci-

483 3877 604 3931 licet
633 3891 754 3930 cum
798 3875 1110 3944 dispendio,
1156 3875 1429 3944 iacuisset.
1484 3874 1635 3929 l'lunc
1675 3889 1804 3944 ergo
1847 3888 2069 3944 eperum

485 3978 856 4036 tomorumque
900 3966 1144 4020 ordinem
1169 4007 1183 4032 ,
1225 3981 1282 4020 re
1312 3976 1558 4020 accurate
1589 3981 1847 4035 perpensa
1869 4006 1885 4031 ,
1919 3964 2072 4019 nobis

488 4058 870 4126 prmstituimus
901 4074 914 4111 :
956 4057 1210 4124 opuscula
1234 4057 1464 4125 primum
1491 4057 1691 4122 omnia,
1725 4056 1958 4125 cujusvis
1976 4071 2073 4126 ge-

487 4152 634 4208 neris
671 4152 799 4215 sint,
832 4151 884 4205 in
914 4151 1083 4205 tribus
1115 4153 1274 4205 tomis
1315 4151 1580 4220 prioribus
1622 4151 1893 4214 locamus;
1921 4164 2074 4205 com-

488 4245 778 4302 mentarios
807 4260 929 4299 cum
951 4243 1161 4299 Veteris
1190 4254 1298 4298 tum
1345 4243 1478 4298 Novi
1514 4243 1841 4298 Testamenti
1869 4252 2074 4312 septem

489 4337 817 4407 posteriores
857 4335 1211 4405 occupabunt.
1245 4333 1512 4404 Opuscula
1541 4351 1668 4388 vero
1701 4335 1803 4388 hoc
1845 4335 1949 4388 ritu
1989 4333 2076 4388 di-

489 4427 742 4482 viduntur
770 4444 784 4480 :
815 4427 990 4496 primo
1019 4427 1264 4496 ponimus
1293 4440 1356 4479 ea
1402 4441 1523 4495 qua:
1559 4425 1629 4480 ob
1657 4425 1964 4480 varietatem
1990 4439 2080 4479 ar-

487 4517 726 4588 gumenti
752 4531 857 4572 non
887 4525 1109 4587 possunt
1135 4517 1187 4570 in
1234 4531 1392 4570 unam
1420 4525 1475 4570 et
1502 4525 1704 4570 certam
1731 4516 1899 4586 redigi
1937 4516 2078 4571 clas-

487 4626 602 4667 sem
631 4625 648 4676 ;
675 4611 870 4680 illaque
898 4609 1193 4665 secundum
1218 4609 1461 4664 ordinem
1493 4608 1749 4679 temporis
1774 4651 1790 4677 ,
1818 4617 2078 4679 quantum

488 4703 649 4768 licet,
699 4701 1091 4756 constituimus.
1145 4702 1350 4770 Agmen
1407 4700 1608 4755 ducunt
1671 4715 1972 4768 parteneses
2014 4699 2083 4754 ad

488 4793 833 4850 Theodorum
879 4793 1083 4862 lapsum
1109 4835 1125 4860 ,
1169 4792 1295 4846 hinc
1333 4802 1631 4863 sequuntur
1662 4792 1780 4846 libri
1825 4792 2083 4847 adversus

487 4884 897 4955 Oppugnatores
935 4886 1056 4938 vitae
1101 4884 1432 4949 monasticae,
1465 4883 1583 4937 libri
1609 4883 1674 4937 ad
1716 4883 2041 4938 Demetrium
2066 4925 2080 4948 ,

496 4975 564 5030 ad
603 4975 931 5030 Steleeltium
955 5016 971 5036 ,
1005 4974 1072 5028 ad
1117 4974 1404 5044 Stagirium
1431 5015 1446 5040 ,
1497 4974 1566 5029 de
1607 4974 2079 5040 Subintroductis,

495 5069 564 5124 dc
585 5068 917 5138 Virginitate,
947 5067 1015 5121 ad
1044 5067 1266 5122 Viduam
1287 5068 1552 5136 juniorem
1580 5085 1592 5120 :
1626 5067 1919 5122 secundum
1944 5076 2085 5123 tem-

497 5161 644 5232 poris
669 5161 865 5216 seriem
907 5160 1171 5215 accedunt
1220 5161 1340 5215 libri
1383 5160 1452 5215 de
1490 5161 1800 5215 Sacerdotio
1823 5203 1838 5228 ,
1869 5160 2084 5215 homilia

497 5269 619 5310 eum
647 5253 931 5324 presbyter
969 5252 1067 5306 fuit
1105 5252 1420 5307 ordinatus:
1451 5253 1518 5306 de
1559 5252 2088 5321 Incomprehensibili

500 5354 555 5400 et
575 5354 762 5397 contra
785 5344 1074 5396 Anomaaos
1100 5343 1344 5397 Ilomilire
1367 5343 1478 5405 Xll,
1500 5355 1687 5398 contra
1709 5344 1922 5398 ,Ιιιὼυοε
1950 5342 2086 5409 Vill;

494 5439 741 5496 Humilia:
799 5439 867 5493 de
903 5436 1156 5492 Kalendis
1184 5447 1240 5493 et
1288 5439 1355 5494 de
1400 5438 1602 5494 Lazaro
1647 5439 1755 5508 jam
1797 5447 1938 5495 octo.
1996 5439 2092 5494 Hae

493 5550 624 5591 vero
650 5534 880 5605 primum
910 5542 1114 5588 tomum
1144 5534 1445 5589 absolvunt.
1475 5535 1549 5588 Ex
1579 5535 1679 5589 hac
1721 5535 1890 5604 prima
1919 5535 2092 5588 classe

499 5628 552 5682 iu
580 5627 821 5682 secundo
850 5635 1000 5682 tomo
1021 5627 1264 5682 llomilim
1291 5626 1414 5681 XXI
1442 5627 1493 5680 in
1522 5625 1757 5691 Statuas,
1781 5626 2093 5681 catecheses

503 5720 648 5786 duae,
677 5726 790 5775 tres
815 5719 883 5775 de
905 5719 1132 5774 Diabolo
1159 5729 1421 5774 tentatore
1449 5719 1702 5785 homilize,
1728 5726 1782 5773 et
1813 5732 2004 5772 novem
2025 5717 2093 5772 de

505 5809 838 5868 Poenitentia.
875 5811 989 5868 Huc
1026 5810 1222 5868 desinit
1269 5811 1442 5883 prima
1469 5811 1656 5869 classis
1677 5853 1690 5880 ,
1721 5827 1839 5882 qua:
1879 5810 1944 5868 ad
1975 5826 2092 5868 me-

1689 356 1752 412 D.
1794 357 1854 412 Β.
1895 354 1985 412 DE
2025 351 2486 412 MONTFAUCON
3639 341 3710 392 Π

2133 470 2281 525 dium
2327 471 2494 526 ferme
2530 469 2757 527 secundi
2791 470 2922 526 torni
2951 470 3220 543 pertingit.
3247 469 3494 528 Secunda
3531 471 3723 526 classis

2133 573 2217 618 est
2244 564 2564 618 concionum
2609 563 3048 635 panegyricarum
3086 564 3154 619 de
3183 563 3334 620 festis
3381 565 3590 619 Domini
3618 580 3688 618 no
3721 596 3728 606 -

2133 657 2231 710 stri
2260 656 2384 712 Jesu
2414 656 2634 713 Christi.
2666 657 2910 712 Homiliae
2950 658 3004 712 in
3045 657 3267 712 Paulum
3312 667 3367 712 et
3405 658 3458 712 in
3483 657 3728 728 reliquos

2135 744 2397 802 Sanctos:
2426 747 2512 802 hae
2541 747 2833 818 secundum
2858 747 3114 804 claudunt
3134 757 3358 803 tomum.
3390 749 3564 803 Tertia
3587 749 3734 804 clas-

2138 841 2214 895 sis
2238 849 2320 894 est
2349 839 2832 910 homiliarumquae
2859 853 2926 894 ex
2952 838 3436 909 variis-Scriptura).
3471 839 3733 893 clausulis

2138 938 2506 1000 argumentum
2541 937 2890 996 mutuantur;
2931 928 3016 984 ha
3041 943 3168 984 vero
3209 929 3546 997 occupabunt
3579 929 3733 997 prio-

2143 1037 2257 1077 rem
2290 1031 2494 1092 partem
2523 1023 2655 1077 tomi
2680 1022 2843 1077 tertii.
2873 1023 3072 1090 Quarta
3101 1022 3292 1077 classis
3330 1032 3414 1078 est
3437 1022 3697 1091 opusculo
3724 1053 3732 1062 -

2143 1129 2260 1167 rum
2283 1113 2351 1168 ad
2391 1122 2568 1167 motus
2595 1113 3316 1184 Constantinopolitanos,.et
3341 1113 3408 1168 ad
3438 1123 3733 1184 utrumque

2143 1205 2202 1262 S.
2216 1205 2821 1278 JoannisChrysostomi
2846 1207 3090 1262 exsilium
3109 1206 3509 1276 pertinentium.
3533 1205 3730 1272 Quinta

2142 1299 2332 1354 classis
2375 1298 2721 1368 epistularum
2751 1298 2989 1352 omnium
3017 1316 3032 1352 :
3063 1306 3250 1369 quarta
3278 1306 3336 1353 et
3374 1299 3581 1368 quinta,
3608 1313 3731 1368 qua:

2147 1405 2390 1460 magnam
2423 1390 2619 1445 habent
2647 1391 2785 1445 inter
2800 1405 2859 1445 se
2881 1390 3212 1456 afﬁnitatem,
3237 1398 3561 1460 postremam
3590 1390 3735 1444 tertii

2151 1485 2280 1539 tomi
2334 1493 2538 1554 partem
2584 1483 2951 1554 complebunt.
2993 1482 3210 1549 Septem
3254 1497 3384 1537 vero
3409 1482 3739 1552 posteriores

2149 1579 2276 1632 tomi
2312 1592 2504 1632 omnes
2547 1577 2767 1632 omnino
2812 1576 3253 1641 commentarios,
3283 1575 3371 1646 qui
3414 1583 3734 1644 supersunt,

2149 1670 2591 1739 complectentur.
2640 1670 2816 1738 Atque
2863 1667 2916 1722 in
2978 1667 3084 1722 fine
3133 1666 3387 1737 postremi
3438 1665 3736 1736 fragmenta

2150 1761 2297 1815 varia
2323 1760 2614 1815 afferentur
2645 1769 2753 1814 tum
2783 1775 2849 1814 ex
2881 1759 3073 1814 Photio
3096 1801 3112 1823 ,
3137 1768 3250 1813 tum
3275 1774 3347 1814 ex.
3367 1758 3486 1813 aliis
3513 1759 3742 1828 scripto-

2153 1855 2302 1910 ribus
2330 1863 2489 1926 atque
2526 1853 2994 1922 exmanuscriptis
3035 1859 3304 1921 excerpta.
3337 1850 3504 1905 Dubia
3532 1865 3663 1905 vero
3684 1859 3743 1905 et

2155 1948 2338 2018 spuria
2375 1963 2536 2018 opera
2565 1948 2636 2002 ita
2664 1946 2987 2002 distribuere
3031 1945 3206 2001 conati
3237 1959 3441 2009 sumus,
3476 1954 3534 1998 ut
3561 1943 3742 1998 habita

2155 2040 2457 2112 argumenti
2485 2039 2693 2094 ratione
2722 2039 2773 2092 in
2805 2037 2965 2092 ﬁnem
3010 2038 3268 2106 cujusque
3313 2035 3440 2090 tomi
3489 2034 3744 2105 ablegen-

2159 2144 2263 2189 tur.
2299 2133 2550 2189 Fatemur
2610 2142 2790 2187 tamen
2849 2146 2956 2185 non
3015 2131 3254 2200 potuisse
3301 2143 3400 2183 nos
3443 2127 3496 2182 id
3548 2127 3746 2196 ubique

2157 2235 2414 2296 praestare
2435 2243 2450 2278 :
2469 2225 2512 2279 si
2537 2225 2702 2287 enim,
2726 2222 2954 2292 exempli
2984 2236 3163 2285 causa,
3185 2235 3372 2275 omnes
3396 2219 3747 2289 panegyricos

2159 2320 2370 2390 Spurios
2397 2333 2672 2374 sermones
2700 2317 2752 2371 in
2781 2316 2888 2371 ﬁne
2915 2314 3134 2371 secundi
3162 2312 3328 2379 tomi-,
3357 2313 3445 2384 qui
3473 2311 3623 2366 locus
3647 2326 3747 2367 eo-

2158 2427 2278 2468 rum
2319 2411 2568 2482 proprius
2623 2417 2777 2476 erat,
2830 2409 3216 2479 posuissemns,
3269 2407 3320 2459 in
3363 2405 3579 2458 nimiam
3632 2417 3752 2456 mo-

2160 2503 2265 2557 lem
2319 2503 2576 2558 crevisset
2626 2501 2715 2556 ille
2783 2509 2958 2554 tomus
3014 2517 3028 2552 :
3079 2497 3431 2567 quamobrem
3493 2495 3751 2565 plurimos

2161 2592 2465 2664 huiusmodi
2486 2593 2552 2647 ad
2579 2599 2865 2662 sequentes
2896 2599 3069 2644 tomos
3088 2589 3311 2658 reiicere
3340 2587 3510 2642 coacti
3539 2599 3746 2640 sumus.

2163 2685 2280 2741 Sed.
2306 2684 2715 2740 idlevissimum
2745 2693 2847 2747 est,
2879 2682 2933 2736 ni
2970 2681 3148 2745 fallor,
3175 2677 3571 2734 incommodum
3595 2696 3607 2730 :
3629 2691 3751 2745 spu-

2163 2779 2240 2832 ria
2270 2776 2468 2846 quippe
2495 2784 2601 2830 tam
2634 2775 2810 2843 inepta
2841 2773 3155 2843 plerumque
3183 2778 3308 2825 sunt
3335 2777 3393 2823 ut
3435 2769 3609 2822 lucem
3637 2781 3749 2820 non

2166 2879 2492 2924 mereantur.
2527 2868 2584 2923 in
2613 2867 2799 2922 decem
2828 2866 2986 2935 igitur
3025 2873 3199 2918 tomos
3239 2862 3418 2917 omnia
3449 2861 3507 2917 S.
3534 2859 3758 2916 Joannis

2169 2959 2537 3032 Chrysostomi
2583 2973 2744 3026 Opera
2783 2955 3217 3012 distribuentur:
3271 2951 3608 3007 undecimum
3661 2967 3757 3021 ap-

2169 3051 2398 3122 pondici,
2429 3050 2497 3106 de
2535 3065 2636 3118 qua
2668 3064 2791 3102 mox
2843 3057 3046 3115 agetur,
3079 3045 3428 3100 destinamus.
3462 3042 3568 3099 Sed
3593 3052 3752 3098 erunt

2170 3147 2400 3201 fortasse
2428 3145 2517 3212 qui
2549 3151 2790 3213 quierant
2813 3157 2826 3192 :
2853 3139 3142 3196 Frontonis
3164 3138 3340 3192 Ducaei
3372 3137 3536 3192 editio
3561 3135 3765 3190 duode-

2171 3239 2274 3292 cim
2306 3237 2463 3290 tomis
2489 3278 2503 3300 ,
2537 3235 2648 3289 sive
2677 3231 2926 3288 undecim
2972 3230 3162 3300 ampla:
3207 3229 3364 3282 molis
3405 3226 3762 3280 voluminibus

2173 3328 2467 3385 absolvitur
2503 3344 2516 3380 :
2565 3340 2673 3395 quo
2724 3334 2880 3393 pacto
2931 3321 3096 3392 igitur
3135 3329 3211 3374 tot
3253 3329 3461 3373 auctam
3489 3316 3763 3371 anecdotis

2176 3431 2358 3492 totque
2384 3419 2600 3475 monitis
2629 3417 2920 3472 editionem
2951 3415 3135 3468 decem
3177 3413 3229 3466 in
3273 3410 3635 3465 voluminibus
3670 3409 3755 3462 iu-

2173 3512 2400 3568 eludas?
2431 3511 2483 3565 Id
2515 3511 2604 3580 qui
2649 3509 2765 3563 tieri
2813 3507 3048 3576 potuerit
3083 3504 3238 3559 facile
3279 3502 3541 3570 intelligas
3569 3501 3612 3554 si
3643 3515 3764 3570 pcr-

2175 3605 2377 3677 pcndas
2405 3604 2561 3672 longe
2600 3601 2788 3670 majori
2816 3599 2999 3654 charta
3039 3606 3095 3652 et
3133 3596 3320 3665 pagina
3366 3608 3491 3647 usos
3521 3603 3763 3664 typogra-

2175 3699 2311 3770 pltos
2341 3705 2552 3751 nostros
2581 3693 2737 3747 tomis
2765 3706 2958 3746 novem
2987 3699 3041 3743 et
3068 3687 3295 3742 dimidio
3320 3701 3384 3741 ea
3421 3685 3598 3738 omnia
3632 3698 3765 3738 con-

2176 3787 2394 3844 cludere
2420 3799 2579 3855 posse
2604 3824 2619 3849 ,
2653 3797 2772 3852 qum
2803 3782 2854 3835 iu
2896 3779 3143 3834 undecim
3175 3775 3460 3830 Frontonis
3486 3774 3768 3827 volumini-

2177 3880 2278 3934 bus
2323 3877 2688 3940 continentur,
2715 3873 2856 3945 quod
2902 3873 3011 3943 jam
3057 3871 3422 3940 experimento
3461 3864 3766 3920 didicimus.

2180 3975 2263 4029 Ad
2293 3975 2409 4028 hate
2435 3988 2563 4027 vero
2592 3972 2775 4040 spuria
2807 3985 2926 4039 qua:
2958 3969 3008 4022 iu
3047 3965 3333 4022 Frontonis
3379 3963 3616 4018 editione
3652 3975 3767 4013 ain-

2181 4069 2326 4139 plum
2357 4066 2604 4119 volumen
2648 4062 3032 4125 conficiebant,
3064 4060 3118 4113 in
3159 4066 3341 4112 nostra
3387 4055 3621 4111 editione
3649 4067 3768 4106 cum

2181 4175 2249 4214 ex
2279 4172 2436 4226 supra
2473 4164 2767 4214 memorata
2807 4153 3009 4207 chartae
3049 4149 3444 4219 magnitudine,
3479 4158 3588 4200 tum
3613 4145 3770 4199 etiam

2183 4266 2250 4306 ex
2276 4250 2476 4304 minuta
2506 4256 2751 4319 typorum
2787 4243 2957 4298 forma
2978 4242 3045 4296 ad
3072 4240 3351 4296 dimidium
3379 4238 3660 4292 voluminis
3689 4252 3775 4290 re-

2184 4341 2494 4396 ducunt-ur:
2539 4339 2650 4408 iam
2701 4336 2866 4390 habes
2912 4333 3158 4389 undecim
3199 4333 3470 4387 volumina
3500 4331 3553 4384 in
3583 4344 3770 4384 novem

2186 4433 2422 4488 redacta.
2454 4432 2696 4500 Insuper,
2723 4429 2945 4484 sublatis
2986 4427 3088 4482 illis
3111 4423 3772 4497 paraphrastice-adorna-

2190 4525 2256 4579 tis
2299 4523 2504 4579 Latinis
2547 4519 3095 4590 interpretationibus,
3141 4533 3261 4587 qua:
3301 4517 3584 4570 verborum
3623 4512 3771 4582 copia

2189 4616 2581 4682 redundabant,
2610 4631 2728 4684 quae
2759 4614 2865 4668 illis
2905 4611 3204 4666 substitutus
3239 4617 3362 4662 sunt
3401 4608 3557 4675 longe
3603 4604 3774 4658 minus

2191 4708 2345 4778 spatii
2372 4708 2729 4775 occupabunt,
2755 4705 2986 4773 hincque
3015 4699 3254 4754 nonnihil
3286 4699 3461 4756 etiam
3479 4713 3544 4752 ex
3573 4711 3773 4750 memo-

2190 4803 2320 4857 ratis
2373 4815 2564 4856 novem
2595 4797 2957 4853 voluminibus
3004 4794 3286 4849 deciditur.
3320 4792 3525 4859 Quibus
3554 4803 3776 4858 perSpc-

2191 4902 2291 4954 ctis
2322 4899 2475 4954 facile
2521 4895 2784 4963 intelligas
2824 4895 2874 4946 in
2902 4893 3090 4947 decem
3142 4891 3246 4944 illis
3286 4888 3537 4943 editionis
3583 4893 3774 4937 nostra:

2193 4990 2549 5046 voluminibus
2625 4997 2735 5041 tum
2801 5001 2864 5038 ea
2932 4997 3051 5053 qua:
3112 4996 3176 5034 cx
3247 4977 3483 5033 tenebris
3545 4977 3785 5029 eruimus

2193 5080 2560 5150 Chrysostomi
2591 5093 2782 5146 opera,
2814 5085 2924 5129 tum
2973 5074 3131 5127 etiam
3172 5072 3407 5137 monita,
3454 5068 3574 5138 plus
3623 5082 3784 5137 quam

2196 5191 2358 5229 unum
2389 5173 2632 5227 volumen
2663 5183 2923 5239 occupare
2963 5166 3061 5236 (τι).

2201 5309 2231 5382 §
2263 5308 2377 5364 XII.
2408 5338 2480 5348 -ο
2509 5307 2586 5360 De
2613 5304 2892 5376 appendice
2934 5317 3175 5372 perquam
3225 5297 3506 5352 necessaria
3554 5293 3779 5365 aperibus

2437 5400 2498 5454 S.
2529 5397 2749 5452 Joannis
2770 5392 3118 5466 Chrysostomi
3147 5389 3518 5463 subjungenda.

2275 5515 2418 5570 inter
2446 5529 2507 5568 ea
2539 5526 2657 5582 qua:
2685 5509 2750 5564 ad
2777 5509 3225 5579 Chrysostomum
3257 5501 3631 5559 illustrandqu
3655 5517 3776 5555 con-

2247 5693 2320 5802 (az
2347 5691 2478 5741 Haud
2493 5690 2646 5740 multo
2664 5696 2772 5751 post
2787 5688 2944 5736 sensit
2964 5698 3079 5736 sese
3094 5682 3223 5734 male
3247 5681 3585 5747 praeiudicasse
3606 5687 3653 5729 Γ.
3667 5687 3776 5750 Mon-

2247 5753 2302 5802 τῆς
2321 5760 2518 5802 mmus:
2545 5755 2592 5802 in
2618 5753 2752 5802 tertii
2777 5751 2908 5799 enim
2927 5749 3045 5798 tomi
3067 5747 3350 5802 praefatione
3377 5746 3475 5802 jam
3497 5747 3664 5792 manet
3689 5742 3776 5791 cdt-

2201 5742 2518 5807 teiidmntus:
2545 5755 2592 5802 in
2618 5742 2752 5802 te'rtii
2777 5751 2908 5799 enim
2927 5749 3045 5798 tomi
3067 5742 3358 5810 pretatibne
3377 5746 3475 5806 jam
3497 5747 3664 5792 manet
3689 5742 3781 5791 edi-

2204 5825 2388 5870 tionem
2409 5830 2549 5880 ιιςίιυί
2589 5816 2637 5864 in
2653 5813 2890 5864 tredecim
2916 5807 3079 5862 tomos
3094 5807 3220 5861 forte
3240 5819 3507 5859 evasuram.
3546 5811 3605 5854 at.
