4114 6392
344 360 445 451 ω’
1766 382 2155 441 PREFATIO.

344 511 487 565 ferre
518 517 738 579 possunt
764 551 780 573 ,
826 508 958 563 nihil
996 506 1366 578 opportunius.
1400 522 1521 562 meo
1546 502 1763 575 quidem
1792 501 1930 570 judi-

344 606 451 668 cio,
483 601 779 672 appendice
830 601 919 655 illa
970 600 1037 655 ad
1082 601 1283 656 calcem
1325 614 1546 668 operum
1594 594 1928 665 adjicienda,

346 707 466 763 quae
495 690 747 748 editionis
774 692 1016 746 ultimum
1046 699 1248 745 tomum
1284 688 1571 745 constituet
1602 702 1617 742 :
1646 686 1763 752 ubi,
1792 698 1929 753 prae-

347 784 526 839 missis
583 790 823 838 veterum
872 783 939 837 de
998 783 1203 837 Joanne
1256 782 1641 853 Cbrysostomo
1695 778 1935 832 testimo-

345 879 467 939 niis.
500 876 744 932 diatriba:
765 878 999 948 quinque
1028 876 1275 931 edentur.
1311 875 1367 929 In
1391 888 1573 929 earum
1600 872 1769 940 prima
1798 884 1929 940 age-

345 978 434 1024 tur
457 968 526 1025 de
564 968 773 1023 fortuna
799 984 1023 1037 operum
1058 968 1191 1023 tanti
1233 967 1470 1022 doctoris
1492 1006 1508 1031 ,
1549 965 1723 1034 deque
1772 961 1933 1015 variis

344 1059 728 1131 manuscriptis
752 1061 1027 1115 codicibus
1057 1059 1320 1129 ejusdem,
1349 1059 1439 1129 qui
1473 1057 1528 1112 in
1558 1054 1800 1127 plurimis
1820 1053 1931 1107 Eu-

343 1167 493 1221 ropa:
541 1151 880 1206 bibliothecis
921 1151 1119 1219 ingenti
1156 1164 1379 1203 numero
1422 1147 1667 1202 feruntur
1697 1164 1711 1200 :
1740 1144 1785 1198 si
1830 1158 1933 1213 qua

343 1258 477 1298 vero
504 1244 558 1296 in
586 1243 649 1297 iis
678 1251 859 1297 notatu
890 1242 1044 1312 digna
1073 1250 1129 1296 et
1157 1240 1444 1311 singularia
1471 1240 1843 1302 observentur,
1871 1249 1935 1289 ea

347 1350 455 1388 non
499 1336 695 1405 pigebit
720 1343 999 1389 annotare.
1028 1334 1161 1387 Tum
1191 1334 1258 1387 de
1296 1331 1589 1386 innumeris
1619 1344 1754 1398 pene
1778 1327 1936 1382 editis

348 1426 684 1492 tractabitur,
708 1426 798 1496 qui
839 1425 923 1479 vel
973 1433 1150 1495 partes
1192 1438 1437 1493 Operam,
1460 1421 1542 1476 vel
1570 1435 1729 1490 opera
1757 1418 1936 1472 omnia

348 1519 798 1587 complectuntur,
824 1518 1091 1570 annotatis
1119 1531 1280 1578 anno,
1326 1516 1444 1569 loco
1468 1522 1523 1568 et
1561 1511 1809 1567 editionis
1837 1525 1934 1563 au-

348 1621 499 1665 ctore
531 1628 543 1663 :
574 1609 912 1679 praefationes
955 1610 1114 1664 etiam
1153 1606 1480 1677 singularum
1508 1604 1799 1659 editionum
1838 1601 1938 1655 mi-

352 1701 566 1754 nutiore
617 1700 931 1753 charactere
980 1698 1262 1752 cudentur.
1317 1696 1373 1750 lo
1425 1693 1657 1749 secunda
1705 1690 1934 1747 diatriba

351 1791 420 1845 de
460 1806 518 1844 re
559 1790 847 1845 admodum
894 1804 1118 1859 operosa
1150 1786 1546 1856 diSputabitur;
1594 1784 1842 1838 nimirum
1872 1780 1937 1835 de

350 1883 567 1937 amissis
618 1883 734 1951 ejus
781 1882 931 1936 libris
978 1880 1337 1950 operibusque
1388 1878 1549 1929 variis
1577 1917 1592 1941 ,
1638 1890 1756 1944 quae
1804 1880 1938 1926 teste

350 1974 511 2029 Suida
559 1988 775 2028 omnem
813 1986 1093 2027 numerum
1141 1969 1468 2039 superabant
1500 1985 1513 2020 :
1566 1966 1638 2021 ibi
1675 1966 1743 2020 de
1776 1964 1938 2019 Com-

351 2065 629 2121 mentariis
656 2066 706 2118 in
739 2064 971 2117 Marcum
1001 2072 1057 2117 et
1082 2063 1135 2116 in
1179 2061 1377 2116 Lucam
1407 2058 1781 2129 disputabitur,
1804 2070 1940 2125 quos

351 2157 443 2210 alii
491 2156 721 2210 edidisse
757 2154 1199 2226 Cbrysostomum
1252 2160 1501 2212 narrant,
1529 2150 1619 2203 alii
1651 2162 1938 2217 numquam

351 2250 624 2304 exstitisse
670 2248 1037 2304 contendunt:
1070 2247 1139 2302 de
1184 2244 1552 2317 Chrysostomi
1588 2244 1715 2298 item
1744 2242 1940 2295 oratio-

353 2343 510 2396 nibus
540 2349 725 2395 contra
750 2340 977 2404 Arabas,
1008 2340 1098 2409 qui
1127 2338 1376 2393 dicebant
1396 2337 1629 2390 animam
1660 2336 1796 2389 mori
1818 2349 1937 2387 cum

353 2447 619 2503 corpore,
660 2446 793 2501 quas
852 2430 1123 2486 orationes
1170 2429 1331 2499 aliqui
1386 2429 1525 2482 inter
1571 2423 1941 2496 Chrysostomi

353 2539 516 2593 opera
546 2530 828 2578 recensent
857 2540 871 2573 :
903 2521 1077 2592 deque
1113 2522 1233 2575 aliis
1264 2517 1567 2589 hujusmodi
1595 2518 1733 2572 bene
1758 2516 1941 2570 multis

356 2615 669 2670 disseretur.
712 2613 768 2667 in
807 2614 963 2667 tertia
1007 2612 1233 2667 diatriba
1258 2611 1325 2666 de
1356 2610 1598 2666 doctrina
1634 2607 1692 2664 S.
1719 2607 1943 2663 Joannis

355 2706 724 2777 Chrysostomi
770 2705 914 2759 circa
966 2703 1089 2758 ﬁdei
1148 2703 1393 2774 dogmata
1447 2701 1797 2765 tractabitur,
1853 2699 1940 2752 ubi

356 2798 522 2868 ipsius
564 2797 784 2866 prolatis
841 2797 900 2851 S.
955 2795 1191 2850 doctoris
1253 2794 1411 2849 dictis
1459 2805 1618 2864 atque
1663 2791 1945 2847 sententiis

355 2891 531 2944 omnia
562 2890 1021 2951 recensebuntur;
1053 2890 1212 2959 idque
1242 2905 1347 2942 non
1376 2887 1706 2957 disceptandi
1733 2886 1938 2951 animo,

358 2982 455 3036 sed
484 2998 550 3036 ex
590 2997 696 3037 uno
725 2983 835 3036 veri
877 2982 1073 3036 studio.
1108 2982 1161 3035 lu
1200 2990 1388 3051 quarta
1418 2980 1646 3034 diatriba
1677 2980 1745 3034 de
1781 2979 1943 3033 disci-

357 3077 497 3146 plina
524 3084 765 3145 tempore
791 3075 1159 3147 Chrysostomi
1186 3091 1253 3131 ex
1282 3076 1445 3144 ipsius
1476 3074 1707 3128 maxime
1732 3070 1946 3141 scriptis

355 3177 559 3237 agetur.
599 3166 699 3223 Ubi
726 3168 1017 3237 singularia
1058 3176 1237 3233 certe,
1270 3166 1384 3221 sive
1418 3165 1558 3235 quod
1585 3164 1651 3218 ad
1680 3163 1947 3232 liturgiam

356 3268 412 3313 et
452 3258 696 3313 sacrificii
723 3258 1172 3323 celebrationem,
1204 3258 1318 3311 sive
1342 3256 1483 3325 quod
1512 3255 1579 3310 ad
1616 3255 1748 3308 alios
1776 3254 1944 3321 ritus,

356 3350 805 3417 observabuntur,
833 3366 1027 3421 nempe
1066 3350 1134 3405 de
1159 3350 1320 3404 variis
1350 3348 1537 3404 ofﬁciis
1572 3348 1781 3402 diaconi
1811 3347 1946 3401 alio-

356 3456 583 3510 rumque
624 3442 1028 3507 ministrorum;
1073 3444 1140 3495 de
1183 3441 1511 3494 ornamentis
1552 3438 1944 3505 Ecclesiarum,

356 3531 425 3586 de
453 3532 589 3601 signi
635 3532 822 3587 Crucis
851 3532 998 3586 vario
1025 3546 1157 3599 usu;
1198 3532 1265 3586 de
1290 3533 1408 3586 oleo
1435 3547 1499 3586 ex
1526 3530 1624 3586 SS.
1653 3540 1946 3601 martyrum

356 3623 613 3691 sepulcris
652 3622 960 3694 desumpto,
1006 3639 1111 3693 quo
1152 3622 1435 3677 utebantur
1476 3622 1541 3676 ad
1570 3622 1840 3676 daemones
1867 3622 1948 3676 lu-

355 3715 560 3785 gandos
603 3716 927 3785 morbosque
973 3715 1279 3787 pellendos;
1327 3715 1677 3785 similiterque
1719 3715 1788 3770 de
1826 3716 1948 3769 oleo

356 3823 556 3865 sanctae
598 3810 816 3875 Crucis,
856 3811 925 3866 de
954 3827 1060 3881 quo
1098 3811 1152 3865 in
1181 3811 1296 3865 Vita
1325 3810 1383 3865 S.
1416 3809 1603 3873 Sabae;
1631 3809 1806 3879 deque
1832 3810 1949 3863 aliis

358 3903 655 3957 innumeris
686 3904 879 3958 veteris
921 3902 1178 3958 Ecclesiae
1219 3901 1505 3957 Orientalis
1545 3901 1772 3957 ritibus:
1814 3918 1950 3971 quos

356 3995 493 4049 ritus
518 3996 712 4064 smpius
738 4011 897 4065 quam
928 3996 1101 4065 quivis
1122 3995 1257 4049 alius
1295 4003 1678 4050 commemorat
1704 3994 1761 4049 S.
1790 3993 1951 4049 Joan-

357 4103 456 4142 nes
497 4088 932 4159 Chrysostomus.
976 4090 1033 4143 In
1079 4088 1264 4159 quinta
1310 4088 1539 4143 diatriba
1579 4087 1648 4142 de
1692 4088 1853 4141 variis
1896 4096 1950 4142 et

360 4181 715 4236 miscellaneis
740 4181 902 4237 rebus
933 4181 1287 4236 tractabitur:
1319 4181 1363 4233 si
1392 4179 1517 4250 quid
1546 4180 1803 4236 omissum
1830 4178 1948 4233 fue-

359 4273 451 4338 rit,
482 4271 533 4326 id
558 4272 837 4336 alierctur;
870 4272 915 4327 si
943 4272 1066 4343 quid
1093 4281 1327 4326 erratum
1357 4281 1448 4324 aut
1477 4271 1653 4324 minus
1681 4280 1825 4325 recte
1854 4285 1949 4339 po-

358 4365 517 4419 situm
541 4406 556 4431 ,
590 4363 997 4429 emendabitur;
1026 4379 1149 4418 nam
1185 4379 1312 4418 usus
1337 4372 1390 4416 et
1428 4363 1671 4417 tractatio
1698 4362 1948 4416 diuturna

361 4456 742 4511 accuratiorem
771 4455 999 4511 all‘erunt
1026 4472 1203 4511 rerum
1244 4456 1507 4509 notitiam.

428 4548 690 4618 Sequetur
713 4547 830 4604 Vita
854 4548 910 4603 S.
932 4548 1153 4604 Joannis
1171 4548 1542 4620 Chrysostomi
1567 4590 1583 4615 ,
1610 4557 1719 4602 tum
1742 4563 1807 4603 ex
1831 4548 1947 4618 ejus

362 4640 593 4695 maxime
640 4640 892 4710 scriptis,
940 4649 1050 4694 tum
1094 4656 1159 4695 ex
1203 4640 1427 4695 aliorum
1472 4640 1589 4695 sive
1630 4640 1946 4710 aaqualtum,

360 4734 477 4787 sive
504 4734 811 4801 supparium
836 4775 851 4796 ,
884 4733 996 4789 sive
1026 4734 1384 4802 posteriorum
1413 4733 1732 4802 scriptorum
1759 4748 1942 4787 narra-

360 4830 417 4879 tu
442 4866 457 4889 ,
491 4824 893 4879 accuratissime
920 4834 1176 4894 quantum
1215 4824 1395 4879 licebit
1434 4826 1771 4879 concinnata.
1812 4824 1950 4880 Huic

360 4915 710 4985 subjicientur
737 4916 855 4984 ejus
893 4916 1016 4970 vita:
1049 4916 1338 4985 scriptores
1363 4924 1571 4971 veteres
1593 4958 1608 4982 ,
1639 4916 1906 4972 Palladius
1931 4960 1947 4984 ,

360 5008 621 5076 Georgius
645 5050 660 5072 ,
698 5008 893 5077 aliique
920 5008 1173 5078 anonymi
1200 5050 1215 5073 ,
1246 5024 1471 5078 quorum
1499 5009 1739 5063 nonnulli
1775 5010 1947 5064 lucem

362 5101 600 5155 nondum
629 5100 890 5155 viderant.
924 5100 1035 5155 Sub
1057 5101 1171 5155 haec
1192 5101 1419 5156 indicem
1440 5101 1684 5156 dabimus
1711 5103 1951 5155 locorum

362 5192 653 5261 Scriptura:
682 5208 849 5247 sacra:
874 5235 889 5256 ,
919 5208 1076 5263 quem
1105 5204 1357 5261 sequetur
1384 5194 1545 5249 index
1576 5210 1752 5247 rerum
1784 5208 1948 5261 gene-

364 5283 493 5335 ralis
522 5284 575 5335 in
602 5283 778 5336 omnia
808 5282 923 5352 ejus
954 5297 1137 5351 opera.
1170 5283 1285 5337 Erit
1314 5299 1475 5353 porro
1505 5284 1661 5338 iudex
1691 5284 1778 5338 ille
1800 5286 1950 5339 locu—

364 5374 689 5443 pletissimus
711 5384 765 5429 et
791 5389 1003 5429 summo
1030 5375 1212 5430 labore
1236 5378 1677 5447 accurationeque
1698 5378 1949 5446 singulari

367 5468 735 5521 concinnatus.
764 5468 986 5535 Quanta:
1014 5482 1179 5537 porro
1210 5469 1455 5522 utilitatis
1484 5469 1591 5522 sint
1616 5469 1819 5524 indices
1847 5469 1950 5522 hu-

362 5560 591 5630 jusmodi
638 5562 791 5629 pauci
836 5562 1065 5630 experiri
1104 5561 1306 5615 volunt.
1355 5563 1426 5615 At
1464 5562 1605 5615 enim
1645 5577 1751 5616 non
1792 5563 1953 5619 modo

368 5664 489 5707 sunt
517 5654 583 5708 ad
612 5655 726 5708 loca
772 5654 1130 5725 perquirenda
1172 5654 1366 5719 utiles;
1409 5656 1502 5709 sed
1543 5656 1701 5709 etiam
1741 5658 1953 5726 quando

369 5754 616 5801 accurate
640 5747 974 5816 cogitathue
1004 5746 1185 5816 scripti
1218 5756 1340 5801 sunt
1364 5790 1378 5809 ,
1418 5747 1533 5801 sine
1571 5747 1728 5801 lwdio
1750 5757 1803 5802 et
1829 5763 1951 5802 cum

368 5835 544 5895 fructu
571 5840 804 5897 maximo
835 5839 1082 5912 leguntur
1103 5878 1119 5909 ,
1152 5840 1364 5897 omissis
1396 5840 1641 5898 videlicet
1673 5841 1907 5898 numeris
1932 5883 1947 5911 ,

3511 375 3631 421 χιιι

2045 501 2135 571 qui
2165 498 2231 553 ad
2261 496 2457 552 seriem
2485 490 2709 549 minime
2729 487 3023 561 pertinent.
3053 486 3137 542 Ex
3168 480 3472 555 hujusmodi
3501 494 3631 536 vero

2042 590 2272 645 lectione
2298 590 2341 643 is
2374 587 2574 642 fructus
2602 582 2911 652 decerpitur
2934 621 2950 647 ,
2986 593 3146 649 quem
3175 577 3231 631 in
3259 576 3370 645 ipsa
3397 572 3632 626 auctoris

2041 685 2271 739 lectione
2299 682 2384 735 vix
2417 679 2677 749 reperias.
2704 676 2761 730 lu
2788 682 3007 728 auctore
3039 671 3235 741 quippe
3262 666 3440 722 omnia
3475 679 3628 734 spar-

2041 776 2141 829 sim
2168 774 2338 844 posita
2361 779 2485 826 sunt
2506 788 2521 836 ;
2544 770 2589 823 si
2616 767 2740 839 quid
2767 766 2834 822 de
2857 766 2986 830 Deo,
3012 762 3163 817 verbi
3187 760 3380 830 gratia,
3402 755 3633 813 senserit

2041 867 2457 938 Chrysostomus
2485 862 2726 917 ediscere
2754 858 2938 927 cupias
2963 898 2978 923 ,
3007 855 3051 909 si
3081 853 3206 922 quid
3234 850 3301 905 de
3325 850 3589 918 baptismo
3609 886 3629 914 ,

2042 959 2110 1014 de
2136 957 2301 1027 gratia
2329 1000 2343 1022 ,
2371 964 2477 1011 etc.
2505 997 2520 1020 ,
2551 962 2662 1008 tota
2686 951 2871 1005 decem
2902 945 3173 1001 volumina
3200 942 3443 1013 perlegas
3466 953 3630 1007 opor-

2043 1058 2157 1116 tet,
2205 1048 2608 1119 periculumque
2652 1057 2865 1112 semper
2902 1047 2986 1095 est
3026 1052 3093 1092 ne
3132 1036 3186 1090 in
3233 1044 3338 1088 tam
3377 1031 3633 1086 diuturno

2044 1141 2290 1197 lectionis
2333 1139 2606 1201 decursu,
2656 1134 2797 1204 quod
2846 1132 3018 1202 primo
3057 1134 3365 1198 perceptum
3416 1121 3629 1185 fuerat,

2045 1242 2330 1301 antequam
2359 1228 2426 1284 ad
2457 1228 2617 1282 linem
2655 1224 2906 1280 devenias
2931 1265 2947 1288 ,
2993 1220 3236 1277 elabatur
3268 1233 3283 1273 :
3334 1212 3632 1285 periculum

2045 1325 2172 1378 item
2206 1338 2273 1377 ne
2302 1320 2532 1375 assidua:
2559 1327 2826 1388 tantaeque
2852 1312 3096 1370 lectionis
3122 1310 3282 1366 taedio
3304 1309 3439 1363 bene
3468 1304 3632 1360 multa

2045 1413 2389 1469 inobservata
2420 1420 2727 1481 praetereas.
2758 1406 2957 1463 Contra
2984 1418 3113 1458 vero
3143 1403 3195 1456 in
3224 1397 3520 1455 istiusmodi
3551 1396 3635 1450 in-

2045 1505 2165 1560 dice
2188 1546 2203 1570 ,
2231 1516 2581 1577 quaecumque
2600 1500 2666 1555 de
2689 1500 2802 1554 Deo
2826 1538 2840 1563 ,
2867 1508 3215 1566 quaecumque
3239 1490 3308 1546 de
3327 1489 3591 1559 baptismo
3614 1526 3633 1553 ,

2046 1596 2185 1653 deve
2220 1596 2339 1650 aliis
2382 1591 2707 1665 quibuslibet
2751 1590 2804 1645 in
2850 1596 3067 1643 auctore
3106 1582 3328 1653 reperiri
3369 1587 3632 1651 possunt,

2046 1703 2208 1742 unum
2257 1686 2355 1741 sub
2395 1693 2669 1754 aspectum
2721 1679 3097 1747 subjiciuntur.
3144 1673 3503 1741 Quamobrem
3549 1667 3636 1722 vel

2048 1778 2235 1834 iisdem
2269 1776 2399 1847 ipsis
2424 1776 2513 1846 qui
2544 1783 2623 1827 tot
2650 1772 2919 1827 volumina
2958 1769 3177 1838 legunt,
3220 1762 3411 1818 iudicis
3448 1760 3636 1815 lectio-

2047 1888 2171 1927 nem
2200 1886 2266 1925 ne
2288 1868 2698 1940 praetermittam
2717 1873 2903 1918 auctor
2922 1876 3060 1916 sum.
3085 1858 3211 1912 Post
3238 1854 3465 1909 iudicem
3486 1850 3637 1905 Ono-

2045 1964 2309 2020 masticon
2331 1960 2714 2029 amplissimum
2736 1954 2948 2009 dabitur
2970 1964 3159 2005 vocum
3186 1945 3424 2002 omnium
3452 1942 3636 2011 singu-

2046 2055 2237 2110 larium
2261 2096 2277 2119 ,
2305 2068 2423 2122 qua:
2451 2052 2504 2105 in
2529 2048 2675 2104 edito
2699 2042 3069 2116 Chrysostomi
3100 2037 3441 2109 reperiuntur
3466 2075 3482 2100 ,
3512 2048 3635 2088 cum

2048 2162 2231 2203 earum
2266 2142 2705 2213 interpretatione
2733 2138 2921 2192 Latina
2950 2153 2964 2190 :
2997 2131 3247 2189 idiotismi
3265 2172 3279 2197 ,
3307 2129 3398 2199 qui
3421 2125 3637 2198 plurimi

2047 2238 2185 2309 apud
2210 2238 2356 2291 illum
2383 2240 2692 2295 occurrunt,
2720 2229 3065 2285 notabuntur.
3137 2226 3343 2294 Agmen
3423 2218 3636 2275 claudet

2048 2331 2319 2398 catalogus
2348 2325 2713 2396 alphabeticus
2753 2334 2975 2390 operum
3002 2314 3239 2370 omnium
3269 2311 3635 2383 Chrysostomi

2048 2432 2103 2476 et
2130 2420 2473 2490 epistolarum
2514 2432 2544 2470 a
2585 2414 2768 2484 primis
2815 2410 3075 2480 cujusque
3115 2404 3295 2475 operis
3336 2403 3512 2458 verbis
3539 2401 3638 2456 du-

2048 2523 2168 2569 ctus
2188 2554 2202 2577 ,
2235 2511 2497 2580 longeque
2524 2505 2751 2575 amplior
2783 2517 2944 2573 quam
2977 2496 3275 2557 Savilianus
3299 2535 3314 2561 ,
3355 2495 3410 2549 in
3447 2503 3638 2549 octavo

2050 2618 2196 2663 tomo
2224 2607 2365 2661 illius
2392 2602 2641 2660 editionis
2672 2599 2897 2670 positus.

2092 2782 2119 2855 §
2148 2781 2290 2838 Xlll.
2310 2812 2382 2825 ——
2409 2780 2487 2836 De
2510 2782 2628 2837 uiris
2676 2781 2959 2850 insignibus
2981 2820 2994 2842 ,
3025 2791 3238 2845 quorum
3267 2790 3362 2844 ope
3414 2775 3466 2825 in
3510 2774 3605 2859 liae

2551 2873 2765 2927 editione
2801 2873 2881 2924 usi
2908 2885 3099 2925 sumus.

2122 3087 2309 3142 Resmt
2335 3095 2391 3140 ut
2421 3086 2471 3139 in
2498 3084 2631 3153 grati
2663 3082 2826 3137 animi
2858 3077 3220 3135 testimonium
3250 3072 3440 3129 lectori
3471 3071 3639 3140 signi-

2052 3177 2274 3231 ficemus
2298 3217 2313 3242 ,
2345 3190 2568 3245 quarum
2596 3170 3039 3227 bibliothecarum
3068 3165 3340 3221 codicibus
3367 3203 3382 3229 ,
3411 3176 3639 3231 quorum

2050 3283 2153 3337 ope
2198 3268 2433 3320 virorum
2477 3264 2543 3318 ad
2584 3264 2720 3316 hanc
2760 3261 3051 3315 editionem
3096 3257 3179 3311 usi
3215 3256 3402 3308 simus.
3433 3252 3643 3306 Primus

2049 3358 2403 3415 celebrandas
2430 3357 2585 3411 nobis
2612 3363 2696 3410 est
2725 3350 3206 3408 excellentissimus
3249 3348 3404 3401 Dom.
3437 3344 3640 3400 llum-

2050 3467 2146 3506 cus
2172 3450 2421 3506 Canows
2465 3465 2531 3504 nu
2573 3447 2828 3502 Caunour
2870 3462 2937 3499 DE
2971 3442 3181 3498 Consus
3207 3483 3221 3505 ,
3270 3441 3388 3494 Dux
3432 3447 3487 3494 et
3530 3438 3642 3492 Pan

2050 3542 2329 3607 Francim,
2402 3540 2701 3612 Episcopus
2770 3535 3061 3599 Metensis,
3114 3533 3203 3603 qui
3265 3530 3642 3585 bibliothecam

2051 3649 2203 3689 suam
2232 3632 2376 3686 omni
2409 3630 2892 3698 manuscriptorum
2918 3669 2934 3693 ,
2966 3622 3260 3695 praesertim
3289 3621 3597 3678 Graecorum
3620 3661 3639 3687 ,

2051 3739 2250 3795 genere
2276 3721 2528 3777 refertam
2563 3721 2663 3773 hoc
2690 3719 2743 3773 in
2772 3717 3019 3773 coenobio
3046 3714 3290 3784 deposuit
3319 3753 3333 3777 ,
3364 3721 3417 3767 et
3446 3726 3543 3780 pro
3563 3710 3644 3766 in-

2050 3824 2175 3870 nata
2207 3812 2559 3869 beneficentia
2598 3822 2703 3865 tam
2743 3810 2902 3864 lauue
2929 3805 3275 3877 supellectilis
3304 3803 3458 3858 nobis
3487 3817 3642 3857 usum

2051 3907 2319 3961 concessit
2345 3921 2359 3969 ;
2383 3903 2525 3959 unde
2550 3903 2712 3957 multa
2737 3901 3175 3973 Chrysostomum
3198 3895 3490 3967 spectantia
3519 3910 3643 3949 mu-

2050 3998 2183 4053 tuati
2222 4013 2427 4051 sumus.
2473 3996 2550 4050 Ex
2596 3994 2918 4049 bibliotheca
2962 3990 3127 4061 Regia
3172 4002 3386 4058 semper
3428 3985 3643 4041 codices

2052 4090 2210 4146 nobis
2252 4088 2319 4143 ad
2361 4086 2641 4142 arbitrium
2686 4082 3005 4155 suppeditati
3052 4091 3176 4136 sunt
3225 4079 3553 4133 humanitate
3588 4089 3648 4134 et

2050 4182 2416 4238 munificentia
2446 4179 2714 4234 illustriss.
2760 4180 2992 4231 ABBATIS
3026 4174 3090 4229 D.
3140 4190 3206 4227 os
3254 4171 3485 4227 Louvons
3509 4212 3524 4235 ,
3557 4168 3643 4223 bi-

2050 4274 2331 4330 bliotheca:
2362 4273 2539 4341 Regia:
2569 4270 2844 4342 praefecti,
2887 4269 2986 4323 sub
3026 4268 3177 4337 cujus
3212 4265 3464 4334 auspiciis
3489 4264 3640 4333 ejus-

2050 4368 2174 4423 dem
2227 4364 2565 4420 bibliotheca‘.
2588 4362 2840 4418 custodes
2878 4361 2941 4414 D.
2983 4359 3052 4415 de
3098 4358 3369 4422 TABGNIS,
3418 4369 3646 4425 prmser-

2050 4462 2253 4531 timque
2276 4460 2360 4514 vir
2380 4459 2449 4512 cl.
2471 4457 2707 4512 Jomues
2728 4456 3003 4509 Borvuuus
3025 4494 3040 4520 ,
3066 4467 3171 4506 non
3195 4451 3371 4505 minus
3392 4447 3645 4504 comitate

2050 4567 2210 4623 quam
2241 4549 2543 4606 eruditione
2572 4555 2686 4602 toto
2711 4546 2842 4601 orbe
2871 4544 3110 4600 literario
3137 4541 3449 4597 notissimus
3472 4581 3487 4605 ,
3516 4538 3645 4594 soli-

2051 4645 2122 4699 tis
2144 4641 2335 4698 ofliciis
2364 4655 2464 4695 nos
2494 4638 2805 4710 prosequuti
2829 4645 2972 4692 sunt.
3002 4634 3154 4690 Haud
3195 4634 3362 4689 multo
3405 4633 3644 4687 minores

2052 4735 2206 4790 nobis
2234 4732 2492 4803 suppetiae
2516 4744 2795 4786 accessere
2824 4743 2887 4783 ex
2918 4725 3243 4783 bibliotheca
3289 4722 3645 4778 illustrissimi

2050 4825 2274 4881 Cout'ns
2303 4840 2369 4877 ne
2398 4823 2696 4878 Senem.”
2721 4863 2735 4886 ,
2770 4836 2889 4891 qua:
2916 4818 3240 4874 Colbertinte
3269 4815 3485 4870 nomine
3515 4814 3646 4870 insi-

2050 4919 2195 4989 gnita
2251 4917 2450 4987 ingenti
2500 4916 2811 4971 Graecorum
2857 4912 2983 4967 Mss.
3034 4910 3185 4981 copia
3240 4909 3499 4963 instructa
3538 4916 3642 4963 est.

2052 5011 2253 5066 Horum
2286 5010 2440 5062 nobis
2468 5008 2533 5061 ad
2574 5018 2760 5061 nutum
2804 5006 3015 5075 cepiam
3058 5003 3182 5057 fecit
3228 5001 3646 5056 humanissimus
3732 5040 3733 5043 η

2050 5102 2141 5157 ille
2169 5103 2249 5154 vir
2277 5143 2290 5163 ,
2320 5101 2385 5154 ad
2414 5100 2692 5154 literarum
2717 5096 3058 5152 commodum
3086 5104 3264 5148 natus.

2126 5194 2180 5247 In
2208 5192 2527 5247 bibliotheca
2553 5190 2806 5244 Vaticana
2831 5231 2846 5255 ,
2877 5189 3003 5241 dum
3033 5186 3219 5240 Roma:
3249 5199 3527 5249 versarer,
3559 5183 3645 5237 in-

2051 5300 2275 5339 numera
2306 5281 2563 5350 exscripsi
2590 5323 2605 5348 ,
2629 5280 2816 5349 collegi
2843 5320 2857 5343 ,
2885 5277 3107 5332 contuli.
3135 5264 3261 5330 Post
3290 5275 3520 5330 reditum
3552 5289 3649 5327 au-

2051 5371 2205 5441 tem',
2232 5392 2297 5431 ex
2326 5390 2431 5445 quo
2461 5372 2855 5427 illustrissimus
2879 5371 2961 5423 vir
3002 5369 3063 5422 Ι).
3105 5367 3354 5423 CAROLUS
3390 5368 3647 5421 Munus

2053 5471 2105 5523 in
2152 5466 2610 5523 bibliothecarium
2653 5472 2932 5533 cooptatus
2979 5471 3098 5524 est,
3147 5463 3326 5515 omnia
3374 5475 3471 5529 pro
3521 5467 3648 5512 voto

2053 5559 2387 5629 Suppeditata
2431 5558 2598 5611 fuere.
2646 5556 2745 5611 Est
2780 5555 2925 5609 enim
2966 5555 3051 5608 vir
3096 5554 3223 5618 ille,
3265 5562 3325 5606 ut
3362 5554 3645 5620 omnigena

2051 5654 2352 5710 eruditione
2380 5662 2600 5706 ornatus
2624 5692 2639 5717 ,
2690 5652 2759 5705 ita
2799 5650 3026 5705 literatis
3066 5648 3353 5703 admodum
3386 5656 3646 5717 Opportu-

2050 5764 2169 5801 nus.
2203 5746 2277 5799 Ex
2311 5745 2408 5799 ista
2440 5759 2569 5798 vero
2611 5743 2932 5798 bibliomeca
2962 5742 3125 5797 multa
3158 5740 3312 5796 nobis
3340 5739 3641 5811 apographa

2060 5838 2347 5899 transmisit
2378 5836 2458 5892 vir
2486 5836 2842 5893 amicissimus
2872 5843 2925 5892 et
2952 5832 3293 5891 doctissimus
3320 5831 3642 5887 Bsnxsnous
