4114 6392
480 362 611 402 ιιηι

469 468 722 523 Ακυαελδ
742 465 894 523 ιω
918 509 934 533 ,
966 469 1056 538 qui
1082 470 1190 539 jam
1218 466 1443 527 Lutetizc
1463 474 1589 545 agit.
1624 475 1699 529 Ex
1733 475 2053 535 bibliotheca

468 559 596 614 item
625 558 1015 626 Ottoboniaua,
1061 561 1273 617 favente
1316 563 1741 620 eminentissimo
1783 565 2054 624 Cardinali

468 649 650 704 l’srao
679 648 967 705 Orroaoao
987 693 1001 715 ,
1034 668 1144 706 non
1171 667 1335 722 pauca
1361 656 1585 709 mutuati
1614 670 1816 710 sumus.

540 742 594 796 In
622 742 809 812 Anglia
839 744 981 798 nulla
1013 759 1116 799 non
1145 745 1442 801 officiorum
1488 763 1686 818 genera
1724 749 1877 805 nobis
1916 766 2054 821 pra:-

465 834 586 887 stita
616 846 739 888 sunt
762 877 776 901 ,
801 833 1079 907 fateorque
1104 853 1191 892 me
1213 854 1469 908 nusquam
1493 841 1747 910 majorem
1771 852 2051 912 expertum

469 923 850 982 humanitatem
892 943 1050 998 quam
1098 930 1237 998 apud
1282 933 1575 1000 Anglorum
1620 943 1852 1003 gentetn.
1898 935 2057 992 Prteit

472 1019 568 1073 hoc
610 1019 664 1074 in
697 1037 915 1075 munere
942 1023 1023 1075 vir
1049 1023 1118 1076 cl.
1148 1033 1204 1077 et
1245 1024 1634 1081 illustrissimus
1660 1026 1894 1084 Joansss
1921 1028 2055 1083 Por-

468 1123 640 1164 rsuus
661 1149 677 1176 ,
704 1110 999 1180 Episcopus
1023 1111 1342 1170 Oxouieusis
1361 1155 1374 1177 ,
1401 1117 1700 1172 eruditione
1723 1134 1842 1173 cum
1873 1120 2055 1189 primis

469 1203 870 1269 numerandus,
913 1206 999 1275 qui
1047 1207 1260 1262 eximiis
1301 1208 1556 1275 Operibus
1599 1226 1715 1265 rem
1768 1211 2053 1268 literariam

466 1292 810 1362 locupletavit
840 1313 853 1348 :
878 1296 922 1347 is
949 1296 1104 1350 nobis
1128 1298 1429 1366 apograpba
1459 1316 1635 1354 rerum
1663 1301 1727 1355 ad
1758 1302 2051 1357 institutum

468 1393 708 1439 nostrum
755 1387 1130 1455 pertinentium
1176 1398 1392 1459 rogatus
1438 1406 1544 1445 non
1587 1403 1804 1462 rogatus
1842 1393 1893 1447 in
1938 1394 2054 1450 dies

469 1475 631 1530 mittit
653 1517 667 1538 ,
700 1487 754 1530 et
781 1478 1046 1548 ingentem
1078 1479 1222 1533 illam
1253 1484 1660 1537 commentariis
1689 1484 1740 1537 in
1771 1483 2012 1540 Psalmos
2035 1525 2051 1550 ,

470 1575 527 1619 ut
551 1566 659 1634 jam
688 1567 954 1633 diximus,
984 1573 1345 1625 accessionem
1378 1574 1684 1642 procurarit
1706 1614 1724 1640 ,
1758 1575 1910 1644 cujus
1943 1576 2052 1644 jam

470 1669 674 1728 partem
704 1670 945 1715 tenemus
968 1703 983 1724 .,
1013 1670 1217 1730 partem
1243 1673 1635 1731 eXSpcctamus.
1665 1665 1845 1735 Neque
1872 1675 2054 1723 Iacen-

468 1747 568 1803 dus
596 1750 675 1805 vir
699 1750 1056 1805 amicissimus
1081 1762 1135 1806 et
1158 1753 1552 1810 eruditissimus
1577 1756 1887 1812 TIIIOTIIEUS
1911 1756 2054 1813 Gon~

472 1854 640 1895 wmus
664 1882 680 1906 ,
715 1841 1010 1911 Episcopus
1030 1842 1400 1900 Kilmoriensis
1424 1886 1441 1912 ,
1466 1848 1553 1915 qui
1584 1849 1712 1902 mihi
1742 1858 1796 1903 et
1823 1864 1977 1918 apem
2002 1859 2057 1905 et

469 1930 898 1988 beneVoleutiam
921 1933 1264 1989 illustrissimi
1289 1936 1488 1991 Pottert
1513 1938 1817 1993 conciliavit
1839 1981 1852 2001 ,
1881 1956 2056 2010 neque

470 2030 648 2078 cessat
693 2024 989 2080 commodis
1029 2027 1164 2082 meis
1201 2027 1508 2099 advigilare.
1548 2030 1903 2099 Cautabrigiac
1938 2031 2057 2086 offi-

470 2114 570 2170 eiis
596 2113 707 2168 suis
733 2130 828 2169 nos
857 2118 1100 2171 certatim
1129 2120 1436 2187 prosequuti
1476 2129 1602 2175 sunt
1642 2122 1724 2176 vir
1764 2123 1832 2176 cl.
1876 2122 2053 2178 BENT-

474 2220 625 2260 LEIUS
648 2244 664 2269 ,
690 2206 997 2276 reipublicae
1024 2208 1272 2264 literarias
1296 2210 1458 2264 decus
1486 2220 1541 2265 et
1568 2223 1936 2266 ornamentum
1960 2253 1977 2279 ,
2002 2223 2057 2268 et

472 2298 555 2352 vir
598 2297 938 2353 doctissimus
980 2300 1442 2371 amirissimusque
1494 2303 1707 2359 Penus
1751 2304 2012 2359 Nasuam
2037 2347 2054 2370 ,

474 2389 654 2446 multis
683 2390 978 2459 insignibus
1003 2391 1162 2447 editis
1186 2393 1438 2461 operibus
1462 2394 1660 2447 clarus.

544 2479 600 2535 lu
628 2480 911 2536 Germania
942 2484 1096 2538 nobis
1124 2498 1337 2553 semper
1361 2493 1556 2553 prmsto
1586 2484 1720 2549 fuit,
1752 2494 1807 2540 et
1853 2485 1920 2540 ad
1959 2502 2058 2541 nu-

474 2583 586 2626 tum
614 2572 871 2628 beneficia
898 2575 1122 2629 contulit
1151 2578 1231 2628 vir
1257 2577 1584 2630 clarissimus
1620 2576 1853 2632 Joannes
1880 2577 2056 2632 BENE-

475 2678 661 2719 ιιοτυε
689 2664 1065 2721 ϐεκτιιοττυε
1095 2683 1160 2721 ΑΒ
1188 2667 1531 2722 Encersancu
1553 2710 1568 2733 ,
1592 2667 1927 2723 bibliotheca:
1947 2667 2059 2723 Ca:-

472 2771 640 2811 sarete
669 2757 950 2827 praafeetus
972 2799 988 2823 ,
1020 2758 1103 2812 vir
1138 2758 1435 2812 eruditione
1476 2760 1794 2829 conspicuus
1821 2803 1834 2825 ,
1861 2758 2052 2813 huma-

1914 369 2308 427 ΡῑίΑΕΡΑΤΙΟ.

3597 381 3724 424 XXIV

2162 481 2326 534 nitate
2354 493 2472 532 cum
2502 479 2683 546 primis
2708 482 3060 541 celebrandus
3080 525 3098 553 ,
3123 486 3354 559 denique
3376 489 3614 547 omnium
3640 508 3743 549 no-

2162 586 2452 627 tuerorum.
2488 570 2703 628 Viennae
2729 590 2940 646 quoque
2965 585 3021 633 et
3050 593 3209 634 manu
3235 590 3288 636 et
3312 598 3414 651 ope
3449 594 3504 639 et
3539 585 3743 642 amico-

2159 679 2279 717 rum
2309 664 2603 719 IllllllSleJ'iO
2624 666 2691 721 ad
2720 669 2886 723 nostri
2914 670 3253 726 commodum
3277 689 3404 729 usus
3424 691 3636 746 semper
3655 692 3746 735 est

2156 759 2390 814 Joannes
2432 759 2870 818 CHRISTOPHORDS
2912 763 3376 821 Banrsssrcmws
3410 782 3598 832 meus,
3637 773 3744 824 Ar-

2156 854 2547 920 gentoratensis
2568 894 2583 918 ,
2616 869 2782 909 sacra:
2824 855 3085 912 Cmsarea:
3125 857 3387 928 Majestati
3412 877 3443 914 a
3471 861 3745 918 Consiliis.

2158 944 2448 1015 Ilaiulmrgi
2475 947 2636 1000 etiam
2681 948 2795 1016 pari
2833 962 2930 1003 uos
2971 948 3345 1005 benevolentia
3388 963 3747 1022 prosequutus

2157 1046 2239 1091 est
2261 1039 2342 1090 vir
2361 1038 2749 1106 insignissimus
2774 1045 2831 1093 et
2851 1040 3246 1095 eruditissimus
3270 1041 3506 1099 JOANNES
3534 1045 3744 1100 Auma-

2159 1143 2256 1183 rus
2295 1128 2609 1195 FABRICIUS,
2657 1146 2817 1200 quem
2863 1130 2933 1184 ob
2972 1133 3222 1200 prteclara
3264 1133 3316 1187 iu
3361 1135 3743 1203 rempublicam

2157 1220 2445 1274 literariam
2471 1222 2661 1275 collata
2690 1221 2947 1277 beneficia
2986 1223 3193 1292 ignorat
3228 1239 3387 1278 neruo
3432 1226 3519 1280 oui
3562 1227 3743 1281 literas

2157 1310 2316 1363 norit.
2345 1310 2393 1364 Is
2422 1312 2841 1381 manuscriptum
2863 1312 3206 1381 epistularum
3235 1313 3292 1368 S.
3324 1313 3548 1370 Joannis
3567 1314 3740 1389 Chry-

2157 1401 2376 1455 sostomi
2401 1443 2417 1467 ,
2447 1417 2545 1455 uec
2575 1412 2790 1471 rogatus
2812 1441 2827 1467 ,
2858 1401 3160 1473 llamburgo
3185 1403 3445 1458 Lutetiam
3472 1405 3655 1469 misit,
3685 1417 3744 1462 ut

2156 1492 2322 1547 oculis
2337 1492 2450 1562 ipse
2471 1493 2605 1547 meis
2625 1496 2798 1547 varias
2818 1493 2942 1548 inde
2963 1494 3220 1549 lectiones
3236 1499 3482 1565 exripere
3504 1511 3739 1566 possem.

2156 1584 2340 1655 Neque
2365 1585 2576 1640 silentio
2602 1586 3091 1654 prtetermittendus
3116 1587 3196 1640 vir
3224 1587 3295 1641 cl.
3321 1586 3601 1644 Genaunos
3628 1588 3742 1644 Wt-

2158 1694 2279 1733 now
2302 1718 2320 1746 ,
2349 1679 2439 1748 qui
2470 1679 2676 1733 nullum
2706 1677 2934 1747 lapidem
2966 1693 3071 1733 nou
3102 1679 3266 1732 movit
3292 1691 3348 1733 ut
3371 1680 3569 1734 nostris
3596 1680 3740 1734 fave-

2158 1781 2240 1826 ret
2268 1771 2458 1826 studiis
2486 1780 2542 1828 et
2578 1771 2849 1843 operibus.
2895 1772 2976 1827 En
3015 1771 3178 1826 habes
3202 1815 3217 1839 ,
3268 1773 3491 1828 candide
3531 1773 3741 1840 lector,

2158 1862 2400 1917 festivam
2469 1862 2847 1931 prmclarorum
2906 1861 3183 1917 hominum
3241 1864 3739 1932 enumerationem,

2157 1970 2383 2024 quorum
2427 1956 2869 2010 commemoratio
2916 1956 3115 2010 nemini
3163 1956 3347 2011 literas
3389 1957 3591 2012 amanti
3637 1973 3742 2013 non

2158 2054 2308 2116 grata
2341 2053 2516 2114 potest
2542 2060 2685 2100 esse.

2228 2135 2413 2206 Neque
2463 2135 2672 2190 tacendi
2730 2145 2856 2189 sunt
2908 2135 3173 2190 carissimi
3230 2134 3441 2190 sodales
3486 2137 3592 2192 mci
3645 2138 3745 2194 viri

2158 2228 2339 2291 docti.
2368 2229 2456 2295 qui
2490 2244 2696 2283 mecum
2730 2229 2784 2283 in
2816 2228 2915 2282 hoc
2941 2228 3150 2284 edendo
3180 2245 3344 2300 opere
3370 2229 3698 2286 desudaruut
3725 2274 3741 2295 ,

2159 2320 2222 2374 D.
2254 2319 2500 2375 Cauows
2525 2335 2591 2373 DE
2614 2335 2679 2373 LA
2705 2318 2823 2373 Rue
2842 2359 2856 2383 ,
2886 2318 2947 2373 D.
2978 2319 3254 2374 Mammas
3280 2319 3532 2383 Boueuer
3555 2362 3570 2387 ,
3598 2331 3652 2376 et
3680 2322 3743 2376 ο.

2157 2409 2420 2465 Jossruus
2451 2410 2706 2465 Doussor.
2733 2409 2925 2465 Caneri
2953 2419 3129 2465 autem
3165 2411 3254 2480 qui
3299 2412 3459 2465 variis
3499 2412 3744 2467 lectioni-

2159 2504 2260 2559 bus
2286 2501 2613 2572 exeipiendis
2638 2516 2856 2570 Operam
2888 2501 3025 2555 bene
3052 2501 3201 2555 multi
3225 2502 3482 2557 dederunt
3504 2544 3520 2569 ,
3544 2513 3599 2558 et
3617 2503 3749 2558 dant

2160 2596 2442 2666 hodieque,
2460 2595 2512 2648 in
2525 2594 2701 2663 aliquo
2720 2602 2989 2649 tomorum
3009 2594 3342 2663 sequentium
3359 2610 3745 2650 commemora-

2159 2689 2354 2744 buntur
2375 2707 2387 2742 :
2407 2702 2529 2742 nam
2548 2687 2598 2741 in
2620 2686 2736 2741 dies
2754 2687 2873 2739 novi
2896 2685 2962 2739 ad
2985 2685 3034 2739 id
3051 2686 3285 2740 muneris
3297 2700 3356 2741 se
3371 2686 3669 2751 conferunt,
3693 2696 3750 2739 et

2416 2814 2430 2827 .
2462 2813 2474 2825 .
2509 2823 2517 2827 .
2545 2813 2558 2826 .
2577 2791 2675 2826 uno
2697 2777 2864 2827 avulso
2886 2790 2982 2825 non
2998 2776 3161 2826 deficit
3177 2776 3319 2827 alter.

481 2873 3755 2899 ww

1074 2973 1220 3054 DE
1268 2969 1542 3055 VITA
1592 2972 1678 3055 S.
1721 2972 2208 3054 JOANNIS
2268 2965 3133 3066 CHRYSOSTOMI,

823 3128 929 3189 ET
972 3126 1225 3190 PRIMO
1267 3129 1372 3188 DE
1415 3127 1977 3193 SCRIPTOBIBUS
2018 3125 2248 3190 VITIE.
2283 3118 2637 3183 EJUSDEM
2667 3116 2951 3181 SANCTI
2992 3118 3388 3181 DOCTORIS

536 3283 562 3312 ‘
1475 3272 1656 3340 QUOS
1695 3267 2300 3329 PRAETERMITTERE
2342 3264 2548 3322 VISUM
2588 3260 2736 3319 EST.

2038 3406 2193 3462 ζ)ῐῖἓῖἱὶ

543 3542 641 3611 Qui
674 3542 876 3611 primus
904 3542 972 3595 ab
998 3540 1228 3596 Henrico
1259 3540 1461 3596 Savilio
1489 3540 1663 3595 editus
1701 3537 1801 3591 fuit
1829 3535 1960 3589 Vitae
1992 3530 2052 3588 S.

477 3632 552 3686 ιο.
590 3632 958 3704 Cbrysostomi
1002 3634 1249 3703 scriptor.
1277 3643 1361 3688 est
1402 3632 1664 3702 Georgius
1712 3627 2054 3685 Alexandria:

470 3725 936 3795 archiepiseomts,
968 3741 1125 3796 quem
1171 3725 1388 3795 quidam
1435 3734 1622 3793 putant
1644 3721 1865 3779 Joannis
1892 3721 2054 3776 Elec-

473 3817 760 3887 mosynarii
806 3831 1169 3871 successorem
1202 3816 1388 3871 fuisse.
1420 3815 1519 3871 Hic
1560 3814 1749 3871 humili
1795 3822 1850 3869 ct
1887 3813 2055 3868 inele-

472 3907 613 3976 gauli
640 3906 780 3977 style
800 3907 1078 3961 innumera
1100 3909 1264 3963 refert
1285 3906 1544 3970 fabulosa,
1570 3906 1634 3960 iis
1652 3903 1911 3974 exceptis,
1935 3917 2055 3974 qua:

472 4012 541 4051 ex
565 3996 803 4052 Palladio
830 4007 884 4052 et
908 3997 1131 4052 Socrate
1155 4007 1425 4052 mutuatus
1448 4006 1548 4052 est.
1579 3995 1770 4051 Narrat
1792 3995 2054 4051 Joannem

474 4090 742 4157 juvenem.
780 4090 891 4159 jam
940 4091 1110 4145 literis
1147 4090 1449 4158 eruditum,
1493 4089 1731 4144 Athenas
1758 4088 2055 4158 profecmm

474 4190 629 4243 esse;
662 4179 838 4249 ibique
882 4195 1002 4235 cum
1052 4191 1175 4250 post
1219 4180 1484 4235 modicum
1528 4180 1784 4249 temporis
1827 4178 2055 4248 spatium

476 4271 831 4327 Athenienses
856 4286 1043 4327 omnes
1072 4272 1476 4342 disciplinarum
1508 4273 1694 4326 notitia
1725 4280 1780 4326 ct
1812 4271 2057 4349 facundia

476 4371 779 4431 superaret,
806 4362 1004 4417 multos
1030 4364 1084 4417 in
1112 4363 1192 4417 sui
1215 4363 1620 4417 admirationem
1644 4362 1903 4430 rapuisse,
1925 4361 2060 4417 alio-

478 4469 596 4509 rum
624 4469 754 4509 vcro
780 4454 1027 4509 invidiam
1057 4455 1442 4517 concitavisse,
1480 4458 1817 4523 maximeque
1849 4453 2056 4507 Anthe-

478 4544 569 4599 tnii
597 4544 872 4615 cujusdam
899 4546 997 4599 viri
1020 4545 1159 4599 docti
1182 4554 1237 4599 et
1258 4545 1494 4615 superbi,
1513 4560 1741 4614 quocum
1768 4545 1931 4598 etiam
1956 4544 2059 4598 dis-

477 4635 702 4705 putavit.
763 4634 889 4690 leec
929 4635 1216 4704 disputatio
1257 4636 1495 4705 pluribus
1538 4644 1889 4689 memoratur.
1930 4632 2062 4688 Post

479 4724 781 4794 bujusmodi
809 4725 1037 4779 fabulam
1060 4723 1258 4779 fusiore
1276 4724 1415 4796 style
1435 4732 1783 4779 recensentur
1803 4722 2061 4778 miracula

481 4818 618 4873 bene
660 4817 825 4872 multa
872 4832 903 4872 a
951 4816 1160 4872 Joanne
1203 4828 1388 4871 nostro
1438 4825 1643 4885 patrata
1674 4831 1836 4870 :cum
1884 4824 2061 4870 tamen

479 4907 892 4978 Cbrysostomus
910 4923 1013 4962 non
1035 4908 1201 4964 semel
1220 4908 1381 4971 dicat,
1397 4908 1647 4962 miracula
1667 4907 1808 4961 nulla
1821 4921 1918 4960 suo
1931 4915 2066 4961 tem-

480 5013 610 5068 pore
637 4999 751 5054 fieri
769 5040 786 5066 ,
814 5014 914 5053 nec
939 5013 1059 5053 esse
1083 4998 1405 5053 necessaria.
1436 4996 1719 5053 Innumera
1756 4996 1959 5066 profert
1987 4996 2063 5052 si-

485 5090 666 5155 milia,
707 5106 806 5146 nec
845 5090 1063 5161 majoris
1106 5089 1283 5160 pretii.
1331 5088 1664 5163 Quapropter
1689 5088 1810 5158 jure
1835 5086 2066 5143 Savilius

491 5184 647 5238 talem
671 5183 738 5238 de
763 5182 994 5252 Geergio
1023 5182 1123 5237 fert
1149 5181 1470 5236 sententiam
1497 5198 1511 5236 :
1542 5180 1787 5234 Omnibus
1812 5189 1944 5234 certe
1961 5179 2066 5233 suis

489 5276 764 5337 canalibus
786 5317 798 5339 ,
827 5276 975 5329 etiam
1008 5274 1219 5343 posteris
1258 5272 1353 5345 (ut
1378 5273 1441 5327 de
1461 5272 1809 5328 velitatioribns
1835 5269 2061 5339 taceant)

483 5366 717 5433 infantia!
744 5366 796 5418 in
816 5365 1029 5418 dicendo
1061 5367 1285 5432 palmam
1314 5362 1637 5431 praeripuisse
1664 5363 1840 5415 merito
1861 5362 2067 5431 judice—

486 5466 587 5508 tur.
611 5453 696 5510 Ex
716 5454 869 5522 hujus
893 5462 1059 5507 tanien
1087 5454 1290 5523 fa’cibus
1320 5455 1594 5507 [conserunt
1626 5452 1728 5506 Leo
1757 5451 2064 5523 Imperator,

485 5556 665 5600 auctor
713 5546 964 5610 incertus,
1005 5554 1052 5600 et
1100 5544 1309 5599 Simeon
1352 5542 1754 5609 Metaphrastes,
1798 5561 1924 5613 quos
1967 5560 2068 5597 una

484 5642 684 5693 damus.

561 5731 687 5786 Post
726 5729 865 5785 banc
894 5729 1067 5784 Vitam
1099 5744 1128 5782 a
1159 5728 1388 5797 Georgio
1419 5729 1784 5783 Alexandrino
1815 5729 2064 5797 scriptam

500 5824 639 5896 apud
682 5823 937 5879 Savilium
982 5822 1220 5892 sequitur
1263 5821 1457 5878 Leonis
1507 5821 1847 5891 Imperatoris
1895 5821 2067 5877 Enco-

2206 3426 2526 3446 ἡ*

2159 3525 2325 3580 mium
2374 3526 2431 3581 S.
2470 3527 2554 3583 Jo.
2596 3529 2987 3600 Chrysostomi.
3031 3531 3147 3586 Leo.
3169 3546 3362 3601 nempe
3391 3531 3480 3587 ille
3508 3540 3625 3598 est,
3652 3530 3753 3602 qui

2159 3617 2383 3684 Sapiens
2426 3626 2481 3673 et
2521 3619 2877 3689 Philosophus
2904 3621 3114 3684 dictus,
3145 3621 3413 3677 Orientale
3458 3622 3752 3691 Imperium

2162 3708 2332 3760 tenuit
2354 3706 2423 3760 ab
2443 3723 2583 3763 anno
2607 3708 2712 3764 886
2737 3710 2804 3763 ad
2829 3725 3027 3765 annum
3052 3710 3179 3766 910.
3213 3710 3305 3766 ille
3331 3722 3505 3765 tamen
3529 3712 3747 3781 sapiens.

2163 3796 2457 3864 Imperator
2504 3815 2570 3853 ex
2620 3798 2957 3855 fmtidissimo
3004 3801 3096 3856 illo
3138 3799 3352 3870 Georgii
3395 3801 3541 3856 fonte
3566 3801 3746 3855 omnia

2163 3898 2455 3955 mutuatur,
2488 3905 2586 3944 nec
2617 3890 2803 3959 majori
2834 3906 2994 3961 quam
3025 3891 3116 3946 ille
3142 3891 3247 3945 fide
3276 3890 3469 3961 dignus
3496 3902 3600 3946 est.

2232 3978 2466 4034 Leonem
2499 3980 2878 4050 Imperatorem
2911 3981 3113 4051 excipit
3145 3982 3287 4051 apud
3326 3982 3578 4037 Savilinm
3606 3996 3743 4036 ano-

2162 4086 2358 4142 nymus
2383 4072 2614 4140 scriptor
2643 4072 2772 4128 Vita:
2799 4073 2855 4127 S.
2879 4073 3037 4128 Joau.
3064 4072 3453 4144 Chrysostomi,
3472 4075 3559 4142 qui
3591 4074 3743 4127 initio

2163 4161 2368 4233 profert
2408 4165 2621 4219 nomina
2653 4180 2838 4221 eorum
2870 4167 2958 4234 qui
2987 4165 3055 4220 de
3086 4165 3189 4218 vita
3221 4164 3591 4237 Cbrysostomi
3621 4166 3747 4221 scri-

2168 4265 2407 4324 pscrunt,
2434 4256 2536 4311 hoc
2562 4258 2715 4311 titulo
2746 4274 2759 4311 :
2793 4257 3012 4324 Quinam
3042 4259 3105 4313 de
3132 4259 3234 4315 vita
3261 4256 3602 4329 Cltrysoslomi
3621 4261 3750 4314 scri-

2165 4359 2388 4419 pserunt.
2419 4347 2618 4402 Horum
2648 4351 2861 4403 nomina
2894 4349 3008 4404 lucc
3032 4357 3194 4404 sunt:
3218 4349 3467 4405 Socrates
3491 4350 3751 4405 ecclesia-

2167 4438 2333 4492 sticus
2357 4432 2837 4510 ltistoriograpltus,
2859 4439 3126 4494 Palladius
3148 4440 3535 4510 Ileleuopoleos
3551 4441 3753 4509 cpisc.,

2167 4528 2387 4583 Proclus
2410 4528 3050 4599 Constantinopolitanus,
3069 4529 3299 4602 Cyrillus
3321 4530 3709 4585 Alexandrinus
3732 4573 3745 4594 ,

2165 4619 2234 4675 de
2260 4620 2415 4690 cujus
2444 4620 2647 4676 visione
2676 4620 2811 4676 infra
2839 4622 3033 4692 agitur,
3073 4622 3407 4693 Sophronias
3447 4623 3746 4693 patriarcha

2165 4710 2679 4781 Jerosolymitauus,
2721 4712 2956 4768 Joannes
3013 4713 3414 4780 Damascenus,
3465 4713 3754 4785 Martyrius

2169 4802 2533 4858 Antiocheuus
2578 4803 2874 4872 patriarcha
2894 4843 2910 4864 .
2944 4802 3165 4858 Cosmas
3198 4802 3568 4877 Cbrysostomi
3613 4813 3751 4859 tem-

2169 4910 2299 4963 pore
2325 4896 2580 4950 diaconus
2604 4898 2922 4949 ἀποστολικῶν
2940 4937 2955 4959 ,
2982 4894 3350 4951 Theodoretus
3382 4895 3504 4968 Cyri
3541 4896 3709 4965 cpisc.
3731 4934 3749 4961 ,

2168 4984 2320 5039 Nilus
2345 4985 2565 5055 Magnus
2586 5027 2600 5048 ,
2627 4985 2860 5040 Isidorus
2893 4986 3158 5040 Pelusiota
3180 5028 3194 5052 ,
3227 4986 3489 5057 Evagrius
3516 4988 3708 5042 Asceta
3730 5027 3747 5053 ,

2167 5075 2392 5131 Cosmas
2413 5075 2670 5140 Vestitor,
2706 5076 2816 5131 Leo
2847 5077 3161 5146 Imperator,
3193 5077 3404 5132 Nicetas
3428 5083 3751 5149 σχευοφύὶοιε,

2168 5167 2380 5223 Nicetas
2403 5167 2676 5239 Paphlago
2695 5210 2709 5232 ,
2740 5169 3051 5224 Eustathius
3083 5167 3283 5231 Primi,
3316 5169 3541 5223 Basilius
3568 5174 3594 5222 ὁ
3621 5191 3751 5240 apo.

2170 5268 2412 5332 τὸθρονος,
2461 5258 2843 5315 Constantinus
2894 5260 3388 5334 Porphyrogcuitus
3430 5259 3749 5330 Imperator.

2172 5351 2256 5407 Ea:
2286 5353 2363 5406 Itis
2392 5351 2644 5419 omnibus,
2675 5353 2847 5422 pergit
2872 5353 2982 5415 ille,
3003 5352 3366 5423 opportuniora
3387 5360 3434 5405 et
3462 5352 3754 5422 pulchriora

2172 5445 2482 5516 colligentes,
2514 5461 2728 5516 quorum
2757 5445 2993 5517 qnwdam
3020 5446 3135 5500 aliis
3158 5462 3221 5500 ea:
3241 5446 3422 5498 horum
3450 5445 3753 5513 scriptorum

2172 5553 2383 5592 numero
2404 5547 2544 5597 nota.
2567 5537 2684 5593 aliis
2704 5538 2875 5608 ignota
2898 5548 3062 5604 erant,
3086 5538 3220 5592 hunc
3247 5538 3430 5591 librum
3458 5536 3510 5589 in
3537 5538 3749 5606 gratiam

2173 5631 2372 5700 piorum
2414 5630 2673 5683 hominum
2711 5630 3069 5683 adornavimus
3112 5629 3180 5682 ad
3215 5630 3430 5699 gloriam
3458 5626 3586 5692 Dei,
3615 5637 3662 5680 et
3686 5627 3754 5679 ad

2175 5721 2465 5776 memoriam
2495 5723 2659 5775 sancti
2683 5723 2795 5774 viri.

2249 5813 2345 5870 Hic
2385 5829 2511 5867 vero
2562 5815 2877 5883 Anonymus
2921 5811 3126 5867 caneris
3172 5811 3461 5883 elegantior
3500 5821 3617 5876 est;
3662 5809 3753 5863 sed
