4114 6392
486 362 629 405 XXVII

481 459 657 528 Atque
679 455 747 513 de
772 455 872 511 hoc
898 456 1173 524 sexennio,
1201 465 1261 512 ut
1279 455 1408 525 dixi,
1438 457 1578 514 inter
1599 467 1844 513 auctores
1864 471 2061 512 conve-

483 550 581 604 nit.
615 548 743 604 lnde
788 548 855 604 ad
884 549 1072 604 urbem
1107 564 1372 616 reversus,
1404 550 1661 607 diaconus
1696 566 1728 605 a
1759 552 1817 606 S.
1860 550 2070 606 Meletio

484 639 653 710 (quod
676 641 814 695 inter
837 655 1024 695 omnes
1043 641 1273 710 constat)
1296 641 1406 712 jam
1428 643 1816 711 proficiscente,
1840 652 1898 696 ut
1917 650 2066 712 puto,

482 731 996 803 Constantinopolim
1013 733 1076 788 ad
1094 733 1380 790 secundam
1398 735 1658 806 synodum
1675 735 2068 801 celebrandam,

484 838 630 878 anno
675 823 885 878 Domini
928 825 1027 880 581
1061 824 1298 891 ineunte,
1329 825 1625 892 ordinatus,
1650 826 2070 896 quinquennium

487 914 809 970 venerandis
835 915 1155 970 ministravit
1181 917 1455 973 altaribus.
1485 917 1618 972 Nam
1647 917 1789 988 quod
1815 926 1936 988 post
1963 917 2074 972 Me-

484 1005 596 1061 letii
626 1016 878 1073 mortem,
905 1022 1024 1076 qua:
1047 1006 1163 1076 ipso
1180 1015 1421 1078 tempore
1445 1009 1693 1063 secundze
1721 1009 1907 1080 synodi
1929 1007 2073 1063 acciv

487 1089 589 1154 dit,
618 1089 868 1146 Socrates
897 1091 974 1145 ait
1004 1109 1018 1146 :
1049 1091 1306 1147 Recedens
1346 1093 1573 1148 Joannes
1602 1113 1632 1148 a
1658 1093 1945 1148 Meletianis
1992 1093 2077 1165 (ea:

488 1180 628 1246 urbe,
659 1181 831 1252 inquit
844 1181 1123 1252 Georgius)
1139 1191 1237 1236 tres
1256 1184 1475 1254 integros
1491 1200 1651 1238 annos
1669 1186 1938 1255 tranquille
1952 1186 2076 1254 egit;

487 1283 828 1326 commoratur
845 1273 899 1327 in
918 1275 1222 1328 monasterio
1250 1275 1303 1328 in
1332 1292 1432 1348 quo
1475 1257 1696 1347 primum
1723 1287 1862 1342 erat,
1908 1278 2077 1348 inquit

488 1362 779 1434 Georgius;
810 1365 1094 1420 triennium
1117 1365 1240 1431 hoc,
1272 1374 1332 1422 ut
1357 1367 1665 1438 importune
1689 1378 1874 1424 contra
1904 1371 2075 1424 ratio-

489 1471 613 1512 nem
643 1467 963 1526 temporum,
987 1466 1046 1513 ut
1072 1459 1124 1513 in
1154 1461 1502 1530 sequentibus
1527 1463 1935 1529 monstrabitur,
1961 1463 2079 1519 Pal-

491 1547 633 1603 ladio
658 1551 817 1605 etiam
848 1568 956 1606 non
986 1550 1334 1623 suffragante,
1370 1555 1726 1623 interjectum,
1759 1572 1825 1611 ex
1854 1571 2080 1611 numero

489 1657 750 1698 annorum
781 1641 1152 1716 Chrysostomi
1181 1639 1522 1702 eximendum
1570 1663 1785 1703 censeo.
1818 1649 1945 1703 Post
1968 1649 2082 1702 dia-

489 1745 739 1791 conatum
771 1752 918 1807 ergo,
963 1739 1243 1808 presbyter
1270 1738 1482 1802 deinde,
1519 1739 1662 1810 quod
1714 1740 1852 1794 inter
1895 1755 2081 1794 omnes

490 1827 761 1891 convenit,
779 1835 902 1896 post
929 1842 1099 1882 annos
1128 1827 1361 1898 quinque
1388 1845 1418 1883 a
1443 1829 1697 1884 Flaviano
1719 1830 1870 1901 (non,
1890 1838 1948 1884 ut
1968 1831 2082 1885 vult

491 1915 760 1982 Socrates,
793 1917 1040 1988 Evagrio,
1087 1918 1294 1973 Paulini
1324 1920 1678 1992 successore),
1717 1920 1861 1990 quod
1891 1929 2076 1990 postea
2154 1931 2160 1936 â€˜

491 2011 860 2078 ostendemus,
900 2011 1178 2067 ordinatus
1203 2021 1306 2068 cst.
1341 2013 1429 2068 Sic
1467 2013 1726 2069 habemus
1751 2029 1779 2067 a
1811 2015 2085 2069 nativitate

497 2107 721 2164 Joannis
747 2124 914 2180 usque
939 2108 1006 2164 ad
1032 2108 1244 2164 deserta
1285 2109 1456 2164 studia
1478 2108 1733 2178 juvenilia
1774 2121 1961 2168 annos,
1995 2122 2086 2162 se-

495 2205 727 2260 cundum
759 2204 1198 2278 Chrysostomum
1226 2207 1421 2274 ipsum,
1439 2202 1645 2273 viginti,
1665 2201 1769 2263 vel,
1789 2199 2086 2255 secundum

495 2296 652 2363 alios,
684 2297 980 2352 octodecim
1017 2297 1198 2367 :apud
1241 2296 1507 2352 Meletium
1547 2310 1717 2352 annos
1742 2294 1909 2349 ferme
1942 2302 2084 2355 tres;

496 2387 622 2444 inde
646 2389 700 2444 in
728 2404 911 2446 eremo
933 2405 1103 2445 annos
1135 2390 1302 2445 ferme
1323 2405 1416 2444 sex
1450 2407 1464 2444 :
1493 2389 1545 2444 in
1573 2389 1782 2444 diaconi
1810 2388 1974 2460 gradu
1995 2403 2090 2442 an-

497 2498 598 2539 nos
627 2485 880 2556 quinque,
912 2493 986 2552 et,
1010 2493 1260 2553 exempto
1286 2485 1376 2539 illo
1388 2483 1624 2539 Socratis
1651 2493 1706 2538 et
1729 2483 2088 2538 recentiorum

499 2575 752 2640 triennio,
784 2576 837 2631 in
884 2577 1180 2649 presbyteri
1211 2577 1378 2646 gradu
1407 2592 1576 2632 annos
1605 2575 1908 2631 duodecim.
1937 2575 2091 2642 Quod

499 2670 546 2724 si
573 2671 716 2740 pleni
756 2671 956 2728 fuerint
980 2671 1037 2726 hi
1066 2672 1212 2736 anni,
1246 2688 1350 2726 non
1387 2673 1502 2726 cavi
1543 2682 1634 2725 aut
1661 2670 1901 2726 labentes
1926 2670 2089 2740 (quod

508 2762 686 2831 potius
706 2777 847 2826 reor,
875 2763 928 2817 in
955 2766 1109 2819 annis
1139 2764 1432 2833 praesertim
1461 2773 1583 2817 ante
1610 2762 1968 2826 diaconatum,
1995 2775 2093 2830 pro

503 2867 655 2908 more
693 2853 932 2908 omnium
983 2853 1096 2910 fere
1137 2865 1413 2909 auctorum
1445 2869 1696 2909 numeros
1726 2869 1868 2923 saepe
1892 2869 2094 2923 augen-

510 2945 663 3011 tium,
691 2953 745 2999 et
769 2945 888 3015 quia
919 2946 1238 3000 vocabulum
1266 2945 1432 3000 ferme
1461 2946 1542 3000 bis
1570 2961 1597 2998 a
1627 2945 1860 3000 Palladio
1893 2942 2091 3012 repeti-

508 3045 620 3090 tum
646 3035 774 3109 est),
807 3051 836 3091 a
867 3038 1141 3092 nativitate
1176 3037 1241 3092 ad
1283 3037 1645 3108 episcopatum
1685 3036 1811 3090 anni
1837 3035 2094 3105 colligen-

512 3137 598 3181 tur
625 3127 714 3182 46.
744 3127 894 3195 Quod
925 3129 967 3182 si
995 3128 1131 3183 duos
1156 3143 1324 3182 annos
1352 3143 1472 3182 cum
1500 3126 1737 3181 Palladio
1757 3135 1812 3182 et
1833 3125 2098 3180 recentio-

513 3217 660 3272 ribus
679 3217 955 3274 demamus
979 3234 1043 3273 ex
1061 3218 1250 3273 studiis
1261 3218 1614 3288 juvenilibus;
1638 3227 1693 3272 et
1715 3233 1911 3271 annum
1933 3199 2098 3271 unum

509 3321 608 3376 pro
629 3308 719 3362 illo
747 3308 830 3363 bis
851 3309 1076 3376 repetito
1103 3307 1302 3372 ferme;
1330 3307 1460 3362 anni
1486 3316 1689 3362 tantum
1711 3314 1867 3361 erunt
1882 3308 1969 3361 45.
1995 3307 2101 3360 Re-

514 3401 656 3471 liqua
677 3399 928 3470 deinceps
956 3415 1140 3470 prona,
1172 3399 1496 3470 epochacque
1515 3407 1696 3465 certae,
1715 3415 1824 3452 non
1839 3413 2098 3452 annorum

511 3499 739 3557 tantum,
763 3491 858 3546 sed
888 3498 942 3545 et
967 3490 1227 3545 mensium
1262 3490 1646 3560 propemodum
1674 3499 1725 3544 et
1755 3489 1984 3545 dierum.
2013 3488 2100 3542 ln-

513 3593 597 3638 ter
620 3597 806 3638 omnes
843 3583 1108 3648 convenit,
1154 3589 1261 3637 tam
1308 3591 1520 3636 veteres
1561 3597 1719 3652 quam
1750 3581 2098 3647 recentiores,

513 3672 772 3728 Joannem
809 3673 875 3727 ab
901 3672 1128 3727 Arcadio
1152 3674 1392 3743 Augusto
1427 3672 1730 3738 Antiochia,
1764 3673 1852 3728 ubi
1880 3672 2102 3743 presby-

515 3773 600 3820 ter
623 3763 741 3828 fuit,
781 3764 1006 3818 accitum
1051 3765 1102 3817 in
1149 3765 1277 3819 sella
1317 3765 1606 3834 episcopali
1640 3764 2104 3834 Constantinopoli

517 3860 773 3928 locatum,
793 3859 943 3915 Coss.
972 3859 1208 3914 Honorio
1224 3861 1256 3914 4
1273 3870 1326 3914 et
1344 3859 1694 3930 Eutychiano,
1719 3859 1820 3913 hoc
1841 3867 1942 3923 est,
1964 3873 2104 3911 anno

515 3953 732 4019 Christi,
767 3961 824 4008 ut
852 3968 950 4007 nos
977 3968 1338 4013 numeramus.
1369 3951 1495 4018 593,
1541 3950 1816 4006 Februarii
1844 3948 1936 4015 26,
1977 3948 2106 4003 sedc

517 4045 754 4116 urbeque
783 4046 993 4116 pulsum
1017 4045 1106 4118 (de
1128 4045 1420 4114 posteriore
1439 4045 1628 4099 exsilio
1652 4044 1871 4114 loquor;
1898 4059 2018 4098 nam
2040 4042 2106 4098 de

517 4138 695 4208 priore
730 4149 912 4209 postea
952 4137 1268 4209 videbimus)
1298 4138 1536 4193 Honorio
1576 4137 1630 4204 6,
1676 4147 1730 4192 et
1781 4138 2106 4192 Aristaenato

518 4229 699 4296 Coss.,
728 4230 815 4300 qui
841 4245 1012 4285 annus
1037 4240 1120 4286 est
1158 4230 1370 4285 Domini
1396 4231 1522 4296 404,
1551 4230 1808 4286 vicesimo
1831 4229 1918 4284 die
1942 4229 2105 4294 Junii,

524 4324 663 4387 sive,
695 4331 755 4378 ut
779 4324 865 4377 alii
896 4326 1202 4394 loquuntur,
1238 4325 1472 4396 quinque
1501 4323 1695 4380 diebus
1723 4333 1844 4394 post
1868 4324 2109 4394 comple-

521 4425 629 4470 tam
658 4414 1030 4471 Pentecosten.
1064 4417 1130 4471 Et
1156 4416 1372 4486 quidem
1399 4415 1610 4472 decimo
1651 4416 1808 4470 tertio
1855 4425 1973 4486 post
2000 4416 2108 4477 die.

523 4507 625 4562 hoc
649 4515 750 4574 est,
781 4508 936 4562 tertio
964 4507 1112 4576 Julii,
1139 4508 1260 4563 data
1291 4518 1373 4564 est
1395 4508 1616 4564 Joannis
1644 4509 1811 4564 nostri
1837 4509 1902 4562 ad
1930 4509 2116 4579 Olym-

522 4599 732 4670 piadem
773 4599 997 4670 epistola
1033 4615 1206 4666 nona;
1247 4609 1304 4656 et
1341 4601 1599 4670 postridie
1639 4601 1759 4671 ejus
1801 4600 1929 4666 diei,
1962 4615 2040 4654 sc.
2081 4601 2116 4654 4

522 4690 649 4746 Julii
684 4690 770 4746 vel
809 4690 1029 4747 Panemi
1067 4691 1288 4759 mensis,
1331 4692 1497 4747 altera
1531 4691 1597 4747 ad
1635 4692 2023 4747 Constantium.
2057 4691 2114 4746 ln

527 4785 632 4840 hoc
657 4783 848 4840 exsilio
876 4783 1008 4838 vixit
1033 4783 1230 4839 Cucusi
1258 4799 1458 4838 annum
1488 4800 1670 4848 unum,
1703 4783 1941 4839 Arahissi
1966 4783 2118 4838 bien-

525 4876 698 4942 nium,
727 4875 949 4946 reliquis
973 4875 1246 4931 mensibus
1275 4875 1328 4930 in
1376 4875 1565 4931 itinere
1601 4876 1903 4946 Pityuntem
1929 4890 2119 4930 versus

527 4967 880 5038 consumptis,
903 4983 1010 5038 quo
1027 4976 1201 5022 tamen
1219 4983 1324 5022 non
1343 4969 1606 5039 pervenit,
1630 4978 1803 5024 morte
1820 4977 2119 5038 pra-ventus

529 5059 806 5123 Comanis,
838 5057 1076 5113 Honorio
1100 5059 1132 5112 7
1167 5069 1221 5114 et
1255 5059 1558 5115 Theodosio
1584 5059 1773 5115 iterum
1803 5047 1980 5126 Coss.,
2018 5059 2121 5114 hoc

535 5160 639 5220 est,
669 5167 811 5206 anno
835 5149 1034 5207 Christi
1060 5151 1164 5207 407
1195 5171 1208 5208 :
1238 5152 1380 5224 quod
1406 5155 1545 5207 inter
1572 5168 1760 5209 omnes
1785 5161 2014 5208 constat.
2043 5153 2122 5208 De

534 5258 726 5298 mense
765 5243 1124 5298 controversia
1152 5251 1236 5298 est
1265 5262 1277 5297 :
1311 5243 1559 5300 Socrates
1597 5243 1685 5299 die
1715 5245 1782 5298 14
1806 5243 2123 5299 Novembris

535 5337 735 5393 obiisse
763 5335 952 5391 scribit
998 5352 1013 5388 :
1063 5335 1344 5408 Georgius,
1386 5345 1442 5392 et
1477 5346 1598 5406 post
1633 5351 1754 5390 eum
1795 5339 2123 5393 recentiores

535 5444 744 5494 omnes,
762 5437 818 5484 ct
841 5426 1237 5495 Calendarium,
1270 5437 1330 5484 ut
1354 5428 1582 5495 videtur,
1615 5429 1912 5484 Romanum
1947 5429 2036 5484 die
2058 5429 2125 5485 14

535 5521 899 5594 Septembris,
946 5523 1063 5593 ipso
1090 5523 1426 5578 exaltationis
1463 5522 1520 5579 S.
1555 5522 1744 5578 Crucis
1769 5522 1875 5578 die.
1906 5523 2046 5592 Quin
2072 5533 2126 5578 et

539 5613 681 5684 apud
711 5614 989 5670 Socratem
1018 5613 1350 5683 Septembris
1383 5613 1664 5685 legendum
1693 5630 1811 5668 esse
1826 5623 2036 5668 constat
2061 5630 2127 5670 ex

545 5705 714 5762 veteri
764 5706 928 5762 latina
973 5706 1414 5778 interpretatione
1447 5706 1499 5762 in
1539 5701 1842 5763 Cassiodori
1895 5706 2128 5762 llistoria

542 5799 808 5872 tripertita
841 5799 932 5857 lib.
967 5799 1057 5869 10,
1085 5814 1133 5856 c.
1167 5797 1254 5854 18.
1287 5797 1362 5853 lta
1400 5796 1468 5855 ab
1511 5797 1660 5854 initio
1701 5799 2036 5873 episcopatus
2063 5800 2127 5856 ad

1575 315 1851 388 HENuIct
1889 338 2138 396 SAV'lLll
2177 339 2622 402 DlSSERTAâ€˜Iâ€˜lO

3586 367 3763 409 Î¹Î¹Î½Î¹Î¹Î¹

2180 475 2405 519 mortem
2438 480 2630 520 novem
2657 465 2781 520 anni
2808 473 2966 533 sunt,
2998 456 3335 524 menses-sex
3360 468 3446 525 vel
3475 477 3615 534 octo,
3643 469 3769 526 dies

2174 556 2442 622 sedecim;
2475 566 2531 612 et
2555 572 2584 610 a
2611 558 2887 614 nativitate
2916 558 2983 614 ad
3008 570 3238 616 mortem
3271 561 3563 616 secundum
3590 563 3766 633 majo-

2178 665 2288 703 rem
2314 649 2764 722 computationem
2792 666 2952 722 supra
2971 652 3249 707 collectam
3278 654 3404 707 anni
3422 655 3508 718 55,
3541 665 3592 709 et
3614 671 3765 708 men-

2177 755 2264 795 ses
2292 741 2527 811 aliquot;
2557 741 2851 799 secundum
2877 743 3138 798 minorem
3165 745 3614 814 computationem
3636 745 3762 798 anni

2178 833 2268 900 52,
2291 845 2345 889 et
2368 834 2571 904 aliquot
2588 842 2848 906 praeterea
2874 851 3106 891 menses.
3132 835 3387 901 Zonaras,
3413 834 3685 892 Cedrenus
3709 845 3770 891 et

2178 928 2268 982 alii
2296 929 2407 984 fere
2435 943 2646 995 omnes,
2673 943 2842 982 annos
2869 943 2994 982 eum
3019 928 3218 984 vixisse
3246 927 3485 983 scribunt
3505 944 3610 982 non
3649 929 3770 998 plu-

2179 1033 2267 1073 res
2311 1017 2691 1089 quinquaginta
2735 1018 2943 1074 duobus
2981 1036 2994 1071 :
3035 1029 3221 1074 auctor
3263 1020 3499 1074 incertus
3534 1034 3652 1090 pag.
3694 1019 3770 1076 54

2180 1111 2322 1166 Edit.
2354 1110 2472 1166 Lat.
2503 1110 2676 1165 Paris.
2709 1111 2869 1177 1588,
2901 1109 3049 1166 addit
3083 1125 3295 1165 menses
3332 1120 3454 1166 octo
3487 1129 3499 1164 :
3526 1112 3611 1166 cui
3641 1126 3771 1181 pro-

2184 1201 2468 1272 pemodum
2489 1202 2772 1257 assentior.
2798 1201 2872 1256 ita
2894 1201 3184 1256 secundum
3211 1201 3468 1272 majorem
3491 1211 3740 1272 computa

2181 1293 2380 1348 tionem
2419 1291 2603 1348 incidit
2640 1308 2809 1347 annus
2838 1293 3128 1348 nativitatis
3171 1292 3391 1348 Joannis
3428 1295 3481 1348 in
3516 1294 3766 1351 consula-

2183 1395 2292 1438 tum
2314 1382 2609 1439 Constantii
2645 1384 2679 1438 5
2711 1393 2765 1438 et
2790 1383 2929 1439 Galli
2952 1384 3198 1449 Caesaris,
3230 1399 3372 1438 anno
3403 1384 3608 1438 Domini
3632 1384 3766 1448 552;

2183 1475 2479 1531 secundum
2506 1475 2789 1540 minorem,
2809 1475 2861 1529 in
2886 1475 3222 1530 consulatum
3240 1475 3545 1530 Arbetionis
3571 1483 3625 1529 et
3646 1474 3773 1530 Lol-

2184 1568 2331 1634 liani,
2361 1583 2502 1622 anno
2528 1568 2652 1631 555,
2683 1583 2888 1632 mense,
2908 1567 3218 1634 utvidetur,
3243 1567 3515 1634 Januario,
3533 1567 3614 1621 vel
3632 1567 3770 1621 Mar-

2187 1659 2282 1712 tio.
2331 1659 2448 1714 Jam
2507 1660 2756 1727 reliquias
2806 1657 3174 1728 Chrysostomi
3221 1658 3372 1728 jussu
3431 1658 3772 1727 Imperatoris

2187 1751 2476 1806 Theodosii
2510 1750 2757 1822 junioris,
2793 1758 2848 1806 et
2875 1766 3035 1804 suasu
3066 1750 3260 1815 Procli,
3297 1760 3407 1804 tum
3448 1749 3682 1819 episcopi
3704 1747 3767 1804 C.

2187 1843 2272 1909 P.,
2305 1844 2555 1899 Comanis
2582 1845 2632 1897 in
2666 1842 2848 1898 urbem
2882 1843 3078 1912 regiam
3105 1841 3412 1908 deportatas
3435 1850 3489 1897 et
3515 1841 3568 1895 in
3595 1841 3774 1895 basili-

2188 1951 2304 1990 cam
2334 1935 2428 1991 SS.
2461 1935 2839 2004 Apostolorum
2869 1934 3040 1988 illatas
3077 1949 3143 1988 cx
3181 1932 3453 1988 Thcodor.
3486 1933 3576 1986 lib.
3622 1932 3677 1993 5.
3721 1947 3772 1986 c.

2191 2029 2281 2094 56,
2314 2038 2368 2084 et
2391 2027 2548 2083 Socr.
2579 2027 2668 2082 lib.
2696 2028 2747 2093 7,
2771 2043 2818 2082 c.
2848 2027 2937 2089 45,
2961 2036 3189 2092 consrat,
3223 2025 3526 2080 Theodosio
3561 2024 3622 2078 l6
3643 2039 3774 2078 con-

2193 2121 2329 2185 sule,
2363 2119 2466 2174 hoc
2495 2128 2577 2174 est
2617 2134 2760 2174 anno
2786 2118 2983 2174 Christi
3022 2117 3146 2181 458,
3177 2116 3413 2172 Januarii
3441 2116 3510 2170 2'1
3535 2115 3622 2170 die
3661 2131 3675 2166 :
3723 2115 3778 2168 id

2191 2222 2298 2280 est,
2346 2221 2465 2282 post
2503 2213 2746 2267 exsilium
2789 2212 3050 2280 posterius
3093 2211 3244 2264 annis
3280 2209 3370 2273 55,
3409 2201 3680 2261 mensibus
3707 2206 3776 2270 8;

2192 2313 2313 2374 post
2343 2313 2569 2359 mortem
2597 2305 2751 2359 annis
2775 2304 2863 2368 50,
2891 2302 3165 2357 mensibus
3187 2303 3220 2357 5
3246 2302 3329 2355 vel
3351 2301 3404 2356 5.
3427 2298 3646 2354 Cosmas
3669 2297 3780 2353 Ve-

2195 2397 2370 2460 stitor,
2419 2406 2531 2464 post
2569 2396 2776 2466 triginta
2816 2404 2862 2448 et
2900 2404 2999 2448 tres
3023 2410 3203 2446 annos.
3235 2391 3480 2448 Socrates
3509 2391 3600 2445 lib.
3631 2389 3684 2456 7,
3727 2403 3778 2443 c.

2194 2490 2284 2553 45,
2334 2488 2551 2543 notabili
2593 2488 2964 2553 inconstantia,
3014 2487 3266 2556 trigesimo
3293 2485 3464 2554 quinto
3509 2497 3644 2536 anno
3669 2490 3786 2552 post

2196 2580 2450 2642 exsilium,
2480 2589 2536 2634 ct
2563 2579 2791 2648 septimo
2817 2589 2936 2647 post
2960 2592 3136 2642 versu,
3167 2577 3419 2646 trigesimo
3447 2574 3620 2643 quinto
3648 2587 3786 2625 anno

2198 2684 2307 2746 post
2329 2673 2539 2740 obitum,
2563 2689 2682 2727 cum
2711 2673 2850 2727 inter
2873 2671 2990 2725 hzrc
3015 2670 3124 2724 duo
3156 2668 3439 2723 triennium
3469 2666 3789 2720 intercesse-

2197 2769 2286 2833 rit,
2316 2777 2370 2823 et
2412 2768 2614 2836 aliquot
2641 2779 2870 2819 menses.
2904 2765 3080 2833 Atque
3111 2762 3226 2816 haec
3265 2759 3377 2814 fere
3405 2767 3546 2821 sunt,
3580 2757 3635 2811 in
3664 2755 3786 2826 qui-

2198 2862 2300 2916 bus
2325 2868 2587 2929 tempora,
2606 2867 2661 2913 et
2681 2867 2976 2927 temporum
2999 2869 3160 2924 prope
3184 2862 3448 2908 momenta
3469 2867 3532 2906 ex
3553 2847 3788 2904 historiis

2202 2961 2389 3007 notare
2417 2950 2560 3004 licet.
2589 2949 2810 3019 Reliqua
2852 2949 2952 3002 late
2994 2946 3080 3000 vel
3123 2944 3469 3014 argumentis,
3514 2940 3598 2996 vel
3625 2940 3788 2995 etiam

2199 3043 2520 3111 conjecturis
2547 3039 2863 3110 colligenda.
2905 3039 2984 3093 Ac
3027 3039 3286 3108 primum,
3329 3033 3614 3104 Eutropius
3653 3031 3789 3085 iram

2198 3133 2408 3203 fugiens
2427 3138 2596 3204 Augg.
2620 3133 2686 3187 ad
2709 3133 2987 3187 ecclesiam
3018 3129 3171 3200 fugit,
3209 3143 3266 3183 se
3295 3127 3513 3182 consule
3533 3135 3587 3180 et
3611 3123 3789 3178 Theoâ€”

2202 3227 2357 3290 doro,
2400 3226 2503 3280 hoc
2540 3234 2643 3292 est,
2688 3239 2828 3279 anno
2872 3221 3072 3278 Christi
3117 3220 3240 3286 599,
3275 3219 3437 3273 homo
3464 3231 3569 3270 non
3614 3215 3790 3269 solum

2203 3316 2572 3384 Christianus,
2625 3317 2719 3372 sed
2773 3317 2934 3371 etiam
2980 3313 3339 3375 orthodoxus;
3392 3319 3450 3362 ut
3497 3308 3587 3378 qui
3625 3305 3793 3360 libros

2204 3410 2453 3467 Eunomii
2485 3409 2877 3475 hmresiarchaa,
2897 3407 2986 3477 qui
3002 3407 3184 3461 Arium
3210 3406 3381 3476 ipsum
3406 3403 3674 3472 impietate
3704 3414 3794 3454 su-

2206 3503 2432 3574 peravit,
2469 3502 2677 3572 publice
2719 3501 2879 3570 jussit
2907 3498 3155 3564 cremari,
3198 3497 3528 3564 cadaverque
3545 3492 3659 3562 ejus
3700 3505 3796 3544 ex-

2207 3605 2434 3650 tractum
2483 3594 2692 3664 projici.
2732 3592 2956 3663 Niceph.
3004 3591 3097 3646 lib.
3133 3591 3219 3656 l5,
3249 3604 3298 3643 c.
3344 3590 3396 3654 1,
3440 3587 3793 3641 Asiaticorum

2208 3690 2577 3758 episc0porum
2603 3687 2870 3756 negotium
2890 3695 3123 3754 coeptum
3146 3691 3228 3736 est
3249 3679 3466 3736 tractari
3484 3685 3562 3733 á¼Ï€á½¶
3583 3699 3796 3749 Ï„ÏÎ¹ÏƒÎºÎ±Î¹Î¿

2209 3785 2405 3841 Î´ÎµÎºá½±Ï„Î·Ï‚
2428 3786 2799 3846 á¼Ï€Î¹Î½Î¿Ï…Î¼á½µÏƒÎµÏ‰Ï‚,
2821 3776 2923 3830 hoc
2949 3785 3051 3840 CSI,
3081 3773 3369 3828 indictione
3394 3771 3521 3840 (non
3546 3767 3798 3822 distribu-

2211 3873 2376 3936 tione,
2402 3879 2459 3925 ut
2484 3871 2623 3925 male
2652 3872 2916 3938 interpres
2943 3867 3164 3922 Palladii
3191 3876 3251 3921 et
3293 3863 3427 3934 alii),
3467 3863 3621 3917 tertia
3649 3861 3799 3916 deci-

2211 3981 2333 4028 ma,
2376 3965 2414 4018 i.
2454 3979 2506 4018 e.
2548 3980 2687 4017 anno
2715 3963 2928 4017 Domini
2968 3961 3104 4026 400,
3147 3959 3461 4028 duravitque
3503 3956 3798 4017 biennium,

2213 4067 2350 4111 teste
2375 4055 2634 4121 Palladio,
2665 4054 2765 4110 hoc
2793 4061 2895 4119 est,
2921 4067 3092 4122 usque
3119 4051 3185 4105 ad
3217 4050 3376 4104 finem
3407 4048 3532 4104 anni
3560 4047 3685 4111 401,
3715 4049 3801 4100 vel

2213 4149 2374 4202 etiam
2409 4146 2614 4201 initium
2639 4145 2764 4200 402.
2795 4146 2870 4199 De
2893 4153 3136 4212 tempore
3165 4142 3356 4212 prioris
3385 4139 3561 4195 exsilii
3587 4153 3694 4193 non
3720 4147 3806 4192 est

2214 4242 2350 4293 adeo
2377 4238 2614 4308 proclive
2646 4237 2868 4296 definire
2892 4253 2907 4290 :
2936 4250 3101 4304 quare
3131 4233 3481 4304 argumentis,
3510 4239 3568 4285 ut
3587 4230 3717 4294 dixi,
3751 4239 3808 4286 et

2217 4329 2562 4397 coujecluris,
2602 4327 2744 4398 quod
2776 4327 3090 4398 poterimus,
3131 4324 3395 4380 elicienda
3420 4323 3636 4378 veritas.
3679 4322 3809 4378 Post

2219 4421 2288 4474 42
2339 4421 2498 4475 horas
2520 4437 2550 4474 a
2579 4419 2749 4490 prima
2779 4419 3092 4488 cxpulsione
3135 4417 3316 4486 (quam
3365 4415 3585 4470 meridie
3612 4413 3806 4469 factam

2220 4513 2381 4568 tradit
2421 4513 2670 4569 Socrates
2712 4521 2767 4566 et
2795 4513 2880 4566 alii
2906 4511 2975 4564 ad
2998 4526 3256 4578 vesperam
3291 4519 3586 4574 extremam,
3631 4505 3808 4579 Chry-

2220 4605 2443 4660 sostomi
2474 4606 2639 4673 ipsius
2663 4603 2892 4673 epistola
2938 4601 3005 4656 ad
3031 4597 3441 4669 innocentium),
3466 4597 3618 4669 jussu
3639 4597 3812 4666 Impe-

2222 4708 2457 4752 ratorum
2475 4705 2754 4751 revocatus
2774 4694 3008 4750 Joannes
3039 4692 3137 4765 (sic
3163 4689 3478 4762 Palladius),
3511 4703 3813 4761 paucosque

2224 4797 2342 4857 post
2368 4787 2504 4854 dies,
2527 4786 2723 4841 invitus
2752 4785 2879 4840 licet
2898 4784 3226 4853 multumque
3248 4783 3505 4847 renitens,
3525 4783 3580 4836 in
3611 4780 3808 4835 throno

2225 4881 2452 4946 locatus,
2493 4879 2806 4935 concionem
2851 4877 3035 4932 habuit
3069 4875 3209 4946 apud
3236 4876 3491 4946 populum
3518 4889 3662 4941 eam,
3694 4889 3815 4944 quas

2226 4981 2402 5026 exstat
2440 4973 2492 5026 in
2543 4971 2649 5026 fine
2696 4970 2939 5041 Georgii,
2986 4969 3111 5024 Cum
3157 4968 3375 5024 Sarram
3414 4968 3478 5021 ab
3523 4966 3817 5027 Abraham;

2229 5065 2528 5135 Theophilo
2554 5064 2726 5120 adhuc
2753 5064 2818 5118 ad
2870 5062 3056 5118 urbem
3100 5073 3374 5127 manente,
3412 5074 3583 5129 neque
3610 5057 3818 5113 hiscere

2229 5166 2415 5212 contra
2453 5155 2701 5220 audente,
2747 5154 2960 5208 Sozom.
3004 5153 3097 5207 lib.
3130 5153 3184 5218 8,
3234 5167 3284 5206 c.
3340 5149 3407 5206 18
3437 5168 3451 5204 :
3480 5163 3708 5217 cumque
3749 5148 3820 5201 ob

2227 5248 2483 5314 judicium
2529 5245 2822 5300 Heraclidae
2869 5245 3121 5314 episcopo
3168 5241 3438 5312 Ephesino
3476 5239 3683 5295 absenti
3725 5253 3822 5308 per

2234 5338 2518 5410 Theophili
2570 5337 2858 5393 factionem
2906 5337 3246 5400 intentatum,
3273 5333 3607 5390 velitationes
3635 5329 3824 5385 fierent

2235 5434 2288 5487 in
2303 5432 2433 5487 urbe
2448 5431 2649 5486 crebrae
2665 5430 2802 5484 inter
2815 5427 3438 5498 Constantinopolitanos
3451 5433 3507 5480 et
3517 5423 3819 5494 Egyptios,

2234 5526 2308 5578 ita
2326 5534 2381 5578 ut
2398 5523 2544 5576 multi
2557 5520 2806 5576 uulnerati
2823 5521 2946 5588 sint,
2965 5517 3200 5574 nonnulli
3218 5533 3331 5572 vero
3347 5516 3520 5581 occisi;
3537 5520 3824 5583 quaereret-

2236 5631 2340 5686 que
2358 5613 2714 5684 Theophilum
2728 5612 2916 5666 civitas
2936 5611 2988 5665 in
3006 5625 3154 5666 mare
3169 5607 3529 5679 praecipitare;
3543 5604 3642 5658 sibi
3656 5611 3826 5657 metu-

2238 5723 2334 5761 ens
2353 5703 2682 5774 Theophilus
2702 5702 2829 5772 fugit
2845 5702 2896 5755 in
2921 5700 3230 5772 Egyptum,
3246 5700 3351 5765 iam
3365 5694 3822 5763 hiemeincipiente,

2243 5799 2413 5868 inquit
2433 5795 2788 5861 Sozomenus,
2807 5803 2862 5848 et
2888 5792 3215 5863 Nicephorus
3237 5789 3329 5865 lib.
3356 5789 3444 5855 l5,
3467 5803 3515 5843 c.
3552 5787 3634 5855 l7,
3663 5785 3825 5839 adeo-
