4114 6392
375 376 499 417 ιω

373 492 478 547 que
507 473 650 530 diem
679 470 845 540 ipsius
871 468 1071 525 reditus
1090 468 1157 523 ab
1184 469 1378 524 exsilio
1396 467 1628 523 Joannes
1655 470 1963 539 Anonymns

373 582 495 636 cap.
529 564 653 628 100,
684 561 1068 632 Metaphrastes
1102 576 1220 630 cap.
1247 561 1336 625 56,
1368 572 1423 615 et
1456 559 1751 628 Menologia
1782 558 1965 614 Grzcca

374 664 583 733 ponunt
612 657 679 711 15
700 654 1017 709 Novembris
1040 672 1051 707 :
1076 668 1233 723 quem
1264 652 1406 706 diem
1433 667 1599 721 usque
1626 652 1690 705 ad
1720 666 1813 704 sua
1833 660 1967 705 tem-

376 767 503 821 pora
534 764 631 821 pro
663 749 797 802 festo
823 747 1081 802 celebrari
1114 744 1574 814 Constantinopoli
1614 745 1797 799 scribit
1824 744 1963 798 idem

373 846 692 913 Anonymus
715 849 770 894 et
794 837 1203 909 MetapbraSIes,
1235 846 1289 892 et
1316 836 1548 891 indicant
1572 835 1755 891 Graeca
1778 836 1962 890 Meno-

373 932 533 1006 logia.
566 933 699 989 Cum
733 934 909 1002 itaque
937 947 999 985 ex
1023 930 1213 985 horum
1240 928 1699 983 consentientibus
1725 929 1963 983 testimo-

377 1029 479 1082 niis
524 1041 709 1082 mense
754 1024 1037 1080 Novembri
1078 1022 1296 1077 redierit
1337 1022 1404 1076 ab
1448 1020 1671 1087 exsilio,
1715 1019 1783 1075 de
1823 1035 1964 1074 anno

378 1119 634 1188 deinceps
677 1115 1053 1188 qurerendum,
1098 1123 1275 1168 utrum
1317 1111 1601 1168 Novembri
1648 1125 1790 1165 anno
1833 1110 1959 1177 403,

378 1208 685 1265 Theodosio
710 1218 763 1262 et
785 1203 1082 1262 Rumorido
1109 1204 1286 1270 Coss.,
1316 1219 1382 1258 an
1406 1203 1687 1258 Novembri
1718 1200 1842 1268 402,
1866 1204 1968 1255 Ar-

374 1300 527 1356 cadio
552 1301 585 1355 5
612 1308 665 1354 et
683 1299 921 1354 Ilonorio
942 1298 996 1364 5,
1021 1297 1259 1351 redierit.
1290 1296 1438 1361 Dico,
1463 1296 1710 1364 clareque
1730 1309 1962 1364 pronun-

378 1394 473 1455 tio,
504 1391 557 1444 in
585 1388 939 1444 Novembrem
967 1401 1109 1441 anno
1150 1385 1257 1440 405
1284 1386 1509 1440 reditum
1541 1384 1659 1454 ejus
1685 1384 1753 1439 ab
1778 1384 1963 1438 exsilio

371 1483 564 1537 cadere
594 1496 700 1534 non
742 1480 1011 1547 potuisse;
1045 1476 1288 1547 quamvis
1314 1475 1470 1532 Card.
1500 1475 1763 1529 Baronius
1790 1484 1842 1528 et
1875 1474 1962 1528 alii

373 1590 439 1627 eo
485 1587 629 1627 anno
672 1572 869 1626 locent.
902 1569 1192 1639 Gregorius
1222 1583 1339 1637 cap.
1367 1567 1438 1622 55
1466 1585 1477 1619 :
1504 1564 1736 1635 Dumque
1762 1564 1838 1618 illi
1868 1566 1959 1631 sic,

372 1665 559 1736 inquit,
579 1665 668 1717 alii
685 1663 787 1716 alia
811 1661 1108 1715 molirentur
1133 1660 1361 1728 (scilicet
1385 1658 1435 1711 in
1458 1658 1696 1713 secundo
1736 1657 1963 1711 concilio

371 1767 559 1811 contra
587 1752 898 1823 Joannem),
931 1752 1242 1805 transierunt
1290 1766 1483 1802 menses
1526 1765 1704 1802 novem
1743 1747 1957 1817 (decem,

371 1848 543 1915 inquit
570 1846 682 1903 Leo
711 1846 841 1915 Imp.
869 1859 987 1913 cap.
1023 1842 1115 1897 26.
1146 1841 1414 1896 Palladius
1439 1849 1725 1909 utrumque
1752 1839 1958 1909 ponit);

387 1950 555 1991 aluero
590 1938 856 2009 festivitate
902 1934 1146 1987 natalium
1184 1931 1466 1987 Saluatoris
1506 1933 1823 1995 adveniente,
1854 1939 1959 1985 etc.

368 2029 452 2085 Ex
480 2028 675 2099 quibus
719 2027 900 2082 verbis
941 2033 1163 2095 apparet
1209 2039 1351 2077 anno
1380 2023 1485 2077 405
1521 2033 1755 2093 emptum
1800 2023 1962 2077 fuisse

368 2120 658 2175 secundum
672 2129 860 2174 (contra
881 2117 1145 2171 Joannem
1165 2114 1576 2169 conciliabulum
1595 2129 1781 2168 mense
1802 2114 1958 2184 Apri-

368 2212 405 2266 li
435 2229 448 2264 :
481 2221 539 2264 ut
561 2225 780 2265 necesse
806 2208 875 2263 sit
902 2209 1052 2277 prius
1073 2207 1316 2260 exsilium
1363 2207 1415 2260 in
1437 2204 1792 2260 Novembrem
1819 2221 1961 2261 anno

372 2300 481 2357 402
509 2300 763 2361 incidere,
794 2314 914 2353 cum
940 2300 989 2351 in
1022 2296 1304 2352 Novembri
1339 2312 1481 2351 anno
1505 2296 1614 2351 403
1638 2297 1829 2351 cadere
1853 2312 1959 2351 non

371 2393 625 2463 potuerit.
653 2390 805 2459 Quod
822 2391 865 2445 si
887 2391 971 2444 cui
997 2388 1210 2458 Georgii
1238 2390 1368 2441 levis
1387 2388 1627 2442 videatur
1649 2390 1956 2453 auctoritas,

371 2487 559 2541 credat
583 2485 771 2539 saltem
805 2483 1060 2545 Palladio,
1094 2482 1215 2536 testi
1246 2482 1347 2549 [ide
1393 2482 1633 2550 digniori,
1661 2480 1727 2536 de
1771 2482 1957 2536 eadem

371 2596 431 2635 re
474 2593 608 2648 pene
649 2576 835 2631 eadem
881 2575 1137 2645 loquenti.
1182 2572 1354 2639 Quid,
1380 2572 1620 2642 inquies,
1652 2582 1827 2627 actum
1874 2575 1958 2626 iu-

372 2671 556 2726 terea?
581 2667 926 2738 Respondeo,
955 2666 1216 2721 Joannem
1262 2675 1380 2735 post
1422 2666 1567 2734 prius
1598 2666 1839 2719 exsilium
1867 2682 1961 2735 per

372 2763 585 2833 aliquod
618 2773 824 2831 tempus
854 2761 1141 2831 quievisse,
1193 2760 1246 2814 in
1288 2774 1583 2829 magnaque
1629 2758 1791 2815 fuisse
1819 2759 1957 2829 apud

377 2855 673 2910 Eudoxiam
716 2852 906 2923 gratia,
954 2853 1150 2921 quippe
1175 2851 1381 2920 magnis
1408 2849 1476 2903 ab
1506 2850 1620 2920 ipso
1652 2850 1959 2905 decoratam

374 2948 621 3002 laudibus
644 2947 694 2999 in
717 2946 958 3003 oratione
984 2959 1142 3013 supra
1183 2951 1475 2997 memorata
1516 2941 1581 2995 ad
1607 2940 1762 2995 ﬁnem
1789 2941 1957 2997 Geor-

376 3040 468 3109 gii.
515 3038 688 3093 Testis
729 3037 868 3091 idem
906 3034 1194 3099 Palladius,
1236 3034 1388 3103 cujus
1428 3033 1589 3087 verba
1632 3040 1755 3087 sunt
1787 3051 1800 3085 :
1835 3032 1963 3087 Post

376 3131 513 3184 duos
552 3129 743 3183 iterum
776 3141 991 3181 menses
1019 3141 1047 3179 a
1078 3126 1231 3195 plaga
1271 3124 1465 3179 inﬂicta
1497 3124 1638 3195 (fuga
1677 3139 1752 3178 sc.
1782 3124 1960 3179 Theo-

377 3221 508 3293 phili
537 3228 592 3275 et
616 3219 989 3290 Egyptiorum
1020 3214 1416 3287 episcoporum)
1448 3216 1657 3271 modice
1693 3217 1962 3286 respiran-

382 3325 466 3370 tes
498 3313 722 3385 (inimici
749 3311 991 3381 Joannis)
1022 3310 1257 3365 secundo
1284 3308 1539 3362 adversus
1563 3308 1822 3363 Joannem
1854 3308 1962 3363 fre-

379 3417 531 3463 munt
562 3424 575 3458 :
606 3406 706 3461 hoc
741 3412 842 3471 est,
874 3404 1024 3474 quasi
1054 3416 1238 3455 mense
1272 3400 1523 3455 Januario
1549 3416 1690 3454 anno
1714 3400 1839 3465 405,
1872 3414 1966 3469 per

380 3500 715 3554 occasionem
739 3506 925 3552 stature
950 3502 1220 3565 argenteae
1246 3491 1604 3561 hnperatricis
1618 3490 1968 3546 chlamidein-

381 3592 540 3657 dulce,
584 3605 743 3660 supra
774 3588 1209 3659 porphyreticam
1237 3586 1538 3641 columnam
1566 3586 1773 3655 positae.
1803 3583 1966 3653 Ctijns

382 3686 459 3739 rei
500 3684 854 3739 meminerunt
894 3681 995 3735 hoc
1037 3696 1178 3734 anno
1227 3678 1530 3734 Theodosio
1571 3689 1624 3732 et
1672 3677 1966 3732 Rumoritlo

382 3778 557 3844 Coss.,
600 3786 797 3847 prmter
825 3778 1098 3830 Socratem
1131 3775 1223 3829 lib.
1253 3775 1306 3840 6,
1349 3792 1398 3828 c.
1427 3774 1516 3839 18,
1548 3773 1779 3843 Prosper
1801 3774 1966 3841 Aqui-

384 3869 610 3930 tanicus,
634 3878 685 3922 et
734 3867 1070 3922 Marcellinus
1099 3865 1291 3920 Comes
1312 3866 1362 3919 in
1392 3865 1691 3919 Clironicis.
1729 3864 1804 3919 Ad
1833 3865 1969 3919 hanc

382 3968 635 4024 statuam,
664 3959 792 4028 ipsis
821 3956 1050 4012 fortasse
1082 3956 1334 4011 Kalendis
1352 3954 1609 4018 Januarii,
1637 3957 1722 4024 qui
1754 3955 1868 4008 dies
1888 3964 1970 4008 est

383 4051 642 4105 solemnis
668 4050 790 4103 anni
821 4049 1046 4103 Romani
1078 4046 1848 4118 incipientis,dedieatamcum
1876 4063 1969 4114 pu-

383 4141 503 4195 blici
531 4142 719 4194 tierent
763 4138 869 4193 ludi
898 4149 951 4193 et
975 4138 1219 4202 chorem;
1265 4138 1428 4190 iratus
1465 4136 1697 4193 Joannes
1736 4136 1966 4206 linguam

384 4240 567 4285 contra
596 4245 711 4295 eos,
735 4230 824 4300 qui
857 4230 995 4284 ludis
1020 4229 1103 4283 his
1132 4229 1473 4291 interessent,
1494 4231 1654 4282 acuit.
1684 4228 1795 4293 Qua
1817 4242 1971 4281 occa-

380 4322 536 4379 sione
565 4322 687 4376 freti
715 4321 935 4376 Joannis
964 4321 1184 4386 inimici,
1213 4321 1301 4389 qui
1325 4321 1499 4375 adhuc
1526 4321 1579 4374 in
1608 4320 1757 4383 urbe,
1778 4331 1972 4387 praeter

386 4412 693 4485 Egyptios,
723 4414 966 4477 aderant,
1013 4414 1296 4483 instigante
1338 4414 1594 4483 Augusta,
1642 4412 1967 4467 clandestina

385 4508 681 4561 moliuntur
723 4516 908 4562 contra
950 4506 1122 4576 ipsum
1163 4506 1417 4571 consilia;
1464 4522 1626 4576 reque
1678 4506 1971 4575 Theophilo

384 4598 593 4652 absenti
623 4613 718 4666 per
745 4598 958 4651 nuntios
984 4607 1037 4652 et
1063 4598 1247 4651 literas
1273 4598 1682 4662 communicata,
1718 4598 1973 4666 incipien-

389 4698 462 4753 te,
493 4698 551 4742 ut
579 4696 724 4754 puto,
752 4688 919 4757 Aprili
967 4687 1247 4743 concilium
1278 4688 1568 4742 secundum
1599 4696 1780 4742 contra
1807 4688 1970 4741 Joan-

384 4794 510 4831 nem
541 4787 772 4846 cogunt:
806 4780 945 4849 quod
975 4779 1142 4832 variis
1182 4778 1249 4831 de
1278 4779 1452 4832 causis
1479 4794 1647 4847 usque
1676 4778 1742 4833 ad
1767 4778 1973 4831 Natali~

388 4873 459 4925 tia
485 4872 730 4939 proxime
770 4871 1045 4939 sequentia
1074 4879 1391 4933 extractum,
1431 4879 1485 4922 et
1518 4868 1711 4923 deinde
1736 4868 1803 4922 ad
1830 4869 1973 4936 Qua-

388 4963 742 5034 itragesimam
768 4978 909 5017 anno
930 4962 1050 5027 404,
1074 4971 1125 5016 et
1148 4961 1212 5015 ad
1240 4962 1441 5015 Pascha
1464 4971 1585 5031 post
1608 4962 1841 5031 quinque
1860 4960 1975 5014 dies

390 5072 420 5107 a
451 5055 713 5124 completa
744 5054 1059 5109 Pentecoste
1088 5053 1281 5108 Joanni
1320 5062 1504 5107 nostro
1548 5067 1706 5107 causa
1755 5052 1974 5107 secundi

390 5144 565 5198 exsilii
594 5142 714 5211 fuit,
746 5158 885 5198 anno
911 5145 1137 5213 integro,
1167 5153 1371 5212 septem
1404 5144 1677 5198 mensibus
1695 5151 1749 5197 et
1770 5153 1975 5212 septem

391 5234 581 5290 diebus
606 5246 727 5305 post
751 5235 977 5290 reditum
1002 5236 1068 5290 ab
1089 5235 1276 5289 exsilio
1296 5236 1497 5305 priore.
1523 5237 1695 5303 Atque
1724 5235 1837 5290 lucc
1858 5250 1975 5289 mea

394 5334 483 5380 est
512 5326 577 5379 de
609 5337 851 5395 tempore
878 5325 1069 5396 prioris
1089 5327 1258 5379 exsilii
1286 5326 1569 5381 sententia.
1596 5325 1779 5396 Neque
1800 5327 1978 5380 obstat

392 5416 535 5486 quod
567 5416 938 5473 Thcodoretus
958 5418 1051 5473 lib.
1080 5418 1135 5483 5,
1161 5432 1213 5471 c.
1243 5418 1333 5484 54,
1360 5418 1455 5480 ait,
1490 5416 1677 5470 Paucis
1702 5419 1976 5484 interiectis

397 5508 648 5562 mensibus
688 5510 901 5579 (nempe
938 5524 968 5563 a
1009 5507 1240 5581 reditu),
1288 5513 1574 5580 congregati
1618 5521 1736 5564 sunt
1760 5513 1976 5570 iterant.

396 5618 666 5672 penusque
691 5603 1005 5673 requirebant
1036 5619 1128 5673 pro
1156 5603 1374 5656 exercito
1410 5612 1518 5670 post
1539 5603 1790 5657 decretum
1815 5606 1980 5658 exsilii

396 5693 691 5746 ministerio.
720 5693 852 5747 Nam
895 5702 1017 5764 post
1056 5694 1289 5763 quinque
1325 5707 1536 5748 menses
1581 5704 1635 5748 et
1681 5695 1837 5763 paulo
1875 5697 1978 5750 mi-

399 5798 500 5840 nus
520 5827 535 5853 ,
567 5795 855 5857 coegerunt
876 5786 1186 5852 concilium;
1215 5783 1357 5857 quod
1384 5784 1588 5840 duravit
1620 5796 1802 5856 postea
1834 5803 1982 5843 men-

1318 350 1405 405 ΒΕ
1443 350 1933 411 SCRIPTORIBUS
1974 353 2211 411 llERUM
2247 355 2384 411 (ΔΗΒ
2402 356 2735 414 ςευδτοΜι.

2079 483 2164 523 ses
2185 470 2269 523 14.
2313 468 2495 540 Neque
2521 475 2712 527 mirum
2737 487 2822 542 ea,
2846 488 2965 545 qua!
2992 474 3316 546 sesquianuo
3342 486 3490 549 gesta
3516 492 3662 544 sunt,

2072 559 2243 614 tribus
2290 576 2424 629 pene
2468 563 2645 617 verbis
2681 578 2711 618 a
2752 564 3089 620 Theodoreto
3128 566 3371 634 narrari,
3411 569 3502 639 qui
3540 572 3661 625 stri-

2072 652 2201 705 ctim
2234 662 2285 707 et
2319 654 2502 709 timide
2532 665 2698 709 totum
2741 654 2843 711 hoc
2879 659 3089 728 attingit
3134 661 3424 730 negotium,
3453 662 3520 716 iis
3545 678 3661 732 per-

2074 751 2250 796 motus
2276 746 2607 813 rationibus,
2649 762 2766 816 qute
2805 748 2859 802 in
2891 749 3150 819 principio
3199 750 3327 804 dicti
3363 752 3554 821 capitis
3595 754 3661 808 51

2072 832 2387 888 aﬂ‘eruntur.
2430 837 2744 907 Auonymus
2774 851 2805 891 a
2842 837 3015 892 reditu
3052 838 3120 892 ad
3164 839 3368 895 Pascha
3406 850 3533 896 ante
3570 856 3661 895 se-

2068 922 2300 976 cundum
2347 924 2592 979 exsilium
2638 926 3005 982 intercessisse
3049 928 3235 982 scribit
3279 946 3469 982 annum
3525 930 3659 983 inte-

2066 1034 2236 1087 grum;
2253 1018 2329 1073 sic
2352 1020 2511 1073 etiam
2534 1020 2918 1090 Metaphrastes
2940 1040 2954 1075 :
2973 1022 3063 1092 qui
3084 1037 3255 1077 annus
3280 1023 3487 1092 integer
3511 1038 3658 1079 men.

2068 1111 2206 1164 sium
2231 1127 2451 1167 necesse
2475 1122 2558 1167 est
2574 1112 2733 1168 fuerit
2750 1115 2837 1179 17,
2861 1130 2981 1169 cum
3000 1127 3224 1186 uterque
3238 1116 3325 1172 die
3348 1117 3415 1171 15
3432 1115 3655 1173 Novem-

2064 1200 2178 1257 bris
2207 1203 2429 1258 rediisse
2457 1205 2674 1259 scribat.

2144 1313 2163 1346 ο
2198 1296 2455 1366 Expedita
2472 1313 2733 1353 annorum
2747 1299 3113 1370 Chrysostomi
3132 1302 3549 1371 computatione,
3567 1317 3654 1357 se-

2066 1385 2265 1453 quitur,
2284 1396 2340 1441 ut
2363 1388 2429 1443 de
2451 1390 2833 1460 subrogatione
2853 1392 3058 1447 Arsacii
3077 1434 3092 1459 ,
3123 1402 3178 1447 et
3207 1394 3655 1449 successioneAt-

2070 1476 2158 1530 tici
2187 1478 2545 1548 Eudoxizeque
2566 1482 2818 1550 Augusta:
2849 1492 3021 1536 morte
3043 1498 3207 1551 pauca
3236 1484 3565 1552 adjiciamus.
3600 1484 3655 1541 In

2066 1567 2283 1623 Joannis
2312 1571 2503 1625 iterum
2544 1573 2749 1641 expulsi
2792 1573 2965 1627 locum
3002 1574 3320 1643 subrogatur
3368 1575 3652 1641 Arsacius,

2067 1662 2241 1729 paucis
2274 1662 2543 1732 interjectis
2565 1663 2758 1729 diebus,
2796 1664 2966 1733 inquit
2995 1664 3242 1719 Socrates
3263 1664 3357 1719 lib.
3390 1666 3444 1729 6,
3472 1681 3522 1721 c.
3564 1666 3651 1721 19.

2066 1750 2299 1805 Annales
2336 1751 2530 1818 Graeci,
2560 1752 2688 1807 editi
2722 1769 2890 1823 nuper
2914 1770 2942 1806 a
2973 1753 3209 1823 Josepho
3249 1754 3521 1824 Scaligero
3546 1772 3647 1810 una

2067 1854 2187 1893 cum
2216 1842 2483 1908 Eusebio,
2516 1845 2789 1898 Arsacium
2818 1859 2937 1899 esse
2966 1844 3158 1898 factum
3180 1847 3486 1915 episcopum
3516 1846 3651 1901 refe-

2065 1942 2191 1986 runt
2216 1933 2267 1986 in
2301 1936 2497 2003 templo
2519 1935 2733 2004 Sophim
2766 1944 3035 2003 cremato,
3064 1937 3134 1991 26
3163 1937 3326 2002 Junii,
3352 1949 3504 1992 sexto
3536 1950 3647 2009 post

2063 2021 2285 2078 Joannis
2333 2026 2703 2095 cxpulsionem
2749 2028 2857 2081 die.
2906 2028 3115 2082 Obiisse
3172 2029 3450 2083 Arsacium
3510 2046 3653 2085 anno

2064 2116 2307 2184 sequenti
2334 2117 2478 2171 circa
2508 2119 2566 2172 11
2605 2118 2957 2184 Novembris,
2987 2119 3137 2174 Coss.
3169 2120 3429 2176 Stilicone
3458 2122 3649 2176 iterum

2063 2216 2119 2261 et
2155 2208 2463 2274 Anthemio,
2499 2209 2601 2264 hoc
2638 2219 2721 2264 est
2746 2226 2890 2264 anno
2930 2210 3138 2264 Domini
3180 2212 3318 2276 404,
3347 2220 3533 2266 auctor
3569 2224 3652 2267 est

2062 2298 2308 2353 Socrates
2352 2300 2449 2353 lib.
2473 2302 2533 2365 6,
2565 2317 2615 2354 c.
2644 2300 2735 2355 ‘20.
2766 2300 2908 2354 Vixit
2953 2302 3111 2370 igitur
3154 2301 3404 2356 Arsacius
3444 2303 3497 2355 in
3531 2303 3644 2371 epi-

2062 2401 2281 2460 scopatu
2310 2407 2505 2444 annum
2542 2408 2726 2455 unum,
2760 2407 2975 2445 menses
3004 2392 3068 2456 4,
3098 2391 3211 2445 dies
3250 2392 3335 2445 16.
3384 2391 3650 2445 Palladius

2064 2490 2119 2535 et
2137 2482 2227 2535 alii
2255 2498 2360 2536 non
2388 2484 2564 2552 plures
2584 2482 2881 2537 attribuunt
2904 2484 2967 2537 14
2992 2484 3266 2537 mensibus
3289 2501 3300 2534 :
3321 2482 3650 2553 Nicephorus

2062 2575 2368 2630 Patriarcha
2402 2576 2696 2630 biennium.
2726 2575 2853 2630 Post
2890 2575 3093 2629 Arsacii
3138 2584 3386 2640 mortem,
3424 2591 3562 2645 quae,
3591 2587 3649 2630 ut

2063 2666 2197 2731 dixi,
2246 2667 2442 2721 accidit
2472 2668 2531 2721 11
2576 2667 2897 2721 Novembris
2937 2668 3062 2731 405,
3095 2666 3275 2720 Multis
3308 2668 3650 2738 episc0patum

2062 2758 2393 2811 ambientibus
2414 2799 2427 2821 ,
2454 2758 2623 2827 inquit
2651 2757 2920 2821 Socrates,
2954 2757 3210 2826 multoque
3233 2759 3492 2828 interjecto
3519 2768 3647 2812 tem-

2063 2867 2203 2921 pore,
2248 2849 2485 2905 succedit
2513 2852 2753 2917 Atticus,
2777 2861 2995 2921 quatuor
3022 2851 3206 2919 elapsis
3249 2854 3520 2919 mensibus,
3558 2854 3641 2907 itt-

2062 2944 2178 3012 quit
2207 2942 2497 3012 Georgius,
2534 2943 2634 2997 hoc
2660 2943 2895 2997 factum:
2928 2952 2987 2996 ut
3028 2942 3079 2995 in
3126 2958 3362 2997 mensem
3403 2943 3650 2999 Martium

2063 3049 2206 3088 anno
2231 3034 2356 3098 406,
2387 3034 2538 3088 Coss.
2568 3033 2798 3087 Arcadio
2824 3034 2855 3087 6
2888 3044 2941 3086 et
2975 3032 3148 3087 Probo
3168 3073 3182 3096 ,
3216 3050 3433 3109 necesse
3461 3035 3527 3088 sit
3554 3036 3650 3089 AI-

2066 3126 2157 3180 tici
2206 3129 2532 3181 creationem
2588 3125 2845 3180 incidere.
2896 3125 3083 3180 Restat
3130 3126 3360 3180 maxima
3415 3127 3651 3181 omnium

2068 3220 2294 3288 quaestio
2310 3218 2377 3273 de
2398 3229 2569 3273 morte
2590 3219 2846 3273 Endoxia:
2866 3223 3115 3288 Augusta:
3141 3237 3153 3271 :
3180 3221 3230 3273 in
3253 3219 3406 3289 cujus
3422 3221 3655 3274 notando

2068 3322 2311 3383 tempore
2356 3314 2683 3367 recentiores
2711 3311 2778 3366 ab
2820 3312 3068 3366 omnibus
3114 3310 3167 3364 in
3196 3312 3500 3366 universum
3523 3353 3539 3377 ,
3564 3314 3654 3382 qui

2067 3405 2257 3457 mortis
2280 3404 2396 3472 ejus
2423 3403 2624 3457 diserte
2651 3403 3026 3466 meminerunt,
3055 3402 3329 3457 veteribus
3352 3404 3654 3457 discedunt.

2067 3495 2316 3551 Socrates
2338 3495 2432 3549 lib.
2467 3493 2521 3558 6,
2551 3510 2599 3549 c.
2625 3494 2713 3556 19,
2735 3495 3001 3562 ingentem
3031 3494 3365 3563 grandinem,
3396 3495 3558 3547 instar
3578 3496 3657 3547 la-

2069 3585 2244 3655 pidum
2272 3584 2516 3654 (nucibus
2564 3600 2767 3652 parem,
2812 3584 2980 3652 inquit
3020 3584 3303 3637 Annalium
3345 3583 3653 3639 Graecorum

2068 3673 2299 3745 auctor),
2327 3675 2465 3728 circa
2494 3674 2562 3728 '50
2590 3673 2922 3743 Septembris
2969 3673 3249 3738 cecidisse,
3280 3674 3469 3729 eodem
3490 3715 3506 3740 ,
3551 3690 3659 3743 quo

2070 3768 2307 3822 Joannes
2348 3768 2531 3837 pulsus
2560 3777 2664 3834 est,
2695 3782 2859 3833 anno,
2892 3767 2943 3820 in
2972 3767 3253 3820 consulatu
3285 3766 3503 3820 Honorii
3541 3767 3574 3820 6
3602 3775 3659 3821 et

2071 3859 2399 3921 Aristaeneti,
2448 3858 2651 3921 scribit,
2704 3857 2804 3912 hoc
2848 3867 2931 3911 est
2979 3872 3118 3910 anno
3177 3857 3386 3910 Domini
3434 3857 3559 3921 404,
3606 3869 3663 3911 et

2073 3961 2299 4021 quarto,
2330 3960 2447 4019 post
2492 3950 2577 4003 die
2617 3950 2816 4003 obiisse
2854 3948 3170 4003 Eudoxiam.
3217 3950 3448 4002 Annales
3489 3947 3660 4003 Grazci

2072 4044 2244 4114 pridie
2270 4043 2447 4097 Nonas
2476 4042 2723 4095 Octobris
2750 4040 2948 4095 obiisse
2968 4081 2981 4102 ,
3012 4049 3067 4093 et
3105 4041 3139 4094 4
3168 4038 3287 4093 Idus
3313 4038 3560 4094 Octobris
3607 4039 3659 4091 in

2077 4138 2303 4191 Basilica
2353 4134 2450 4189 SS.
2501 4134 2903 4204 Apostolorum,
2954 4133 3215 4203 sepultam
3266 4132 3457 4186 iisdem
3506 4130 3659 4186 Coss.

2073 4229 2309 4283 Honorio
2325 4236 2381 4281 et
2399 4227 2740 4290 Aristaeneto,
2757 4233 3074 4279 memorant.
3092 4222 3429 4277 Marcellinus
3444 4221 3660 4285 Comes,

2074 4322 2264 4376 iisdem
2297 4320 2473 4383 Coss.,
2515 4320 2705 4387 inquit,
2743 4318 3005 4384 Eudoxia,
3044 4333 3179 4372 uxor
3218 4316 3456 4382 Arcadii,
3489 4316 3659 4372 obiit:

2076 4413 2305 4481 Prosper
2318 4412 2683 4481 Aquitanicus,
2711 4410 2900 4464 iisdem
2924 4410 3104 4464 itidem
3127 4408 3281 4463 Coss.
3306 4410 3567 4475 Eudoxia,
3587 4410 3661 4464 in-

2075 4506 2208 4576 quit,
2235 4521 2367 4558 uxor
2392 4506 2627 4571 Arcadii,
2651 4504 2791 4559 diem
2814 4504 3020 4557 clausit.
3044 4504 3242 4557 Contra
3266 4504 3401 4557 hanc
3425 4513 3663 4559 veterum

2076 4599 2394 4667 scriptorum
2443 4598 2757 4667 phalangem
2786 4596 2909 4665 quid
2948 4595 3105 4650 faciet
3149 4595 3357 4648 inﬁrma
3401 4595 3668 4649 recentio-

2076 4706 2195 4744 rum
2227 4703 2447 4752 manus;
2471 4689 2560 4758 qui
2589 4703 2781 4742 omnes
2822 4702 2927 4741 uno
2966 4702 3063 4741 ore
3106 4686 3297 4741 Joanni
3327 4694 3508 4740 nostro
3547 4701 3665 4740 eam

2078 4780 2422 4849 superstitem
2448 4779 2611 4833 fuisse
2634 4788 2744 4831 tres
2772 4792 3003 4840 menses,
3037 4776 3137 4831 hoc
3168 4785 3248 4830 est
3269 4776 3408 4830 circa
3432 4775 3669 4832 medium

2080 4870 2389 4926 Decembris
2409 4911 2424 4935 ,
2455 4885 2598 4923 anno
2622 4870 2749 4928 407.
2783 4868 2867 4923 vel
2894 4868 3035 4923 circa
3064 4868 3301 4922 medium
3328 4866 3493 4922 Febr.
3524 4883 3670 4922 anno

2079 4962 2207 5028 408,
2259 4961 2561 5016 decessisse
2604 4960 2910 5014 testantur?
2948 4974 3108 5029 quam
3153 4961 3314 5013 etiam
3362 4959 3668 5029 opinionem

2080 5070 2179 5125 ego
2227 5062 2281 5107 ut
2332 5053 2499 5122 magis
2545 5052 2875 5121 probabilem
2914 5049 3231 5119 amplector.
3277 5049 3467 5104 Causa:
3519 5058 3668 5117 sunt,

2081 5147 2309 5216 primum
2338 5144 2479 5214 quod
2509 5144 2623 5197 illas
2652 5143 3041 5196 inhumanitates
3071 5153 3127 5197 et
3155 5142 3519 5197 immanitates
3540 5156 3670 5197 con-

2083 5248 2163 5292 tra
2191 5238 2473 5307 episcopos
2503 5237 2703 5306 legatos
2742 5236 2808 5290 ab
2833 5233 3119 5290 Occidente
3140 5276 3154 5300 ,
3184 5243 3371 5289 contra
3406 5235 3669 5291 Joannem

2086 5338 2327 5383 nostrum
2362 5327 2427 5381 ad
2458 5338 2684 5381 mortem
2719 5342 2885 5397 usque
2915 5327 3082 5395 ipsam
3128 5337 3314 5381 contra
3344 5343 3531 5382 omnes
3559 5329 3673 5397 epi-

2085 5438 2297 5493 sc0pos,
2319 5422 2563 5485 clericos,
2589 5429 2643 5473 et
2667 5421 2800 5475 alios
2830 5421 3056 5490 partium
3078 5419 3320 5485 Joannis,
3350 5437 3455 5475 non
3477 5421 3545 5476 ab
3564 5421 3670 5475 alio

2086 5517 2353 5585 profectas
2385 5514 2529 5568 fonte
2551 5522 2756 5582 putem,
2787 5529 2945 5583 quam
2970 5513 3039 5567 ab
3065 5513 3385 5582 implacabili
3409 5515 3676 5583 impoten-

2088 5608 2307 5661 tissimte
2338 5605 2548 5660 feminae
2578 5605 2757 5661 furore
2789 5624 2803 5661 :
2834 5621 2959 5661 cum
2984 5606 3221 5676 alioquin
3266 5606 3525 5660 Arcadius
3557 5606 3673 5676 ipse

2093 5697 2351 5767 simplicis
2376 5696 2534 5751 fuerit
2563 5697 2780 5752 etmitis
2810 5697 3027 5769 ingenii,
3056 5706 3110 5752 et
3131 5706 3396 5752 tantorum
3420 5696 3529 5750 fere
3557 5713 3675 5749 ma-

2088 5789 2261 5843 lorum
2304 5788 2549 5860 ignarus;
2584 5802 2758 5861 neque
2784 5786 3041 5845 credibile
3080 5789 3146 5844 sit
3189 5798 3391 5845 tantum
3424 5787 3679 5846 habuisse
