4114 6392
366 396 530 436 XXIIII

365 496 648 550 Orationes
702 507 833 545 vero
863 500 1045 546 contra
1090 491 1305 545 Judacos
1348 501 1551 545 eertum
1597 499 1767 544 estex
1818 490 1945 557 ipsis

365 583 736 655 Chrysostomi
770 583 950 637 verbis
998 583 1207 638 habitas
1238 597 1358 636 esse
1406 596 1548 635 anno
1575 579 1811 634 secundo
1862 580 1943 633 vel

366 678 523 729 tertio
554 676 900 735 diaconatus;
932 689 1036 741 quo
1062 674 1221 727 etiam
1251 687 1391 726 anno
1412 672 1550 726 dicta
1574 681 1658 726 est
1688 671 1773 724 illa
1796 686 1946 739 egre-

362 770 446 838 gia
477 768 528 821 in
562 768 813 836 Babylam
834 767 1023 819 oratio.
1047 769 1218 834 Atque
1240 765 1347 830 hic,
1371 766 1613 835 quamvis
1634 772 1782 819 extra
1810 779 1943 827 rem,

364 860 619 912 nonnulla
665 875 730 912 ex
763 857 1002 910 historiis
1031 866 1261 911 attexnm
1304 857 1372 910 de
1412 856 1628 924 scriptis
1666 855 1781 923 ejus
1827 862 1947 923 post

364 952 720 1005 diaconatum.
756 950 1108 1019 Nict-pliorus,
1138 951 1226 1019 qui
1260 966 1317 1003 se
1342 950 1463 1003 inde
1492 950 1558 1003 ab
1588 949 1943 1003 adolescentia

362 1043 477 1112 ejus
503 1058 687 1096 amore
716 1041 985 1111 ﬂagrasse,
1019 1056 1178 1110 atque
1218 1042 1268 1095 in
1316 1042 1487 1105 illius,
1518 1040 1735 1108 perinde
1765 1056 1826 1094 ac
1853 1040 1944 1093 Dei

358 1134 524 1202 ipsius
543 1175 557 1199 ,
583 1134 800 1186 vocibus
827 1134 1155 1202 acquievisse
1185 1132 1403 1195 scribit,
1436 1147 1464 1185 a
1488 1132 1691 1185 Joanne
1721 1131 1941 1200 presby-

359 1240 476 1281 tero
502 1226 833 1294 conscriptas
859 1226 1021 1279 tradit
1059 1225 1419 1294 expositiones
1460 1225 1510 1277 in
1542 1224 1857 1292 Evangelia,
1889 1222 1940 1276 in

358 1316 620 1379 Psalmos,
663 1316 731 1371 de
756 1316 976 1382 Statnis,
1010 1316 1076 1369 de
1103 1316 1411 1385 Virginitate
1433 1318 1769 1384 (Anonymns
1796 1314 1943 1367 addit

357 1408 755 1477 Expositionem
799 1407 849 1459 in
900 1407 1143 1475 Isaiam);
1175 1407 1242 1459 ab
1282 1406 1472 1460 eodem
1521 1407 1791 1475 episeopo,
1828 1405 1938 1458 Ex-

355 1502 649 1571 positiones
676 1500 729 1553 in
748 1500 807 1552 B.
834 1501 1150 1569 Apostolnm
1176 1498 1263 1570 (de
1283 1516 1383 1568 qua
1404 1516 1460 1552 re
1478 1498 1683 1568 supra),
1710 1499 1761 1551 in
1785 1500 1934 1562 Acta,

351 1603 405 1647 et
430 1593 823 1663 Panegyricos:
854 1608 1078 1663 quorum
1126 1602 1301 1645 tamen
1354 1592 1489 1645 bona
1531 1605 1681 1659 pars,
1730 1599 1790 1643 ut
1828 1591 1937 1644 suis

354 1683 487 1738 locis
513 1684 866 1741 ostendimus.
897 1684 1093 1753 scripta
1132 1693 1215 1737 est
1241 1683 1568 1747 Antiochiae;
1600 1693 1654 1736 et
1684 1698 1749 1735 ne
1780 1682 1935 1751 longe

350 1775 561 1834 abeam,
592 1775 683 1828 ille
711 1775 763 1828 in
796 1774 1063 1828 Meletium
1097 1784 1216 1843 post
1242 1789 1413 1827 annos
1441 1774 1672 1844 quinque
1703 1789 1731 1826 a
1764 1783 1936 1828 morte

352 1864 547 1919 Meletii
577 1864 790 1919 habitus
815 1874 927 1932 est,
959 1865 1060 1919 hoc
1088 1874 1199 1927 est,
1234 1865 1406 1934 primo
1430 1880 1570 1918 anno
1600 1864 1932 1934 presbytera-

351 1966 453 2009 tus.
484 1957 587 2011 Sed
619 1958 901 2011 redeamus
931 1956 996 2009 ad
1019 1957 1328 2011 Socratem:
1358 1957 1509 2025 cujus
1539 1957 1664 2009 illud
1690 1956 1929 2008 ultimum

350 2062 453 2101 non
488 2047 685 2117 injuria
716 2047 1080 2116 reprehendas
1104 2089 1117 2112 ,
1147 2048 1287 2117 quod
1314 2046 1588 2116 expressis
1615 2047 1788 2101 verbis
1817 2048 1931 2100 sine

349 2138 448 2191 ulla
476 2140 808 2194 dubitatione
850 2140 1153 2195 incendium
1183 2140 1369 2210 templi
1391 2150 1445 2194 et
1477 2140 1641 2194 curiae
1669 2140 1931 2194 Joannitis

347 2230 448 2301 (sic
471 2233 611 2284 enim
636 2234 721 2299 qui
740 2233 961 2287 Joannis
983 2234 1151 2287 nostri
1181 2234 1406 2301 partium
1428 2241 1598 2295 erant,
1622 2230 1925 2301 audiebant)

348 2324 575 2377 tribuit:
611 2339 731 2377 cum
782 2326 941 2378 minis
983 2325 1241 2378 bonorum
1282 2324 1754 2393 adscriptionibns,
1799 2324 1929 2378 diris

344 2415 669 2469 cruciatibus
708 2423 763 2469 et
791 2416 1227 2485 exquisitissimis
1270 2417 1551 2468 tormentis
1579 2416 1630 2468 in
1666 2416 1826 2478 viros,
1875 2416 1925 2468 in

344 2506 569 2561 feminas
591 2509 830 2561 smvitum
855 2519 999 2562 esset
1024 2527 1035 2560 :
1067 2508 1202 2562 adeo
1224 2517 1281 2561 ut
1303 2507 1515 2576 quidam
1547 2507 1928 2576 quaestionibus

343 2601 788 2664 immorerentur,
819 2602 1038 2671 quidam
1070 2601 1225 2670 paulo
1260 2610 1379 2667 post
1409 2604 1744 2670 exspirarent
1778 2619 1790 2651 :
1830 2617 1925 2655 ne-

341 2707 446 2761 que
485 2702 661 2745 tamen
700 2693 863 2745 ullum
895 2693 1011 2761 ejus
1039 2692 1295 2745 facinoris
1330 2701 1661 2760 compertum
1690 2692 1758 2746 sit
1784 2692 1925 2761 apud

341 2782 615 2838 Joannitas
644 2785 949 2854 vestigium.

418 2893 437 2927 ι
461 2876 602 2943 Jam,
629 2877 673 2929 si
702 2878 897 2945 placet,
922 2876 987 2930 ad
1009 2876 1295 2945 Georgium
1326 2876 1741 2930 Alexandrinum
1769 2891 1924 2929 acce-

340 2970 567 3024 damus:
602 2970 686 3025 cni
716 2969 956 3035 Photius,
987 2970 1161 3038 magni
1184 2969 1367 3037 judicii
1396 2969 1497 3030 vir,
1538 2976 1592 3021 et
1634 2968 1926 3021 acerrimus

346 3070 587 3115 veterum
617 3060 935 3128 scriptorum
962 3074 1173 3125 censor,
1229 3059 1335 3112 duo
1390 3059 1629 3127 impingit
1679 3058 1922 3123 crimina,

343 3152 649 3207 Ilellenismi
698 3166 802 3205 non
848 3151 1147 3215 observati,
1192 3160 1246 3204 et
1283 3152 1595 3218 ignorantia:
1640 3149 1924 3205 factorum.

350 3247 424 3300 De
448 3245 612 3315 priori
643 3244 805 3298 multa
835 3244 1139 3297 monuimus
1158 3244 1353 3311 passim
1383 3243 1437 3294 in
1460 3242 1630 3305 Notis,
1663 3251 1716 3297 et
1738 3258 1822 3296 res
1844 3252 1927 3297 est

342 3339 511 3392 cuivis
566 3336 719 3389 obvia
751 3355 763 3389 :
793 3336 860 3390 de
911 3335 1213 3403 posteriori,
1262 3351 1421 3403 quam
1478 3334 1711 3389 historia:
1759 3335 1927 3391 Geor-

342 3431 510 3499 gianze
537 3437 741 3499 partem
768 3437 954 3483 notare
984 3428 1231 3493 voluerit,
1262 3444 1381 3481 cum
1411 3428 1538 3482 nihil
1590 3428 1787 3483 diserte
1829 3445 1923 3484 ex-

344 3523 621 3590 primatur,
647 3520 868 3574 difﬁcile
894 3529 974 3573 est
1003 3528 1254 3573 statuere.
1286 3517 1391 3573 Nos
1419 3528 1597 3572 tamen
1627 3534 1694 3573 ne
1724 3519 1823 3573 hac
1870 3520 1923 3574 in

326 3622 492 3683 "parte
533 3611 785 3665 studiosis
828 3610 1116 3664 lectoribus
1142 3609 1374 3666 defuisse
1404 3609 1699 3675 videamur,
1739 3610 1923 3679 conje-

342 3714 519 3758 cturas
540 3712 752 3757 nostras
771 3702 1095 3755 adducemus
1124 3702 1174 3754 in
1209 3701 1463 3766 medium,
1493 3702 1809 3766 rationibus,
1867 3710 1927 3755 ut

343 3806 491 3864 puto,
524 3810 629 3849 non
658 3794 973 3864 spernendis
998 3793 1259 3847 ﬁrmatas.
1285 3797 1361 3848 Ac
1390 3794 1583 3863 primo,
1632 3794 1924 3863 scriptores

343 3904 519 3943 rerum
564 3887 931 3957 Chrysostomi
987 3891 1037 3939 in
1095 3886 1227 3942 duas
1279 3887 1540 3941 distribuo
1592 3887 1811 3940 classes.
1866 3886 1922 3939 In

345 3982 520 4047 priore
548 3990 754 4032 veteres
783 3993 942 4046 pono,
974 3977 1263 4030 Palladium
1288 3978 1703 4039 Theodoretutn,
1732 3978 1924 4031 Socra-

318 4072 448 4124 "tem
478 4079 532 4123 et
560 4068 938 4133 Sozomenunt,
965 4068 1052 4139 qui
1083 4075 1176 4119 aut
1200 4067 1418 4120 Joannis
1471 4082 1606 4133 :lBVO,
1661 4078 1753 4120 aut
1802 4083 1921 4134 pro-

343 4161 487 4213 ximo
518 4169 636 4228 pest
656 4159 1002 4227 scripserunt,
1031 4167 1134 4213 etc
1176 4157 1404 4212 diversis
1455 4158 1684 4212 fontibus
1738 4160 1926 4211 hause-

344 4262 486 4305 runt.
519 4251 702 4320 Neque
723 4250 866 4304 cnim
896 4248 1169 4319 probabile
1220 4258 1321 4313 est,
1374 4264 1557 4303 eorum
1606 4264 1925 4319 quemquam

346 4343 564 4396 alterius
587 4342 861 4395 historiam
890 4341 1104 4395 vidisse.
1161 4341 1255 4395 IIis
1302 4355 1561 4395 accenseo
1595 4341 1925 4409 antiquitatis

345 4436 512 4504 gratia
547 4446 778 4499 nostros,
812 4436 1129 4503 Prosperum
1160 4435 1556 4504 Aquitanicum,
1585 4444 1642 4488 et
1666 4435 1927 4489 Marcelli-

348 4540 473 4578 num
504 4524 764 4578 Comitem
796 4543 806 4577 :
843 4526 893 4577 in
924 4526 1089 4580 altera
1121 4527 1272 4580 lance
1303 4527 1517 4579 unicum
1570 4541 1710 4595 pono
1754 4526 1924 4581 Geor-

345 4618 509 4686 gium.
543 4617 675 4671 Nam
706 4633 868 4686 quum
895 4632 958 4671 ex
989 4618 1153 4686 ipsius
1179 4633 1271 4671 ore
1300 4618 1584 4685 loquantur
1604 4618 1784 4672 cmteri
1813 4633 1927 4672 om-

347 4726 461 4764 nes.
495 4710 602 4763 Leo
630 4710 943 4779 Imperator,
977 4712 1311 4781 Anouymus,
1337 4710 1737 4780 Metapbrastes,
1764 4711 1929 4764 Zona-

354 4816 463 4865 ras,
490 4801 706 4871 Glycas,
735 4801 1091 4871 Nieephorus,
1118 4802 1415 4867 Cedrenus,
1450 4803 1560 4867 alii,
1589 4803 1802 4857 nonnisi
1830 4818 1926 4871 pro

348 4911 457 4949 uno
478 4903 617 4949 teste
638 4895 950 4949 numerandi
975 4905 1118 4949 sunt.
1146 4895 1200 4949 ln
1247 4896 1439 4965 quibus
1483 4896 1642 4965 igitur
1668 4896 1926 4965 Georgius

348 5004 375 5037 ιι
406 4986 676 5040 veteribus
704 4985 951 5051 discedit,
979 4996 1070 5039 aut
1092 4988 1362 5040 veteribus
1385 5002 1518 5041 nova
1535 4986 1602 5041 dc
1622 5001 1719 5041 suo
1737 4987 1923 5053 assuit,

348 5094 409 5133 ea
438 5078 548 5133 fere
577 5079 755 5133 omnia
788 5079 869 5133 vel
898 5079 949 5132 in
980 5078 1127 5131 falsis
1154 5080 1417 5148 relinquo,
1451 5079 1531 5134 vel
1559 5079 1610 5132 in
1642 5080 1941 5155 suspectis;

424 5188 444 5221 σ
491 5172 568 5224 Ac
589 5171 815 5239 primum
867 5169 965 5223 hac
994 5185 1153 5240 scopa
1205 5170 1336 5223 mihi
1388 5171 1659 5240 purganda
1710 5172 1929 5226 veniunt

348 5263 603 5317 miracula
630 5264 717 5316 illa
746 5264 1105 5327 sanationum,
1136 5263 1400 5316 visionum
1426 5272 1482 5317 et
1501 5265 1698 5329 omnia,
1727 5264 1793 5319 de
1811 5267 1927 5335 qni-

353 5358 450 5411 bus
474 5358 611 5425 apnd
638 5366 851 5411 veteres
878 5358 1204 5410 obstinatum
1232 5357 1525 5420 silentium,
1582 5373 1701 5411 cum
1756 5357 1926 5413 Geor-

350 5451 466 5519 gius
493 5450 555 5504 iis
582 5450 1063 5505 commemorandis
1107 5465 1207 5503 nec
1235 5450 1447 5502 modum
1475 5450 1633 5505 faciat
1666 5467 1837 5520 neque
1869 5452 1951 5505 ﬁ-'

349 5556 492 5598 nem.
524 5540 684 5595 Certe
711 5541 761 5594 in
791 5541 891 5594 hoc
914 5549 1136 5610 peccant
1167 5556 1271 5592 non
1296 5538 1555 5607 Georgius
1578 5550 1801 5608 tantum,
1833 5543 1925 5596 scd

352 5646 404 5691 et
434 5634 524 5689 alii
544 5633 826 5703 Georgium
845 5633 1013 5687 secuti
1042 5651 1055 5686 :
1087 5633 1318 5702 quicum
1348 5632 1539 5684 nudam
1566 5642 1617 5687 ct
1640 5635 1925 5688 solitariam

345 5732 628 5785 veritatem
656 5741 760 5781 non
808 5734 1057 5793 putarent
1098 5724 1227 5776 satis
1255 5739 1377 5776 esse
1424 5724 1778 5791 magnificam,
1837 5735 1925 5779 aut

345 5817 477 5872 illud
507 5816 830 5885 Thucydidis
854 5825 1189 5878 vererentur,
1240 5830 1305 5867 ne
1335 5832 1433 5867 non
1478 5815 1708 5883 fabulosa
1758 5819 1922 5871 minus

669 5906 941 5970 I’naoc.
992 5909 1107 5971 Gn.
1156 5913 1404 5977 XLVII.

1278 375 1364 428 DE
1404 374 1893 432 SCRIPTORIBUS
1930 373 2170 429 RERUM
2199 374 2690 432 CHRYSOSTOMI.

3477 405 3631 446 ιιην

2055 499 2197 557 grata
2219 490 2521 555 viderentur,
2555 494 2867 547 immensam
2914 509 3299 565 congesserunt
3347 503 3633 558 miraculo-

2055 593 2169 630 rum
2208 582 2311 631 vim
2336 598 2349 644 ;
2376 592 2427 633 et
2452 598 2557 649 quo
2585 583 2845 652 ﬁngendis
2871 587 3143 642 miraculis
3162 590 3309 645 locus
3337 605 3477 649 esset
3497 595 3633 651 libe-

2052 670 2181 733 rior,
2213 672 2377 738 ipsam
2410 672 2644 727 historia:
2666 685 3021 731 contestatam
3050 681 3327 735 veritatem
3364 700 3461 738 nec
3510 703 3632 742 raro

2053 777 2149 815 nec
2173 762 2361 817 leviter
2383 765 2747 821 immutarunt.
2774 769 3003 825 Proinde
3034 788 3151 841 qua:
3177 776 3316 842 apud
3343 777 3629 847 Georgium

2052 864 2174 906 sunt
2205 854 2272 909 de
2302 857 2609 922 Anthemio,
2665 860 2731 914 de
2758 860 3006 934 Hesycliii
3052 866 3290 932 visione,
3346 868 3411 922 de
3467 870 3631 925 nobili

2050 945 2406 1009 Antiocheno,
2433 948 2498 1002 de
2525 948 2853 1005 hemicranio
2907 954 3199 1022 laborante,
3245 957 3313 1012 de
3360 959 3630 1015 Archelao

2051 1035 2262 1105 leproso
2291 1078 2305 1103 ,
2352 1037 2649 1094 Christiana
2696 1044 2842 1111 ﬂuxu
2874 1048 3134 1114 sanguinis
3178 1048 3466 1115 laborante,
3524 1051 3630 1105 Eu-

2049 1128 2166 1180 cleo
2190 1130 2647 1199 monOphthalmo,
2681 1134 2838 1193 leone
2856 1147 3141 1204 prostrato,
3167 1140 3235 1193 de
3250 1142 3365 1195 alba
3384 1143 3628 1198 columba

2047 1222 2205 1287 capiti
2232 1220 2474 1287 Joannis,
2506 1240 2626 1278 cum
2657 1227 2932 1295 presbyter
2953 1229 3311 1298 ordinaretur,
3338 1233 3623 1302 insidente,

2047 1311 2111 1364 de
2137 1312 2332 1366 Euclio:
2362 1313 2493 1379 ﬁlio,
2525 1315 2590 1369 de
2619 1331 2785 1371 uxore
2812 1318 3050 1387 przefecti
3079 1322 3393 1389 Antiochiae,
3426 1324 3493 1379 de
3516 1324 3625 1379 dccc

2048 1405 2291 1457 moniaco
2324 1406 2548 1460 liberato
2579 1408 2665 1463 die
2691 1414 3111 1466 consecrationis
3133 1456 3147 1478 ,
3189 1414 3257 1469 de
3309 1419 3498 1485 angelo
3544 1416 3623 1471 di-

2044 1498 2229 1547 stricto
2254 1496 2429 1562 gladio
2456 1498 2775 1566 prohibente
2797 1504 3139 1557 centuriones
3152 1514 3208 1559 et
3228 1506 3423 1560 milites
3443 1508 3623 1561 Eudo-

2044 1586 2145 1639 xia:
2174 1588 2243 1640 ab
2264 1588 2503 1658 ingressu
2530 1592 2707 1659 palatii
2738 1594 3056 1662 episcopalis
3082 1637 3096 1661 ,
3128 1597 3196 1651 de
3220 1614 3285 1651 eo
3312 1601 3395 1653 eui
3436 1616 3623 1654 manus

2044 1676 2305 1730 miraculo
2344 1689 2398 1733 et
2418 1680 2647 1735 arefacta
2678 1693 2731 1737 et
2751 1693 2933 1739 sanata
2976 1696 3076 1751 est,
3128 1688 3196 1742 de
3225 1691 3515 1761 paralytico
3566 1691 3618 1744 in

2041 1770 2295 1821 Armenia
2326 1772 2537 1825 sanitati
2564 1775 2832 1842 restituto,
2867 1777 2934 1831 de
2965 1778 3209 1845 Adelphii
3240 1781 3461 1839 visione.
3491 1791 3545 1836 et
3572 1782 3619 1838 si

2040 1877 2156 1928 qua}
2179 1860 2280 1912 alia
2305 1862 2542 1929 ejusdem
2564 1868 2809 1934 generis;
2840 1883 2959 1922 cum
2994 1882 3233 1925 veterum
3266 1872 3477 1927 illorum
3506 1889 3615 1928 uno

2040 1950 2202 2002 verbo
2226 1953 2485 2017 omnium,
2519 1964 2573 2009 et
2600 1971 2663 2009 ex
2690 1959 3094 2025 recentioribus,
3128 1962 3457 2029 Damasceni,
3512 1965 3617 2018 Zo-

2039 2058 2201 2108 nar.e,
2228 2043 2540 2115 Niecpliori,
2568 2048 2817 2115 Cedreni,
2874 2054 3186 2108 auctoritate
3242 2055 3614 2119 destituantur,

2037 2139 2089 2191 in
2141 2142 2342 2195 incertis
2381 2142 2643 2212 relinquo.
2690 2142 2757 2197 Et
2800 2144 3014 2213 quidem
3041 2146 3292 2217 pleraque
3320 2164 3523 2214 eorum,
3570 2151 3615 2204 si

2035 2234 2155 2301 quis
2198 2235 2415 2303 propius
2465 2235 2829 2304 introspiciat,
2868 2239 3003 2290 mala
3032 2238 3353 2295 «mulatione
3388 2242 3615 2311 quadam

2032 2324 2099 2376 ad
2121 2325 2520 2379 similitudinem
2554 2328 2929 2381 miraculorum
2970 2330 3020 2383 in
3053 2329 3108 2384 S.
3138 2330 3414 2399 Scriptura
3448 2336 3615 2387 conﬁ-

2033 2427 2117 2467 cta
2155 2415 2454 2469 videantur.
2486 2417 2675 2471 Totum
2704 2418 2826 2470 illud
2874 2419 3057 2471 drama
3091 2423 3359 2476 Anthemii
3387 2425 3610 2493 philoso-

2035 2507 2144 2574 phi,
2171 2507 2543 2563 Demosthenis
2571 2509 2831 2578 prmfceti,
2852 2521 2905 2563 et
2928 2511 3147 2567 Joannis
3175 2514 3347 2568 doctis
3371 2516 3619 2583 judican-

2035 2597 2160 2650 dum
2189 2600 2455 2667 permitto,
2488 2616 2663 2653 annon
2696 2601 2761 2654 ad
2789 2604 3090 2670 exemplum
3145 2605 3291 2658 illius
3342 2606 3393 2659 in
3444 2609 3610 2662 sacris

2033 2688 2203 2742 literis
2232 2690 2299 2743 de
2330 2691 2540 2760 Elyma,
2567 2692 2753 2757 Sergio
2795 2692 2957 2746 Paulo
3006 2704 3060 2748 et
3105 2695 3164 2748 Β.
3215 2697 3493 2765 Apostolo,
3545 2700 3613 2753 ab

2031 2781 2207 2833 otioso
2236 2781 2461 2834 cerebro
2492 2796 2803 2849 expressum
2837 2784 3102 2840 videatur.
3138 2786 3280 2840 Idem
3312 2788 3379 2841 de
3408 2789 3613 2843 Arche-

2032 2870 2115 2922 lao
2143 2870 2207 2923 ad
2235 2872 2518 2939 imaginem
2548 2872 2781 2926 Naaman
2806 2874 2944 2944 Syri,
2992 2876 3061 2930 de
3088 2877 3419 2935 Antiocheno
3446 2879 3614 2934 hemi-

2030 2964 2213 3017 cranio
2237 2964 2533 3031 laborante,
2577 2975 2630 3019 et
2653 2966 2951 3021 Christiana
2981 2969 3127 3038 ﬂuxu
3163 2972 3423 3039 sanguinis
3467 2972 3608 3025 labo-

2029 3067 2173 3109 rante
2191 3057 2255 3110 ad
2280 3058 2554 3112 mulierem
2585 3060 2729 3128 ﬂuxu
2753 3062 3014 3130 sanguinis
3041 3060 3350 3116 laborantem
3371 3064 3422 3117 in
3450 3080 3614 3119 evan-

2029 3149 2199 3215 gelio,
2260 3148 2327 3202 de
2380 3149 2707 3204 dmmoniaco
2761 3151 2829 3204 ad
2887 3151 3272 3207 dazmoniacum
3332 3154 3611 3211 liberatum

2032 3239 2192 3292 Marci
2215 3254 2391 3302 nouo;
2423 3250 2475 3293 et
2498 3240 2639 3309 quod
2669 3241 2784 3295 sine
2807 3241 3172 3310 indignatione
3202 3260 3307 3298 non
3354 3246 3493 3315 lego,
3544 3248 3613 3302 de

2030 3330 2274 3383 columba
2322 3330 2586 3385 insidente
2615 3332 2773 3400 capiti
2802 3332 3021 3387 Joannis
3047 3333 3098 3387 in
3127 3334 3490 3402 ordinatione,
3544 3340 3611 3393 ad

2031 3422 2316 3491 imaginem
2346 3425 2599 3494 unigeniti
2632 3426 2748 3480 Filii
2794 3428 2884 3481 Dei
2916 3428 2967 3481 in
3017 3429 3302 3498 baptismo.
3356 3432 3485 3487 Nam
3538 3434 3612 3487 illi

2029 3513 2201 3567 Procli
2230 3515 2437 3577 visioni,
2469 3532 2587 3585 qua:
2619 3517 2680 3570 D.
2714 3517 2935 3571 Paulum
2966 3518 3155 3573 Joanni
3198 3522 3305 3589 jam
3357 3524 3611 3594 episcopo

2029 3606 2415 3671 exiiositionem
2446 3608 2497 3661 in
2526 3608 2775 3677 epistolas
2805 3612 2971 3678 ipsius
2994 3613 3271 3668 meditanti
3324 3631 3417 3684 per
3466 3616 3612 3671 fora-

2030 3714 2153 3753 men
2182 3700 2311 3752 vidit
2354 3700 2406 3753 in
2432 3716 2613 3755 aurem
2641 3702 2926 3757 dictantem
2955 3720 3073 3773 quae
3123 3707 3398 3771 scriberet,
3452 3708 3612 3765 ﬁdem

2029 3790 2293 3869 derogat:
2323 3793 2461 3861 quod
2494 3794 2743 3863 pleraque
2769 3794 2884 3864 ejus
2912 3804 2966 3850 et
2988 3797 3270 3851 lectissima
3305 3798 3354 3851 in
3382 3800 3613 3869 Aposto-

2030 3883 2137 3937 lum
2167 3885 2216 3936 in
2240 3868 2347 3938 otio
2379 3886 2468 3938 illo
2493 3886 2822 3940 Antiocheno
2852 3887 3044 3956 scripta
3073 3886 3234 3943 fuisse
3255 3868 3482 3955 constet,
3511 3889 3609 3944 de-

2035 3976 2227 4028 teriora
2267 3986 2316 4029 et
2344 3977 2518 4043 inﬁmo
2570 3978 2676 4030 loco
2706 3977 2934 4031 habenda
2983 3978 3461 4049 Constantinopoli,
3518 3980 3609 4035 vix

2029 4066 2429 4136 Chrysostomo,
2466 4066 2657 4121 nedum
2685 4067 2863 4121 divino
2892 4068 2947 4123 S.
2982 4069 3131 4123 Pauli
3184 4071 3383 4138 Spiritu
3433 4072 3611 4141 digna.

2031 4155 2087 4209 In
2159 4159 2501 4212 translatione
2560 4160 2899 4228 reliquiarum
2946 4160 3166 4215 Joannis
3232 4163 3613 4235 Imperatorem

2031 4248 2387 4303 Theodosium
2438 4251 2622 4303 oculos
2666 4265 2728 4303 ac
2776 4250 3003 4305 frontem
3054 4252 3396 4322 reliquiarum
3465 4270 3614 4308 urnrn

2032 4342 2346 4405 affricuisse,
2375 4342 2530 4397 ﬁdem
2559 4343 2684 4396 facit
2701 4343 3090 4412 Tlieodoretus,
3114 4346 3265 4400 testis
3282 4346 3382 4415 ﬁde
3407 4347 3614 4417 dignus;

2033 4436 2124 4489 sed
2152 4435 2218 4488 de
2240 4436 2440 4488 homine
2466 4436 2709 4504 serpentis
2733 4436 2877 4488 dente
2898 4437 3016 4490 laeso
3042 4448 3095 4491 et
3126 4438 3370 4507 podalgo,
3393 4440 3613 4492 eodem-

2033 4540 2133 4593 qne
2152 4526 2406 4596 chiralgo,
2437 4527 2487 4580 in
2530 4528 2809 4595 prazsentia
2837 4528 3069 4580 omnium
3104 4528 3175 4580 ibi
3205 4529 3421 4593 sanatis,
3456 4544 3611 4582 assu-

2033 4629 2269 4671 mentum
2292 4628 2373 4671 est
2399 4617 2631 4687 Georgii,
2660 4632 2727 4672 ne
2753 4617 2959 4673 Cosmre
2986 4620 3198 4688 quidem
3222 4620 3493 4686 Vestitori,
3518 4621 3613 4675 ho-

2032 4710 2159 4763 mini
2182 4711 2415 4763 omnium
2444 4712 2659 4764 mrm'me
2706 4714 3049 4779 superstitioso
3082 4723 3455 4767 memoratum.
3501 4714 3607 4770 Sed

2031 4804 2097 4855 ad
2144 4804 2315 4869 priora
2340 4813 2594 4856 revertor.
2620 4802 2877 4857 Joannem
2901 4804 3128 4872 primum
3158 4819 3189 4857 a
3216 4804 3425 4859 Meletio
3437 4804 3613 4875 bapti-

2033 4904 2205 4946 zatum
2237 4894 2413 4959 tradit,
2446 4903 2500 4947 et
2525 4894 2719 4948 deinde
2749 4904 2991 4961 parentes
3014 4895 3198 4963 ipsius,
3227 4910 3347 4949 cum
3375 4896 3612 4951 Joannes

2038 4987 2172 5054 ipse,
2188 4996 2317 5040 utex
2338 4986 2570 5039 Palladio
2582 4993 2807 5049 constat,
2825 5000 2929 5040 non
2942 4996 3065 5040 ante
3076 5001 3271 5040 annum
3286 4987 3457 5041 anatis
3470 4985 3591 5043 vice

2032 5081 2224 5133 simum
2255 5078 2548 5147 baptizatus
2574 5078 2754 5144 fuerit,
2779 5087 2936 5146 prout
2962 5093 3077 5133 mos
3104 5078 3303 5132 ferebat
3325 5079 3463 5133 illius
3483 5089 3613 5134 teta~

2034 5170 2121 5236 tis,
2154 5170 2443 5238 praesertim
2471 5170 2523 5222 in
2546 5169 2645 5221 illis
2674 5169 2761 5237 qui
2789 5185 2894 5222 non
2920 5178 3101 5223 essent
3140 5168 3452 5224 Christianis
3495 5171 3605 5225 nati

2035 5262 2360 5330 parentibus,
2381 5271 2589 5315 mortuo
2606 5270 2727 5314 ante.
2750 5262 2964 5317 totidem
2982 5278 3150 5316 annos
3170 5273 3320 5330 patre
3338 5264 3607 5330 Secundo,

2033 5354 2170 5405 sicut
2199 5367 2353 5419 supra
2383 5362 2653 5405 ostensum
2678 5361 2777 5405 cst.
2821 5351 2986 5405 Matre
3023 5354 3231 5422 quidem
3262 5352 3423 5408 fuisse
3449 5354 3604 5409 Chri-

2033 5445 2221 5506 stiana,
2240 5445 2423 5497 saltcm
2448 5445 2559 5512 ipso
2586 5458 2780 5495 annum
2807 5454 2993 5511 agente
3014 5445 3342 5505 vicesimum,
3364 5461 3427 5498 ex
3448 5446 3612 5511 ipsius

2032 5536 2396 5604 Clirysostomi
2428 5538 2599 5590 verbis
2637 5547 2856 5603 apparet
2896 5536 2946 5588 in
2987 5535 3236 5591 Oratione
3285 5538 3349 5590 ad
3384 5538 3603 5591 Viduam

2028 5629 2312 5698 jnniorem.
2348 5630 2417 5681 I‘e
2444 5639 2593 5698 patre
2625 5630 2753 5682 nihil
2783 5640 2981 5684 temere
3012 5631 3419 5695 afﬁrmaverim;
3451 5642 3539 5684 aut
3564 5632 3609 5685 si

2034 5721 2191 5773 ambo
2216 5720 2409 5773 fuerint
2430 5722 2713 5774 Christiani
2735 5722 2800 5774 ab
2823 5723 2992 5785 initio,
3023 5724 3161 5792 quod
3184 5724 3406 5777 fortasse
3434 5727 3614 5781 verius

2035 5829 2138 5883 eSt,
2168 5814 2331 5870 ﬁlium
2353 5830 2515 5889 usque
2535 5816 2596 5869 ad
2622 5832 2735 5871 cam
2755 5825 2964 5873 aetatem
2979 5816 3297 5888 baptismum
3314 5818 3617 5883 distulisse,

3209 5910 3250 5949 ε)

3212 5950 3252 5973 ω
