4114 6392
485 366 627 408 Il"

487 482 596 522 non
628 465 732 520 erit
755 463 807 519 ei
835 467 1050 527 mirum,
1077 463 1166 531 qui
1190 457 1532 520 Nazianzeni,
1574 465 1797 524 utroque
1849 464 2065 523 parente

487 557 790 615 Christiano
812 555 943 618 nati,
968 561 1117 623 patre
1140 551 1300 606 etiam
1329 548 1600 618 episcopo,
1624 544 1799 599 Vitam
1828 544 2068 613 perlege-

485 653 579 708 rit.
606 649 857 705 Proximo
884 647 1001 701 loco
1026 642 1506 714 peregrinationem
1533 638 1679 693 illam
1704 638 1930 692 Atticam
1952 648 2068 692 stu-

487 742 696 799 diorum
720 753 847 810 ergo
874 752 1035 807 pono.
1066 734 1233 804 Hujus
1254 729 1694 803 peregrinationis
1713 727 1915 782 mentio
1929 724 2071 796 apud

485 842 717 896 veteres,
746 828 1060 893 Palladium,
1081 826 1376 888 Socratem,
1398 820 1560 884 nulla,
1585 835 1650 873 ne
1673 821 1835 873 ullum
1856 817 2069 888 quidem

488 925 793 994 vestigium,
824 922 915 992 qui
946 929 1120 973 tamen
1149 915 1361 970 curiose
1382 913 1510 968 satis
1539 911 1712 965 studia
1750 910 1866 978 ejus
1912 908 2069 978 juve-

489 1019 617 1072 nilia
640 1016 812 1071 literis
843 1011 1184 1067 mandarunt.

567 1126 590 1160 e
632 1104 882 1163 Secundo
902 1104 1105 1158 nultum
1125 1098 1338 1168 reperio
1359 1106 1564 1165 tempus
1581 1107 1800 1149 vacuum
1831 1092 1883 1147 in
1908 1105 2068 1145 anno-

488 1215 612 1256 rum
648 1194 1011 1267 Chrysostomi
1037 1189 1455 1260 computatione,
1484 1185 1621 1255 quod
1667 1184 1790 1238 huic
1833 1181 2071 1251 peregri-

491 1286 693 1345 nationi
719 1284 916 1356 possim
943 1281 1234 1338 destinare.
1265 1276 1447 1332 Tertio
1475 1286 1697 1330 matrem
1726 1272 2074 1342 indulgentis-

492 1383 709 1449 simam,
739 1394 857 1449 quae
884 1376 992 1447 pati
1022 1390 1126 1430 non
1157 1371 1346 1442 potuit,
1379 1379 1436 1424 ut
1475 1369 1526 1423 in
1553 1368 1756 1422 vicinos
1773 1365 2073 1421 Antiochia:

491 1482 703 1528 montes
746 1467 1042 1529 secederet,
1092 1464 1214 1518 dico
1262 1462 1505 1543 minime.
1533 1472 1945 1529 perpessuram,
2000 1468 2063 1515 nt

491 1563 754 1626 Athenas,
788 1567 934 1613 tanto
972 1557 1211 1610 locorum
1245 1551 1418 1621 spatio
1441 1559 1581 1605 terra
1608 1547 1846 1617 marique
1873 1544 2068 1613 disjunv

491 1663 628 1716 etas,
648 1652 922 1720 migraret,
956 1644 1252 1717 prtesertim
1273 1657 1397 1698 cum
1419 1641 1578 1695 vitam
1609 1637 1953 1693 monasticam
1980 1650 2047 1689 au

495 1743 711 1814 spientis
733 1741 937 1797 crimen
962 1736 1245 1806 apostasia:
1274 1748 1380 1787 non
1409 1731 1570 1785 fuerit
1592 1729 1695 1784 illis
1723 1727 2070 1797 temporibus,

496 1835 710 1890 deserto
734 1829 1078 1893 monasterio,
1105 1825 1158 1880 in
1190 1824 1374 1879 urbem
1397 1822 1594 1888 redire,
1626 1818 1766 1890 quod
1788 1818 1905 1888 ipse
1933 1817 2074 1871 ultro

442 1894 461 1909 ι
494 1926 621 1983 fecit
643 1924 1078 1993 Chrysostomus,
1112 1915 1379 1971 ulterioris
1403 1912 1545 1967 illius
1571 1908 1872 1965 solitudinis
1896 1908 1965 1962 ob
1992 1908 2072 1960 in-

493 2015 850 2072 valetudinem
875 2018 1150 2080 pertmsus.
1197 2006 1371 2075 Atque
1398 2012 1456 2057 ut
1478 2002 1650 2057 dicam
1685 1999 1827 2070 quod
1878 1999 2070 2061 sentio,

493 2120 668 2165 totum
690 2109 793 2176 hoc
814 2105 882 2160 ad
907 2103 1212 2172 exemplum
1234 2099 1416 2154 Basilii
1440 2097 1613 2168 Magni
1649 2107 1704 2150 et
1728 2094 1940 2163 Georgii
1974 2092 2075 2146 Na-

496 2198 735 2256 zianzeni
786 2197 1074 2252 confretum
1119 2192 1393 2256 arbitror;
1435 2203 1575 2258 quos
1619 2187 1805 2241 ambos
1855 2184 2077 2238 Athenis

498 2289 769 2345 studuisse
795 2294 979 2341 notum
1010 2290 1125 2347 est;
1155 2297 1223 2337 ne
1253 2280 1452 2336 scilicet
1480 2278 1715 2334 Joannes
1741 2285 1921 2329 uoster
1950 2273 2075 2328 reli-

501 2382 622 2451 quis
650 2378 902 2435 Ecclesia:
945 2373 1231 2431 Orientalis
1282 2372 1486 2441 magnis
1532 2369 1818 2423 luminibus
1861 2364 2078 2420 inferior

500 2471 793 2527 videretur.
822 2467 1107 2537 Georgius,
1130 2478 1250 2533 cap.
1276 2462 1364 2528 16,
1390 2460 1651 2516 Joannem
1681 2475 1713 2513 e
1752 2456 2078 2512 monasterio

501 2573 623 2634 post
649 2561 965 2618 triennalem
997 2558 1147 2612 illam
1168 2554 1530 2611 secessionem
1552 2566 1581 2604 a
1605 2550 1860 2605 Flaviano
1888 2563 2079 2618 magna

504 2671 697 2728 pompa
761 2665 1055 2722 arreptum,
1107 2648 1477 2720 presbyterum
1522 2644 1821 2699 ordinatum
1859 2641 2077 2728 scribit.

504 2751 690 2807 Primo
717 2746 805 2802 illa
839 2744 1113 2800 triennalia
1140 2741 1374 2798 secessio
1399 2739 1599 2794 nullum
1626 2738 1677 2791 in
1702 2740 1807 2790 vita
1841 2734 2081 2807 Chryso-

502 2844 665 2899 stomi
686 2841 862 2896 locum
893 2838 1075 2903 habet,
1103 2845 1214 2891 tum
1242 2834 1312 2889 ob
1333 2848 1416 2899 ea,
1441 2847 1560 2902 qua;
1584 2845 1739 2899 supra
1761 2829 2082 2883 monstravi-

497 2948 648 2997 mus,
681 2940 790 2987 tum
813 2927 956 3000 quod
983 2927 1048 2982 iis
1071 2925 1200 2996 ipsis
1225 2923 1380 2978 annis
1405 2930 1614 2978 constet
1638 2919 2080 2991 Chrysostomum

506 3025 563 3081 in
594 3020 822 3079 ecclesia
844 3018 1113 3074 orationes
1143 3016 1394 3070 habuisse
1413 3029 1525 3079 eas,
1553 3028 1671 3082 qua:
1698 3019 1910 3065 exstant
1949 3023 2082 3063 con-

505 3127 585 3170 tra
614 3113 849 3175 Judaaos,
877 3116 931 3165 et
956 3109 1009 3163 in
1034 3108 1286 3179 Babylam
1311 3114 1616 3177 martyrem,
1651 3111 1881 3171 utsupra
1902 3098 2083 3153 videre

506 3207 653 3261 licet.
703 3201 927 3265 Deinde,
973 3206 1203 3271 quantos
1252 3198 1495 3267 plausus,
1546 3201 1773 3264 quantos
1820 3191 2084 3246 clamores

500 3298 676 3354 cieret
698 3310 762 3351 os
782 3293 910 3349 illud
938 3306 1177 3356 aureum,
1199 3291 1244 3342 si
1269 3304 1332 3344 ex
1364 3286 1689 3342 monasterio
1713 3292 1861 3339 tanto
1889 3282 2083 3352 petitus

505 3389 727 3453 ambitu,
759 3395 905 3441 tanto
929 3384 1085 3438 datus
1105 3382 1263 3445 foret,
1309 3391 1363 3435 et
1391 3395 1494 3433 non
1525 3394 1590 3432 ex
1613 3377 1791 3431 medio
1828 3375 2084 3430 diacono-

508 3496 627 3535 rum
651 3492 811 3549 grege
835 3476 899 3529 ad
920 3475 1020 3529 hoc
1036 3472 1385 3527 ministerium
1411 3470 1693 3539 sumptus?
1724 3468 1874 3536 Quod
1898 3481 2083 3522 verum

508 3585 631 3625 esse
656 3564 1158 3629 mecumfatebitur,
1199 3560 1437 3632 quisquis
1481 3575 1603 3614 cum
1646 3558 1851 3629 judicio
1904 3559 2091 3627 legerit

496 3661 809 3715 orationem
853 3656 1024 3720 illam,
1055 3653 1200 3707 Num
1240 3667 1357 3705 vera
1394 3659 1542 3716 sunt,
1573 3658 1612 3704 t.
1636 3650 1689 3715 1,
1719 3665 1771 3718 p.
1797 3649 1918 3703 693.
1972 3647 2087 3701 Jntu

500 3749 662 3822 quod
690 3748 875 3805 scribit
897 3747 1156 3816 Georgius
1180 3758 1296 3813 cap.
1326 3742 1416 3809 32,
1444 3757 1549 3796 non
1580 3756 1673 3796 sex
1701 3741 1894 3806 solum,
1926 3739 2018 3793 sed
2037 3748 2091 3792 et

502 3844 655 3899 alios
683 3856 778 3898 sex
805 3838 1074 3909 depositos
1091 3854 1119 3889 a
1137 3836 1342 3891 Joanne
1366 3836 1416 3889 in
1448 3833 1574 3889 Asia
1600 3833 1898 3902 episcopos,
1928 3831 2091 3886 Palla-

502 3934 637 3989 .dius
655 3941 839 4003 aperte
859 3938 1038 3998 negat,
1063 3939 1119 3983 et
1144 3945 1173 3981 a
1201 3941 1424 3981 numero
1452 3925 1517 3980 l6
1545 3924 1631 3979 vel
1659 3925 1746 3990 l7,
1801 3923 1942 3993 quod
1992 3922 2090 3975 ad-

505 4025 739 4082 versarii
759 4023 980 4079 Joannis
1022 4020 1350 4091 objecerunt,
1384 4019 1600 4088 propius
1638 4016 1811 4071 abest.
1862 4016 2091 4069 llistoria

503 4116 836 4185 tCallitropcs
900 4114 990 4183 (c.
1022 4111 1133 4182 54)
1190 4111 1383 4164 multas
1425 4109 1589 4164 habet
1634 4107 2088 4168 circumstantias,

515 4222 739 4278 quarum
769 4205 901 4259 nihil
921 4204 1095 4258 simile
1117 4201 1337 4257 memini
1357 4200 1550 4255 vidisse
1578 4199 1632 4253 in
1684 4207 1867 4253 vetere
1917 4196 2091 4250 eccle-

515 4299 728 4355 siastica
755 4295 1003 4359 historia,
1032 4308 1205 4365 neque
1234 4294 1368 4359 scio,
1398 4307 1464 4346 an
1493 4305 1682 4346 omnes
1732 4288 1943 4345 defendi
1971 4304 2095 4359 pos-

514 4391 644 4449 sint.
676 4389 825 4445 Hanc
845 4388 1123 4443 historiam
1151 4384 1430 4442 confundit
1452 4384 1725 4440 Cedrenus
1750 4398 1874 4438 cum
1912 4383 1998 4436 illa
2027 4382 2094 4437 de

518 4483 672 4538 vidua
701 4479 1029 4550 Theognosti
1046 4478 1131 4551 (c.
1156 4479 1219 4533 41
1245 4479 1285 4549 ),
1309 4492 1430 4547 qua:
1449 4476 1581 4530 adeo
1602 4475 1797 4531 similis
1823 4482 1906 4529 est
1931 4475 2003 4529 illi
2025 4472 2094 4529 de

519 4571 730 4630 Nabulh
755 4581 810 4627 et
830 4570 1065 4634 Jezabel,
1089 4578 1147 4623 ut
1173 4569 1338 4623 altera
1365 4584 1432 4622 ex
1456 4568 1622 4621 altera
1642 4580 1891 4636 expressa
1919 4565 2095 4619 videa-

521 4675 627 4720 tur.
659 4663 934 4732 Recipitur
971 4671 1148 4715 tamen
1198 4658 1314 4713 haec
1352 4657 1576 4712 historia
1625 4657 1694 4711 de
1736 4657 1891 4709 vidua
1920 4654 2096 4710 Theo-

520 4756 750 4828 gnostia
778 4755 1131 4814 Damasceno,
1172 4752 1247 4805 uti
1269 4760 1322 4806 et
1364 4751 1430 4804 ab
1477 4750 1722 4804 omnibus
1752 4749 1863 4804 fere
1905 4763 2093 4803 recen-

488 4851 751 4917 _tioribus
777 4847 1106 4917 biographis.
1148 4845 1280 4900 Nam
1321 4845 1458 4915 apud
1498 4856 1706 4899 veteres
1750 4846 1893 4899 nulla
1941 4844 2097 4913 hujus

526 4940 762 4997 historia
780 4938 982 4993 mentio
1010 4945 1129 5001 est;
1161 4951 1260 4992 nec
1290 4936 1602 5003 rescriptum
1632 4944 1733 5000 est,
1751 4935 1890 5003 quod
1908 4935 2092 4998 sciam,

528 5033 694 5087 ullum
723 5031 775 5085 in
804 5039 917 5085 toto
939 5028 1063 5098 jure
1091 5028 1334 5082 Romano
1361 5026 1486 5091 tale,
1538 5026 1692 5094 quale
1744 5026 1813 5079 ab
1857 5024 2095 5079 Eudoxia

533 5121 585 5178 in
607 5124 709 5177 hoc
734 5122 945 5192 negotio
967 5121 1181 5175 citatur.
1207 5118 1286 5173 Ad
1312 5118 1425 5172 lucc
1452 5118 1590 5171 inter
1615 5117 1916 5171 testimonia
1942 5116 2095 5186 igno-

540 5216 717 5271 nntiae
735 5211 951 5283 Georgii
978 5226 1140 5281 pono,
1168 5209 1308 5280 quod
1333 5208 1591 5264 Joannem
1617 5210 1683 5262 ab
1707 5208 1894 5268 exsilio
1918 5210 2099 5276 priore

526 5312 831 5363 revocatum
852 5306 1004 5374 jussu
1023 5301 1235 5357 Arcadii
1261 5299 1467 5365 scribit,
1498 5314 1617 5353 cum
1657 5299 1834 5367 populi
1855 5298 2101 5352 clamori-

524 5399 653 5468 bus,
678 5407 791 5454 tum
820 5396 1039 5455 Honorii
1067 5394 1245 5451 fratris
1273 5394 1474 5458 literis;
1506 5409 1627 5448 cum
1658 5393 1795 5447 intra
1820 5392 2101 5447 duodecim

529 5491 691 5548 horas
725 5489 794 5545 ab
842 5487 1153 5559 expulsione
1196 5486 1348 5556 jussu
1399 5484 1778 5554 lmperatorum
1822 5493 2102 5538 revocatus

529 5582 725 5650 fuerit;
755 5594 929 5651 neque
951 5577 1235 5649 quidquam
1283 5576 1516 5644 potuerit
1560 5575 1758 5630 interea
1810 5571 2097 5641 Honorius,

533 5675 625 5745 qui
649 5674 921 5729 Ravennae
948 5669 1059 5724 fere
1075 5676 1167 5722 aut
1188 5666 1469 5721 Mediolani
1493 5666 1699 5735 agebat,
1728 5664 1794 5720 de
1848 5664 1963 5734 ejus
2003 5680 2099 5719 ex-

520 5767 776 5842 pulsione
799 5766 1107 5823 resciscere.
1146 5761 1279 5818 Nam
1303 5759 1444 5834 quod
1474 5760 1752 5831 epistolam
1781 5757 2099 5834 Cbrysosto—

1580 339 1851 396 llENRlCl
1888 340 2131 395 SAVlLlI
2159 339 2602 398 DlSSERTATlO

3587 363 3749 404 ιιινι

2177 458 2267 520 mi,
2289 457 2455 511 Etiam
2483 469 2747 528 antequam
2773 459 2984 515 reddin
3007 470 3141 527 sunt,
3160 462 3410 532 scriptam
3432 477 3551 518 esse
3572 465 3750 532 prodit

2174 558 2294 618 post
2319 554 2470 619 prius
2517 552 2801 617 exsilium;
2855 566 3006 605 error
3033 551 3246 622 quidem
3276 553 3745 611 manifestissimus

2174 648 2278 706 est,
2324 640 2419 695 sed
2457 656 2578 696 cum
2632 641 2870 695 Palladio
2915 643 3236 696 communis.
3294 642 3429 698 lllud
3480 645 3752 712 peculiare

2174 746 2351 799 suum,
2375 742 2429 786 et
2448 748 2687 787 crassum
2717 734 2868 793 satis,
2899 733 3043 803 quod
3073 749 3193 788 cum
3218 748 3337 803 cap.
3367 734 3430 789 6|
3469 737 3753 807 episcopos

2174 836 2240 877 ex
2292 823 2669 877 communione
2710 823 2937 878 Joannis
2982 839 3076 893 per
3123 824 3525 880 Theotechnum
3570 826 3754 881 literas

2174 929 2427 970 exarasse
2452 916 2637 970 scribit
2672 916 2739 970 ad
2787 917 3150 971 Innocentium
3192 932 3405 987 papam,
3433 917 3626 988 quibus
3678 919 3754 972 si—

2175 1004 2524 1074 gniﬁcabatur
2544 1005 2805 1062 Joannem
2841 1006 3108 1063 Cucusum
3138 1009 3471 1078 relegatum:
3504 1010 3646 1064 idem
3670 1016 3753 1064 tao

2178 1113 2297 1151 men
2319 1112 2436 1166 cap.
2464 1097 2553 1160 6/9,
2586 1100 2737 1167 quasi
2764 1100 2845 1153 sui
2874 1099 3091 1167 oblitus,
3151 1101 3524 1156 Innocentium
3576 1101 3677 1156 hoc
3720 1119 3749 1158 a

2178 1191 2581 1254 mercatoribus,
2612 1200 2666 1243 ut
2697 1201 2843 1260 puto,
2871 1192 3055 1247 aliisve
3083 1194 3171 1262 qui
3193 1192 3253 1246 ob
3281 1193 3515 1262 quwdam
3553 1195 3753 1265 negotia

2176 1279 2313 1335 forte
2357 1281 2579 1335 Romam
2609 1291 2886 1348 venerant,
2940 1282 3171 1352 primum
3215 1285 3500 1340 rescivisse
3550 1295 3748 1339 narrat.

2179 1371 2423 1425 Nondum
2450 1373 2603 1438 enim,
2637 1373 2826 1443 inquit,
2858 1375 2922 1428 de
2944 1374 3083 1429 illius
3105 1375 3321 1431 secundo
3345 1376 3524 1431 exsilio
3544 1377 3750 1432 audire-

2175 1480 2304 1517 ram.
2337 1463 2487 1531 Quod
2517 1478 2634 1533 cap.
2664 1466 2734 1521 58
2759 1466 2933 1536 Epidii
2954 1469 3221 1522 servulum
3242 1483 3365 1523 cum
3395 1470 3502 1524 sica
3520 1471 3752 1524 submis«

2176 1568 2293 1608 sum
2323 1554 2390 1608 ad
2418 1554 2842 1610 interﬁciendum
2867 1556 3306 1629 Chrysostomum
3331 1557 3523 1614 Cucusi
3550 1569 3751 1625 narrat;

2177 1645 2230 1699 id
2258 1645 2450 1699 factum
2481 1646 2599 1702 sine
2626 1647 2770 1701 omni
2798 1647 2959 1701 dubio
2980 1648 3440 1717 Constantinopoli
3468 1658 3571 1704 est.
3598 1649 3754 1718 Quod

2180 1735 2497 1804 Adelphium
2523 1737 2762 1792 Arabissi
2787 1748 2940 1792 vocet
2967 1739 3301 1807 episc0pum,
3332 1754 3453 1793 cum
3501 1755 3569 1795 eo
3617 1751 3757 1794 tem-

2181 1842 2310 1896 pore
2331 1829 2616 1896 episc0pus
2646 1829 2905 1891 Arabissi,
2964 1839 3100 1884 teste
3126 1824 3314 1884 eodem
3342 1828 3549 1884 Joanne
3595 1830 3755 1898 epist.

2180 1916 2304 1981 121,
2336 1916 2495 1971 fuerit
2518 1918 2768 1986 Otrejus:
2800 1919 2941 1988 quod
2962 1919 3223 1974 Joannem
3269 1920 3323 1974 in
3370 1919 3610 1990 ejusdem
3633 1962 3649 1987 ,
3700 1928 3759 1976 ut

2180 2019 2328 2083 puto,
2355 2008 2600 2078 Adelphii
2618 2010 2819 2064 aedibus
2847 2010 3043 2064 Cucusi
3068 2020 3371 2079 susceptum
3393 2010 3599 2076 scribit,
3618 2010 3757 2080 quod

2181 2100 2525 2156 humanitatis
2571 2101 2802 2156 ol‘ticium
2836 2101 2991 2173 (nam
3040 2102 3141 2156 alia
3191 2103 3538 2158 humanitatis
3585 2101 3759 2158 ofﬁcia

2180 2192 2463 2262 episcopus
2487 2192 2705 2258 Cucusi,
2760 2194 2813 2247 id
2857 2202 2959 2261 est,
3008 2203 3066 2248 ut
3111 2203 3259 2266 puto,
3309 2194 3604 2263 Adelphius
3647 2195 3761 2266 ipse

2181 2284 2450 2353 praestitit,
2479 2292 2537 2337 ut
2564 2285 2729 2353 liquet
2747 2286 2908 2355 epist.
2938 2286 3007 2340 l5
3030 2284 3097 2339 ad
3125 2283 3463 2357 Olympiad.)
3517 2302 3623 2338 non
3671 2286 3758 2339 alii

2181 2391 2340 2445 quam
2365 2375 2623 2431 Dioscoro
2647 2378 2832 2431 tribuit
2857 2378 2968 2446 ipse
2987 2376 3221 2432 Joannes
3237 2377 3394 2446 epist.
3416 2376 3483 2431 l2
3502 2377 3570 2432 ad
3581 2376 3762 2448 Olym-

2185 2466 2416 2534 piadem,
2441 2466 2592 2537 cujus
2625 2470 2767 2522 nulla
2810 2470 2949 2538 apud
2998 2467 3285 2538 Georgium
3332 2470 3571 2524 mentio:
3621 2467 3762 2539 quod

2185 2563 2431 2618 Proclum
2456 2564 2509 2617 in
2534 2564 2881 2618 translatione
2908 2564 3253 2633 reliquiarum
3279 2564 3591 2633 episcopum
3613 2568 3764 2618 vocet

2180 2652 2391 2726 Cyziei,
2421 2656 2511 2724 qui
2538 2655 2725 2710 relicta
2755 2654 2954 2725 Cyzico
2976 2655 3411 2724 archiepiscopus
3433 2662 3545 2708 tum
3590 2652 3763 2708 fuerat

2184 2746 2812 2817 Constantinopolitanus
2840 2767 2852 2802 :
2883 2757 3065 2817 aperta
3090 2756 3236 2814 sunt,
3266 2757 3324 2802 ut
3368 2748 3498 2802 mihi
3531 2747 3760 2808 videtur,

2186 2848 2482 2892 commenta.

2265 2948 2285 2981 ι
2329 2929 2586 2998 Superest
2623 2930 2690 2984 de
2717 2930 2960 3000 epistolis
3004 2945 3071 2985 ex
3111 2929 3401 2987 Occidente
3443 2939 3500 2985 et
3546 2930 3767 2986 Oriente

2190 3021 2330 3076 ultro
2350 3024 2592 3089 citroque
2617 3023 2791 3076 missis
2803 3038 2991 3093 magna
3005 3023 3314 3092 cumprimis
3348 3032 3402 3077 et
3430 3023 3593 3077 ardua
3614 3038 3751 3093 quae

2189 3112 2328 3177 stio;
2351 3112 2418 3166 de
2438 3126 2542 3182 qua
2562 3113 2880 3166 sententiam
2899 3128 3068 3167 meam
3097 3114 3324 3182 ingenue
3348 3121 3402 3166 et
3429 3113 3595 3167 libere
3618 3128 3767 3167 more

2190 3206 2449 3272 majorum
2475 3204 2729 3273 aperiam,
2756 3204 2901 3257 nullo
2927 3204 3151 3272 partium
3174 3204 3351 3257 studio
3377 3204 3587 3268 ductus,
3615 3204 3759 3257 nulla

2188 3297 2499 3367 cujusquam
2528 3296 2695 3366 gratia
2725 3295 2810 3350 vel
2827 3295 2969 3350 odio.
3012 3295 3180 3351 Hasce
3225 3295 3381 3365 igitur
3418 3295 3669 3364 epistolas
3711 3296 3767 3361 iu

2194 3390 2290 3443 tria
2311 3389 2568 3443 diatribuo
2591 3403 2785 3457 genera
2812 3406 2825 3442 :
2856 3388 2939 3443 vel
2965 3388 3106 3442 enim
3139 3388 3316 3442 missae
3336 3396 3463 3441 sunt
3478 3397 3597 3457 post
3616 3387 3765 3457 prius

2193 3480 2457 3541 exsilium,
2483 3480 2565 3533 vel
2598 3489 2717 3548 post
2758 3480 3004 3534 exsilium
3034 3480 3317 3549 posterius,
3346 3480 3428 3533 vel
3459 3488 3580 3549 post
3624 3494 3772 3533 more

2195 3579 2301 3623 tem
2328 3570 2567 3625 Joannis.
2597 3569 2650 3623 ln
2674 3571 2845 3638 primo
2869 3578 2924 3623 et
2947 3570 3184 3625 secundo
3210 3585 3408 3640 genere
3440 3571 3637 3625 nullam
3658 3569 3769 3625 Ge-

2195 3662 2347 3731 orgio
2377 3663 2523 3715 litem
2550 3676 2754 3725 moveo,
2788 3670 2980 3730 prurter
3003 3678 3141 3728 eam,
3169 3678 3289 3731 quae
3320 3662 3418 3729 ipsi
3442 3677 3563 3716 cum
3593 3662 3768 3716 Palla-

2196 3751 2286 3807 dio
2312 3753 2609 3807 communis
2637 3762 2751 3817 est;
2778 3752 2846 3807 de
2871 3767 2975 3821 qua
3014 3767 3174 3822 supra
3220 3753 3288 3807 ad
3337 3753 3656 3807 Palladium.
3695 3753 3772 3808 De

2199 3846 2355 3899 tertio
2378 3860 2574 3912 genere
2599 3846 3021 3914 disquirendnm,
3070 3846 3139 3901 de
3174 3860 3280 3914 quo
3308 3846 3385 3901 sic
3409 3846 3668 3916 Georgius
3712 3861 3763 3901 c.

2197 3937 2301 3992 68:
2330 3938 2538 3990 Mortuo
2562 3937 2671 4005 jam
2697 3938 2757 3991 B.
2789 3936 3012 4001 Joanne,
3044 3938 3170 4001 duo,
3204 3938 3393 4003 inquit,
3424 3937 3645 3992 Romam
3681 3953 3772 3993 ve-

2198 4038 2391 4082 nerunt
2412 4028 2734 4098 Presbyteri,
2766 4037 2820 4082 et
2844 4028 3101 4082 diaconus
3129 4028 3378 4097 nnus,qui
3408 4044 3529 4083 cum
3556 4043 3623 4083 eo
3652 4027 3771 4084 fue-

2201 4128 2319 4171 rant
2349 4119 2401 4171 in
2426 4119 2633 4183 exsilio,
2666 4128 2717 4172 ct
2745 4117 2885 4189 apud
2940 4117 3308 4173 innocentium
3365 4134 3553 4189 papam
3597 4120 3774 4188 queri-

2201 4209 2433 4263 moniam
2454 4208 2725 4279 deponunt
2750 4209 2818 4264 de
2845 4209 3213 4264 vexationibus
3241 4208 3433 4263 Joanni
3462 4208 3622 4262 illatis
3646 4226 3660 4260 :
3683 4208 3772 4276 qui

2201 4304 2277 4359 rei
2298 4303 2578 4357 atrocitate
2592 4314 2890 4358 commotus
2911 4303 3089 4357 statim
3111 4301 3175 4356 ad
3207 4301 3498 4355 llonorium
3525 4302 3771 4355 accurrit.

2200 4394 2337 4461 Quid
2371 4395 2578 4448 multa?
2604 4394 2762 4448 ambo
2789 4393 2917 4447 dant
2940 4407 3131 4461 graece,
3157 4401 3213 4446 ut
3240 4391 3469 4457 videtur,
3502 4392 3684 4446 literas
3706 4391 3775 4445 ad

2201 4483 2508 4550 Arcadium,
2549 4483 2885 4537 Innocentius
2914 4482 3048 4548 illas,
3078 4497 3176 4536 vos:
3199 4481 3460 4552 sanguinis
3485 4480 3658 4549 fratris
3682 4480 3779 4538 mei

2201 4576 2419 4631 Joannis
2449 4577 2653 4643 clamat,
2703 4576 2757 4629 in
2802 4575 2994 4646 quibus
3042 4574 3331 4629 Arcadium
3378 4583 3433 4628 et
3483 4572 3778 4627 Eudoxiam

2203 4668 2663 4732 excommunicat;
2693 4665 2961 4720 Honorius
2990 4665 3128 4730 illas,
3160 4665 3328 4719 nescio
3347 4678 3461 4735 quae
3503 4663 3774 4728 contraria,

2204 4768 2308 4814 etc.
2339 4760 2432 4813 llis
2457 4759 2626 4813 literis
2651 4757 2903 4825 acceptis,
2927 4756 3204 4829 Arcadius,
3238 4766 3295 4809 ut
3319 4766 3400 4809 est
3424 4753 3561 4824 apud
3605 4752 3777 4809 Geor-

2201 4852 2368 4920 gium,
2396 4865 2514 4920 cap.
2543 4848 2633 4913 69,
2664 4857 2780 4917 post
2803 4863 2986 4917 poenas
3013 4848 3080 4902 de
3109 4848 3354 4901 omnibus
3376 4845 3603 4899 inimicis
3616 4844 3778 4899 Joan-

2205 4942 2290 4994 nis
2314 4953 2575 5009 sumptas,
2599 4940 2890 4994 Eudoxiam
2917 4953 3139 4993 uxorem
3168 4939 3306 4992 intra
3336 4937 3634 4992 cubiculum
3655 4950 3776 4990 cum

2208 5029 2516 5099 pedisequis
2561 5029 2793 5083 clausam
2820 5029 3008 5094 tenuit,
3052 5028 3212 5098 virgis
3255 5028 3414 5082 etiam
3459 5040 3673 5092 caesam,
3720 5033 3777 5079 ut

2209 5123 2522 5190 Anonymus
2551 5121 2646 5187 ait,
2674 5121 2814 5175 male
2840 5119 3113 5183 multavit;
3145 5119 3357 5180 Acacio,
3382 5116 3693 5182 Severiano,
3725 5125 3778 5171 et

2208 5212 2488 5281 Theophili
2520 5213 2833 5283 prapinquis,
2877 5212 3068 5266 mirum
3095 5212 3147 5265 ni
3175 5211 3233 5264 B.
3263 5209 3461 5281 Cyrillo
3510 5210 3651 5263 inter
3677 5224 3777 5263 czc-

2211 5314 2373 5368 teros,
2408 5305 2618 5367 vinctis,
2651 5303 2984 5372 Romamque
3035 5302 3101 5357 ad
3155 5302 3521 5357 Innocentium
3575 5300 3772 5366 missis,

2209 5395 2394 5449 scribit
2420 5392 2487 5449 ad
2514 5393 2874 5448 Innocentium
2903 5394 3045 5448 illam
3071 5394 3345 5463 epistolam
3373 5392 3525 5462 cujus
3548 5392 3775 5454 initium,

2213 5485 2398 5539 Omnes
2427 5486 2650 5540 homines
2678 5486 2864 5549 sciunt,
2893 5484 3188 5539 humillime
3218 5495 3422 5555 petens,
3476 5492 3534 5538 ut
3582 5482 3683 5539 sibi
3725 5491 3779 5538 et

2211 5577 2466 5631 Eudoxire
2514 5578 2665 5631 venia
2693 5577 3043 5646 impertiatur,
3072 5578 3333 5647 amboque
3364 5578 3416 5631 in
3445 5577 3777 5641 communio-

2210 5684 2334 5724 nem
2359 5670 2700 5741 recipiantur.
2731 5671 2956 5746 Scripsit
2980 5671 3137 5726 eliam
3162 5670 3401 5725 Eudoxia
3430 5670 3497 5729 ad
3519 5669 3778 5724 innocen-

2216 5759 2371 5831 tium,
2399 5768 2453 5816 et
2476 5759 2732 5816 Arcadius
2756 5759 2822 5817 ad
2844 5760 3130 5816 Honorium
3160 5759 3398 5817 fratrem.
3426 5757 3786 5825 Innocentius,
