4114 6392
381 415 562 456 ιιχτιι

378 517 611 586 acceptis
635 514 801 569 literis
832 512 1042 568 Arcadii
1074 521 1127 567 et
1157 511 1441 575 Eudoxiaz,
1501 511 1687 564 scribit
1742 510 1954 574 Proclo,

379 608 641 678 Cyziceno
669 605 941 673 episcopo,
990 610 1049 656 ut
1089 600 1601 670 Constantinopolim
1653 601 1849 663 veniat,
1909 607 1963 653 et

380 700 735 767 Imperatores
782 696 836 749 in
862 694 1293 749 communionem
1325 692 1575 761 recipiat;
1629 689 1962 757 Arcadioque

379 789 825 857 rescribitgrtcce
854 787 1037 850 etiam,
1085 794 1145 838 ιιι
1184 782 1414 849 videtur,
1462 781 1743 852 epistolam
1790 782 1957 845 illam,

380 885 571 939 Ratum
592 882 743 935 habui
767 879 933 935 zelum
953 890 1167 934 vestrum
1188 878 1463 931 secundum
1491 876 1669 938 Deum,
1694 885 1745 929 et
1771 875 1961 929 Proclo

377 979 536 1032 etiam
563 976 835 1048 prmcepit,
860 983 919 1028 ut
942 989 1123 1028 curam
1152 971 1405 1040 suscipiat
1426 970 1676 1025 Ecclesiae
1701 968 1961 1023 Constan-

379 1071 767 1139 tinopolitanae,
792 1069 950 1122 donec
980 1067 1043 1119 de
1067 1066 1213 1119 rebus
1239 1064 1391 1117 Attici
1417 1062 1671 1118 decretum
1694 1062 1778 1114 sit.

455 1185 472 1216 ι
502 1166 846 1220 Confidenter
870 1162 1011 1227 dico,
1042 1170 1209 1215 totum
1240 1160 1341 1212 hoc
1365 1158 1632 1227 negotium
1656 1170 1841 1225 parum
1864 1170 1950 1209 re-

375 1268 461 1313 cte
490 1256 817 1325 temporibus
846 1254 1096 1316 divisum,
1121 1263 1279 1321 atque
1308 1251 1443 1304 adeo
1472 1251 1624 1318 plane
1648 1248 1958 1300 inca/uerens

374 1366 513 1404 esse.
543 1349 674 1403 Nam
715 1348 965 1417 primum.
1007 1347 1051 1399 si
1083 1354 1288 1398 mortua
1335 1353 1415 1396 est
1445 1342 1684 1395 Eudoxia
1731 1342 1958 1393 triennio

374 1454 499 1496 ante
527 1451 751 1495 mortem
780 1439 1020 1499 Joannis,
1040 1437 1179 1507 quod
1202 1451 1387 1489 omnes
1415 1445 1622 1488 veteres
1651 1444 1773 1488 ante
1792 1434 1958 1487 Geor-

373 1535 515 1604 gium
535 1532 773 1586 historici
803 1546 909 1583 uno
933 1544 1196 1584 consensu
1221 1527 1519 1590 affirmant;
1555 1526 1819 1579 neminem
1844 1524 1957 1578 fore

374 1636 502 1694 puto
533 1635 636 1677 tam
665 1621 928 1692 perfrictae
961 1620 1169 1685 frontis,
1198 1619 1288 1687 qui
1315 1618 1453 1671 ausit
1486 1632 1682 1685 negare
1712 1617 1958 1684 supposi-

375 1719 515 1770 titias
550 1730 670 1770 esse
695 1728 883 1768 omnes
914 1713 1009 1765 has
1042 1712 1314 1781 epistolas.
1346 1709 1541 1765 Verum
1585 1719 1640 1763 ut
1677 1709 1864 1763 demus
1905 1708 1955 1761 id

375 1823 561 1862 verum
584 1821 723 1868 esse,
756 1803 897 1875 quod
928 1820 991 1858 ex
1024 1803 1414 1857 recentioribus
1439 1801 1677 1855 nonnulli
1705 1801 1952 1865 afferunt,

371 1908 482 1953 tres
508 1910 721 1951 menses
750 1896 1088 1964 superstitem
1114 1893 1274 1948 fuisse
1300 1893 1511 1956 Joanni,
1546 1907 1612 1946 ne
1641 1892 1717 1945 sic
1742 1891 1953 1961 quidem

372 2003 671 2061 temporum
704 1992 841 2043 ratio
869 1989 1154 2044 constabit.
1192 1987 1344 2041 Addo
1368 1987 1527 2040 etiam
1554 1985 1766 2039 Arcadii
1807 1999 1953 2037 mor-

372 2096 500 2149 tem,
532 2099 669 2153 quie,
703 2092 759 2135 ut
782 2097 847 2135 ex
888 2081 1036 2134 fastis
1060 2080 1286 2150 publicis
1325 2087 1547 2147 apparet
1572 2086 1625 2131 et
1651 2078 1955 2132 testimonio

371 2177 605 2231 Socratis
632 2174 722 2228 lib.
748 2176 800 2235 7,
824 2188 873 2226 c.
900 2174 951 2233 I,
976 2173 1198 2240 contigit
1228 2172 1400 2239 primo
1423 2170 1540 2223 Maii
1570 2169 1724 2225 Coss.
1757 2170 1951 2238 Philip-

372 2284 440 2338 po
463 2277 519 2322 et
539 2268 722 2329 Basso,
747 2281 888 2319 anno
908 2265 1033 2331 408,
1062 2264 1162 2318 hoc
1184 2275 1284 2329 est,
1308 2266 1539 2334 quinque
1560 2265 1849 2327 mensibus,
1872 2264 1954 2317 vel

372 2370 427 2413 ut
447 2361 534 2413 alii
564 2371 789 2429 septem,
833 2369 888 2412 et
914 2358 1146 2411 sedecim
1174 2356 1362 2410 diebus
1390 2365 1513 2426 post
1540 2366 1766 2409 mortem
1793 2356 1956 2409 Joan-

370 2453 474 2515 nis,
524 2452 725 2505 nullum
778 2449 925 2504 hisce
966 2449 1181 2516 ineptiis
1230 2447 1407 2502 locum
1451 2447 1774 2515 relinquere.
1819 2444 1954 2511 Quid

372 2546 480 2599 ita?
505 2545 685 2599 Primo
705 2543 911 2597 duobus
939 2542 1039 2594 illis
1063 2541 1408 2610 presbyteris,
1434 2549 1487 2594 et
1507 2540 1595 2594 uni
1617 2539 1843 2593 diacono
1863 2554 1954 2607 per

372 2645 579 2705 tempus
606 2635 818 2705 aliquod
851 2632 1173 2687 manendum
1228 2632 1324 2685 fuit
1362 2632 1634 2695 Comanis,
1662 2632 1787 2685 dum
1812 2631 1953 2699 ju-sta

371 2740 518 2784 tanto
544 2728 684 2782 Patri
728 2728 1087 2787 solverentur,
1133 2724 1258 2778 dum
1292 2724 1546 2777 solemnis
1587 2724 1675 2777 ille
1715 2724 1952 2776 onmium

369 2825 614 2878 ordinum
641 2822 888 2877 fortuitus
932 2828 1225 2874 conventus
1262 2819 1638 2882 dimitteretur,
1682 2816 1806 2870 dum
1854 2832 1951 2870 ne-

369 2917 601 2972 cessaria
625 2912 957 2968 tantoitineri
982 2920 1314 2981 pararentur.
1347 2906 1494 2978 Nego
1516 2909 1694 2979 itaque
1716 2908 1953 2976 potuisse

368 3023 462 3063 eos
486 3004 998 3073 Constantinopolim
1038 3002 1220 3056 venire
1259 3009 1382 3053 ante
1423 3008 1648 3053 mortem
1678 3000 1949 3053 Eudoxite.

369 3100 498 3153 Nam
522 3114 585 3153 eo
613 3097 843 3168 primum
889 3094 1111 3165 profecti
1143 3100 1286 3153 sunt,
1334 3108 1421 3160 per
1449 3107 1628 3144 novam
1660 3090 1874 3144 Romam
1898 3093 1951 3144 in

368 3203 597 3255 veterem,
626 3190 797 3257 inquit
822 3191 1141 3257 Anonymus
1171 3193 1224 3239 et
1244 3182 1599 3252 Nicephorius,
1631 3192 1687 3237 et
1706 3184 1837 3237 situs
1866 3198 1953 3238 re-

369 3284 580 3352 gionum
623 3280 827 3334 suadet.
875 3278 1006 3332 Nam
1052 3278 1259 3330 Cucuso
1297 3275 1812 3343 Constantinopolim
1851 3275 1951 3328 iter

368 3384 451 3429 est
476 3373 744 3427 zodierum
761 3370 1194 3441 (Chrysostomus
1210 3366 1453 3435 epistolis
1479 3365 1543 3419 ad
1575 3364 1881 3419 Simeonem
1898 3373 1951 3418 et

368 3464 692 3531 Brisonem),
728 3476 902 3530 neque
926 3459 1029 3513 dici
1061 3460 1256 3528 poterit
1284 3458 1503 3527 propius
1527 3455 1715 3511 abesse
1739 3456 1950 3510 Cucuso

369 3556 626 3617 Cumana,
652 3568 770 3607 cum
795 3552 926 3606 satis
956 3558 1165 3606 constet
1185 3550 1444 3603 Joannem
1476 3563 1689 3617 semper
1717 3547 1783 3601 ad
1808 3548 1948 3601 ulte-

368 3651 509 3703 riora
539 3649 875 3716 deportatum
908 3644 1067 3697 fuisse
1094 3643 1301 3698 exsilia.
1341 3642 1456 3695 Jam
1486 3640 1949 3709 Constantinopoli

370 3738 810 3811 proficiscendum
844 3736 938 3790 fuit
966 3736 1220 3797 Romam;
1253 3734 1584 3802 querimonia
1610 3732 1747 3801 apud
1772 3732 1948 3801 ponti-

370 3834 521 3887 ficem
542 3830 890 3900 deponenda;
915 3826 1314 3883 conveniendus
1336 3826 1645 3879 Innocentio
1665 3825 1945 3888 Honorius,

369 3930 458 3999 qui
480 3928 645 3982 Roma
666 3926 775 3979 fere
790 3924 1004 3987 aberat;
1028 3920 1313 3977 exoranda:
1329 3930 1383 3974 et
1404 3918 1674 3972 mittendae
1697 3917 1951 3970 Constan-

370 4020 644 4091 tin0polim
672 4019 809 4073 bina:
834 4016 937 4070 illae
964 4015 1131 4069 litera!
1154 4055 1169 4078 ,
1204 4029 1299 4065 vox
1326 4012 1609 4081 sanguinis,
1646 4019 1718 4073 et,
1753 4010 1948 4071 nescio;

369 4121 452 4165 tot
472 4112 616 4181 prius
638 4105 1096 4173 Constantinopoli
1118 4101 1446 4158 conficienda
1469 4101 1716 4164 Arcadio,
1740 4101 1952 4153 mitten-

370 4207 451 4260 ὼε
485 4203 697 4259 Arcadii
733 4203 922 4265 litem,
966 4215 1135 4253 omnes
1180 4198 1426 4261 homines,
1458 4205 1512 4250 et
1560 4195 1814 4249 Eudoxizc
1844 4194 1951 4248 R0-

372 4318 534 4365 uiam,
566 4301 732 4353 litera:
767 4312 918 4351 nova:
951 4294 1131 4348 Roma:
1165 4291 1448 4347 exarandas
1498 4289 1704 4353 Proclo,
1737 4298 1791 4341 et
1824 4287 1949 4340 mit-

374 4394 546 4447 tendic
588 4392 869 4461 Cyzicum;
899 4388 1015 4442 alia:
1046 4387 1262 4453 insuper
1288 4384 1546 4445 Arcadio,
1578 4392 1745 4434 ratum
1774 4380 1946 4444 habui,

373 4499 476 4541 etc.
512 4485 754 4539 Proclum
784 4482 1014 4549 denique
1035 4479 1245 4534 venisse
1273 4476 1466 4548 Cyzico
1495 4475 1749 4543 oportuit,
1774 4484 1828 4527 et
1860 4475 1953 4526 Im-

374 4588 645 4647 peratores
674 4575 739 4628 ad
765 4572 1193 4627 communionem
1221 4569 1462 4636 recipere
1502 4567 1650 4620 vivos
1681 4577 1735 4620 et
1772 4566 1952 4619 valen-

375 4681 486 4724 tes:
514 4669 704 4738 quibus
734 4665 961 4735 negotiis
983 4660 1331 4731 expediendis
1361 4674 1464 4711 non
1492 4658 1725 4727 quinque
1755 4666 1844 4710 aut
1867 4671 1952 4711 se-

375 4772 517 4831 ptem
545 4771 776 4821 menses,
805 4754 999 4809 nedum
1036 4763 1166 4817 tres,
1198 4751 1290 4804 sed
1318 4750 1401 4802 vix
1446 4749 1708 4818 integrum
1738 4747 1951 4817 quidem

373 4851 644 4908 sufficeret
669 4850 957 4904 biennium.
980 4849 1151 4915 Atque
1180 4855 1237 4898 ut
1263 4843 1637 4912 intelligamus,
1664 4857 1820 4911 quam
1851 4848 1956 4895 tar-

374 4947 440 5000 da
467 4946 571 4999 sint
590 4942 891 4998 Occidentis
912 4940 1140 5003 auxilia;
1176 4938 1358 5007 prima:
1377 4946 1493 5005 post
1511 4935 1757 4989 exsilium
1783 4945 1955 5005 poste-

375 5041 486 5093 rius
509 5037 728 5093 Joannis
748 5036 919 5089 litera:
949 5033 1191 5096 Honorii,
1216 5029 1356 5100 apud
1388 5029 1679 5083 Palladium
1708 5037 1763 5083 et
1789 5028 1956 5085 Geor-

375 5132 539 5200 gium,
582 5144 689 5182 non
730 5135 853 5179 sunt
890 5124 1106 5193 perlata:
1141 5120 1674 5189 Constantinopolim,
1708 5120 1807 5174 nisi
1836 5128 1955 5189 post

377 5219 745 5284 biennium;si
771 5218 985 5288 quidem
1017 5215 1241 5280 Atticus,
1271 5222 1326 5267 ut
1364 5223 1444 5268 est
1472 5212 1610 5281 apud
1640 5212 1951 5278 Palladium,

379 5325 507 5368 tunc
534 5312 693 5366 fuerit
713 5312 1019 5379 episcopus,
1048 5322 1169 5360 cum
1191 5305 1347 5375 legati
1379 5304 1707 5375 appellerent
1730 5304 1952 5374 Athyra.

380 5406 494 5459 lmo
543 5404 617 5458 illi
667 5403 765 5472 ipsi
812 5400 1068 5470 episcopi,
1093 5397 1422 5453 Gaudentius
1459 5405 1514 5451 et
1546 5396 1813 5460 lEmilius,
1845 5397 1954 5451 Ro-

380 5512 554 5552 manas
592 5495 735 5549 sedis
759 5493 953 5558 vicarii,
985 5489 1198 5544 nonnisi
1240 5503 1331 5542 sex
1374 5488 1647 5542 mensibus
1687 5488 1816 5541 illud
1857 5490 1958 5542 iter

380 5590 547 5643 semel
577 5586 941 5647 confecerunt,
976 5591 1109 5636 teste
1138 5581 1337 5643 Leone,
1372 5580 1453 5632 vel
1477 5588 1531 5631 ut
1557 5579 1666 5641 alii,
1699 5588 1953 5648 quatuor:

379 5682 519 5751 quod
548 5681 635 5734 hic
664 5680 938 5733 minimum
969 5676 1049 5729 bis
1080 5675 1273 5728 factum
1304 5671 1559 5738 Oporluit,
1599 5682 1790 5739 prmler
1828 5682 1958 5725 tem-

380 5789 481 5842 pus
516 5772 664 5831 Illud.
702 5770 842 5840 quod
871 5768 1047 5823 itineri
1075 5764 1324 5819 Cumanis
1361 5762 1874 5829 ConstantinOpolim
1906 5772 1961 5815 et

380 5870 574 5936 Cyzico
602 5859 1112 5929 Constantinopolim
1148 5854 1482 5913 tribuendum
1515 5860 1613 5907 est.
1643 5850 1771 5905 Nam
1814 5854 1957 5923 quod

1748 5966 1765 5995 ρ

1276 392 1365 447 DE
1405 388 1891 446 SCRIPTOltIBUS
1924 387 2170 447 BERUM
2211 393 2703 457 CHRYSOSTOMI.

3448 430 3652 479 XXXVI"

2074 513 2147 565 ait
2171 514 2500 585 Anonvmus,
2542 520 2735 574 decima
2759 523 2840 577 die
2864 526 2933 578 ad
2962 526 3444 602 ConstantinOpolim
3482 556 3654 607 perve-

2074 620 2253 661 nerunt
2273 610 2439 681 (puta,
2464 613 2718 669 Romanae
2736 618 2879 673 sedis
2895 620 3088 687 vicarii,
3108 622 3457 692 Gaudentius,
3482 631 3653 687 Emi-

2071 698 2193 765 lius,
2227 705 2377 771 etc.),
2411 714 2538 773 puto
2565 717 2799 762 erratum
2826 724 2946 765 esse
2975 711 3026 764 in
3055 728 3298 782 numero,
3339 734 3511 789 neque
3542 725 3650 778 ullo

2072 792 2231 846 modo
2254 794 2665 866 admittendum,
2697 809 2754 854 ut
2774 802 2862 870 qui
2891 812 3121 870 quatuor
3150 822 3364 863 menses
3394 812 3443 864 in
3474 816 3644 870 reditu

2068 890 2514 956 consumpserint,
2532 890 2667 944 intra
2687 892 2870 947 decem
2890 894 3003 949 dies
3044 912 3109 951 eo
3129 902 3643 975 appulerint.Quarv,

2068 983 2129 1026 ut
2168 976 2294 1029 nihil
2326 978 2465 1032 aliud
2504 980 2606 1044 sit,
2650 982 2760 1050 ipsa
2806 992 2978 1038 tamen
3024 996 3322 1058 temporum
3370 998 3507 1051 ratio
3549 999 3647 1057 hoc

2068 1065 2401 1121 mendacium
2443 1080 2626 1139 aperte
2668 1072 2883 1128 refellit.
2926 1076 3039 1132 Iluc
3084 1082 3307 1149 accedit,
3354 1088 3496 1156 quod
3540 1106 3646 1149 non

2066 1158 2197 1212 alios
2226 1160 2455 1215 habeant
2480 1175 2775 1221 assertores
2816 1169 3056 1237 epistola:
3093 1172 3216 1241 illm,
3255 1191 3413 1246 quam
3454 1196 3644 1237 recen-

2068 1248 2258 1311 tiores,
2305 1266 2479 1321 neque
2506 1269 2600 1308 eos
2640 1272 2859 1313 omnes:
2889 1275 3009 1314 nam
3040 1265 3183 1333 apud
3211 1266 3478 1335 Photium,
3508 1273 3647 1330 Leo-

2065 1355 2208 1403 nem,
2239 1341 2519 1409 Zonaram,
2552 1346 2938 1417 Metaphrasten
2968 1354 3131 1408 altum
3159 1356 3227 1411 de
3262 1358 3325 1412 iis
3354 1361 3644 1429 silentium,

2068 1448 2241 1502 neque
2265 1436 2453 1490 eodem
2484 1440 2621 1507 apud
2650 1458 2741 1495 eos
2769 1444 2945 1507 modo,
2969 1447 3061 1501 sed
3097 1448 3151 1502 in
3173 1465 3360 1521 magna
3392 1458 3648 1515 varietate

2064 1534 2117 1578 et
2143 1527 2513 1623 inconstantia.
2542 1532 2671 1586 Nam
2698 1536 2801 1588 alio
2828 1538 2987 1591 modo
3009 1539 3198 1596 habent
3220 1543 3496 1616 Georgius,
3517 1549 3648 1623 Gly-

2064 1633 2174 1682 cas,
2222 1630 2275 1673 et
2316 1620 2672 1691 Nicephorus;
2707 1628 2813 1681 alio
2842 1631 3154 1702 Anonymus
3192 1644 3247 1689 et
3290 1637 3384 1693 Jus
3426 1620 3682 1697 Graeco-i

2064 1708 2383 1776 Romanum,
2407 1722 2464 1766 ut
2488 1730 2551 1769 ex
2583 1722 2978 1787 comparatione
3003 1724 3342 1782 manifestum
3369 1731 3489 1786 erit.
3513 1733 3644 1790 Nam
3676 1702 3677 1711 χ

2061 1801 2200 1891 apud
2242 1812 2471 1870 veteres,
2503 1807 2694 1875 quibus
2722 1826 2809 1865 res
2837 1827 2955 1867 esse
2985 1814 3165 1871 debuit
3200 1820 3495 1891 notissima,
3530 1825 3650 1880 Pal-

2062 1889 2279 1959 ladium,
2310 1897 2396 1964 qui
2430 1897 2611 1952 Romae
2636 1899 2725 1954 diu
2752 1903 2881 1956 vixit
2908 1906 3036 1973 (ubi,
3062 1909 3193 1962 vela
3222 1926 3299 1977 se,
3324 1914 3449 1968 vela
3473 1889 3647 1971 Theo—

2061 1982 2196 2037 doro
2226 1985 2478 2041 Romanrc
2506 1990 2757 2045 Ecclesia:
2784 1993 3029 2061 diacono,
3056 1997 3169 2053 hinc
3194 2004 3368 2057 omnia
3399 2004 3645 2059 facillime

2062 2084 2270 2141 poterat
2310 2079 2640 2149 resciscere),
2688 2082 3063 2151 Sozomenum,
3105 2090 3194 2158 qui
3237 2091 3415 2147 literas
3458 2111 3645 2152 omnes

2061 2165 2345 2235 diligenter
2376 2182 2638 2227 scrutatus
2664 2174 2892 2241 videtur,
2924 2188 3254 2252 eteterosque
3276 2184 3501 2242 fidenter
3525 2190 3646 2244 dico

2060 2260 2262 2313 nullum
2289 2278 2407 2316 esse
2430 2265 2646 2319 istarum
2673 2268 2943 2323 literarum
2971 2275 3272 2344 vestigium,
3305 2281 3500 2335 nullam
3532 2299 3646 2336 nm-

2062 2351 2231 2446 ιιι-ξιιμ.
2264 2354 2443 2421 Neque
2476 2372 2562 2411 res
2606 2370 2721 2413 erat
2756 2376 2915 2431 parva
2955 2375 3046 2418 aut
3069 2373 3477 2437 contemnenda,
3524 2390 3643 2446 qua:

2057 2439 2241 2495 debuit
2269 2445 2346 2498 vel
2377 2447 2539 2512 potuit
2571 2450 2762 2514 omitti,
2794 2451 3142 2521 Imperatores
3183 2456 3413 2515 Orientis
3442 2479 3471 2517 a
3499 2439 3641 2519 Pon-

2063 2535 2200 2587 ut’ice
2224 2534 2463 2591 Romano
2492 2544 3002 2610 exconnuunieatos,
3032 2547 3322 2613 absolutos,
3358 2565 3487 2620 etc.,
3519 2571 3639 2611 cum

2060 2626 2137 2677 rei
2170 2627 2335 2679 multo
2373 2630 2613 2696 minoris,
2656 2632 2938 2689 Theodosii
2986 2641 3261 2705 prtesentis
3306 2658 3333 2696 a
3381 2659 3643 2714 praesente

2060 2716 2343 2772 Ambrosio
2373 2721 2598 2776 ecclesia
2630 2739 2723 2777 sua
2754 2725 3003 2794 prohibiti
3031 2730 3202 2798 plena:
3229 2733 3334 2787 sint
3356 2751 3541 2793 omnes
3563 2738 3644 2795 hi-

2060 2809 2258 2862 storiae.
2292 2811 2509 2866 Accedit
2537 2815 2755 2881 insuper
2779 2817 2844 2871 ad
2883 2818 3068 2874 harum
3099 2823 3442 2892 epistolarum
3482 2831 3641 2888 fidem

2058 2900 2388 2970 elevandatn,
2413 2906 2553 2974 quod
2575 2907 2757 2962 Grasce
2786 2918 2991 2964 tantum
3018 2914 3229 2984 scripta:
3258 2918 3555 2988 videantur,
3585 2934 3640 2979 ct

2054 3003 2202 3045 certe
2244 2994 2517 3051 character
2554 3000 2667 3067 ipse
2708 3001 3003 3056 Graeculum
3036 3005 3262 3075 aliquem
3292 3012 3637 3069 semidoctum

2057 3101 2162 3139 non
2210 3088 2433 3143 obscure
2476 3092 2632 3159 sapit,
2681 3108 2800 3146 cum
2846 3094 3185 3152 Innocentius
3224 3102 3475 3169 epistolas
3515 3122 3640 3161 suas

2055 3179 2213 3232 etiam
2240 3180 2289 3232 in
2323 3180 2591 3236 Orientem
2625 3187 2814 3241 missas
2839 3188 3036 3243 soleret
3062 3194 3271 3247 nonnisi
3303 3194 3490 3253 Latine
3512 3215 3640 3255 exa-

2057 3284 2195 3333 rare,
2223 3280 2277 3322 ut
2297 3283 2503 3325 constat
2525 3291 2553 3327 e
2578 3274 2857 3330 Sozomeni
2884 3278 3019 3333 libro
3040 3290 3246 3337 octavo.
3273 3284 3388 3339 Jam
3410 3296 3463 3341 et
3488 3287 3637 3354 illud,

2057 3370 2109 3413 ut
2129 3370 2273 3427 puto,
2292 3359 2503 3427 falsum,
2527 3364 2593 3418 de
2612 3367 2862 3435 adempto
2882 3369 3056 3423 Attico
3080 3372 3407 3443 episcopatu,
3422 3385 3475 3431 et
3494 3393 3641 3434 com-

2056 3454 2213 3506 missa
2247 3454 2436 3509 Proclo
2483 3456 2961 3526 administratione,
2994 3476 3113 3515 cum
3158 3472 3212 3517 et
3250 3480 3419 3522 annos
3454 3470 3638 3540 viginti

2055 3548 2287 3602 tenuisse
2318 3550 2679 3619 episc0patum
2726 3563 2934 3607 constet
2974 3554 3229 3623 Atticum,
3276 3573 3504 3628 eumque
3544 3577 3641 3631 per

2055 3654 2244 3692 manus
2276 3640 2528 3705 Sisinnio,
2560 3641 2823 3707 Nestorio,
2857 3644 3231 3702 Maximiniano
3259 3652 3557 3717 tradidisse,
3581 3665 3640 3710 ut

2056 3730 2266 3783 nonnisi
2296 3741 2445 3785 sexto
2487 3742 2605 3801 post
2636 3733 2892 3789 Joannem
2921 3736 3039 3790 loco
3078 3737 3297 3794 Proclus
3337 3741 3388 3796 in
3418 3758 3480 3797 ea
3507 3745 3637 3800 sede

2054 3823 2389 3875 successerit.
2426 3823 2539 3892 Ego
2568 3824 2691 3893 quid
2732 3826 2782 3878 in
2812 3826 2911 3879 hac
2936 3843 2994 3882 re
3022 3828 3149 3883 mihi
3177 3831 3448 3899 probabile
3490 3835 3637 3891 vide-

2054 3914 2228 3979 batur,
2262 3915 2427 3969 libere
2454 3916 2559 3969 dixi
2588 3916 2858 3985 :judicent
2882 3918 3043 3974 docti.

2133 4025 2151 4056 ι
2191 4005 2330 4060 Inter
2353 4023 2545 4061 errores
2575 4008 2835 4063 historicos
2858 4010 3068 4081 Georgii
3098 4014 3257 4066 etiam
3288 4014 3412 4069 illud
3445 4033 3635 4074 nume-

2054 4113 2136 4161 ro,
2170 4098 2309 4166 quod
2341 4108 2564 4152 mortem
2594 4100 2883 4155 lunocentii
2930 4103 3160 4170 priorem
3191 4102 3365 4159 facere
3395 4107 3636 4164 videatur

2054 4201 2227 4244 morte
2267 4191 2580 4260 Theophili:
2613 4193 2754 4261 quod
2799 4204 2979 4263 aperte
3026 4194 3215 4249 falsum
3248 4207 3350 4252 est.
3398 4200 3633 4257 Mortuus

2055 4290 2137 4336 est
2166 4281 2307 4336 enim
2336 4281 2680 4352 Theophilus,
2712 4292 2844 4339 teste
2871 4286 3091 4340 Socrate
3123 4287 3217 4342 lib.
3242 4289 3292 4354 7,
3321 4305 3369 4342 c.
3396 4290 3446 4354 7,
3480 4293 3630 4348 Coss.

2056 4374 2292 4429 Honorio
2312 4375 2345 4429 9
2370 4383 2426 4429 et
2450 4375 2751 4430 Theodosio
2776 4376 2829 4442 5,
2855 4376 2957 4431 hoc
2976 4386 3077 4444 est,
3108 4394 3251 4435 anno
3278 4381 3483 4436 Domini
3506 4385 3631 4449 “‘2,

2056 4467 2141 4521 die
2165 4467 2235 4521 9.5
2256 4466 2498 4522 Octobris
2534 4484 2546 4518 :
2583 4466 2943 4534 Innocentius,
2974 4476 3032 4522 ut
3060 4484 3123 4523 ex
3141 4466 3320 4529 Fastis
3337 4477 3630 4544 pontiﬁciis

2057 4567 2221 4627 patet,
2244 4557 2455 4611 nonnisi
2480 4556 2605 4624 416,
2634 4557 2718 4611 vel
2741 4558 2866 4613 415.
2897 4557 3049 4626 Quod
3071 4560 3113 4614 sl
3135 4564 3219 4615 cui
3240 4561 3432 4615 mirum
3456 4562 3637 4617 videa-

2058 4657 2161 4711 tur,
2187 4664 2306 4702 cum
2339 4648 2661 4717 Theophilus
2685 4648 2917 4717 quinque
2942 4664 3111 4703 annos
3137 4650 3325 4705 Joanni
3356 4654 3635 4721 supervix-

2057 4741 2178 4803 erit,
2206 4740 2544 4793 Inuocentius
2573 4748 2713 4802 octo,
2745 4739 2869 4809 quid
2892 4740 2980 4804 sit,
3003 4741 3141 4810 quod
3164 4742 3444 4796 consilium
3476 4758 3637 4799 omne

2057 4831 2310 4899 abiecerit
2336 4828 2671 4885 Innocentius
2700 4829 2767 4883 de
2802 4830 3037 4899 cogenda
3064 4831 3267 4901 synodo
3293 4832 3640 4891 Thessaloni-

2059 4938 2155 4986 cae,
2198 4922 2284 4976 cui
2314 4922 2573 4975 interesse
2603 4919 2954 4990 TheOpbilum
2986 4929 3128 4974 tanta
3157 4923 3438 4978 severitate
3474 4935 3530 4979 et
3570 4927 3646 4980 ri-

2058 5031 2185 5085 gore
2207 5013 2444 5069 edixerat
2470 5021 2592 5068 ante
2618 5022 2841 5067 mortem
2875 5011 2939 5084 (si
2970 5012 3048 5067 fas
3077 5022 3161 5068 est
3193 5013 3435 5087 credere)
3470 5018 3644 5072 Arca-

2059 5106 2179 5161 dius
2220 5105 2440 5175 epistola
2479 5104 2616 5174 apud
2658 5104 2965 5174 Georgium,
2997 5106 3146 5172 cujus
3192 5106 3418 5174 initium,
3456 5110 3647 5163 Omnia

2061 5203 2282 5263 climata,
2314 5215 2486 5268 neque
2515 5198 2676 5251 ullum
2718 5201 2783 5251 de
2820 5214 2883 5252 eo
2926 5209 3107 5267 postea
3150 5201 3370 5255 verbum
3410 5201 3599 5256 fecerit
3635 5223 3645 5255 :

2062 5292 2289 5346 fortasse
2317 5290 2367 5344 id
2398 5290 2590 5344 factum
2622 5298 2720 5350 est,
2747 5291 2867 5359 quia
2891 5290 3148 5344 Arcadius
3176 5291 3329 5360 paulo
3348 5302 3466 5361 post
3485 5293 3643 5351 ioan-

2062 5401 2183 5439 nem
2212 5385 2538 5447 decesserat,
2569 5382 2718 5450 cujus
2744 5396 2907 5451 opera
2935 5390 2990 5435 et
3004 5384 3175 5449 jussu,
3210 5383 3282 5435 uti
3305 5398 3365 5438 ea
3397 5385 3642 5439 terebant.

2064 5487 2321 5545 tempora,
2353 5485 2659 5544 cogeretur;
2692 5474 2773 5527 vel
2803 5474 2940 5541 quod
2971 5488 3031 5527 ea
3075 5474 3182 5526 sint
3220 5486 3504 5529 consecuta
3535 5477 3642 5530 rei-

2064 5570 2286 5639 publicae
2317 5581 2573 5637 tempora,
2607 5569 2900 5637 prmsertim
2934 5568 2984 5621 in
3012 5567 3318 5631 Occidente,
3351 5568 3519 5621 Roma
3545 5582 3640 5621 ca-

2064 5674 2173 5734 pta,
2206 5663 2349 5716 Italia
2391 5660 2615 5730 direpta,
2647 5660 2865 5715 vastatis
2893 5660 3197 5729 provinciis,
3236 5676 3351 5729 qum
3387 5660 3469 5713 vel
3507 5674 3639 5714 con-
3718 5724 3726 5735 ν

2064 5756 2376 5813 stantissimi
2401 5755 2499 5809 viri
2530 5765 2758 5809 mentem
2792 5765 3009 5812 nossent
3027 5771 3056 5810 ει
3080 5756 3272 5810 minori
3294 5769 3417 5810 cura
3443 5756 3508 5810 ad
3530 5775 3641 5815 ma-

2064 5853 2233 5925 jorem
2265 5858 2461 5904 metum
2494 5847 2786 5904 traducere.
