4114 6392
469 361 632 404 ιιιιι

548 464 831 532 llucusque
855 463 925 518 de
953 463 1201 534 Georgio.
1235 463 1292 519 ln
1313 464 1531 535 reliquis
1555 480 1648 520 cro
1673 465 1903 531 brevior,
1932 466 2053 537 quia

473 556 726 626 pleraque
750 557 927 610 omnia
955 555 1070 612 fere
1095 557 1293 613 habent
1320 573 1438 613 eum
1467 558 1696 630 Georgio
1727 562 2052 627 communia,

474 663 649 718 neque
671 662 849 717 operae
870 651 1098 718 pretium
1122 649 1280 704 fuerit
1309 650 1498 706 iisdem
1525 651 1740 720 ineptiis
1763 650 2058 706 refutandis

473 739 558 793 bis
574 739 865 794 immorari.
897 741 1004 795 Leo
1025 741 1346 796 breviarium
1373 742 1526 796 nobis
1542 744 1686 797 dedit
1705 742 1938 812 Georgii,
1958 745 2057 797 nisi

473 830 615 900 quod
643 831 694 884 in
723 831 829 884 illis
858 831 1098 900 epistolis
1121 831 1404 902 Georgium
1430 846 1700 902 sequatur,
1733 836 1919 888 saltem
1953 850 2058 888 non

475 920 769 984 abbreviet,
796 930 849 975 ut
878 937 1048 990 neque
1094 922 1312 976 Photius
1357 925 1406 977 in
1455 926 1686 993 epitome
1711 926 2056 997 Gregoriana,

475 1012 610 1069 Cod.
643 1013 732 1069 96.
760 1014 938 1070 Potuit
963 1024 1106 1070 certe
1127 1016 1244 1070 sine
1271 1017 1466 1071 damno
1492 1019 1660 1073 omitti
1689 1038 1702 1075 :
1731 1035 1903 1090 neque
1918 1021 2063 1078 enim

477 1107 678 1176 aliquid
699 1108 928 1179 Georgio
949 1109 1168 1174 addidit,
1195 1119 1391 1180 prazter
1410 1111 1708 1167 affectatam
1721 1112 1920 1169 alicubi
1937 1113 2062 1184 styli

482 1201 860 1255 obscuritatem
885 1219 898 1255 :
921 1200 1021 1254 nisi
1049 1203 1188 1272 quod
1217 1203 1282 1256 ad
1311 1205 1566 1272 reliquam
1598 1205 1817 1260 Joannis
1842 1205 2062 1276 gloriam

487 1291 614 1347 inde
635 1306 823 1362 magna
848 1292 1114 1345 videretur
1136 1292 1268 1347 facta
1297 1294 1554 1361 accessio,
1579 1296 1717 1365 quod
1738 1305 1938 1350 tantum
1965 1297 2064 1351 lm-

451 1394 786 1454 _‘peratorem
821 1383 1035 1438 laudum
1064 1399 1277 1438 suarum
1301 1398 1599 1454 przeconem
1631 1388 1891 1442 invenerit
1921 1389 2068 1442 Ano-

468 1443 680 1548 ‘uymus
707 1492 870 1530 unum
895 1485 986 1531 aut
1023 1477 1246 1532 alterum
1290 1477 1450 1533 habet
1479 1495 1714 1534 errorem
1747 1481 2066 1550 peculiarem

484 1577 540 1621 et
576 1582 750 1622 suum.
783 1568 1019 1622 Primum
1047 1578 1129 1623 est
1151 1569 1313 1623 latum
1342 1572 1471 1624 satis
1497 1579 1552 1625 et
1579 1586 1816 1626 crassum
1850 1574 2072 1628 menda-

486 1661 646 1725 cium,
681 1661 823 1731 quod
851 1661 1129 1717 Libanium
1169 1662 1328 1718 faciat
1365 1665 1432 1719 ad
1471 1665 1735 1720 Julianum
1758 1667 1866 1736 jam
1896 1669 2073 1742 Augu-

461 1760 626 1808 .stum
652 1751 938 1818 dicentem,
970 1754 1236 1808 neminem
1263 1755 1472 1809 illorum
1504 1771 1814 1826 magnorum
1841 1760 2075 1828 philoso-

440 1829 458 1858 ⁵
491 1844 716 1914 phorum
745 1845 950 1900 Joanne
971 1846 1300 1915 superiorem
1328 1863 1467 1910 esse,
1497 1865 1564 1903 ne
1591 1865 1838 1920 magnum
1861 1852 2075 1920 quidem

492 1937 642 1991 illum
673 1947 727 1992 et
752 1937 987 1991 divinum
1015 1938 1309 2006 Platonem,
1349 1955 1444 1994 nec
1472 1941 1521 1994 in
1545 1941 1846 2011 eloquentia
1880 1944 2076 1997 Demo-

490 2029 768 2094 sthenem;
795 2028 936 2098 quod
966 2038 1022 2084 ut
1047 2045 1232 2083 verum
1265 2041 1448 2100 postea
1473 2031 1636 2087 fuisse
1664 2034 1869 2098 demus,
1897 2035 1962 2089 ad
1988 2036 2082 2090 Ju-

494 2119 690 2174 lianum
719 2130 861 2175 certe
899 2121 1002 2174 diei
1029 2137 1134 2176 non
1174 2125 1363 2188 potuit,
1394 2125 1482 2194 qui
1508 2134 1747 2179 mortuus
1768 2137 1850 2181 est
1876 2128 2081 2183 Joanne

497 2210 579 2263 vix
604 2225 666 2264 ac
691 2226 756 2266 ne
785 2213 869 2265 vix
895 2212 1107 2282 quidem
1131 2224 1375 2268 octavum
1403 2218 1575 2271 aetatis
1598 2232 1794 2271 annum
1819 2220 2078 2288 ingresso;

499 2311 556 2356 ut
575 2303 876 2358 exclamare
900 2304 1077 2369 libeat,

743 2401 797 2445 Et
812 2397 928 2459 quid
951 2411 1048 2447 non
1064 2401 1240 2449 Graecia
1257 2401 1464 2451 mendax

622 2477 777 2528 Audet
793 2479 843 2528 in
860 2479 1077 2529 historia.
1088 2515 1162 2542 ...,

506 2564 802 2632 praesertim
837 2565 936 2618 ista
956 2568 1255 2622 recentior!
1287 2568 1418 2623 Huic
1443 2570 1616 2624 simile
1636 2585 1699 2624 ac
1725 2587 1859 2638 pene
1884 2587 2090 2640 germa-

505 2671 632 2709 num
655 2665 756 2721 est,
785 2653 1098 2727 Gregorium
1127 2659 1534 2727 Nazianzenum,
1566 2678 1643 2716 sc.
1667 2663 1792 2717 dum
1816 2664 1990 2718 adhuc
2006 2681 2092 2719 es-

504 2755 588 2801 set
614 2747 914 2803 Patriarcha
936 2748 997 2804 C.
1028 2749 1109 2817 P.,
1141 2766 1259 2806 cum
1284 2752 1584 2808 Theodosio
1610 2754 1798 2824 Magno
1818 2771 2092 2811 sermones

512 2853 697 2894 serere
723 2841 790 2895 de
816 2840 1033 2896 Joannis
1062 2843 1390 2900 orationibus
1415 2844 1714 2901 Statuarum
1737 2865 1751 2911 ;
1781 2863 1900 2903 cum
1929 2850 2093 2902 notis-

509 2931 701 2986 simum
734 2932 822 2998 sit,
859 2932 1172 3003 Gregorium
1202 2935 1445 2991 abdicato
1471 2938 1799 3008 episcopatu,
1829 2948 1884 2994 et
1908 2939 2092 2994 relicta

510 3023 965 3095 Constantinopoli
974 3068 988 3091 ,
1018 3027 1072 3080 in
1089 3027 1477 3097 Cappadociam
1503 3032 1850 3096 concessisse,
1877 3032 1989 3100 ipso
2007 3048 2095 3086 se-

513 3115 702 3171 cundze
745 3117 934 3188 synodi
983 3126 1242 3189 tempore,
1273 3135 1412 3174 anno
1457 3121 1663 3176 Domini
1706 3123 1830 3184 38L
1883 3125 2095 3179 vixdum

511 3207 745 3266 diacono
764 3209 988 3284 Joanne,
1019 3220 1074 3268 et
1094 3228 1263 3270 annos
1293 3215 1570 3271 minimum
1597 3226 1799 3282 septem
1827 3226 1950 3273 ante
1967 3226 2100 3272 tem-

1725 345 2057 404 HARTYBII
2073 411 2083 419 .
2098 344 2513 406 ANTIOCHENI
3673 363 3741 403 IL

2161 477 2260 532 pus
2284 475 2593 515 eversarum
2625 469 2938 516 statuarum.
2970 463 3052 516 Ad
3089 463 3340 518 miracula
3371 464 3510 533 quod
3540 473 3746 534 Spectat

2163 555 2286 607 licet
2309 568 2490 606 eorum
2522 551 2828 621 diligentem
2856 551 3222 607 eollectionem
3261 553 3449 609 fecisse
3486 554 3747 624 Georgius

2166 651 2350 713 posset
2377 643 2564 707 videri,
2600 647 2728 697 satis
2756 655 2930 699 tamen
2963 645 3194 712 amplum
3226 645 3438 714 reliquit
3464 646 3748 714 Anonymo

2164 735 2513 804 Spicileginm.
2547 735 2691 788 Visio
2721 734 2978 804 Gregorio
3004 733 3277 805 Theologo
3305 735 3442 791 facta
3477 736 3546 791 de
3584 735 3752 792 Joan~

2166 844 2234 881 ne
2261 842 2377 895 cap.
2411 827 2508 887 57;
2532 827 2597 880 de
2622 827 2682 881 S.
2711 826 2876 880 Paulo
2901 826 3120 881 Joannis
3146 827 3502 896 expositiones
3523 843 3614 881 sua
3644 831 3753 898 for-

2167 935 2252 971 ma
2281 934 2521 988 corporea
2549 917 2898 972 conﬁrmaute
2918 932 3036 985 cap.
3066 917 3164 979 59;
3192 917 3330 987 quod
3361 917 3592 972 Joannes
3622 917 3755 972 Pro-

2168 1009 2252 1063 clo
2273 1009 2663 1062 successionem
2685 1007 2736 1061 in
2760 1008 2885 1063 sede
2909 1008 2966 1062 C.
2991 1009 3052 1061 P.
3077 1009 3317 1077 praedicit
3333 1024 3450 1078 cap.
3474 1009 3572 1074 60;
3593 1008 3758 1063 Joan-

2171 1099 2254 1152 nis
2308 1096 2611 1166 frequentes
2651 1103 2877 1151 ὁπτασίαι
2927 1099 3064 1153 inter
3117 1101 3339 1170 synaxin
3381 1099 3755 1154 celebrandam

2171 1203 2288 1257 cap.
2322 1189 2411 1253 7:7,,
2452 1189 2539 1248 75,
2589 1188 2685 1252 ’ἵξις
2718 1190 2980 1258 apparitio
3023 1189 3269 1254 Andreae,
3316 1189 3574 1262 Staehyos
3612 1201 3664 1246 et
3693 1191 3757 1245 Β.

2173 1282 2404 1351 Virginis
2431 1297 2548 1350 cap.
2579 1282 2680 1343 79;
2707 1282 2977 1348 prin-dictio
3006 1281 3141 1335 facta
3167 1281 3356 1336 Nicaue
3394 1281 3461 1337 de
3501 1282 3758 1337 Mauricio

2177 1378 2502 1447 lmpcratore
2517 1391 2634 1445 cap.
2657 1378 2754 1430 107
2772 1392 2784 1437 ;
2807 1377 3034 1430 visiones
3055 1376 3213 1430 Marci
3231 1389 3283 1431 et
3296 1376 3476 1447 Cyrilli
3493 1392 3612 1447 cap.
3633 1378 3756 1442 128,

2181 1469 2319 1532 129;
2354 1479 2552 1521 tremor
2596 1468 2821 1535 sepulcri
2876 1468 3127 1521 Eudoxizx:
3167 1483 3284 1536 cap.
3331 1469 3450 1531 152,
3498 1477 3552 1523 et
3579 1470 3764 1523 nescio

2181 1575 2299 1628 quae
2326 1560 2462 1612 facta
2495 1559 2746 1612 miracula
2768 1559 2821 1610 in
2847 1559 3178 1612 translatione
3207 1559 3554 1630 reliquiarum,
3581 1576 3699 1630 quae
3728 1577 3757 1612 a

2178 1651 2447 1706 Vestitore
2468 1659 2736 1705 mutuatus
2753 1661 2866 1704 est:
2895 1651 3010 1710 haie
3034 1652 3232 1717 omnia,
3255 1651 3490 1722 inquam,
3523 1654 3761 1723 ejusdem

2181 1748 2389 1802 ordinis
2421 1747 2628 1818 locique
2657 1757 2781 1802 sunt
2807 1762 2929 1802 cum
2960 1748 3066 1802 illis
3091 1748 3209 1806 aliis
3235 1748 3568 1818 Georgianis.
3609 1747 3765 1813 Quod

2184 1843 2230 1896 si
2260 1841 2387 1896 illud
2417 1842 2612 1910 Ephori
2653 1841 2789 1909 apud
2816 1841 3134 1895 Strabonem
3162 1841 3231 1895 de
3268 1842 3484 1895 oraculo
3511 1839 3768 1908 Delphico

2188 1934 2470 2002 scripturi:
2497 1933 2732 2003 ineptum
2760 1947 2880 1987 esse
2904 1932 2970 1987 de
2994 1934 3209 1987 oraculo
3229 1934 3466 1988 omnium
3487 1932 3768 1986 verissimo

2187 2036 2450 2091 acturum,
2493 2027 2708 2080 incertis
2745 2026 3046 2081 rumoribus
3075 2036 3128 2080 et
3165 2027 3554 2081 narrationibus
3592 2026 3772 2079 minus

2189 2118 2552 2187 probabilibus
2583 2117 2979 2187 iudulgere:si,
3023 2117 3258 2187 inquam,
3292 2117 3393 2172 hoc
3437 2118 3502 2170 iis
3541 2117 3774 2172 venisset

2192 2209 2246 2263 in
2277 2217 2527 2270 mentem.
2557 2209 2649 2278 qui
2688 2223 2775 2262 res
2805 2208 2894 2262 Dei
2935 2217 2989 2260 et
3027 2207 3275 2262 Ecclesiae
3301 2207 3597 2279 posteritati
3622 2214 3777 2261 erant

2194 2301 2590 2364 transmissuri;
2624 2314 2728 2354 non
2777 2299 2917 2352 hanc
2962 2308 3265 2368 corruptam
3308 2305 3776 2353 monumentorum

2197 2395 2356 2449 ﬁdem
2389 2395 2644 2447 immensa
2671 2392 2900 2462 ﬁngendi
2944 2391 3160 2446 libidine
3190 2391 3381 2445 merito
3407 2406 3775 2460 quereremur.

2193 2487 2297 2543 Sed
2322 2469 2513 2541 desino
2533 2485 2732 2539 inutilis
2755 2483 3006 2553 querelm,
3026 2491 3080 2538 et
3095 2484 3160 2537 ad
3187 2483 3579 2552 Metaphrasten
3602 2491 3777 2536 trans-

2196 2592 2294 2640 eo,
2326 2574 2392 2632 ad
2413 2592 2571 2646 quem
2592 2577 2888 2650 quidquam
2945 2584 3130 2629 notare
3168 2591 3276 2630 non
3320 2589 3454 2644 Opus
3496 2583 3597 2628 est.
3639 2568 3775 2627 Nihil

2196 2669 2345 2722 enim
2375 2667 2554 2733 habet,
2587 2668 2725 2737 quod
2767 2682 2873 2721 non
2918 2676 3009 2720 aut
3045 2667 3182 2736 apud
3210 2665 3494 2735 Georgium
3527 2666 3778 2733 reperies,

2202 2769 2294 2814 aut
2321 2760 2459 2829 apud
2481 2761 2841 2829 Anonymum,
2866 2775 3023 2829 quem
3053 2759 3166 2813 fere
3192 2759 3459 2827 exprimit.
3498 2759 3778 2828 Anonymo

2202 2853 2345 2906 cnim
2389 2867 2508 2905 eum
2558 2851 2914 2920 Metaphraste
2961 2866 3148 2905 sensus
3193 2850 3304 2905 fere
3345 2864 3575 2918 semper,
3619 2847 3778 2902 verba

2203 2943 2362 2996 etiam
2392 2943 2701 3011 plerumque
2729 2952 2853 2996 sunt
2880 2941 3200 2994 communia.
3232 2943 3403 3010 Atque
3427 2940 3540 2993 hzec
3564 2953 3626 2993 ex
3648 2937 3783 2991 mni-

2208 3036 2274 3088 tis
2291 3033 2546 3089 adnotare
2560 3035 2732 3088 visum
2754 3043 2835 3089 est
2855 3032 2922 3086 ad
2943 3041 3186 3087 auctores
3203 3047 3377 3086 rerum
3399 3029 3782 3102 Chrysostomi:

2203 3140 2323 3194 qua:
2347 3124 2644 3192 doctorum,
2669 3134 2726 3179 ut
2748 3124 2875 3191 dixi,
2891 3123 3108 3194 judicio,
3138 3133 3192 3178 ut
3216 3139 3331 3178 mea
3359 3137 3570 3192 quoque
3586 3120 3782 3182 omnia.

2209 3218 2482 3281 permitto.
2497 3236 2516 3270 ι
