4114 6392
1353 408 1443 463 DE
1480 408 1538 465 S.
1577 401 1848 463 JOANNE
1887 400 2420 460 CHRYSOSTOMO.

1050 743 1775 859 MARTYRII
1870 736 2722 859 ANTIOCHEN
2733 736 2780 849 Ι

529 1036 1405 1134 PANEGYBICUM
1479 1038 1577 1129 S.
1652 1036 2170 1132 JOANNIS
2241 1029 3093 1127 CHRYSOSTOMI
3167 1010 3289 1119 (ο).

369 1594 515 1650 Inter
547 1591 718 1645 varios
762 1589 933 1643 sancti
963 1588 1186 1642 Joannis
1214 1586 1563 1658 Chrysostomi
1585 1586 1705 1640 vitta
1747 1585 1881 1639 scri-

298 1695 472 1758 ptores
508 1682 724 1754 quidam
768 1690 843 1734 est
911 1678 1123 1735 Grcecus
1177 1678 1481 1748 Anonymus
1521 1694 1555 1730 a
1586 1674 1783 1731 Savilio
1826 1676 1883 1728 in

301 1787 482 1831 octavo
509 1774 750 1829 editionis
780 1784 890 1826 sua:
920 1783 1061 1824 tomo
1097 1770 1363 1841 vulgatus,
1389 1785 1542 1840 quem
1582 1777 1759 1821 tamen
1786 1781 1884 1836 po-

300 1879 524 1924 stremus
540 1864 893 1936 Chrysostomi
919 1864 1087 1918 editor
1115 1862 1557 1935 Montfauconius,
1580 1875 1886 1931 quanquam

302 1961 436 2031 stylo
470 1975 572 2012 non
592 1959 941 2021 invenustum,
978 1955 1224 2009 recudere
1252 1953 1585 2015 noluit,quia
1617 1949 1747 2004 nihil
1779 1952 1887 2020 fere

305 2054 372 2108 ab
407 2069 466 2107 eo
498 2051 570 2105 ad
615 2050 875 2119 majorem
915 2047 1216 2119 argumenti
1259 2046 1504 2099 notitiam
1535 2044 1761 2115 conferri
1790 2059 1890 2111 pu-

307 2145 457 2199 tavit.
483 2146 733 2198 Attamen
765 2142 860 2195 hoc
881 2156 1071 2194 novum
1102 2155 1266 2209 neque
1287 2137 1411 2192 levis
1436 2136 1686 2190 momenti
1718 2136 1774 2188 in
1798 2133 1889 2187 illo

307 2245 442 2301 erat,
475 2244 690 2290 notante
732 2235 895 2289 etiam
931 2231 1343 2304 Montfauconio,
1388 2234 1525 2300 quod
1556 2229 1768 2281 nomina
1798 2243 1891 2281 xu

309 2338 585 2384 auctorum
614 2325 891 2388 recitabat,
924 2341 958 2378 a
998 2325 1182 2394 quibus
1227 2339 1306 2376 res
1349 2331 1506 2393 gesta:
1543 2319 1892 2389 Chrysostomi

309 2419 685 2474 commendata
724 2416 917 2471 litteris
959 2417 1206 2487 fuerunt,
1238 2423 1396 2484 atque
1423 2413 1514 2466 hos
1538 2413 1676 2466 inter
1711 2410 1895 2465 Antio-

311 2513 528 2566 chenum
556 2509 920 2579 patriarcham
970 2506 1287 2577 Martyrium
1333 2504 1601 2574 ponebat;
1641 2503 1712 2557 ad
1743 2518 1895 2573 quem

311 2604 568 2674 Anonymi
625 2603 796 2657 locum
842 2599 1184 2654 Bollandiani
1243 2598 1361 2670 (die
1417 2596 1485 2651 14
1540 2594 1893 2664 Septembris,

314 2703 353 2746 t.
404 2695 492 2760 IV,
529 2711 583 2763 p.
615 2694 740 2759 406,
775 2692 873 2747 col.
911 2691 967 2764 2)
999 2693 1075 2745 sic
1120 2698 1541 2745 commentantur
1575 2703 1593 2741 :
1642 2707 1660 2738 ι
1694 2685 1897 2740 Floruit

314 2780 600 2850 Martyrius
625 2779 816 2834 saeculo
843 2796 894 2845 ν,
927 2788 977 2834 et
1022 2786 1391 2849 consequenter
1418 2778 1549 2832 satis
1574 2776 1896 2846 propinquus

315 2876 430 2921 erat
470 2868 785 2938 temporibus
825 2866 1175 2938 Chrysostomi
1228 2867 1299 2920 ad
1350 2874 1495 2937 gesta
1554 2864 1716 2932 ipsius
1760 2871 1896 2916 recte

317 2957 618 3009 enarranda
639 2970 657 3019 ;
681 2954 771 3008 sed
804 2953 934 3007 nihil
961 2954 1277 3024 scriptorum
1307 2953 1419 3020 eius
1446 2951 1692 3004 innotuit.
1731 2969 1748 2999 ι
1786 2946 1898 3020 Ego

316 3063 436 3101 vero
464 3047 808 3100 memineram
847 3062 930 3099 me
967 3054 1092 3098 ante
1121 3043 1411 3111 complures
1452 3057 1619 3095 annos
1648 3041 1820 3097 videre
1844 3041 1901 3093 in

320 3137 506 3193 Leonis
550 3137 736 3192 Allatii
774 3137 973 3192 schedis
1008 3136 1385 3192 Vallicellianis
1441 3137 1696 3205 scriptum
1754 3135 1902 3187 breve

320 3231 564 3301 Hartyrii
589 3231 665 3285 De
680 3229 802 3285 Vita
828 3230 1199 3302 Chrysostomi
1229 3248 1244 3284 :
1272 3245 1411 3285 nunc
1439 3237 1639 3286 autem.
1665 3243 1728 3281 ne
1756 3228 1904 3281 rivu-

324 3322 433 3381 lum
481 3322 669 3377 omisso
714 3323 855 3393 fonte
890 3329 1215 3377 consectarer
1235 3361 1250 3385 ,
1291 3319 1519 3373 codicem
1555 3318 1684 3372 mihi
1726 3326 1905 3371 notum

327 3413 637 3468 Vaticanum
668 3414 871 3483 inspexi
898 3412 1057 3483 (unde
1078 3411 1309 3469 Allatius
1330 3425 1532 3481 quoque
1560 3418 1618 3462 ut
1653 3418 1779 3478 puto
1813 3424 1906 3461 ea:-

323 3508 566 3579 scripsit)
591 3508 890 3579 antiquum,
920 3504 1347 3570 miscellum,_ubi
1384 3505 1522 3556 inter
1559 3512 1749 3556 cetera
1773 3502 1910 3555 hanc

326 3599 570 3668 Martyrii
601 3599 887 3668 pretiosam
928 3596 1253 3669 gemmulam.
1282 3594 1452 3663 reperi
1492 3609 1611 3646 cum
1652 3609 1712 3646 eo
1757 3591 1910 3645 titulo

327 3708 480 3763 quem
518 3692 577 3745 in
604 3691 775 3762 fronte
800 3690 1044 3745 editionis
1089 3689 1271 3742 recito.
1311 3686 1422 3741 Hoc
1460 3702 1555 3757 ego
1594 3686 1703 3740 viso
1734 3684 1907 3749 titulo,

325 3784 509 3837 statim
535 3784 744 3855 agnovi,
774 3799 879 3837 non
902 3782 1179 3836 historiam
1202 3780 1413 3851 proprie
1427 3796 1519 3834 seu
1546 3779 1913 3851 biographiam

328 3875 699 3945 Chrysostomi,
728 3875 817 3929 sed
859 3875 1234 3945 panegyricum
1271 3889 1304 3925 a
1337 3871 1590 3942 Martyrio
1636 3870 1910 3940 scriptum,

330 3969 468 4039 quod
494 3983 640 4038 aque
688 3967 928 4022 nonnulli
982 3967 1079 4021 alii
1131 3968 1363 4036 fecerunt
1396 3966 1462 4019 ab
1515 3966 1607 4018 illo
1646 3965 1916 4034 Anonymo

331 4060 638 4125 memorati,
662 4077 711 4113 v.
746 4077 827 4129 gr.
875 4058 1093 4112 Proclus
1122 4068 1171 4111 et
1198 4058 1356 4111 Joan.
1401 4058 1790 4117 Damascenus,
1823 4056 1914 4125 qui

332 4151 676 4215 orationibus,
712 4168 843 4221 quas
883 4167 992 4221 prce
1024 4151 1265 4205 manibus
1292 4150 1559 4214 habemus,
1590 4148 1915 4218 Chrysosto-

333 4261 479 4298 mum
508 4244 912 4297 celebraverunt.
940 4242 1295 4297 Nihilominus
1324 4242 1638 4295 auctoritate
1666 4238 1915 4308 Martyrii

335 4346 633 4407 permotus,
668 4337 758 4407 qui
800 4351 999 4390 cotevus
1040 4335 1404 4406 Chrysostomo
1459 4334 1576 4404 fuit,
1625 4342 1673 4385 et
1723 4332 1915 4385 codicis

338 4431 500 4484 etiam
546 4430 762 4483 raritati
797 4431 1001 4492 timens,
1035 4429 1124 4501 qui
1172 4445 1289 4482 cum
1333 4428 1553 4496 fortasse
1600 4426 1667 4479 sit
1709 4424 1915 4486 unicus,

337 4530 584 4593 pereunte
608 4538 687 4586 eo,
707 4521 990 4592 Hartyrius
1009 4520 1168 4575 simul
1196 4521 1409 4591 periret,
1440 4517 1583 4571 nolui
1614 4517 1742 4570 mihi
1764 4531 1919 4585 pror-

338 4631 424 4669 sus
456 4614 592 4668 elabi
619 4616 803 4668 edendi
836 4616 933 4668 hoc
960 4615 1214 4683 scriptum
1239 4612 1601 4674 occasionem;
1624 4609 1719 4664 etsi
1752 4620 1807 4663 ut
1834 4609 1919 4661 di-

341 4707 410 4759 cit
432 4706 636 4768 titulus,
663 4716 821 4777 atque
850 4709 959 4776 ipse
985 4715 1155 4760 textus
1184 4706 1526 4765 demonstrat,
1558 4701 1765 4755 nonnisi
1794 4718 1920 4768 pars

340 4808 604 4868 postrema
632 4800 954 4853 tauaationis
980 4808 1075 4853 est.

413 4893 492 4945 Ad
519 4890 769 4962 Martyrii
811 4900 1025 4947 (etatem
1060 4894 1196 4962 quod
1236 4890 1444 4953 attinet,
1478 4886 1727 4940 Boschius
1751 4886 1919 4957 (Patr.

342 4983 596 5039 Amioch.
631 5000 684 5038 n.
712 4983 911 5055 XLIII)
954 4983 1151 5054 aliique
1182 4981 1417 5035 historici
1456 4981 1655 5048 factum
1688 4995 1806 5031 eum
1833 4994 1925 5045 pa-

345 5076 632 5130 triarcham
659 5076 930 5130 observant
961 5075 1101 5129 circa
1128 5090 1326 5128 annum
1356 5072 1480 5138 459,
1511 5072 1789 5126 decessisse
1822 5086 1924 5122 au-

345 5179 449 5223 tem
475 5184 616 5222 anno
631 5169 752 5223 4'71.
772 5167 911 5238 Ergo
928 5168 1052 5238 quia
1070 5165 1465 5236 Chrysostomus
1493 5165 1637 5218 haud
1668 5164 1807 5217 ultra
1828 5178 1927 5215 an-

346 5276 472 5313 num
494 5260 597 5314 407
613 5261 775 5314 vitam
795 5258 1062 5331 produxit,
1080 5257 1317 5328 sequitur
1342 5266 1397 5309 ut
1420 5254 1474 5309 Μ
1481 5256 1715 5326 artyrius
1741 5254 1926 5309 adole-

344 5369 490 5409 scens
509 5354 793 5409 admodum
818 5350 1180 5422 Chrysostomo
1213 5349 1429 5403 abeunte
1459 5348 1640 5417 fuerit.
1672 5348 1832 5413 Atqui
1871 5348 1926 5400 in

349 5447 658 5507 laudatione
685 5463 738 5505 n.
788 5448 823 5502 4
875 5448 1047 5502 adhuc
1084 5445 1466 5515 quodammodo
1511 5442 1797 5512 Martyrius
1837 5442 1931 5495 du-

348 5536 481 5592 bitat
509 5553 635 5591 num
687 5554 875 5608 reapse
909 5537 1190 5591 exstinctus
1243 5542 1369 5588 esset
1424 5532 1838 5603 Chrysostomus,
1858 5547 1931 5586 an

349 5624 543 5681 alicubi
582 5643 615 5678 a
654 5626 1063 5696 persecutoribus
1112 5624 1402 5681 occultatus
1431 5639 1449 5676 :
1483 5641 1603 5695 ergo
1639 5625 1930 5679 orationem

415 5828 488 5901 (ρ)
526 5830 639 5892 un,
672 5829 960 5887 Bibliotheca
984 5844 1104 5882 nova
1134 5832 1260 5883 re.
1288 5834 1325 5880 ι.
1357 5830 1419 5890 ιι,
1441 5846 1490 5895 ιι.
1525 5831 1631 5889 διῃ.

1981 1584 2125 1637 hanc
2138 1583 2250 1637 sine
2276 1581 2432 1636 dubio
2459 1580 2608 1653 longe
2641 1588 2764 1634 ante
2798 1580 3154 1650 episcopatum
3179 1595 3333 1632 suum
3361 1580 3566 1650 scripsit
3626 1622 3634 1631 .

1983 1676 2307 1746 Hartyrius;
2334 1690 2639 1745 quanquam
2659 1673 2704 1726 is
2733 1674 2791 1727 in
2821 1672 2975 1726 titulo
3002 1682 3051 1753 et
3075 1688 3213 1725 nunc
3239 1681 3287 1725 et
3315 1672 3442 1726 olim
3465 1674 3572 1744 epi-

1984 1769 2128 1839 scopi
2154 1784 2344 1822 nomen
2372 1767 2525 1837 gerit,
2560 1775 2619 1820 ut
2639 1764 2941 1819 auctoribus
2973 1781 3187 1834 operum
3214 1773 3327 1835 post
3355 1766 3571 1834 adeptos

1986 1862 2204 1914 honores
2260 1861 2459 1931 passim
2508 1860 2722 1912 accidit.
2754 1857 3048 1927 Cteteroqui
3084 1874 3247 1910 causa
3296 1857 3571 1911 dubitandi

1988 1948 2051 2000 de
2077 1947 2247 2000 sancti
2277 1947 2376 2000 viri
2402 1946 2544 2000 obitu
2588 1962 2691 1999 non
2722 1956 2832 1999 tam
2886 1961 2941 1999 re
2977 1944 3160 2016 aliqua
3189 1945 3447 2016 probabili
3488 1948 3571 1999 ni-

1991 2038 2218 2102 tebatur,
2269 2054 2429 2109 quam
2468 2039 2677 2109 piorum
2729 2037 3029 2090 amantium
3076 2037 3332 2091 desiderio
3370 2038 3576 2092 diutino

1990 2128 2402 2195 sustentabatur,
2442 2130 2533 2200 qui
2585 2127 2744 2182 talem
2774 2128 3071 2197 episcopum
3108 2145 3173 2181 ac
3208 2138 3498 2197 parentem,
3529 2130 3577 2183 si

1991 2221 2107 2290 ﬁeri
2136 2232 2324 2290 posset,
2358 2221 2542 2274 abiisse
2566 2219 3012 2291 nolebant,deque
3041 2236 3099 2274 eo
3135 2236 3372 2274 rumores
3403 2222 3579 2275 varios

1994 2311 2142 2364 inani
2168 2312 2551 2381 exspectatione
2578 2310 2818 2365 serebant
2840 2311 2993 2379 quasi
3012 2311 3068 2363 in
3088 2309 3298 2381 angulis
3328 2309 3580 2381 Scythicis

1995 2402 2165 2455 adhuc
2193 2402 2419 2465 viveret;
2440 2401 2599 2455 veluti
2630 2399 2854 2466 exempli
2883 2416 3044 2454 causa
3074 2417 3198 2472 gens
3230 2400 3489 2455 Lusitana
3518 2403 3584 2456 de

1996 2492 2298 2550 Sebastiani
2325 2495 2461 2566 regis
2504 2495 2560 2547 in
2609 2493 2793 2563 proelio
2825 2494 3081 2564 Africano
3109 2494 3364 2548 occisione
3401 2495 3586 2549 diutis-

1996 2589 2126 2642 sime
2140 2587 2418 2642 dubitavit.
2453 2586 2596 2641 Illud
2624 2587 2759 2641 serio
2786 2588 3312 2641 animadvertendum
3336 2589 3587 2659 est,quod

1998 2667 2282 2749 Martyrius
2307 2680 2521 2750 quidam
2548 2678 3161 2750 Constantinopolitanus
3195 2681 3449 2735 diaconus
3475 2680 3587 2735 Ro-

2001 2789 2145 2825 mam
2200 2773 2271 2825 ad
2303 2771 2665 2825 Innocentium
2711 2789 2806 2841 pro
2845 2772 3198 2843 Chrysostomi
3241 2789 3404 2827 causa
3448 2773 3589 2827 venit

2003 2863 2231 2934 (Montf..
2266 2863 2373 2917 Vit.
2419 2863 2645 2935 Chrys.,
2678 2882 2732 2934 p.
2781 2864 2928 2935 154).
2981 2865 3167 2920 Utrum
3221 2873 3399 2919 tamen
3450 2866 3591 2919 idem

2001 2971 2153 3007 nomo
2197 2955 2373 3026 fuerit,
2400 2956 2490 3024 qui
2541 2955 2917 3009 Antiochenam
2946 2965 3125 3026 postea
3166 2956 3475 3011 cathedram
3504 2973 3592 3010 oc-

2004 3046 2236 3113 cupavit,
2267 3045 2394 3098 mihi
2426 3062 2527 3097 non
2555 3047 2688 3099 satis
2728 3046 2911 3116 liquet.
2941 3046 2995 3101 ls
3028 3055 3102 3102 est
3132 3056 3268 3101 certe
3302 3047 3592 3118 Martyrius

2005 3146 2179 3190 noster
2203 3153 2356 3207 quem
2394 3135 2451 3191 S.
2493 3137 2684 3191 Petrus
2717 3137 3031 3202 Damianus,
3066 3154 3245 3207 opusc.
3280 3153 3391 3204 xu,
3430 3138 3482 3202 1,
3514 3137 3594 3192 De

2006 3228 2343 3283 abdicatione
2375 3230 2567 3298 episc.,
2597 3231 2787 3300 refert,
2831 3238 3043 3300 propter
3065 3229 3366 3284 dissidentis
3417 3228 3595 3285 ἕποιε-

2006 3322 2263 3375 dientiam
2297 3321 2476 3392 populi
2508 3322 2813 3375 cathedram
2842 3321 3098 3376 dimisisse
3124 3322 3414 3376 dicentem:
3437 3339 3455 3372 ι
3483 3320 3597 3376 Cle-

2009 3431 2068 3467 ro
2097 3430 2198 3467 non
2227 3414 2452 3479 subdito,
2484 3424 2531 3467 et
2556 3413 2747 3484 populo
2777 3414 3071 3478 dissidenti,
3088 3423 3137 3467 et
3158 3413 3409 3468 Ecclesia:
3435 3430 3598 3484 squa-

2012 3505 2138 3559 lenti
2185 3506 2526 3571 abrenuntio,
2561 3520 2774 3558 servans
2821 3505 3057 3558 mihimet
3103 3505 3387 3559 sacerdotii
3423 3504 3597 3576 digni-

2014 3606 2197 3654 tatem.
2236 3616 2254 3649 ι

2082 3688 2222 3742 Pars
2267 3688 2395 3751 hazc,
2444 3703 2601 3758 quam
2652 3704 2742 3742 nos
2775 3689 3140 3759 comperimus,
3164 3690 3483 3763 Panegyrici
3515 3708 3601 3747 ea:-

2015 3789 2205 3846 trema,
2225 3789 2485 3847 versatur,
2525 3788 2583 3833 ut
2612 3796 2712 3851 par
2745 3790 2880 3843 erat,
2913 3781 2969 3834 in
2998 3783 3243 3837 extremis
3282 3784 3601 3839 sanctissimi

2013 3874 2117 3929 viri
2150 3873 2321 3938 rebus,
2342 3873 2557 3944 ejusque
2583 3874 2744 3928 veluti
2764 3876 3080 3945 martyrium
3110 3876 3355 3941 celebrat,
3386 3887 3602 3948 propter

2017 3967 2421 4036 injustissimam
2451 3967 2804 4037 improborum
2850 3968 3121 4023 hominum
3169 3971 3598 4039 persecutionem.

2024 4059 2300 4115 Hominem
2332 4059 2534 4114 nullum
2581 4061 2897 4115 nominatim
2940 4062 3175 4131 appellat
3216 4071 3419 4129 auctor,
3453 4072 3510 4117 ut
3540 4065 3606 4119 de

2022 4152 2308 4206 viventibus
2367 4152 2759 4223 potentibusque
2806 4153 2921 4222 ﬁeri
2958 4154 3105 4220 solet,
3153 4157 3245 4209 sed
3293 4173 3378 4210 eos
3428 4166 3607 4212 tamen

2024 4244 2183 4299 claris
2232 4246 2361 4298 satis
2412 4244 2668 4301 coloribus
2709 4248 2981 4318 designat,
3014 4248 3379 4320 praecipueque
3430 4266 3607 4305 senem

2024 4336 2298 4391 Arsacium
2312 4345 2361 4390 et
2388 4338 2637 4403 Atticum,
2652 4336 3008 4409 Chrysostomi
3036 4339 3214 4393 ambos
3234 4350 3415 4395 contra
3447 4356 3647 4400 cano-1..

2027 4432 2201 4485 nicam
2229 4430 2466 4501 regulam
2483 4448 2817 4486 successores.
2838 4430 2942 4486 Sed
2966 4433 3022 4485 in
3040 4434 3275 4487 Atticum
3302 4435 3610 4505 gravissime

2026 4521 2304 4585 invehitur,
2337 4538 2490 4593 quem
2514 4521 2714 4594 alioqui
2742 4523 2938 4593 passim
2960 4524 3197 4580 historice
3221 4526 3476 4581 denotant
3491 4543 3612 4581 am.

2028 4613 2290 4677 bitiosum,
2322 4613 2665 4682 versipellem,
2695 4616 2932 4687 vafrum,
2959 4615 3212 4688 quemque
3249 4616 3532 4672 Palladius
3551 4619 3610 4671 in

2030 4704 2247 4776 Dialogo
2276 4704 2343 4759 de
2380 4705 2501 4760 Vita
2544 4704 2760 4777 Chl’)’5.,
2793 4724 2910 4775 cap.
2958 4708 3047 4776 ii,
3086 4710 3320 4762 omnium
3360 4710 3610 4764 adversus

2029 4798 2449 4867 Chrysostomum
2504 4798 2835 4852 molitionum
2884 4799 3017 4853 dicit
3059 4800 3335 4869 artiﬁcem.
3382 4800 3451 4854 Et
3486 4802 3613 4872 quia

2030 4889 2249 4955 Atticus,
2282 4902 2395 4958 post
2435 4891 2725 4944 adversarii
2767 4891 2850 4944 sui
2890 4891 3106 4956 obitum,
3148 4891 3352 4945 nullum
3383 4892 3619 4962 lapidem

2033 4998 2137 5035 non
2189 4982 2446 5047 movebat,
2482 4982 2776 5051 prtesertim
2822 4983 3259 5039 assentationibus
3291 4991 3340 5037 et
3378 4999 3612 5055 pecunia

2033 5075 2353 5140 diribitione,
2392 5083 2448 5129 ut
2483 5074 2732 5129 mortales
2775 5091 2952 5130 omnes
2997 5076 3052 5129 in
3090 5092 3244 5130 suam
3271 5086 3480 5145 partem
3510 5087 3617 5132 τως

2035 5172 2208 5232 heret,
2244 5167 2309 5220 ab
2347 5167 2449 5220 hac
2492 5167 2779 5237 Martyrius
2809 5184 2939 5237 pace
2966 5176 3016 5221 et
3056 5169 3418 5223 communione
3464 5169 3622 5232 valda

2036 5259 2269 5313 alienum
2296 5276 2351 5313 se
2378 5260 2523 5324 dicit,
2554 5269 2868 5330 caeterosque
2909 5277 3086 5324 omnes
3123 5261 3349 5316 deterret
3379 5278 3398 5316 :
3420 5263 3484 5323 in
3511 5279 3618 5335 qua

2034 5368 2163 5406 sane
2192 5352 2452 5405 discordia
2475 5351 2567 5410 diu
2588 5351 2958 5417 consentientes
2983 5351 3173 5409 habuit
3196 5361 3309 5411 tum
3326 5351 3620 5408 Orientales

2039 5453 2150 5497 tum
2190 5444 2352 5497 etiam
2398 5441 2753 5498 Occidentales
2806 5444 3094 5515 episcopos,
3133 5461 3235 5499 nec.
3279 5461 3384 5499 non
3446 5446 3623 5517 ipsam

2039 5534 2335 5589 Romanam
2368 5536 2561 5600 sedem,
2592 5552 2708 5607 quo:
2739 5537 2944 5591 nonnisi
2979 5554 3118 5610 a3gre
3140 5554 3355 5611 seroque
3390 5537 3621 5594 Atticum

2040 5627 2111 5681 ad
2136 5627 2549 5693 communionem
2578 5644 2727 5688 suam
2758 5628 2970 5698 recepit.
