4114 6392
525 392 658 434 ιιιιι

527 526 1387 560 Μ(

1760 374 2099 429 ΜΑΒΤὶΒΙΙ
2135 375 2559 433 ΑΝἸΊΟΕΗΕΝῘ

3665 403 3791 444 XLIV

1380 527 3762 576 ΝΜ

980 715 1209 802 ΤΟΥ
1245 716 1390 802 ΕΝ
1426 712 1793 803 ΑΓΙΟΙΣ
1830 714 2266 805 ΠΑΤΡΟΣ
2305 718 2636 806 ΗΜΩΝ
2672 719 3310 812 ΜΑΡΤΥΡΙΟΥ

1689 904 2071 958 ΕΙΙῙΣΚΟῙΙΟ
2084 906 2130 959 Υ
2155 910 2259 963 ΑΝ
2265 910 2337 964 TI
2338 912 2614 966 ΟΧΕῙΑΣ

735 1066 829 1119 ΕΚ
867 1065 1005 1121 ΤΟΥ
1030 1064 1390 1123 ΕΓΚΩΜΙΟΥ
1419 1068 1529 1123 ΕΙΣ
1558 1068 1697 1123 TUN
1722 1071 1815 1123 EN
1849 1073 2075 1126 ᾹΓῐΟΙΣ
2118 1074 2397 1128 ΠΑΤΕΡΛ
2431 1076 2630 1128 ΗΜΩΝ
2662 1078 2975 1134 ΙΩΑΝΝΗΝ
3009 1080 3583 1138 ΑΡΧΙΕΠΙΣΚΟΠΟΝ

1365 1165 2206 1233 ΚΩΝΣΤΑΝΊΊΝΟΥΠΟΛΕΩΣ,
2242 1171 2382 1225 ΤΟΝ
2407 1172 2942 1231 ΧΡΥΣΟΣΤΟΜΟΝ.

2113 1335 2184 1349 ..ο

585 1477 656 1525 α’.
702 1469 845 1524 Ἀλλ’
866 1470 960 1524 ἐπὶ
986 1471 1046 1524 τὸ
1077 1472 1379 1544 μαρτύριον
1403 1477 1554 1546 ἡμᾶς
1573 1478 1666 1531 τοῦ
1692 1480 1907 1552 Πατρδς
1937 1481 2103 1536 δκαι-

516 1565 612 1634 ρδς
643 1564 829 1619 καλεῖ⁸
869 1565 1170 1638 μαρτύριον
1205 1569 1509 1639 στεφανοῦν
1533 1571 1633 1642 μὲν
1660 1571 1754 1627 τὸν
1780 1573 2001 1645 Πατέρα
2037 1575 2105 1630 δι’

515 1657 686 1726 αὐτὴν
736 1656 831 1711 τοῦ
877 1657 1204 1729 πράγματος
1249 1660 1351 1732 τὴν
1401 1661 1584 1730 φύσιν,
1625 1665 2001 1738 ἀνακηρύττον
2050 1668 2108 1722 δὲ

512 1746 609 1800 τοῦ
637 1747 774 1801 Θεοῦ
807 1748 870 1802 τὸ
894 1749 1173 1819 πάνσοφόν
1205 1768 1266 1804 τε
1293 1753 1390 1806 καὶ
1422 1753 1730 1825 εὐμήχανον
1758 1758 1849 1810 καὶ⁵
1868 1758 2095 1812 δυνατὸν

515 1840 597 1902 εἰς
637 1839 698 1892 τὺ
735 1839 941 1911 πόρους
978 1842 1037 1894 ἐν
1066 1844 1179 1905 τοῖς
1209 1843 1440 1915 ἀπόροις
1475 1846 1674 1915 εὑρεῖν.
1711 1847 1784 1900 Τὸ
1815 1847 1923 1920 γὰρ
1948 1848 2107 1920 εὐχε-

517 1930 642 1984 σθαι
676 1932 775 2003 μὲν
803 1931 894 1985 τὸν
937 1931 1093 2001 ἅγιον
1125 1933 1531 2006 καταξιωθῆναι
1563 1936 1660 1989 τοῦ
1699 1938 1944 1992 τοιούτου
1988 1957 2109 1993 στεο

518 2022 714 2091 φάνου,
740 2023 833 2077 τὸν
867 2025 1059 2096 καιρὸν
1101 2024 1159 2078 δὲ
1196 2026 1357 2079 τοῦτο
1399 2028 1473 2098 μὴ
1523 2027 1690 2098 ἔχειν,
1724 2030 1824 2102 τῆς
1857 2032 1958 2101 μὲν
1987 2033 2109 2087 ἀσε-

516 2114 668 2180 ϐείας
703 2114 1149 2187 ἀπεληλαμένης,
1184 2118 1285 2189 τῆς
1328 2119 1610 2182 εὐσεϐείας
1637 2123 1695 2175 δὲ
1733 2124 2108 2194 ἐκτεταμένης

517 2210 660 2264 κατά
689 2212 870 2282 πάσης
906 2213 1005 2283 τῆς
1038 2212 1369 2284 οἰκουμένης
1390 2229 1404 2244 ο
1451 2213 1653 2287 τρόπον
1685 2215 1743 2268 δέ
1782 2233 1905 2268 τινα
1948 2217 2107 2289 εὑρε-

528 2303 688 2373 θῆναι
739 2305 1041 2377 μαρτυρίου
1078 2305 1340 2368 τοιοῦτον,
1370 2306 1539 2376 ὅνπερ
1570 2305 1764 2376 ἄνδρες
1788 2307 1936 2378 αὐτῷ
1974 2326 2110 2385 προ-

518 2395 700 2449 ϐάτων
749 2397 1126 2469 περικείμενοι
1170 2397 1333 2469 δοράς
1378 2398 1605 2463 ἄκοντες
1654 2399 1957 2472 ἐξήνυσαν·
1991 2403 2110 2468 πῶς

515 2488 638 2559 οὐχί
675 2488 775 2559 τῆς
797 2488 896 2543 τοῦ
921 2489 1058 2544 Θεοῦ
1091 2490 1284 2559 σοφίας
1330 2508 1389 2543 τε
1429 2491 1522 2544 καὶ
1555 2491 1738 2562 ἰσχύος
1772 2490 1911 2547 εἶναι
1952 2497 2111 2549 τοῦτο

515 2580 698 2650 ἔργον,
734 2582 1051 2635 πιστευτέον
1080 2583 1320 2653 ὀφείλει;
1369 2586 1494 2650 Πῶς
1522 2584 1616 2641 οὖν
1659 2588 1809 2661 αὑτῴ
1833 2591 1928 2645 καὶ
1956 2587 2110 2656 οῦτος

516 2670 547 2724 ό
585 2670 845 2741 στέφανος
878 2671 1095 2742 ἐπλάκη
1114 2690 1131 2735 ;

594 2762 660 2835 β’.
706 2761 798 2817 Ἐν
819 2763 1032 2829 τούτοις
1061 2762 1143 2829 οἷς
1158 2764 1297 2836 ἔφην
1313 2766 1421 2823 τῶν
1449 2770 1790 2842 πραγμάτων
1824 2772 2107 2835 ἁπάντων,

516 2854 877 2921 ὑπεξίσταται
918 2856 1017 2927 μὲν
1049 2858 1077 2912 ὁ
1126 2857 1310 2930 γέρων
1356 2859 1432 2933 (α)
1477 2862 1577 2931 τῆς
1616 2863 1762 2934 ζωῆς
1808 2864 2102 2937 ἑκατέρας.

516 2949 576 3000 ἐν
605 2946 777 3020 ταύτῃ
805 2949 926 3018 μὲν,
957 2948 1174 3021 ἐκείνης
1194 2967 1208 2982 ο
1242 2952 1340 3005 σὺν
1374 2953 1558 3026 ἐκείνῃ
1584 2954 1662 3017 δέ,
1696 2954 1919 3028 ταύτης.
1957 2956 1997 3009 Γ
2004 2956 2108 3009 ίνε-

514 3057 605 3094 ται
636 3040 694 3094 δὲ
726 3042 842 3112 μετ’
868 3043 1076 3096 ἐκεῖνον
1107 3044 1136 3096 ὁ
1184 3041 1251 3096 δι’
1278 3045 1489 3098 ἐκείνου
1519 3045 1588 3099 τὰ
1626 3046 1819 3118 ἐκείνῳ
1847 3047 2107 3102 δοκοῦντα

515 3130 655 3188 εἶναι
677 3133 931 3203 πράττων
961 3132 1178 3189 ἅπαντα
1199 3152 1212 3166 ·
1246 3136 1495 3208 οἰόμενος
1535 3139 1633 3208 μὲν
1666 3139 1971 3206 λανθάνειν,
2020 3141 2107 3195 λε-

514 3224 695 3296 ληθὼς
725 3227 783 3279 δὲ
810 3227 1020 3282 οὐδένα.
1054 3219 1226 3293 Οὗτος
1250 3226 1343 3282 οῦν
1371 3233 1487 3296 τοῖς
1532 3230 1781 3303 ἀνοήτοις
1810 3234 2014 3302 γλυκύς
2046 3252 2106 3288 τε

515 3317 592 3369 ὢν
630 3319 727 3371 καὶ
763 3316 989 3383 πιθανὸς
1032 3319 1128 3372 καὶ
1186 3319 1479 3384 κολακείας
1526 3321 1743 3392 γέμων,
1796 3318 1997 3379 πείθων
2044 3343 2104 3378 τε

516 3409 786 3472 ἅπαντας,
826 3410 994 3481 μηδὲν
1020 3405 1161 3467 εἶναι
1191 3405 1267 3465 ὧν
1303 3412 1527 3483 ἐποίησε
1558 3413 1704 3476 τότε,
1733 3413 1851 3471 δέον
1877 3415 2105 3486 ὀμνύναι

521 3502 686 3573 μηδὲν
715 3501 914 3556 εἰδέναι
942 3496 1017 3557 ὧν
1050 3502 1281 3574 ἐλάλησε
1310 3503 1456 3569 τότε,
1480 3506 1509 3557 ὁ
1560 3505 1842 3577 Ἀθηναῖος
1867 3507 2098 3579 δαίμων,

515 3594 616 3664 τῆς
660 3595 912 3664 Ἀττικῆς
948 3594 1369 3665 δεισιδαιμονίας
1394 3596 1455 3649 τὸ
1483 3593 1749 3666 σύμϐολον
1793 3598 1899 3669 (ὁ)’
1950 3592 2107 3664 οὗτος

517 3686 681 3759 διπλῇ
715 3686 948 3759 πληγεὶς
975 3689 1135 3759 ἀκοῇ,
1168 3689 1327 3742 τοῦτο
1367 3689 1488 3761 μὲν,
1518 3691 1626 3743 τῶν
1650 3691 1745 3745 τοῦ
1777 3693 1933 3761 ἁγίου
1970 3711 2106 3748 κατ-

518 3778 859 3851 ορθωμάτων
883 3773 958 3835 ὧν
984 3779 1295 3852 εἰργάζετο,
1338 3780 1431 3835 καὶ⁹
1458 3784 1516 3837 ἐν
1545 3783 1753 3856 ἐρημίᾳ
1776 3784 2104 3857 καθήμενος,

516 3871 695 3943 ψυχὰς
723 3870 924 3942 μυρίας
947 3873 1047 3935 τὰς
1075 3872 1175 3942 μὲν
1196 3875 1261 3926 ἐκ
1288 3872 1398 3926 τῶν
1430 3873 1780 3947 βαρϐαρικῶν
1804 3874 2107 3949 ἐξωνούμε-

521 3980 612 4026 νος
637 3962 838 4035 χειρῶν
870 3964 941 4031 (ο)
1008 3958 1090 4028 οἷς
1120 3958 1232 4034 εἶχε
1263 3967 1480 4035 μικροῖς
1521 3965 1617 4019 καὶ
1665 3969 1940 4038 πενιχροτς
1969 3969 2106 4039 χρή.

521 4071 657 4125 μασι
677 4071 691 4084 ⁸
720 4053 819 4117 τὰς
859 4053 917 4108 δὲ
946 4056 1011 4108 ἐκ
1034 4053 1146 4108 τῶν
1167 4055 1262 4108 τοῦ
1289 4055 1538 4109 διαϐόλου
1591 4055 1804 4127 βρόχων
1843 4058 2106 4111 ἀνασπῶν

515 4142 599 4211 οἷς
625 4142 741 4218 εἶχε
772 4147 1044 4212 πλουσίως
1072 4147 1221 4217 πόνῳ
1253 4149 1349 4202 καὶ
1384 4149 1569 4221 χάριτι
1597 4148 1847 4219 κτηθεῖσι
1885 4148 2068 4218 λόγοις
2088 4167 2101 4180 ο

515 4238 735 4309 ἐτέρους
760 4237 905 4309 λιμῷ
925 4239 1019 4292 καὶ
1043 4241 1187 4311 φυγῇ
1209 4238 1647 4311 πολεμουμένους
1675 4242 1790 4306 τοῖς
1812 4241 1912 4312 τῆς
1943 4242 2104 4312 ἁγίας

516 4332 690 4403 χήρας
714 4331 792 4401 (d)
820 4330 1123 4401 διατρέφων
1165 4332 1448 4404 ἀλεύροις·
1499 4332 1840 4404 μοναστήριά
1883 4351 1944 4388 τε
1987 4353 2092 4405 φυ-

514 4421 690 4475 τεύων
717 4424 776 4475 ἐν
807 4420 989 4490 φόνοις
1028 4423 1124 4478 καὶ
1152 4423 1430 4495 ἁρπαγαῖς
1476 4427 1963 4496 συνεκτραφείσαις
1994 4427 2103 4496 χώ-

518 4530 663 4586 ραις,
694 4513 840 4582 ἆπερ
881 4512 1096 4568 ἅπαντα
1128 4514 1326 4587 μικροῦ
1375 4516 1469 4569 καὶ
1491 4515 1590 4587 τὴν
1632 4517 1905 4588 Ἀντιόχου
1938 4519 2097 4573 πόλιν

515 4606 736 4659 ἃπασαν
779 4604 1079 4676 μετῴκισεν
1110 4605 1187 4670 ὡς
1228 4607 1391 4662 αὐτόν
1422 4608 1514 4678 (e).
1565 4607 1737 4661 Τοῦτο
1763 4608 1822 4661 δὲ
1862 4610 1957 4662 καὶ
2000 4612 2101 4681 τῆς

526 4696 813 4767 Ῥωμαίων
852 4695 1154 4768 ὀρθοτάτης
1182 4697 1438 4767 κρίσεως,
1467 4699 1517 4752 οἳ
1544 4699 1942 4769 συναγαγόντες
1980 4703 2099 4755 ἐπι-

514 4789 733 4843 σκόπων
760 4787 966 4859 πλῆθος
993 4789 1083 4861 (ι’),
1106 4789 1393 4845 ἐϐούλοντο
1427 4791 1525 4863 μὲν
1552 4792 1709 4861 ἄφνω
1737 4792 1942 4858 πάντες
1970 4794 2094 4847 πολ-

515 4883 594 4936 λοί
638 4899 701 4935 τε
745 4881 898 4945 ὄντες
930 4881 1026 4936 καὶ
1059 4882 1281 4954 μεγάλῳ
1315 4882 1395 4954 τῷ
1438 4883 1538 4954 βίῳ
1580 4883 1809 4955 δραμεῖν
1865 4886 1959 4938 ἐπὶ
1995 4887 2094 4956 τὴν

512 4973 930 5028 Κωνσταντινου
984 4974 1052 5044 τῇ
1108 4973 1209 5042 τῆς
1261 4976 1485 5046 εἰρήνης
1542 4973 1839 5046 ἐπιθυμία,
1878 4975 2097 5049 βέλτιον

515 5196 537 5228 ί
583 5161 659 5228 (a)
699 5158 976 5220 Arsacius,
1008 5167 1070 5214 ut
1116 5174 1261 5222 reor,
1306 5157 1399 5227 qui
1434 5156 1711 5227 decrepita
1741 5167 1901 5214 atate
1941 5159 2099 5214 datus

510 5216 1106 5311 fueratnChrysostomo
1132 5216 1437 5311 successor.

583 5300 654 5374 (ὁ)
685 5297 943 5374 Suspicor
975 5301 1356 5374 denotat-illoc
1378 5299 1497 5374 lo_c_o
1529 5297 1784 5365 Atticum,
1811 5301 1908 5374 qui
1930 5299 2096 5355 Arsa-

508 5370 602 5426 (νο
624 5370 910 5434 ειιοοθέςείι,
937 5371 1158 5427 vivente
1187 5371 1366 5426 adhuc
1403 5370 1830 5441 Chrysostomo;
1862 5373 2094 5440 ideoque

507 5444 770 5498 ohtrusus
814 5450 1001 5497 contra
1042 5443 1123 5499 fas
1156 5454 1292 5498 erat.
1342 5441 1507 5496 Attici
1553 5448 1719 5513 artes,
1766 5443 1966 5513 quibus
2019 5443 2087 5497 ad

506 5512 880 5585 (Ihrysostomi
902 5514 1126 5585 exitium
1146 5514 1407 5585 connisus
1436 5520 1537 5585 est,
1568 5512 1794 5582 ejusque
1823 5514 2085 5569 dissimu-

506 5583 636 5640 latio
665 5594 722 5639 et
766 5583 972 5639 fallacia
1006 5601 1074 5640 ex
1113 5583 1388 5639 historicis
1432 5583 1565 5636 satis
1604 5592 1840 5638 constat.
1894 5585 2087 5639 Dicere

507 5665 690 5728 autem
713 5654 930 5728 videtur
947 5654 1233 5728 Martyrius
1260 5653 1653 5708 Atheniensem
1675 5654 1837 5722 paulo
1861 5656 2080 5717 tectius,

504 5743 578 5781 ne
627 5726 774 5780 dicat
816 5726 1097 5790 Atticum,‘
1140 5740 1301 5795 quem
1352 5732 1541 5793 utpote
1592 5730 1984 5793 praepotentem
2030 5734 2087 5780 et

507 5796 953 5867 archiepiscopali
973 5798 1235 5868 dignitate
1261 5795 1550 5868 sublimem
1566 5796 1853 5868 nominare
1878 5804 2083 5868 metue-

504 5872 533 5926 l.
552 5876 631 5925 at.
661 5865 963 5939 αιτιοι-ὄψῃ
992 5865 1207 5925 Atticus
1237 5867 1502 5923 oriundus
1532 5875 1649 5921 erat
1678 5865 1903 5922 Sebaste
1947 5867 2083 5920 urbe

2209 1459 2349 1517 εἶναι
2382 1463 2585 1532 ὀλίγοις
2612 1464 2871 1537 ᾠήθησαν
2916 1465 3182 1539 πρότερον
3229 1466 3520 1539 ἐπιτρέψαι
3564 1466 3627 1520 τὸ
3654 1467 3797 1538 πρᾶ-

2208 1574 2346 1626 γμα,
2385 1558 2476 1612 καὶ
2502 1558 2664 1612 πέντε
2705 1559 3043 1624 ἐπισκόπους
3077 1560 3396 1625 ἐπιλέκτους
3429 1562 3503 1632 (g)
3552 1560 3796 1631 ψηφισάο

2213 1666 2391 1719 μενοι,
2421 1648 2515 1703 δύο
2543 1666 2602 1702 τε
2627 1648 3034 1721 πρεσϐυτέρους
3054 1652 3120 1704 ἐκ
3142 1652 3244 1721 τῆς
3272 1651 3518 1722 μεγάλης
3551 1651 3797 1725 Ῥώμης,

2213 1743 2309 1795 σὺν
2334 1743 2449 1804 τοῖς
2478 1740 2688 1794 ἐνθένδε
2719 1742 2795 1806 ὠς
2824 1743 3023 1806 αὐτοὺς
3045 1742 3547 1814 πρεσϐευσαμένοις
3570 1745 3794 1799 ἐπισκόο

2213 1852 2337 1897 ποις
2369 1833 2746 1904 ἐκπέμπουσι,
2785 1834 2955 1905 μηδὲν
2993 1835 3181 1907 ἕτερον
3213 1837 3539 1908 αἰτήσοντας
3576 1838 3667 1892 τὸν
3700 1838 3798 1908 βα·-

2212 1926 2386 1994 σιλέα,
2429 1929 2461 2000 ἢ
2496 1929 2717 1983 συνόδου
2742 1946 2803 1983 τε
2838 1930 3144 2002 ἐπιτροπὴν
3179 1931 3270 1985 καὶ
3292 1932 3417 2003 ὅρον
3447 1934 3508 1986 ἐν
3538 1932 3617 2005 τῷ
3651 1934 3800 2006 πρά-

2209 2037 2400 2091 γματι,
2431 2022 2620 2094 καιρόν
2648 2038 2707 2074 τε
2746 2025 2812 2094 τῇ
2842 2023 3165 2100 συνόδῳικαί
3190 2024 3411 2096 τρόπον.

2279 2117 2350 2180 γ’.
2406 2112 2493 2176 Ὠς
2523 2113 2579 2166 δὲ
2610 2108 2749 2166 εἶδεν
2787 2114 2982 2168 ἐαυτὸν
3011 2112 3201 2188 ὥσπερ
3237 2116 3343 2168 ὑπὸ
3371 2118 3669 2188 τρικυμίας
3696 2117 3802 2187 τῆς

2211 2205 2288 2277 (Ιι)
2340 2208 2397 2259 ἐν
2434 2207 2720 2279 ἑκατέροις
2767 2208 2940 2278 ἀκοῆς
2990 2208 3519 2281 περιαντλούμενονσ
3568 2214 3662 2266 καὶ
3706 2212 3801 2266 τὸν

2213 2298 2311 2369 μὲν
2338 2300 2431 2352 ἐπὶ
2460 2299 2645 2369 μεῖζον
2668 2299 2802 2369 ὐψος
2828 2301 3117 2372 αἰρόμενον
3155 2303 3360 2373 ἀρετῆς
3388 2320 3447 2356 τε
3484 2306 3580 2358 καὶ
3612 2304 3793 2377 δόξης,

2209 2392 2336 2455 τοὺς
2356 2391 2414 2444 δὲ
2460 2393 2884 2463 ἐνισταμένους,
2933 2395 3028 2448 καὶ
3080 2396 3264 2449 πᾶσαν
3305 2391 3448 2450 εἶναι
3494 2397 3803 2466 φάσκοντας

2210 2482 2460 2553 ἀνάγκην
2483 2484 2578 2537 τοῦ
2607 2483 2864 2553 γενέσθαι
2890 2484 3129 2550 σύνοδον,
3151 2485 3325 2539 ταῦτά
3348 2504 3407 2539 τε
3437 2487 3800 2560 βεϐουλευμέ-

2211 2593 2322 2640 νον,
2360 2575 2453 2630 καὶ
2493 2576 2588 2630 τοῦ
2637 2577 2968 2651 κρατοῦντος
3025 2580 3139 2634 ἄνω
3179 2580 3272 2634 τὸν
3316 2579 3545 2650 ἀδελφὸν
3593 2581 3654 2649 (ἰ)
3706 2582 3800 2635 τὸν

2211 2667 2425 2731 τούτου,
2457 2670 2511 2721 τί
2551 2673 2732 2735 ποιεί;
2769 2670 2873 2725 Τὸν
2902 2672 3043 2725 κατά
3080 2673 3179 2744 τῆς
3233 2674 3577 2745 Ἐκκλησίας,
3609 2676 3668 2729 ὃν
3692 2677 3799 2747 πρὸ

2215 2760 2445 2833 βραχέος
2466 2759 2639 2828 εἷπον,
2665 2763 3004 2818 ὐπεισελθὼν
3023 2767 3328 2838 στρατηγὸν
3366 2769 3454 2838 (j).
3477 2767 3653 2821 πείθει
3675 2771 3804 2833 τοὺς

2216 2855 2316 2925 μὲν
2343 2855 2625 2927 ἐκπέμψαι
2653 2858 2751 2910 σὺν
2780 2857 2994 2928 ἀτιμία,
3030 2857 3106 2922 ὡς
3131 2859 3199 2913 ἂν
3227 2859 3514 2932 ἀλλοτρίας
3538 2861 3800 2934 ἐπιϐεϐη-

2212 2949 2377 3011 κότας
2415 2948 2593 3019 ἀρχῆς
2615 2965 2628 2982 ο
2658 2951 2787 3013 τοὺς
2817 2951 2874 3003 δὲ
2928 2951 3143 3004 ἐνθένδε
3174 2952 3275 3019 τῆς
3304 2953 3482 3007 αὐτῶν
3510 2954 3804 3026 δεηθέντας

2216 3036 2489 3108 βοηθείας,
2521 3038 2597 3101 ὡς
2622 3040 2721 3111 τὴν
2763 3040 2949 3094 ἐνθάδε
2989 3041 3386 3113 ὑϐρισαμένους
3431 3044 3708 3114 βασιλείαν
3739 3062 3803 3100 τι

2212 3128 2309 3181 καὶ
2337 3128 2538 3199 κρίσιν,
2569 3129 2662 3182 ἐπὶ
2687 3129 2785 3202 τὴν
2815 3130 3115 3202 ὑπερορίαν
3148 3133 3488 3203 μεταστῆσαι
3520 3133 3626 3203 (Ιι)·
3652 3134 3805 3206 αὐτῴ

2213 3220 2270 3274 δὲ
2307 3221 2385 3293 τῷ
2427 3222 2568 3293 ἁγίῳ
2606 3222 2809 3294 τρόπον
2852 3225 3138 3296 ἐπινοῆσαι
3178 3223 3437 3295 τελευτῆς
3479 3224 3803 3297 χαλεπώτα-

2211 3329 2326 3377 τον,
2369 3315 2437 3384 ἢν
2466 3315 2526 3367 οὐ
2575 3315 2795 3387 σίδηρος
2826 3317 3108 3389 ἐποίησεν,
3153 3316 3267 3369 ἀλλ’
3297 3320 3330 3388 ή
3364 3318 3500 3372 πολὺ
3531 3318 3624 3371 τοῦ
3656 3319 3807 3390 σιδή-

2216 3424 2310 3478 ρου
2340 3407 2699 3481 χαλεπωτέρα
2729 3411 3000 3481 ἀπαγωγὴ
3033 3428 3095 3464 τε
3128 3412 3316 3484 μακρὰ
3360 3412 3454 3466 καί
3484 3413 3638 3476 νόσος
3668 3430 3803 3466 συν-

2213 3498 2515 3570 εζευγμένη
2562 3504 2766 3573 φυσικῇ
2828 3500 3080 3572 σώματος
3142 3502 3415 3574 ἀσθενείᾳ.
3467 3503 3579 3556 Καὶ
3628 3502 3807 3557 ταῦτα

2212 3588 2348 3659 όμοῦ
2380 3590 2791 3659 ἐϐουλεύσαντο,
2835 3593 3016 3647 καὶτὸ
3055 3593 3216 3665 ἔργον
3246 3595 3447 3648 εἵπετο.
3489 3596 3601 3648 Καὶ
3642 3596 3713 3648 τά
3739 3613 3806 3658 τε

2215 3680 2359 3735 κατά
2396 3682 2524 3744 τοὺς
2553 3681 2769 3745 ἄλλους,
2802 3682 2861 3736 ὃν
2891 3679 3044 3736 εἶπεν
3068 3685 3276 3746 ἐκεῖνος
3309 3679 3420 3753 εἶχε
3449 3683 3646 3754 τρόπον
3665 3702 3677 3713 ·
3706 3682 3805 3735 καὶ

2214 3776 2336 3829 τότε
2369 3774 2585 3847 πρῶτον
2610 3779 2974 3836 κατεπατεῖτο
2999 3776 3165 3846 νόμος
3186 3778 3214 3829 ὁ
3239 3774 3497 3846 περὶτῶν
3513 3774 3803 3846 πρέσϐεων

2215 3868 2426 3938 ἱερέων,
2470 3869 2599 3940 περὶ
2639 3869 2862 3941 εἰρήνης
2905 3885 2964 3920 τε
3010 3868 3477 3943 ἐκκλησιαστικῆς
3518 3868 3611 3928 καὶ
3664 3868 3800 3938 ὀμο-

2212 3960 2363 4023 νοίας
2389 3962 2575 4029 κοινῆς
2611 3960 3085 4031 πρεσϐευομένων.

2281 4052 2345 4106 δ’.
2401 4053 2511 4105 Καὶ
2545 4046 2704 4113 αὖθις
2741 4051 2843 4121 τὴν
2882 4048 3146 4120 ταχίστην
3189 4049 3567 4120 ἐκπέμπονται
3615 4051 3802 4123 δήμιοι

2211 4145 2371 4218 θυμῷ
2388 4162 2445 4198 τε
2473 4145 2570 4199 καὶ
2597 4144 2785 4216 ἡλικίᾳ
2808 4141 3046 4208 ζέοντες,
3068 4140 3232 4216 ἔρωτι
3255 4158 3315 4193 τε
3342 4143 3628 4214 λήμματος
3644 4143 3803 4197 καιόε

2219 4256 2393 4311 μενοι,
2422 4238 2481 4293 δν
2512 4238 2697 4301 αὐτοῖς
2723 4236 2969 4306 ὑπέφηνε
3006 4237 3068 4289 τὸ
3098 4236 3194 4291 τοῦ
3224 4237 3549 4311 πράγματος
3574 4237 3788 4309 κέρδος,

2212 4333 2306 4386 ἐπὶ
2352 4333 2415 4385 τὸ
2449 4331 2541 4385 τὸν
2580 4330 2790 4384 δίκαιον
2823 4330 3034 4384 ἀνελεῖν
3064 4330 3122 4384 ὃν
3158 4331 3225 4385 ἂν
3265 4331 3535 4401 βούλοιντο
3573 4331 3796 4402 τρόπον.

2210 4426 2274 4478 Οἳ
2306 4426 2401 4478 καὶ
2433 4423 2843 4488 ἐπανελθόντες,
2885 4423 2986 4494 τὴν
3035 4425 3135 4495 μὲν
3163 4424 3418 4495 τελευτὴν
3446 4423 3541 4476 τοῦ
3584 4423 3805 4495 Πατρὸςς

2209 4516 2646 4587 ἀπαγγέλλοντες
2686 4518 3091 4588 κατεμήνυσαν,
3122 4516 3215 4571 τὸν
3258 4517 3317 4570 δὲ
3356 4516 3558 4589 ταύτης
3595 4517 3797 4588 τρόπον

2209 4610 2461 4678 λέγοντες
2493 4610 2652 4664 ἄλλον
2681 4608 2860 4673 ἄλλος.
2904 4609 2968 4661 Ἦ
2976 4610 3084 4679 μᾶς
3116 4610 3170 4661 τί
3214 4608 3344 4680 περὶ
3373 4609 3543 4680 αὐτῆς
3571 4609 3798 4662 ἀκόλου-

2209 4701 2301 4754 θον
2333 4703 2556 4764 ἐννοεῖν,
2586 4701 2648 4754 οὐ
2679 4699 2989 4753 πείθουσιν·
3021 4698 3097 4762 ὼς
3139 4699 3247 4769 ἄρα
3292 4697 3571 4760 ἀνελόντες
3627 4697 3794 4751 αὐτὸν

2205 4793 2470 4865 ἐκϐοῆσαι
2512 4795 2575 4846 τὸ
2626 4793 2860 4865 πρᾶγμα
2903 4791 3222 4855 δεδοίκασιν,
3265 4789 3296 4860 ἢ
3338 4787 3794 4859 κατακρύψαντες

2202 4889 2367 4941 αὐτὸν
2417 4886 2744 4957 ἐπανῆλθον,
2788 4889 2854 4958 τῇ
2900 4886 3030 4957 περὶ
3071 4884 3167 4938 τοῦ
3213 4882 3448 4937 θανάτου
3498 4881 3658 4953 φήμῃ
3692 4880 3789 4933 τοῦ

2204 4981 2425 5053 φίλτρου
2459 4982 2586 5051 περ)⁵
2631 4980 2795 5033 αὑτὸν
2823 4980 2886 5032 τὸ
2921 4978 3126 5048 πλῆθος
3178 4975 3518 5038 ἐκλύσοντες.
3560 4974 3624 5026 Εἰ
3688 4972 3799 5044 μὲν

2201 5159 2573 5236 Armeniae._et
2592 5178 2658 5217 ex
2680 5161 2831 5236 clero
2846 5157 3317 5236 constantinopoli
3327 5168 3460 5236 tano_
3469 5168 3789 5236 assumptus

2199 5233 2268 5287 ad
2318 5232 2655 5288 cathedram.
2694 5229 2857 5287 Male't
2905 5233 3088 5300 itaque
3132 5231 3364 5286 fortasse
3411 5229 3638 5299 aliquis,
3697 5245 3788 5284 me

2198 5303 2420 5372 quidem
2447 5304 2590 5358 haud
2615 5303 3039 5366 contradicturo,
3070 5302 3374 5374 intelligere
3399 5300 3784 5374 Athenaidem,

2198 5371 2315 5427 sive
2348 5375 2649 5429 Eudoxiam
2684 5381 2990 5444 augustam,
3024 5371 3636 5427 Leontii'Atheniensis
3659 5371 3786 5441 phi-

2195 5444 2409 5515 losophi
2471 5444 2654 5508 ﬁliam,
2711 5445 2912 5499 deinde
2940 5444 3306 5515 Acxrethnica,
3363 5444 3543 5515 Attico
3562 5450 3784 5515 _nostro

2194 5513 2483 5586 erudiente
2502 5523 2557 5569 et
2588 5516 2902 5586 baptizante
2924 5513 3315 5577 Christianam,
3342 5528 3489 5568 anno
3516 5513 3643 5579 421,
3668 5528 3779 5583 quo

2193 5585 2500 5642 Theodosio
2528 5585 2672 5657 imp;
2700 5586 2906 5656 nupsit.

2269 5676 2337 5748 (c)
2373 5676 2712 5731 Sozomenus
2752 5676 2854 5748 lib.
2888 5693 3008 5738 γιιι,
3036 5677 3126 5741 27,
3181 5675 3384 5748 aliique
3414 5682 3639 5730 narrant
3682 5687 3780 5745 pa-

2195 5746 2340 5803 trata
2368 5748 2423 5802 in
2452 5748 2646 5804 exsilio
2675 5763 2707 5802 a
2737 5746 3126 5819 Chrysostomo
3156 5746 3370 5820 egregia
3409 5761 3595 5817 opera.

2265 5863 2341 5935 (ά)
2400 5863 2645 5935 lntellige
2696 5861 3069 5934 Olympiadem
3115 5879 3180 5919 ex
3224 5862 3483 5919 Nebridio
3534 5860 3776 5928 viduam.
