4114 6392
376 379 485 426 ειν

1502 373 1590 425 DE
1628 372 1684 427 S.
1724 370 1991 428 JOANNE
2030 372 2567 433 CHRYSOSTOMO.

3530 400 3671 445 κιη

381 523 3630 578 m

973 696 1394 790 SANCTI
1471 700 1895 792 PATRIS
1969 704 2410 801 NOSTRI
2488 713 3088 808 MARTYRII

1629 898 1969 961 EPISCOPI
1988 903 2399 963 ANTIOCHLE

663 1049 756 1106 EX
792 1050 1239 1109 LAUDATIONE
1277 1051 1350 1108 IN
1385 1052 1714 1112 SANCTUM
1744 1055 2027 1114 PATREM
2062 1060 2402 1120 NOSTRUM
2443 1062 2764 1122 JOANNEM
2802 1068 3391 1129 CHRYSOSTOMUM.

1286 1143 1891 1207 ARCHIEPISCOPUM
1930 1150 2715 1217 CONSTANTINOPOLEOS.

449 1440 499 1494 l.
528 1439 635 1496 Sed
684 1439 793 1508 jam
839 1447 1055 1512 tempus
1100 1457 1201 1496 nos
1257 1452 1415 1499 vocat
1458 1447 1527 1502 ad
1567 1445 1743 1503 Patris
1773 1458 1967 1519 marty-

374 1532 518 1587 rium
556 1550 568 1585 :
604 1533 922 1604 martyrium
945 1575 959 1600 ,
994 1534 1237 1604 inquam,
1294 1538 1440 1606 quod
1474 1537 1690 1593 Patrem
1745 1540 1965 1610 quidem

376 1628 494 1698 ipsa
528 1628 605 1682 rei
635 1637 828 1683 natura
859 1639 1102 1694 coronat,
1146 1631 1241 1685 Dei
1284 1647 1416 1687 vero
1445 1650 1716 1691 summam
1749 1638 1967 1708 sapien-

375 1722 507 1776 tiam
561 1721 967 1793 potentiamque
1019 1724 1368 1794 depraedicat,
1420 1728 1513 1797 qui
1563 1730 1859 1784 utilitatem
1895 1746 1964 1785 ex

374 1814 551 1870 noxiis
580 1816 879 1871 extundere
908 1816 1082 1871 novit.
1100 1818 1317 1873 Etenim
1343 1835 1468 1874 cum
1502 1821 1585 1876 vir
1607 1833 1835 1879 sanctus
1866 1824 1968 1879 hac

374 1924 436 1965 se
471 1925 673 1967 corona
716 1911 939 1983 dignum
970 1911 1161 1967 haberi
1192 1917 1553 1984 percuperet‘,
1587 1932 1767 1987 neque
1800 1917 1853 1973 id
1887 1927 1967 1973 ta-

372 2018 498 2057 men
532 2011 779 2072 tempora
811 2003 1198 2067 concederent,
1233 2016 1523 2075 postquam
1556 2007 1759 2078 impius
1784 2010 1968 2067 cultus

373 2094 634 2166 depulsus
658 2094 779 2159 fuit,
807 2111 933 2149 vera
961 2104 1144 2151 autem
1173 2097 1360 2168 religio
1392 2108 1564 2154 totum
1594 2101 1780 2156 orbem
1802 2118 1968 2158 occu-

373 2187 562 2256 pavit:
586 2187 828 2259 martyrii
855 2202 1028 2259 genus
1053 2188 1326 2258 quoddam
1353 2190 1674 2246 adinvenire
1697 2233 1711 2257 ,
1735 2193 1879 2263 quod
1915 2194 1968 2249 ei

373 2280 625 2339 homines
663 2281 824 2336 ovina
866 2280 1007 2350 pelle
1035 2280 1215 2336 induti
1245 2282 1451 2353 (Matth.
1487 2301 1580 2349 vn,
1617 2286 1728 2355 15),
1766 2287 1969 2343 vellent

372 2374 600 2439 nollent,
630 2374 915 2438 inferrent,
938 2388 1123 2428 nonne
1150 2374 1350 2430 divinae
1381 2377 1665 2447 sapientia:
1690 2380 1972 2448 potentiae-

372 2482 481 2537 que
511 2481 651 2537 opus
682 2466 1018 2522 credendum
1067 2468 1199 2522 est?
1236 2466 1523 2535 Quomodo
1563 2472 1728 2543 igitur
1770 2474 1889 2530 haec
1917 2476 1968 2530 ei

373 2574 575 2615 corona
607 2566 861 2614 contexta
889 2558 995 2613 fuit
1024 2560 1048 2614 ?

443 2652 499 2706 2.
542 2651 603 2706 ln
631 2652 737 2708 hoc
765 2652 961 2715 medio,
983 2662 1043 2707 ut
1065 2654 1196 2719 dixi,
1217 2670 1401 2711 rerum
1427 2673 1614 2722 cursu,
1638 2674 1705 2713 ex
1738 2668 1971 2730 utraque

374 2744 486 2799 vita
505 2745 720 2799 decedit
751 2760 948 2810 senex;
976 2747 1025 2800 is
1055 2747 1148 2817 qui
1190 2750 1247 2802 in
1293 2750 1395 2805 hac
1436 2750 1548 2807 vita
1586 2751 1733 2805 illam
1760 2752 1966 2808 amise-

376 2847 478 2900 rat,
512 2846 567 2891 et
592 2852 698 2891 una
726 2854 851 2892 cum
898 2837 989 2894 illa
1031 2839 1175 2895 hanc
1216 2842 1416 2897 amisit.
1444 2842 1639 2910 Fitqne
1684 2852 1806 2915 post
1839 2859 1966 2900 eum

379 2929 708 3001 (episcopus)
741 2930 851 2995 ille,
879 2931 974 3000 qui
1003 2946 1101 3000 per
1135 2925 1288 2981 illum
1310 2927 1965 3010 ea_quaesibiplacuerant

376 3030 570 3075 cuncta
596 3020 800 3076 fecerat
826 3037 840 3086 ;
869 3030 1068 3091 putans
1098 3021 1321 3091 quidem
1347 3021 1537 3088 latere,
1576 3023 1854 3078 neminem
1886 3032 1966 3079 ta-

376 3130 500 3168 men
535 3114 731 3168 latens.
785 3112 883 3167 Hic
915 3129 1045 3185 ergo
1074 3114 1255 3169 stultis
1287 3122 1491 3184 gratus,
1525 3124 1581 3169 et
1621 3115 1853 3172 blandus
1879 3126 1967 3172 at-

374 3220 481 3277 que
538 3205 905 3260 assentatione
966 3204 1324 3271 redundans,
1367 3205 1581 3260 cunctis
1628 3209 1967 3276 persuadens

376 3297 510 3354 nihil
534 3299 646 3370 jam
695 3314 981 3368 superesse
1026 3312 1216 3353 eorum
1242 3312 1364 3369 quae
1398 3307 1529 3353 tunc
1560 3298 1767 3354 fecerat
1794 3317 1808 3365 ;
1842 3317 1966 3356 cum

373 3389 557 3458 jurare
588 3405 725 3459 opus
748 3398 895 3445 esset
920 3388 1059 3467 nihil
1095 3404 1286 3444 eorum
1322 3388 1465 3443 scire
1490 3405 1612 3459 qua:
1656 3398 1785 3446 tunc
1817 3391 1969 3447 dice-

380 3492 479 3546 ret,
510 3480 860 3535 Atheniensis
888 3495 1086 3551 nempe
1114 3480 1324 3535 daemon
1346 3522 1362 3545 ,
1391 3480 1587 3535 Atticae
1611 3482 1966 3551 superstitio-

376 3572 462 3629 nis
496 3573 837 3644 symbolum;
881 3573 987 3638 hic,
1034 3572 1279 3642 inquam,
1314 3573 1521 3643 duplici
1581 3573 1728 3629 fama
1777 3576 1967 3631 audita

377 3664 791 3733 percellebatur,
829 3664 1005 3733 primo
1051 3663 1120 3718 de
1164 3664 1341 3719 sancti
1387 3665 1489 3719 viri
1522 3664 1686 3720 factis
1715 3667 1964 3737 egregiis,

376 3773 496 3828 quae
535 3758 594 3813 in
622 3739 840 3813 deserto
865 3757 1030 3813 etiam
1056 3760 1392 3815 constitutus
1413 3760 1689 3829 patrabat,
1706 3761 1970 3831 plurimas

378 3849 657 3904 hominum
686 3846 897 3902 animas
924 3863 992 3902 ex
1019 3847 1373 3903 barbarorum
1398 3848 1653 3905 manibus
1694 3850 1970 3906 redimens

377 3937 565 4007 paucis
609 3937 715 3992 illis
740 3953 806 3992 ac
830 3936 1176 4008 pauperculis
1204 3952 1328 4007 quae
1351 3937 1402 3991 ei
1433 3949 1756 4009 supererant
1795 3940 1970 3995 facul-

376 4031 578 4086 tatibus
596 4047 610 4096 ;
628 4031 762 4086 alias
786 4041 967 4086 autem
996 4031 1194 4086 diaboli
1220 4031 1428 4101 laqueis
1444 4033 1702 4103 eripiens,
1718 4049 1783 4088 ea
1804 4051 1968 4104 quam

376 4122 479 4176 sibi
510 4121 694 4177 labore
725 4132 782 4177 et
829 4122 922 4176 Dei
964 4122 1234 4176 beneficio
1261 4132 1673 4192 comparaverat
1714 4124 1969 4195 cloquen-

377 4212 493 4275 tia;
520 4212 714 4282 partim
737 4212 972 4282 denique
1004 4210 1147 4266 fame
1181 4224 1238 4266 et
1275 4212 1466 4267 exsilio
1503 4213 1734 4268 afllictos
1765 4221 1977 4269 sanctae

375 4288 551 4360 viduae
578 4304 828 4360 nutriens
852 4304 1101 4370 cibariis;
1128 4305 1463 4359 monasteria
1484 4306 1617 4376 quin
1642 4306 1807 4361 etiam
1834 4322 1967 4362 con-

375 4400 511 4454 dens
530 4399 587 4453 in
612 4398 925 4471 regionibus
947 4397 1093 4453 eaade
1115 4406 1172 4452 et
1197 4397 1387 4467 rapina
1415 4398 1599 4454 vivere
1624 4399 1796 4453 solitis
1816 4417 1830 4465 ;
1848 4414 1970 4469 qua:

377 4489 560 4544 omnia
602 4489 909 4544 universam
954 4504 1172 4558 quoque
1216 4487 1523 4544 Antiochiae
1565 4488 1843 4543 civitatem
1899 4490 1968 4544 ad

376 4598 501 4637 eum
525 4580 942 4636 transferebant.
970 4580 1177 4635 Deinde
1203 4580 1650 4635 commovebatur
1665 4579 1966 4649 justissimo

376 4673 745 4728 Romanorum
770 4671 997 4742 judicio,
1038 4670 1131 4741 qui
1162 4685 1359 4742 magna
1401 4680 1728 4742 congregata
1754 4670 1969 4740 episco-

375 4781 571 4837 porum
597 4764 964 4827 multitudine,
997 4763 1257 4819 volebant
1290 4763 1438 4819 illico
1466 4778 1661 4818 omnes
1688 4771 1843 4818 tanto
1865 4779 1970 4817 nu-

376 4874 526 4914 mero
588 4858 888 4930 grandique
949 4858 1200 4928 impensa
1257 4856 1795 4927 Constantinopolim
1847 4855 1968 4912 sine

376 4967 528 5007 mora
555 4950 745 5006 venire
782 4950 933 5022 pacis
964 4950 1145 5006 studio
1175 4949 1434 5020 impulsi;
1475 4949 1571 5006 sed
1605 4957 1790 5005 tamen
1827 4965 1968 5020 pau-

375 5132 533 5201 cujus
558 5147 693 5201 opes
736 5131 804 5185 ad
841 5145 1034 5185 manus
1072 5129 1244 5183 sancti
1280 5129 1376 5182 viri
1411 5128 1626 5189 delatae,
1670 5128 1725 5181 in
1756 5143 1965 5197 paupe-

379 5219 467 5257 res
493 5212 550 5256 et
576 5201 822 5271 captivos
852 5202 1254 5256 redundabant.

452 5273 520 5343 (e)
572 5268 861 5327 Antiochia
896 5272 1196 5341 praesertim
1226 5270 1350 5343 civi
1396 5286 1496 5343 suo
1542 5270 1758 5343 favebat
1782 5268 1966 5343 Chry-

377 5340 636 5408 sostomo,
674 5344 830 5409 cuius
859 5340 1153 5397 uberrimae
1190 5341 1520 5410 eloquentiae
1550 5340 1711 5395 toties
1743 5341 1967 5410 plause-

376 5425 483 5469 rat.
510 5413 591 5467 Ad
620 5414 992 5469 Antiochenos
1018 5426 1187 5482 prope
1217 5409 1536 5465 innumeras
1558 5411 1804 5482 misit_ab
1826 5409 1968 5465 exsi-

380 5486 454 5541 lio
488 5495 712 5541 sanctus
739 5485 825 5538 vir
851 5480 1130 5554 epistolas,
1167 5489 1226 5554 ut
1253 5481 1452 5536 dicitur
1478 5482 1533 5534 in
1564 5481 1683 5554 ejus
1707 5480 1853 5536 Vita.

455 5556 521 5627 (ι’)
554 5554 819 5627 lntelligit
843 5550 1140 5627 concilium
1174 5551 1485 5608 Romanum
1515 5553 1617 5606 sub
1649 5550 1968 5608 Innocentio

378 5624 657 5699 pro'cansa
680 5624 1080 5699 Chrysostomi.

455 5701 526 5767 (g)
562 5696 767 5770 llorum
796 5688 1021 5754 nomina
1055 5696 1313 5770 leguntur
1345 5692 1489 5765 apud
1514 5688 1813 5749 Palladium
1838 5690 1972 5747 Dia-

381 5768 483 5841 ὥς.
511 5785 631 5841 cap.
665 5769 719 5841 4.

453 5843 527 5911 (hi
566 5839 701 5895 Cod.
733 5842 862 5903 τοῖς.

1983 1319 2048 1332 ῳ

2075 1449 2154 1505 cis
2183 1450 2389 1521 aliquot
2420 1463 2757 1509 censuerunt
2780 1463 2940 1511 antea
2988 1457 3439 1517 committendum
3488 1480 3657 1538 nego-

2073 1541 2230 1604 tium,
2267 1552 2322 1598 et
2372 1544 2613 1615 quinque
2648 1547 2851 1603 electos
2894 1548 3116 1605 decreto
3143 1551 3461 1624 episcopos,
3493 1557 3660 1613 duos-

2070 1653 2177 1706 que
2211 1654 2275 1691 ex
2315 1655 2510 1710 magna
2552 1639 2724 1694 Roma
2750 1644 3116 1715 presbyteros,
3144 1662 3248 1703 una
3279 1664 3402 1704 cum
3433 1651 3540 1709 illis
3563 1653 3663 1724 qui

2071 1727 2200 1782 hinc
2220 1728 2288 1782 ad
2312 1728 2587 1784 Romanos
2619 1730 2849 1800 profecti
2879 1744 3036 1789 erant
3055 1737 3345 1809 episcopis,
3367 1741 3657 1808 miserunt,

2070 1820 2207 1875 nihil
2254 1822 2402 1877 aliud
2450 1824 2518 1879 ab
2558 1824 2885 1894 imperatore
2926 1829 3227 1899 petituros,
3264 1848 3427 1901 quam
3466 1838 3659 1908 synodi

2071 1913 2410 1970 celebrandae
2442 1915 2757 1987 decretique
2806 1934 2873 1974 eo
2914 1934 3082 1991 super
3126 1924 3344 1994 negmio
3388 1927 3667 1984 condendi

2070 1999 2405 2070 facultatem,
2435 2020 2539 2059 nec
2566 2021 2675 2060 non
2708 2008 2897 2078 synodi
2928 2018 3144 2081 tempus
3176 2028 3240 2068 ac
3270 2015 3514 2070 modum.

2142 2096 2195 2150 5.
2235 2094 2373 2150 Cum
2413 2096 2597 2167 itaque
2653 2113 2709 2152 se
2753 2109 3004 2156 cerneret
3056 2101 3358 2177 (Atticus)
3404 2114 3660 2178 tanquam

2072 2185 2262 2256 grandi
2298 2184 2465 2240 (luctu
2489 2187 2574 2241 his
2612 2188 2814 2243 auditis
2846 2191 3111 2262 utrinque
3166 2194 3324 2249 obrui
3353 2213 3368 2261 ;
3421 2205 3477 2252 et
3507 2198 3661 2254 illum

2074 2276 2605 2351 (Chrysostomum)
2637 2281 2856 2350 quidem
2889 2283 2957 2338 ad
2985 2299 3259 2340 summum
3291 2287 3514 2344 virtutis
3543 2292 3663 2347 cul-

2070 2384 2198 2424 men
2228 2371 2525 2442 gloriaeque
2572 2373 2797 2439 elatum,
2859 2374 2961 2431 hos
3014 2386 3198 2433 autem
3257 2380 3549 2451 instantes,
3605 2394 3664 2441 et

2072 2462 2340 2534 synodum
2395 2464 2622 2520 omnino
2653 2467 3020 2523 necessariam
3068 2470 3333 2538 dicentes,
3378 2483 3542 2545 atque
3586 2477 3662 2534 ita

2069 2565 2392 2611 censentem
2443 2557 2608 2612 etiam
2670 2559 3018 2629 imperatoris
3082 2563 3346 2634 majorem
3392 2565 3659 2636 fratrem;

2073 2650 2202 2720 quid
2243 2651 2398 2723 agit?
2422 2651 2574 2707 illum
2603 2653 2815 2719 adiens,
2845 2671 3009 2725 quem
3037 2658 3199 2728 paulo
3219 2670 3346 2715 ante
3372 2662 3669 2732 appellavi,

2068 2744 2359 2799 inimicum
2397 2745 2660 2802 Ecclesiae
2695 2746 2910 2813 ducem,
2954 2750 3146 2805 suadet
3172 2752 3221 2806 ei
3252 2765 3311 2806 ut
3333 2751 3662 2810 Occidenta-

2068 2836 2148 2892 les
2174 2838 2399 2908 quidem
2425 2839 2733 2911 episcOpos,
2769 2850 2961 2912 utpote
3004 2844 3063 2899 in
3105 2844 3338 2899 alienam
3396 2847 3665 2905 ditionem

2066 2927 2366 3000 ingressos,
2399 2946 2525 2985 cum
2560 2931 2858 3002 ignominia
2891 2934 3129 3004 expellat
3156 2952 3171 3001 ;
3204 2945 3424 2993 nostros
3477 2947 3665 2995 autem

2067 3019 2162 3089 qui
2191 3020 2565 3077 Romanorum
2622 3023 2884 3078 auxilium
2939 3025 3383 3096 imploraverant,
3429 3043 3531 3083 ceu
3569 3029 3664 3100 qui

2071 3112 2361 3182 imperium
2392 3124 2643 3169 nostrum
2669 3116 3047 3186 iudiciumque
3090 3117 3380 3184 laesissent,
3430 3119 3489 3174 in
3519 3122 3666 3176 exsi-

2071 3203 2204 3258 lium
2237 3205 2526 3270 mitteret;
2560 3205 2661 3276 ipsi
2684 3217 2867 3261 autem
2904 3216 3094 3262 sancto
3116 3209 3232 3263 viro
3262 3210 3457 3265 mortis
3486 3226 3664 3283 genus

2070 3297 2433 3367 asperrimum
2462 3296 2825 3360 adinvenirct,
2850 3314 3014 3368 quam
3038 3316 3147 3354 non
3171 3300 3378 3355 ferrum
3409 3301 3663 3370 inferret,

2071 3388 2168 3444 sed
2195 3387 2342 3441 ferro
2368 3386 2542 3441 multo
2576 3387 2859 3442 molestior
2894 3388 2952 3442 in
2984 3388 3333 3460 longinquam
3382 3392 3663 3463 regionem

2071 3478 2347 3541 abductio,
2382 3488 2438 3534 et
2463 3479 2687 3534 morbus
2724 3480 2960 3551 physicw
3011 3483 3257 3551 corporis
3296 3483 3664 3543 imbecillitati

2070 3571 2418 3642 conjunctus.
2444 3571 2571 3627 Haec
2591 3571 2699 3627 duo
2724 3573 2801 3627 illi
2825 3573 2989 3628 simul
3007 3574 3398 3642 deliberarunt,
3421 3587 3477 3633 et
3496 3594 3671 3649 Opera.

2072 3663 2363 3717 subsecuta
2391 3670 2495 3717 est.
2521 3662 2589 3717 Et
2623 3664 2770 3733 quod
2799 3664 3019 3734 quidem
3054 3666 3121 3720 ad
3160 3666 3298 3722 alios
3326 3668 3541 3733 attinet,
3574 3685 3663 3724 res

2072 3771 2197 3810 eum
2232 3772 2395 3825 quem
2450 3756 2542 3810 ille
2588 3757 2762 3810 voluit
2785 3756 2993 3812 exitum
3033 3767 3193 3814 nacta
3238 3767 3368 3825 est;
3424 3769 3665 3833 tuncque

2073 3848 2312 3918 primum
2339 3849 2642 3919 legatorum
2693 3850 3077 3920 episcOporum
3130 3852 3222 3921 jus
3281 3854 3664 3910 conculcatum

2075 3937 2198 4002 fuit,
2228 3947 2284 3993 et
2310 3938 2533 4009 quidem
2555 3938 2705 4008 pacis
2735 3938 3119 3995 ecclesiasticae
3156 3956 3320 3996 causa
3346 3949 3403 3998 et
3442 3944 3666 4000 univer-

2077 4028 2205 4084 salis
2233 4030 2544 4084 concordize
2572 4028 2895 4084 missorum-

2146 4123 2201 4177 4.
2239 4121 2380 4176 Ecce
2405 4130 2587 4175 autem
2616 4121 2801 4175 statim
2834 4122 3129 4177 mittuntur
3174 4125 3461 4182 carniﬁces
3501 4128 3666 4198 juve-

2076 4212 2169 4265 nili
2202 4211 2385 4266 furore
2400 4210 2676 4274 ardentes,
2701 4218 2757 4264 et
2780 4210 2918 4264 lucri
2943 4227 3129 4265 amore
3153 4212 3492 4283 inflammati,
3518 4218 3669 4287 quod

2076 4304 2157 4358 eis
2204 4301 2280 4357 rei
2312 4302 2526 4357 occasio
2572 4302 2911 4373 spondebat,
2951 4302 3162 4372 justum
3219 4304 3399 4360 virum
3449 4323 3514 4363 ea
3558 4325 3668 4379 qua

2076 4397 2283 4451 vellent
2313 4396 2525 4449 ratione
2561 4394 2869 4450 occidendi.
2903 4394 3081 4467 Hique
3110 4406 3301 4466 postea
3344 4401 3550 4457 reversi
3598 4403 3668 4458 de

2078 4487 2254 4543 Patris
2287 4487 2442 4543 obitu
2471 4488 2724 4542 nuntium
2763 4488 3087 4555 attulerunt,
3133 4492 3293 4559 cujus
3321 4493 3544 4548 modum
3573 4493 3668 4550 alii

2076 4581 2232 4636 aliter
2261 4581 2607 4635 enarrabunt.
2641 4580 2809 4635 Nobis
2858 4588 3007 4635 certe
3059 4582 3193 4653 quid
3236 4584 3305 4639 de
3363 4583 3457 4639 illo
3512 4586 3669 4641 obitu

2078 4673 2423 4728 sentiendum
2453 4672 2544 4735 sit,
2574 4688 2688 4726 non
2726 4673 3061 4741 persuadent
3088 4693 3101 4730 :
3140 4685 3343 4741 utrum,
3377 4676 3468 4730 illo
3501 4676 3670 4732 inter-

2076 4765 2241 4827 tecto,
2277 4779 2391 4818 rem
2435 4763 2653 4834 publice
2676 4763 2895 4819 edicere
2936 4766 3167 4820 timeant
3192 4807 3208 4833 ,
3270 4783 3340 4821 an
3370 4783 3436 4822 eo
3468 4768 3665 4824 alicubi

2076 4855 2348 4910 occultato
2377 4855 2659 4921 redierint,
2710 4855 2853 4910 fama
2901 4857 2970 4913 de
3001 4858 3120 4927 ejus
3154 4858 3306 4913 obitu
3336 4874 3553 4928 sparsa,
3605 4869 3668 4915 ut

2076 4947 2261 5019 populi
2306 4963 2435 5020 erga
2487 4965 2610 5003 eum
2643 4950 2886 5005 studium
2938 4951 3213 5007 sedarent.
3271 4950 3434 5007 Certe
3472 4950 3519 5006 si
3574 4952 3667 5008 ille

2143 5125 2207 5195 (ἰ)
2252 5126 2394 5197 Dicit
2430 5124 2738 5197 Honorium
2766 5126 2948 5197 _imp.,
2983 5127 3140 5197 cujus
3178 5128 3538 5185 vehementes
3569 5130 3667 5185 lit~

2074 5204 2205 5251 ter-ae
2240 5197 2306 5252 ad
2340 5196 2565 5251 fratrem
2604 5195 2897 5268 Arcadium
2931 5198 2999 5252 de
3031 5195 3141 5253 tota
3186 5199 3277 5252 illa
3301 5200 3561 5268 tragmdia
3613 5200 3669 5255 in

2072 5265 2647 5341 causaChrysostomi
2696 5276 2913 5322 exstant
2946 5268 3112 5323 etiam
3160 5277 3309 5323 tomo
3336 5265 3409 5326 lli
3437 5286 3671 5341 operum

2161 5339 2285 5393 524.

2071 5354 2123 5407 p'
2146 5354 2388 5478 (fill-Erat
2422 5409 2513 5463 hic
2540 5409 2863 5464 Valerianus
2885 5408 3136 5481 militaris
3161 5411 3291 5477 dux,
3319 5411 3402 5465 vel
3432 5410 3669 5481 Optatns

2072 5480 2225 5533 urbis
2255 5480 2576 5553 praefectus,
2604 5482 2671 5536 de
2710 5495 2952 5553 quorum
2992 5480 3256 5553 alterutro
3286 5480 3575 5553 Martyrius
3612 5483 3671 5538 in

2080 5560 2235 5619 parte
2280 5551 2611 5606 laudationis
2654 5551 2855 5606 amissa
2901 5550 3132 5607 dixerat.
3189 5552 3266 5608 De
3310 5553 3396 5608 his
3427 5550 3499 5609 in
3546 5553 3675 5610 Vita

2081 5621 2454 5691 Chrysostomi

2158 5692 2232 5764 (Ic)
2259 5692 2405 5764 Lege
2428 5692 2741 5764 Palladium
2785 5709 2902 5764 cap.
2936 5694 3027 5762 20,
3062 5709 3166 5751 nec
3195 5710 3311 5752 non
3340 5695 3533 5752 citatas
3559 5693 3677 5749 Hoc

2083 5762 2224 5819 norii
2257 5762 2386 5834 imp.
2424 5763 2661 5821 litteras.
2851 5762 2868 5764 “
3584 5798 3593 5807 -
