4114 6392
463 362 611 402 XLVII

462 456 555 514 οὖν
591 459 669 513 ἔτι
703 458 982 531 περίεστιν
1008 458 1109 531 (α),
1141 459 1385 531 ὀψόμεθά
1408 478 1539 515 ποτε
1582 462 1765 527 αὐτὸν,
1800 460 2043 529 ἀδελφοὶ.

463 549 607 605 κατά
647 550 739 604 τὸν
790 553 989 624 Ἰωσὴφ
1044 554 1138 606 ἐπὶ
1184 553 1280 607 τοῦ
1326 553 1519 625 θρόνου
1569 554 1901 625 καθήμενον,
1952 554 2047 607 καὶ

467 644 842 699 σιτοδοτοῦντα
882 649 1016 700 πᾶσι
1043 648 1141 719 τὴν
1191 647 1822 719 πνευματικὴνιτροφήν.
1871 647 1934 699 Et
1990 646 2047 698 δὲ

463 738 755 801 δντωςέπὶ
784 738 882 810 τὴν
904 738 1165 810 ἀληθινὴν
1203 740 1439 810 μετέστη
1472 740 1638 809 ζωὴν,
1666 741 1765 793 καὶ
1792 739 1928 809 πρὸς
1955 737 2045 790 τὸν

464 829 629 883 ποθού
639 832 1161 903 μενονέπανέδραμε
1179 833 1436 904 Χριστὸν,
1453 832 1647 904 ἔχομεν
1665 831 2042 904 πρεσϐεύοντα

463 919 608 991 ὑπὲρ
630 920 786 991 ήμῶν
812 920 1086 992 μάρτυρα.
1119 921 1423 992 Δεξάμενος
1451 922 1508 975 δὲ
1540 923 1722 975 οὐτοσὶ
1747 919 2044 992 (Ἀττικὸς)

462 1013 564 1086 τὴν
590 1013 834 1086 ποθητὴν
865 1015 1058 1086 ἀκοὴν,
1090 1016 1183 1068 καὶ
1209 1015 1467 1087 προσθεὶς
1490 1016 1684 1087 ἡδονὴν
1712 1014 1790 1084 τῷ
1817 1013 1910 1067 τοῦ
1942 1013 2047 1065 σώ-

468 1124 638 1178 ματος
665 1107 837 1179 ὄγκῳ.
874 1108 1284 1180 φιλανθρωπίαν
1333 1110 1508 1173 ἐνδὺς,
1536 1107 1740 1181 ἤρξατο
1790 1107 2046 1179 περιτρέ-

463 1216 581 1270 χειν
621 1198 900 1263 ἅπαντας,
936 1200 1181 1270 ἀλείφειν
1223 1218 1284 1253 τε
1326 1201 1420 1255 καὶ
1473 1199 1799 1271 θεραπεύειν
1844 1199 2041 1267 λόγοις,

463 1294 560 1359 οὒς
609 1296 913 1365 κατέτεμεν
957 1294 1161 1368 ἔργοις,
1208 1296 1473 1368 ἀργύριόν
1510 1313 1570 1349 τε
1618 1298 1731 1358 τοῖς
1772 1294 2045 1365 δεομένοις

462 1387 687 1450 διδόναι⁹
731 1388 974 1454 γονάτων
1006 1405 1066 1440 τε
1114 1387 1383 1442 ἅπτεσθαι
1419 1388 1512 1442 καλ⁸
1552 1385 2042 1458 προκυλινδεῖσθαι,

461 1473 546 1543 οἷς
559 1479 709 1532 οὐδὲν
731 1479 815 1531 ἐτε
825 1496 915 1550 ρον
937 1478 1079 1549 ἔχειν
1098 1479 1385 1535 ἐπέπειστο
1412 1481 1687 1551 παρέχειν,
1706 1478 1871 1545 ἀξιῶν
1884 1478 2043 1531 λῦσαι

467 1571 568 1642 μέν
590 1569 689 1640 τὴν
721 1569 863 1640 πρὸς
901 1570 1066 1623 αὐτὸν
1091 1569 1290 1641 ἔχθραν
1325 1571 1560 1635 δικαίαν,
1584 1572 1683 1642 τὴν
1707 1572 1765 1625 δὲ
1789 1570 2046 1641 ἀθέμιτον

463 1663 679 1732 ἐκείνην
709 1661 1047 1715 ὐπεισελθεῖν
1083 1663 1264 1730 φιλίαν
1298 1662 1395 1734 (ὁ).

532 1761 595 1809 ε’.
626 1751 767 1821 Ἐγὼ
793 1752 850 1806 δὲ
878 1753 1052 1823 ήδέως
1079 1752 1146 1806 ἂν
1175 1749 1326 1808 εἶπον
1352 1755 1488 1825 πρὸς
1520 1755 1702 1819 αὐτὸν,
1733 1755 1814 1808 ὅτι
1857 1749 1929 1806 Ὦ
1951 1753 2046 1807 τύ-

467 1863 661 1919 ραννε,
695 1843 860 1914 φαίνῃ
904 1845 1011 1916 γάρ
1059 1862 1148 1916 μοι
1189 1846 1256 1900 δι’
1288 1839 1365 1900 ὧν
1405 1849 1675 1918 ἐγχειρεῖς
1709 1847 1929 1917 ἣδεσθαι
1977 1851 2042 1917 τῇ

463 1935 688 2008 τοιαύτῃ
732 1935 1109 2008 προσηγορίᾳ,
1150 1936 1325 2000 ποίοις
1374 1936 1673 2008 ὀφθαλμοῖς
1717 1936 2047 2009 προσφέρεις

465 2028 733 2100 φάρμακα
762 2028 1068 2101 τραύμασιν
1107 2021 1189 2089 οἷς
1217 2026 1493 2097 εἰργάσω;
1535 2027 1568 2099 ἢ
1606 2027 1923 2081 κολακεύειν
1967 2029 2047 2080 εί-

463 2117 592 2183 δὼς,
612 2118 702 2173 διὰ
723 2118 882 2173 τοῦτο
900 2119 1119 2182 ἐλύπεις
1141 2118 1427 2190 πρότερον,
1455 2120 1542 2173 ἴνα
1566 2119 1696 2193 ἔχῃς
1711 2121 1844 2173 ὅπου
1869 2124 2046 2190 χρήσῃ

464 2213 533 2283 τῇ
573 2211 772 2282 τέχνης
801 2210 997 2264 ταυτὸν
1034 2210 1201 2264 ποιῶν
1241 2205 1353 2263 οἷον
1382 2210 1448 2265 ἂν
1479 2212 1533 2264 εί
1556 2229 1639 2274 τις
1682 2213 1863 2282 ἰατρὸς
1893 2211 2050 2281 βοτά-

466 2320 565 2366 νας
592 2301 912 2370 συναγαγὼν
948 2301 1166 2373 μυρίας,
1202 2301 1295 2354 καὶ
1322 2302 1628 2365 καταδύσας
1663 2302 1857 2372 ρακίῳ,
1894 2302 2050 2355 τοῦτο

470 2394 571 2463 μὲν
600 2393 658 2445 ἐν
698 2394 764 2462 τῇ
809 2390 1075 2461 εὐωνύμῳ
1105 2390 1261 2462 φέρει
1284 2392 1462 2462 χειρὶ,
1490 2393 1559 2462 τῇ
1592 2390 1741 2462 δεξιᾷ
1775 2391 1831 2444 δὲ
1880 2391 2050 2463 ἄνδρα

470 2484 690 2556 ῥοπάλῳ
714 2484 918 2550 παίων,
954 2483 1102 2551 λέγει
1132 2483 1271 2555 πρὸς
1299 2483 1462 2537 αὐτόν
1487 2499 1501 2511 ·
1534 2480 1604 2537 Ὦ
1636 2483 1881 2553 φίλτατε,
1913 2483 2049 2555 θάρ-

470 2592 553 2627 σει
575 2593 587 2606 ·
624 2574 718 2628 καὶ
753 2573 861 2643 γὰρ
892 2572 1028 2642 μετά
1068 2577 1257 2645 χεῖρας
1288 2573 1395 2644 ἔχω
1426 2575 1526 2646 τὴν
1551 2573 1867 2646 θεραπείαν.
1909 2574 2047 2627 Ἀλλ’

465 2661 619 2720 εἶπεν
649 2667 714 2720 ἂν
745 2667 948 2728 ἐκεῖνος
990 2664 1213 2729 δικαίως
1232 2684 1246 2696 ·
1298 2661 1373 2719 τΩ
1402 2666 1627 2720 κάκιστε
1649 2708 1663 2729 ,
1715 2669 1768 2721 τί
1801 2669 1910 2740 γὰρ
1946 2685 2048 2721 κα-

466 2755 826 2821 τασκευάζεις
849 2753 928 2825 τῷ
952 2755 1229 2827 φαρμάκῳ
1249 2756 1348 2826 τὴν
1368 2755 1558 2827 χρείαν
1579 2772 1594 2821 ;
1619 2754 1735 2820 πῶς
1762 2756 1818 2809 δέ
1848 2773 1930 2809 σοι
1949 2755 2050 2827 τὴν

469 2849 711 2922 ἰατρείαν
761 2846 1111 2918 ἐμπιστεύσω
1161 2845 1413 2918 σώματος
1465 2847 1861 2919 ήσθενηκότος,
1913 2849 2051 2921 ὅπερ

466 2942 620 3011 ὐγιές
651 2938 831 2993 λαϐὼν
863 2937 1035 3002 οὕτως
1061 2938 1258 3000 ἀθλίως
1289 2939 1544 3010 διέθηκας
1570 2957 1585 3004 ;
1626 2940 1779 3011 Ἐμοὶ
1816 2941 1931 3015 μὲν¹
1955 2937 2048 2994 οὖν

464 3030 714 3086 δοκοῦσιν
737 3030 787 3083 οί
810 3029 899 3082 διὰ
924 3028 1024 3099 τὴν
1054 3028 1308 3099 κοίμησιν
1334 3028 1428 3081 τοῦ
1473 3030 1742 3100 μακαρίου
1768 3033 1832 3101 τῇ
1865 3047 2051 3084 κοινω-

465 3120 558 3194 νίᾳ
584 3121 900 3193 προσιόντες
935 3123 1004 3192 τῇ
1039 3120 1264 3186 τούτων,
1296 3120 1468 3175 πάλαι·
1494 3119 1563 3190 (c)
1594 3122 1793 3185 αὐτοὺς
1833 3122 1927 3175 ἐπὶ
1955 3123 2048 3176 τὸν

465 3211 626 3280 φόνον
652 3210 834 3273 ὠθεῖν,
862 3210 1132 3263 διδάσκειν
1160 3228 1220 3264 τε
1249 3212 1376 3274 τοὺς
1408 3210 1546 3282 μετά
1573 3211 1746 3265 ταῦτα
1778 3211 2044 3277 ἅπαντας,

464 3303 612 3365 εἰκὸς
646 3302 704 3356 δέ
752 3301 979 3365 πολλοὺς
1015 3301 1091 3364 ὡς
1136 3304 1193 3353 ἐν
1258 3299 1484 3372 τοιούτῳ
1532 3301 1631 3371 βίῳ
1670 3300 2047 3374 δειχθήσεσθαι

463 3393 763 3457 τοιούτους,
788 3393 854 3446 ἵν’
886 3394 1014 3447 ὅταν
1045 3391 1271 3445 θέλωσιν
1293 3391 1562 3445 ἀπελάσαι
1590 3392 1818 3456 δίκαιον,
1852 3394 1944 3446 καὶ
1964 3393 2049 3446 λυ-

464 3489 649 3558 πῆσαν
691 3488 754 3540 τὸ
793 3489 1024 3558 πρᾶγμα
1057 3485 1346 3558 διασπείρῃ
1384 3485 1461 3555 (d)
1499 3484 1569 3537 τὰ
1620 3484 1902 3556 πρόδατα,
1953 3503 2050 3539 τα-

462 3580 604 3651 χέως
632 3580 793 3633 αὐτὸν
821 3579 1101 3641 ἀνέλωσιν,
1135 3578 1275 3631 ὥστε
1307 3580 1373 3649 τῇ
1408 3577 1686 3647 ἀναιρέσει
1720 3577 2046 3647 συναχθῆναι

463 3671 536 3725 τὰ
566 3670 809 3741 ποίμνια.
840 3668 906 3722 Τί
934 3669 1136 3738 λέγεις,
1164 3667 1417 3738 ἄνθρωπε
1440 3684 1454 3730 ;
1481 3669 1596 3720 Οὐκ
1622 3665 1930 3730 ἐκοινώνεις
1956 3666 2045 3720 διὰ

462 3765 563 3836 τὴν
591 3762 838 3827 ἀδικίαν,
873 3762 968 3816 καὶ
1005 3764 1280 3824 κοινωνεῖς
1315 3760 1453 3830 μετά
1494 3760 1586 3813 τὸν
1623 3759 1804 3828 φόνον,
1851 3758 2042 3832 ὥσπερ

462 3855 558 3910 τοῦ
587 3856 746 3924 φόνου
783 3853 1200 3925 ἀποσμήξαντος
1234 3854 1483 3923 ὲκείνην;
1517 3854 1586 3905 Ἢ
1611 3853 1707 3905 καὶ
1736 3851 1834 3924 τὴν
1880 3852 2045 3916 Ἰεζά-

464 3948 560 4002 ϐελ
591 3949 752 4021 μέχρι
780 3948 879 4018 τῆς
900 3946 993 4000 τοῦ
1025 3944 1271 3999 Ναϐουθέ
1296 3944 1618 4015 ἀμπελῶνος
1654 3945 1932 4016 ἁρπαγῆς,
1957 3945 2044 3998 διὰ

461 4039 621 4094 τοῦτο
642 4040 872 4108 ἐμίσεις,
906 4035 1092 4107 ἐπειδὴ
1114 4035 1170 4088 δὲ
1197 4036 1358 4089 αὐτὸν
1381 4034 1579 4099 ἀνεῖλε,
1601 4038 1665 4106 τῇ
1693 4037 1803 4107 ζωῇ
1832 4036 2041 4089 ἐκείνου

461 4128 524 4180 τὸ
550 4127 687 4197 πρὸς
713 4124 916 4196 ταύτην
944 4125 1352 4193 συγκατέλυσας
1379 4128 1571 4192 μῖσος;
1601 4125 1667 4178 Τί
1701 4121 1793 4179 οὖν
1822 4125 2039 4197 ἔχομεν,

462 4221 620 4290 φησὶ,
645 4219 895 4287 ποιῆσαι,
923 4217 1019 4271 τοῦ
1043 4217 1233 4289 ἀνδρὸς
1259 4217 1620 4282 ἀποθανόντος
1643 4234 1657 4283 ;
1681 4218 1792 4290 Τὴν
1820 4220 1927 4272 ἀπὸ
1947 4220 2042 4272 τοῦ

459 4312 698 4385 Χριστοῦ
724 4311 937 4364 δικαίαν
960 4308 1140 4380 κρίσιν
1167 4313 1474 4381 περιμεῖναι
1495 4327 1508 4339 ·
1542 4310 1761 4374 πάντως
1779 4311 1836 4364 δὲ
1865 4311 2039 4377 ἔσται,

461 4408 558 4461 καὶ
594 4405 780 4475 μηδεὶς
806 4403 1163 4475 ἀμφιδαλέτω
1179 4422 1191 4434 ·
1222 4406 1282 4457 οὐ
1307 4405 1414 4475 γὰρ
1435 4406 1492 4457 ἐν
1520 4408 1586 4475 τῇ
1609 4404 1718 4457 τῶν
1741 4403 2042 4475 ἀνθρώπων

461 4495 598 4564 ζωῇ.
622 4496 798 4557 καλ-,τὸ
821 4494 930 4549 τῶν
956 4495 1294 4567 πραγμάτων
1315 4494 1466 4558 τέλος
1490 4493 1821 4565 περικλείειν
1852 4494 2042 4549 εἴωθεν

459 4591 490 4642 ὁ
518 4585 1170 4652 Δεσπότηςητούναντίον
1210 4585 1268 4638 δέ
1318 4584 1518 4655 μᾶλλον
1552 4584 1661 4637 ἀπὸ
1701 4584 1801 4654 τῆς
1830 4586 2041 4650 τελείας

460 4679 640 4735 αὐτῶν
671 4675 1037 4748 ἀπογνώσεως
1071 4675 1215 4746 φιλεῖ
1246 4676 1354 4730 τῶν
1387 4676 1643 4729 τοιούτων
1672 4675 1741 4729 τὰ
1780 4677 2043 4749 προοίμια

461 4769 732 4825 ποιεῖσθαι
755 4787 770 4801 ο
802 4769 897 4823 καὶ
937 4767 1139 4822 τούτων
1169 4768 1277 4821 ἀπὸ
1317 4766 1423 4821 τῶν
1464 4767 1624 4821 θείων
1664 4768 1897 4839 Γραφῶν
1940 4769 2041 4841 τήν

463 4846 772 4933 μαρτυρίαν
797 4859 1122 4930 παρέξομαι.

533 4952 607 5019 ς’.
642 4951 934 5022 Κατέφαγέ
981 4967 1112 5005 ποτε
1161 4952 1254 5006 τὸν
1313 4953 1511 5023 Ἰωσὴφ
1541 4952 1729 5023 θηρίον
1776 4955 2035 5025 πονηρὸν,

459 5046 538 5118 τῷ
569 5044 679 5098 τῶν
712 5044 954 5112 ἀδελφῶν
981 5041 1133 5114 παρὰ
1160 5042 1238 5113 τῷ
1278 5043 1448 5114 πατρὶ
1477 5042 1618 5113 λόγῳ
1640 5059 1653 5072 ο
1685 5043 1813 5107 τοὺς
1846 5044 1907 5096 τὸ
1940 5045 2038 5115 μὲν

460 5121 733 5199 εἰπόντας,
766 5137 826 5189 τὸ
852 5135 908 5189 δὲ
936 5135 1363 5208 ἐργασαμένους,
1393 5135 1742 5207 ὑποχειρίους
1775 5133 1910 5205 εἶχε,
1943 5138 2038 5190 καὶ

458 5228 898 5300 προσκυνοῦντας
927 5227 1093 5299 ἐώρα,
1124 5227 1185 5280 τὸ
1216 5226 1495 5298 σύγκριμα
1527 5226 1636 5279 τῶν
1667 5225 1914 5280 παλαιῶν
1952 5228 2038 5280 δε·-

456 5319 721 5394 χομένους
745 5320 1030 5375 ἐνυπνίων.
1057 5320 1167 5373 Καὶ
1195 5320 1333 5391 μετὰ
1350 5321 1450 5379 τὴν
1476 5317 1859 5372 πιστευθεῖσαν
1887 5320 2037 5390 παρὰ

531 5500 608 5575 (ὰ)
638 5503 768 5575 vult
786 5503 964 5559 adhuc
985 5503 1236 5575 dubitare
1260 5502 1548 5575 Martyrtus
1571 5504 1639 5559 de
1661 5500 2034 5575 Chrysoﬁsﬁto’mi

456 5574 631 5633 obitu.
676 5574 837 5629 Certe
871 5590 1033 5644 supra
1079 5574 1235 5632 dixit.
1276 5574 1539 5643 suspicari
1581 5589 1640 5628 se
1669 5590 1793 5627 eum
1830 5574 2031 5629 alicubi

455 5662 486 5703 ιι
519 5646 836 5703 custodibus
865 5645 1033 5700 fuisse
1058 5644 1431 5716 occultatum.
1471 5644 1579 5701 Sed
1607 5645 1675 5700 de
1702 5645 1804 5699 hac
1831 5659 1891 5699 re
1917 5645 2031 5716 jam

455 5717 565 5772 dixi
604 5716 661 5772 in
692 5716 895 5787 praevio
923 5714 1149 5787 monito.

530 5787 602 5859 (ὁ)
644 5784 764 5860 Agit
794 5785 1079 5858 Martyrius
1108 5786 1174 5841 de
1216 5784 1461 5842 artiﬁciis
1488 5784 1678 5853 Attici,
1716 5785 1811 5856 qui
1842 5786 2029 5843 conci-

1699 341 2037 400 IIARTYBII
2075 339 2496 400 ANTIOCHENI

3558 365 3729 410 ιιπιι

2151 460 2229 529 τῷ
2252 462 2422 532 πατρὶ
2462 462 2736 533 τελευτὴν,
2788 463 3088 535 βασιλικοῖς
3131 463 3372 536 ὀχήμασι
3412 464 3491 536 τῷ
3533 465 3733 539 πενθή-

2149 568 2302 605 σαντι
2335 554 2583 623 συνήντα.
2614 554 2783 607 Πάλιν
2808 555 2970 619 αὐτὸς
2993 550 3148 619 οὗτος
3180 555 3466 610 ἀποθανὼν
3510 555 3727 629 Ἰωσὴφ,

2146 646 2245 714 τὴν
2267 645 2585 713 συγγένειαν
2612 646 2831 701 ἃπασαν
2857 649 2937 711 είς
2961 647 3389 719 πολυάνθρωπον
3410 648 3733 703 ἐκταθεῖσαν

2146 738 2380 808 ἀριθμὸν
2453 737 2722 792 δουλεύειν
2786 740 3032 794 δουλείαν
3099 740 3343 811 χαλεπὴν
3401 741 3731 809 Αἰγυπτίοις

2148 829 2347 883 εἴασεν.
2394 831 2532 884 Ἀλλ’
2564 833 2713 901 ὅμως
2757 831 2843 885 διά
2869 831 2968 903 τὴν
3002 833 3209 885 ἐκείνου
3267 831 3526 903 τελευτὴν
3559 831 3735 895 οὐδεὶς

2161 921 2502 993 Ἱσραηλίτης
2554 923 2777 992 γέγονεν
2831 923 3162 991 Αἰγύπτιος,
3211 923 3347 977 ἀλλά
3399 923 3596 994 μικρὸν
3652 922 3729 993 (ε)

2147 1015 2540 1085 ὑπομείναντες
2561 1018 2619 1068 ἐν
2645 1019 2717 1086 τῇ
2732 1014 2944 1086 δουλείᾳ
2974 1015 3185 1085 χρόνον,
3213 1014 3300 1067 διὰ
3329 1014 3424 1067 τού
3451 1015 3733 1077 Μωῡσέως

2148 1109 2229 1169 είς
2269 1108 2742 1177 περιφανεστάτην
2782 1107 3094 1179 ἐλευθερίαν
3136 1107 3471 1177 ἀνέδραμον·
3514 1105 3609 1158 καλ¹
3649 1098 3733 1168 οἷς

2146 1198 2267 1253 οὐδὲ
2297 1200 2555 1255 ἀναπνεῖν
2588 1199 2850 1270 πρότερον
2881 1199 2988 1254 ἀπὸ
3015 1198 3121 1252 τῶν
3154 1197 3367 1269 μόχθων
3392 1197 3539 1268 ἐξῆν,
3572 1194 3731 1248 6015-

2149 1307 2239 1360 ρον
2265 1288 2506 1361 ἇπασαή
2539 1290 2715 1353 κτίσις
2741 1288 2985 1343 ἐδούλευε
3004 1307 3016 1318 ·
3047 1289 3140 1342 τοῦ
3176 1286 3556 1359 φιλανθρώπου
3594 1284 3731 1339 Θεοῦ

2150 1384 2422 1454 βαδίζουσι
2462 1386 2560 1454 μὲν
2604 1385 2788 1447 αὐτοῖς
2827 1384 2926 1454 τὴν
2967 1382 3243 1437 θάλασσαν
3283 1380 3727 1453 ὴπειρώσαντος,

2148 1476 2344 1546 διψῶσι
2376 1476 2432 1530 δὲ
2454 1478 2552 1547 τὴν
2589 1475 2794 1549 ἔρημόν
2826 1493 2886 1528 τε
2919 1476 3013 1528 καὶ
3044 1475 3269 1545 ἄνυδρον
3299 1473 3691 1541 πελαγίσαντος
3711 1511 3727 1533 ,

2147 1568 2355 1637 τροφῆς
2383 1568 2440 1621 δὲ
2468 1568 2817 1639 ὀρεγομένοις
2842 1568 3006 1638 ἄρτον
3027 1564 3545 1638 οὐρανογεώργητον
3576 1562 3731 1616 ὐσαν-

2147 1676 2258 1723 τος.
2298 1658 2516 1714 Τούτων
2550 1655 2705 1722 αὖθις
2738 1661 2799 1712 οὐ
2840 1660 3012 1721 πόλιν,
3045 1660 3147 1712 οὐκ
3184 1656 3411 1729 ἀγορὰν,
3444 1657 3546 1709 οὐκ
3578 1655 3732 1722 οἰκή-

2152 1768 2297 1822 ματα
2328 1752 2579 1822 ἐχόντων.
2614 1750 2729 1805 ἀλλ’
2764 1753 2857 1803 ἐπὶ
2881 1752 2980 1822 τῆς
3002 1752 3209 1822 ἐρήμου
3243 1750 3344 1820 τῆς
3372 1747 3573 1818 πολλῆς
3602 1749 3731 1815 ἁγε-

2148 1845 2480 1917 λαςομένων,
2502 1846 2531 1899 ὁ
2563 1844 2892 1918 δημαγωγὸς
2923 1844 3167 1913 Μωύσῆς
3200 1840 3551 1915 προστίθεται
3591 1839 3728 1911 πρὸς

2146 1939 2271 2002 τοὺς
2296 1938 2540 2009 πατέρας
2561 1938 2747 1993 αὐτοῦ.
2772 1938 2837 1990 Τί
2859 1932 2951 1990 οὖν
2977 1936 3087 1990 ἔδει
3123 1939 3294 1989 ποιεῖν
3321 1936 3446 1998 τοὺς
3463 1934 3530 1986 δι’
3560 1932 3726 1986 αὐτού

2147 2028 2246 2100 τὴν
2277 2028 2377 2099 τῆς
2399 2027 2734 2096 ἐπαγγελίας
2756 2027 3171 2099 προσδοκῶντας
3197 2023 3570 2095 ἀπολήψεσθαι
3594 2024 3727 2093 κλη-

2153 2118 2437 2190 ρονομίαν;
2473 2118 2634 2172 πάλιν
2663 2121 2743 2182 είς
2770 2117 3045 2186 Αἴγυπτον
3093 2117 3425 2187 ἀναδραμεῖν
3464 2115 3728 2183 ἀπογνόν-

2147 2227 2274 2273 τας,
2302 2211 2422 2264 είπέ
2465 2226 2590 2281 μοι;
2638 2210 2775 2262 Ἀλλ’
2805 2208 3062 2277 ἐγέλασεν
3094 2207 3162 2261 ἂν
3192 2209 3373 2263 αὐτῶν
3414 2209 3514 2279 τὴν
3540 2207 3727 2261 ἄνοιαν

2161 2302 2368 2373 Ἰησοῦς
2407 2303 2435 2353 ὁ
2468 2302 2528 2354 τὸ
2557 2301 2652 2354 τοῦ
2691 2301 2968 2364 Μωῦσέως
3004 2296 3360 2371 ἐκδεξάμενος
3397 2298 3592 2369 ἔργον,
3631 2299 3729 2352 καὶ

2148 2395 2247 2458 τὰς
2275 2393 2385 2447 τῶν
2413 2394 2726 2463 ἀλλοφύλων
2753 2394 3026 2464 τειχήρεις
3065 2392 3248 2455 πόλεις
3279 2391 3470 2463 αἱρῶν,
3497 2391 3595 2445 νῦν
3628 2390 3731 2462 μὲν

2150 2487 2467 2556 σαλπίγγων
2499 2488 2646 2558 ἤχῳ,
2671 2486 2764 2539 νῦν
2798 2488 2854 2541 δὲ
2881 2490 2947 2558 τῇ
2977 2486 3273 2558 προσδοκία
3298 2486 3397 2556 τῆς
3428 2484 3730 2556 παρουσίας

2152 2582 2311 2653 μόνῃ,
2334 2581 2510 2643 ἐνίους
2542 2580 2599 2631 δὲ
2634 2580 2776 2648 ὁρῶν
2816 2579 2911 2632 καὶ
2949 2578 3304 2649 σοφισμάτων
3341 2577 3633 2649 δεηθέντας
3659 2575 3734 2648 (f)

2149 2673 2287 2745 πρὸς
2311 2672 2372 2727 τὸ
2396 2672 2496 2742 τῆς
2522 2670 2898 2736 αὐτοδουλείας
2927 2669 3265 2724 ὐπεισελθεῖν
3296 2670 3386 2723 τὸν
3411 2669 3593 2739 ζυγόν.

2221 2770 2286 2834 ζ’.
2344 2770 2530 2834 Ἠλίας
2574 2768 2727 2837 ἔλεγε
2771 2768 2869 2839 μέν
2903 2784 3033 2821 ποτε
3077 2766 3495 2836 καταλελεῖφθαι
3537 2766 3729 2838 μόνος,

2150 2863 2379 2935 ηὕρισκε
2407 2862 2463 2915 δὲ
2495 2863 2778 2932 προφήτας
2812 2862 2869 2914 ἐν
2903 2862 3016 2924 τοῖς
3053 2860 3339 2931 σπηλαίοις
3380 2859 3575 2914 ἑκατὸν
3605 2875 3731 2929 τρε-

2150 2957 2419 3026 φομένους
2442 2997 2455 3018 ,
2485 2954 2577 3009 καὶ
2602 2952 2694 3008 τοῦ
2727 2952 2998 3006 Δεσπότω
3026 2952 3083 3005 δὲ
3114 2952 3362 3021 λέγοντος
3387 2952 3604 3022 ήκουεν,
3644 2951 3730 3004 ὅτι

2148 3047 2484 3101 Κατέλιπον
2527 3043 2761 3114 ἐμαυτῷ
2793 3044 3289 3114 ἑπτακισχιλίους
3306 3042 3550 3112 ἄνδρας,
3585 3041 3728 3094 οἵτι-

2146 3154 2250 3203 νες
2283 3139 2393 3191 οὐκ
2421 3137 2671 3191 ἔκλιναν
2707 3136 2855 3205 γόνυ
2876 3134 2956 3200 τῷ
2997 3134 3185 3189 Βάαλ.
3226 3134 3491 3206 Ὕστερον
3519 3133 3575 3186 δέ
3609 3134 3729 3187 ἐππ·

2149 3230 2249 3294 σὰς
2276 3230 2437 3293 αὐτὸς
2475 3226 2569 3281 τοῦ
2602 3227 2828 3296 ζεύγους
2870 3227 3114 3290 ἐκείνου,
3157 3227 3253 3280 καὶ
3296 3225 3467 3298 πυρὸς
3507 3225 3730 3297 πτεροῖς

2149 3323 2286 3394 πρὸς
2322 3322 2413 3375 τὸν
2456 3320 2682 3392 οὐρανὸν
2715 3319 2958 3392 δραμὼν,
2993 3320 3085 3373 τὸν
3127 3319 3429 3372 Ἐλισσαῖον
3463 3314 3577 3388 εἶχε
3618 3318 3727 3371 δει-

2149 3414 2352 3467 κνύντα
2373 3416 2431 3466 ἐν
2452 3412 2601 3483 αὐτῷ
2624 3413 2716 3466 τὸν
2746 3413 2955 3475 Ἠλίαν,
2982 3412 3075 3466 καί
3098 3428 3207 3465 τισι
3228 3413 3321 3465 καὶ
3350 3409 3531 3463 πλέον.
3556 3408 3733 3463 Τοῦτον

2148 3505 2257 3577 γὰρ
2279 3504 2565 3576 ἐπεθύμει.
2594 3504 2820 3570 Πάντως
2855 3522 2956 3558 που
2990 3506 3086 3558 καὶ
3110 3503 3205 3558 νῦν
3250 3502 3550 3564 Ἐλισσαῖος
3590 3498 3724 3571 κρύ-

2149 3614 2362 3659 πτεται,
2387 3595 2484 3669 τὴν
2502 3594 2595 3646 τοῦ
2618 3594 2833 3663 Πατρὸς
2862 3593 3117 3667 μηλωτὴν
3146 3593 3519 3665 ἐκδεχόμενος.
3555 3593 3620 3645 Τί
3644 3591 3721 3655 δὲ,

2147 3690 2266 3742 είπέ
2301 3705 2410 3758 μοι,
2446 3690 2493 3741 εἰ
2536 3688 2680 3743 κατά
2702 3688 2795 3741 τὸν
2831 3687 3023 3759 καιρὸν
3052 3687 3154 3757 τῆς
3180 3685 3275 3740 τοῦ
3306 3686 3555 3758 Σωτῆρος
3582 3700 3723 3753 παρα

2145 3780 2333 3841 ουσίας
2366 3777 2675 3847 ἐγεγόνεις,
2725 3771 2844 3831 εἶτα
2885 3779 2999 3841 τοῖς
3042 3775 3360 3838 ἀποστόλοις
3402 3771 3600 3834 συνὼν,
3629 3773 3723 3824 τὸν

2150 3873 2246 3942 μὲν
2278 3870 2452 3941 ἐώρας
2483 3868 2912 3941 σταυρούμενον,
2951 3867 3078 3930 τοὺς
3106 3866 3163 3921 δέ
3191 3865 3384 3919 τοῦτον
3413 3864 3720 3934 πήξαντας,

2146 3963 2443 4027 καλοῦντάς
2465 3980 2524 4015 τε
2549 3958 2713 4032 εἶχες,
2746 3962 2842 4015 καὶ
2865 3959 3270 4014 κολακευόντων
3294 3959 3511 4029 ἢκουες,
3539 3955 3723 4024 λεγόν-

2144 4069 2251 4105 των
2290 4068 2349 4104 τε
2371 4053 2452 4104 ὅτι
2484 4051 2621 4121 μετά
2644 4050 2871 4103 θάνατον
2896 4049 3111 4103 ἅπαντα
3139 4050 3351 4118 ἀνάγκη
3374 4046 3627 4100 λελύσθαι
3654 4044 3725 4098 τὰ

2146 4149 2481 4222 πράγματα;
2522 4143 2633 4219 ἆρα
2656 4146 2721 4201 ἂν
2746 4145 3058 4218 προσελθὼν
3090 4149 3203 4209 τοῖς
3231 4144 3569 4206 ἀποστόλοις,
3602 4144 3726 4197 εἰπέ

2150 4265 2269 4320 μοι,
2298 4247 2504 4301 πείθειν
2545 4247 2848 4319 ἐπεχείρεις
2884 4247 3253 4322 προσδραμεῖν
3290 4263 3347 4298 τε
3389 4244 3467 4314 τῷ
3497 4244 3725 4314 Καῖάφᾳ

2147 4347 2242 4401 καὶ
2291 4346 2630 4400 ἐπαινεῖσθαι
2676 4346 2735 4398 τὸ
2778 4344 2970 4415 ἔργον,
3007 4345 3102 4404 καὶ
3149 4344 3370 4413 φιλῆσαι
3413 4341 3591 4407 δεξιὰν
3621 4344 3721 4413 τὴν

2148 4446 2535 4517 Χριστοκτόνον
2558 4443 2800 4516 ἐκείνην;
2839 4442 2974 4495 Ἀλλ’
2999 4441 3239 4505 ἐκείνους
3264 4442 3362 4512 μὲν
3384 4440 3633 4510 οὐδαμῶς
3654 4440 3722 4493 ἂν

2145 4544 2368 4608 ἔπεισας
2389 4561 2402 4574 ο
2436 4543 2627 4598 σαυτὸν
2658 4542 2737 4607 δὲ,
2761 4541 2918 4596 τοῦτο
2941 4542 3190 4613 ποιήσας,
3217 4540 3318 4610 τῆς
3339 4556 3397 4592 τε
3425 4539 3519 4593 τοῦ
3552 4538 3723 4592 Πνεύ-

2146 4657 2314 4712 ματος
2335 4639 2659 4711 ἀπεστέρεις
2691 4639 2975 4710 χορηγίας,
3002 4638 3094 4695 καὶ
3122 4636 3229 4690 τῶν
3262 4636 3471 4708 μυρίων
3498 4632 3720 4706 ἀγαθῶν

2142 4739 2181 4793 ἆ
2214 4738 2521 4808 ὀφθαλμὸς
2558 4740 2669 4791 οὐκ
2701 4737 2855 4803 εἶδε,
2886 4736 2986 4790 καὶ
3019 4730 3127 4802 οὖς
3160 4737 3270 4790 οὐκ
3323 4733 3581 4803 ἤκουσε,
3617 4735 3718 4788 καὶ

2140 4834 2240 4888 ἐπὶ
2285 4833 2536 4903 καρδίαν
2585 4831 2899 4901 ἀνθρώπου
2945 4833 3057 4886 οὐκ
3111 4831 3316 4899 ἀνέϐη,
3361 4832 3504 4903 ειπερ
3538 4833 3572 4903 ή
3621 4828 3716 4884 τοῦ

2145 4930 2555 5004 σταυρωθέντος
2577 4933 2708 5002 ἡμῖν
2736 4931 3032 5001 ἐχαρίσατο
3055 4928 3457 5002 φιλανθρωπία.

2212 5037 2281 5103 η’.
2310 5031 2473 5083 Ὥστε
2496 5030 2589 5084 καὶ
2616 5029 2711 5083 νῦν
2738 5027 3138 5099 ἀπογινώσκειν
3166 5029 3264 5100 μὲν
3281 5028 3534 5100 οὐδαμῶς
3550 5029 3716 5095 ὅσιον,

2142 5126 2382 5195 ἀδελφοὶ,
2414 5126 2508 5180 τοῦ
2537 5125 2673 5179 Θεοῦ
2702 5125 2800 5198 τὴν
2838 5125 3139 5196 ἀντίληψιν.
3198 5126 3500 5194 Ἐπιλέγειν
3526 5125 3585 5180 δέ
3617 5126 3718 5179 αὐη

2139 5228 2252 5288 τοῖς
2298 5226 2592 5293 ἀναγκαῖον
2639 5224 2707 5279 τά
2772 5226 2986 5296 ῥήματα
3045 5225 3154 5278 τῶν
3209 5224 3454 5280 παλαιῶν
3510 5223 3717 5278 παίδων

2140 5322 2364 5374 ἐκείνων
2384 5339 2397 5352 θ
2429 5321 2640 5392 Μικρὸν
2668 5321 3072 5386 ὐπαλλάξαντες
3102 5320 3175 5393 (g)
3195 5362 3210 5387 ,
3238 5321 3320 5376 ὃτι
3345 5320 3461 5376 ἐστι
3502 5320 3631 5384 Θεδς
3658 5323 3717 5374 ἐν

2136 5505 2336 5561 liandis
2390 5505 2690 5560 fautoribus
2714 5507 3005 5576 gratiaque
3030 5506 3295 5575 captanda
3342 5505 3715 5576 episcOpatum

2137 5577 2240 5630 sibi
2286 5576 2609 5631 conﬁrmare
2649 5577 2947 5645 satagebat.
2995 5575 3306 5647 Tyrannum
3336 5584 3511 5647 vocat,
3544 5575 3596 5630 id
3630 5581 3717 5631 est

2136 5647 2296 5717 aiieni
2340 5648 2521 5701 throni
2556 5648 3109 5717 usurpatoremtquia
3144 5646 3451 5717 praecipuus
3478 5646 3717 5717 Chryso-

2136 5714 2295 5771 stomi
2326 5733 2547 5773 eversor
2572 5714 2785 5772 Atticus
2816 5716 2935 5771 fuit.
2967 5714 3165 5772 Pallad}
3203 5714 3324 5786 cap;
3354 5714 3715 5786 il:_Atticurn

2136 5787 2449 5858 gravissime
2482 5796 2698 5846 accusat
2738 5787 3115 5843 Tillemontius
3146 5783 3374 5842 Monum.
3415 5784 3550 5840 Hist.
3586 5783 3714 5841 ραι.
