4114 6392
375 322 501 366 χιιι

373 429 555 484 adhuc
587 428 856 499 superest,
885 444 987 484 nos
1010 430 1103 499 qui
1141 445 1331 486 sumus
1360 444 1479 502 eius
1503 432 1701 488 fratres
1741 430 1951 488 videbi-

374 535 496 574 mus
525 519 819 590 aliquando
846 519 1144 592 Josephum
1176 523 1232 577 in
1259 525 1457 578 throno
1479 525 1762 581 sedentem
1785 526 1950 587 (Gen.

374 624 539 675 xuu,
568 608 640 665 26
701 610 869 682 sqq.)
927 620 983 667 et
1038 613 1335 681 spiritalem
1374 614 1687 670 alimoniam
1741 616 1955 670 cunctis

374 700 739 767 praebentem:
770 703 852 756 sin
884 703 933 759 is
958 720 1148 774 reapse
1170 706 1238 760 ad
1264 721 1448 761 veram
1475 707 1640 762 vitam
1670 707 1950 778 migravit,

375 807 537 869 atque
561 796 628 850 ad
654 804 965 865 exoptatum
977 796 1257 851 Christum
1280 798 1539 867 perrexit,
1564 798 1829 854 habemus
1857 814 1955 868 pro

375 890 537 946 nobis
583 889 1001 944 intercessorem
1033 897 1344 960 martyrem.
1399 890 1514 945 Hoc
1568 901 1797 961 accepto
1851 891 1954 946 sibi

375 986 527 1051 grato
571 978 763 1033 nuntio
802 975 1079 1050 (Atticus),
1131 979 1409 1049 voluptate
1462 996 1669 1052 augens
1711 980 1957 1051 corporis

377 1072 763 1136 tumiditatem,
797 1071 985 1126 induta
1018 1073 1368 1143 benignitatis
1418 1075 1619 1143 specie,
1663 1074 1829 1144 cwpit
1861 1091 1957 1145 per

376 1179 568 1219 omnes
628 1179 978 1231 concursare,
1031 1164 1218 1220 fovere
1275 1181 1340 1220 ac
1394 1166 1626 1221 delinire
1679 1182 1955 1231 sermone,

375 1269 513 1325 quos
540 1269 706 1324 opere
736 1255 1034 1311 laniaverat
1058 1272 1073 1323 ;
1126 1259 1415 1328 pecuniam
1463 1260 1837 1334 indigentibus
1865 1271 1959 1316 aut

376 1345 731 1415 poscentibus
754 1347 903 1408 dare.
936 1349 1163 1420 genibus
1184 1367 1374 1407 eorum
1400 1354 1614 1408 advolvi
1642 1370 1706 1409 ac
1745 1354 1957 1425 suppli-

377 1455 522 1505 care,
555 1441 751 1511 quibus
778 1442 915 1496 nihil
946 1443 1093 1498 aliud
1119 1446 1366 1515 praebere
1396 1461 1455 1502 se
1484 1462 1645 1518 posse
1675 1447 1954 1511 credebat.

378 1542 579 1601 rogans
605 1545 802 1600 nempe
857 1539 918 1585 ut
951 1533 1159 1602 justum
1193 1534 1456 1590 adversus
1497 1551 1556 1591 se
1584 1537 1771 1592 odium
1802 1537 1961 1592 omit-

379 1623 579 1679 terent.
611 1626 666 1673 et
692 1619 875 1691 iniqua
905 1636 1091 1678 secum
1119 1624 1353 1679 amicitia
1380 1626 1611 1682 coirent.

454 1710 505 1765 5.
534 1711 647 1783 Ego
676 1728 806 1769 vero
834 1714 1012 1786 ipsum
1038 1717 1119 1771 sic
1164 1717 1397 1773 libenter
1434 1718 1741 1788 alloquerer
1773 1738 1787 1773 :
1814 1719 1860 1773 Ο
1881 1728 1962 1792 ty—

381 1819 571 1869 ranne,
597 1805 799 1862 videris
826 1809 974 1863 enim
1031 1810 1200 1876 mihi,
1262 1821 1487 1882 propter
1536 1829 1603 1868 ea
1661 1829 1779 1883 quae
1825 1814 1957 1885 agis.

383 1896 485 1952 hae
536 1898 900 1968 appellatione
950 1903 1204 1973 gaudere,
1245 1919 1352 1975 qua
1404 1907 1685 1962 oculorum
1737 1909 1961 1963 audacia

382 1988 708 2046 medicinam
738 1993 900 2049 affers
929 1995 1243 2052 vulneribus
1289 2015 1409 2069 quce
1445 2001 1562 2072 ipse
1602 2000 1827 2056 fecisti?
1878 2002 1962 2057 vel

382 2084 653 2151 quomodo
707 2101 807 2155 pro
863 2095 958 2142 tuo
1004 2089 1254 2145 adulandi
1308 2108 1480 2158 more,
1544 2093 1748 2149 idcirco
1801 2106 1962 2150 antea

383 2174 623 2245 injurius
678 2176 852 2243 fuisti,
905 2188 966 2234 ut
1012 2181 1208 2237 deinde
1261 2184 1493 2239 haberes
1532 2185 1587 2240 in
1634 2201 1744 2256 quo
1791 2196 1963 2241 artem

384 2274 532 2320 tuam
554 2270 885 2324 exerceres?
915 2270 1057 2326 haud
1088 2273 1245 2327 aliter
1275 2290 1438 2344 quam
1488 2276 1535 2330 si
1564 2278 1690 2347 quis
1718 2277 1965 2332 medicus

384 2359 745 2428 plurimarum
779 2362 1076 2419 herbarum
1106 2366 1459 2435 emplastrum
1490 2368 1710 2424 sinistra
1740 2385 1962 2440 gerens,

385 2450 609 2505 dextera
644 2452 864 2508 interim
925 2471 1090 2510 manu
1121 2458 1401 2513 hominem
1450 2461 1600 2515 clava
1636 2471 1961 2532 percuteret,

384 2539 743 2613 diceretque:
795 2543 947 2601 Bono
980 2548 1163 2603 animo
1213 2557 1360 2615 esto,
1418 2551 1778 2618 charissim‘e;
1837 2569 1965 2607 nam

387 2634 599 2689 medela
630 2636 762 2690 mihi
788 2637 842 2691 in
874 2640 1128 2695 manibus
1156 2648 1262 2695 est.
1293 2642 1361 2696 At
1391 2644 1559 2707 enim.
1604 2653 1751 2699 recte
1780 2647 1967 2699 admo-

387 2729 515 2784 dum
552 2729 640 2785 ille
672 2733 1064 2802 responderet:
1089 2733 1135 2790 Ο
1164 2737 1420 2805 pessime,
1454 2754 1553 2793 cur
1577 2740 1714 2794 mihi
1740 2740 1967 2796 medelas

387 2822 770 2878 necessitatem
797 2825 1037 2896 imponis
1059 2827 1084 2879 ?
1115 2827 1226 2883 Cur
1251 2839 1433 2884 autem
1475 2831 1570 2885 tibi
1610 2831 1808 2886 infirmi
1844 2848 1968 2887 cor-

390 2914 539 2984 poris
562 2931 747 2971 curam
779 2919 1137 2984 committam,
1164 2921 1257 2990 qui
1284 2938 1477 2976 sanum
1506 2939 1628 2977 cum
1666 2924 1963 2986 inveneris.

390 3013 498 3061 tam
527 3010 667 3064 male
699 3010 928 3066 afl'ecisti
951 3012 975 3064 ?
997 3013 1128 3067 Mihi
1156 3029 1287 3084 ergo
1312 3014 1566 3069 videntur
1594 3015 1669 3068 illi
1697 3016 1966 3080 homines,

391 3101 482 3171 qui
509 3112 733 3173 propter
793 3104 936 3160 beati
976 3107 1081 3162 viri
1110 3107 1319 3162 obitum
1372 3108 1439 3162 ad
1494 3108 1685 3163 horum
1725 3124 1970 3164 commu-

392 3193 609 3249 nionem
637 3197 923 3264 accedunt,
966 3206 1022 3253 et
1059 3215 1153 3255 eos
1196 3200 1406 3270 pridem
1444 3201 1511 3255 ad
1564 3202 1764 3256 ezedem
1798 3202 1974 3272 impu-

392 3285 539 3351 lisse,
574 3297 738 3359 atque
768 3289 823 3345 id
868 3302 1118 3361 posteros
1167 3308 1359 3349 omnes
1414 3295 1629 3358 docere,
1669 3295 1973 3364 cuiusmodi

394 3379 451 3433 in
483 3379 585 3435 hac
616 3380 721 3436 vita
746 3382 949 3437 multos
1000 3385 1265 3440 exsistere
1304 3386 1461 3441 facile
1494 3387 1710 3453 accidit,
1744 3395 1805 3441 ut
1849 3402 1974 3441 cum

393 3469 667 3526 voluerint
703 3472 914 3542 justum
943 3474 1227 3531 hominem
1257 3478 1551 3548 expellere,
1585 3488 1641 3533 et
1671 3494 1794 3533 cum
1829 3479 1976 3533 cala-

394 3563 557 3617 mitas
586 3564 764 3633 aliqua
797 3581 930 3620 oves
958 3567 1297 3639 diSperserit,
1330 3572 1581 3640 protinus
1613 3571 1764 3625 illum
1801 3571 1975 3626 inter-

396 3654 604 3719 fieiant,
637 3667 698 3711 ut
729 3658 926 3714 eodem
964 3660 1175 3715 excidio
1202 3662 1452 3716 irreliant
1493 3664 1655 3718 ovile.
1703 3662 1846 3730 Quid
1874 3664 1973 3728 ais,

396 3762 431 3799 ο
458 3744 666 3801 homo?
694 3746 813 3803 Non
844 3751 1264 3807 communicasti
1292 3753 1559 3807 hactenus
1605 3763 1828 3825 pr0pter
1868 3755 1976 3808 ini~

396 3838 686 3907 quitatem,
728 3858 877 3897 nunc
916 3852 1041 3913 post
1093 3846 1295 3899 caedem
1352 3846 1766 3914 communicas,
1825 3848 1978 3917 quasi

396 3935 577 3992 aedes
604 3936 946 4007 iniquitatem
974 3939 1333 4010 purgaverit?
1372 3940 1514 3995 Num
1544 3938 1852 3997 Jezabelem
1886 3957 1981 3995 us-

400 4044 507 4097 que
537 4029 602 4082 ad
636 4029 810 4083 vinem
859 4031 1105 4100 rapinam
1140 4031 1325 4093 odisti.
1360 4039 1649 4101 postquam
1674 4042 1859 4086 autem
1892 4033 1982 4087 illa

400 4118 708 4173 Nabuthem
742 4119 1036 4186 interfecit,
1068 4120 1221 4190 quasi
1264 4121 1355 4175 hic
1384 4120 1611 4185 viveret,
1643 4120 1827 4176 odium
1861 4136 1983 4175 sce-

401 4210 553 4266 lesta:
585 4211 799 4268 femina:
828 4212 1127 4267 remisisti?
1174 4212 1283 4285 (III
1306 4212 1433 4284 Reg.
1462 4229 1570 4278 xxi,
1605 4214 1640 4267 2
1669 4212 1810 4283 sqq.)
1843 4213 1984 4279 Quid

404 4319 535 4374 ergo
567 4319 812 4375 agemus.
851 4304 1024 4368 aiunt.
1071 4313 1290 4359 mortuo
1327 4306 1439 4375 jam
1482 4305 1746 4359 homine?
1775 4306 1985 4374 Exspe-

404 4405 574 4456 ctare,
607 4395 824 4465 inquam
855 4439 867 4457 .
923 4405 1141 4466 oportet
1164 4397 1373 4465 justum
1426 4396 1629 4451 Christi
1680 4397 1945 4466 judicium
1968 4439 1982 4463 ,

406 4488 549 4556 quod
580 4488 798 4556 quidem
832 4487 947 4541 sine
973 4488 1139 4543 dubio
1162 4496 1489 4542 eventurum
1529 4503 1691 4542 nemo
1719 4488 1983 4559 ambigat:

405 4579 608 4634 ctenim
637 4579 779 4633 haud
816 4580 1069 4635 humana:
1097 4580 1224 4634 vitae
1254 4579 1523 4644 terminis,
1562 4595 1743 4634 rerum
1772 4594 1990 4649 quoque

408 4669 571 4724 finem
604 4671 933 4726 concludere
968 4672 1233 4727 Dominus
1272 4672 1439 4727 solet:
1491 4684 1680 4727 contra
1710 4673 1894 4743 potius
1923 4673 1991 4727 ab

410 4762 527 4833 ipsa
555 4776 740 4817 rerum
770 4764 1153 4834 desperatione
1184 4764 1402 4819 initium
1449 4780 1669 4821 sumere
1699 4784 1713 4833 ;
1745 4766 1800 4822 id
1845 4767 1992 4837 quod

412 4852 717 4909 divinarum
746 4854 1151 4924 Scripturarum
1182 4855 1499 4910 testimonio
1524 4856 1879 4911 confirmabo.

484 4945 536 5001 6.
562 4945 924 5001 Devoraverat
954 4946 1081 5000 olim
1120 4945 1420 5017 Josephum
1460 4948 1599 5002 mala
1645 4947 1782 5014 fera,
1830 4957 1996 5018 prout

412 5036 643 5094 fratrum
679 5030 824 5108 apud
858 5046 1066 5107 patrem
1093 5038 1396 5094 afﬁrmabat
1422 5040 1593 5095 oratio
1614 5044 1629 5108 (
1647 5038 1775 5094 Cen.
1800 5053 1999 5105 χχχιιι,

415 5132 528 5196 35).
556 5135 676 5186 1am
699 5146 832 5185 vero
853 5132 954 5186 hos
980 5132 1070 5200 qui
1101 5132 1255 5187 aliter
1275 5132 1541 5195 dixerant,
1569 5130 1728 5188 aliter
1751 5143 1991 5203 egerant,

417 5223 667 5280 subditos
698 5223 888 5278 habuit
913 5222 1206 5293 Josephus,
1257 5237 1424 5292 seque
1452 5223 1743 5278 adorantes
1769 5238 1999 5293 conspe—

417 5317 517 5379 xit,
553 5326 610 5373 et
646 5316 986 5372 somniorum
1038 5323 1291 5372 veterum
1337 5314 1847 5386 interpretationem
1898 5330 1997 5370 ex-

422 5511 463 5557 t.
494 5501 611 5559 ΧΠ.
638 5517 691 5571 p.
724 5499 847 5572 416.
877 5509 1098 5572 etseqq.
1120 5498 1427 5556 Defendere
1455 5496 1707 5572 nituntur
1734 5497 2002 5554 Boschius

424 5574 526 5628 loc.
557 5568 653 5626 citi
684 5582 743 5627 et
764 5568 1099 5627 Bollandiaui
1128 5572 1193 5626 ad
1220 5572 1362 5625 diem
1391 5572 1423 5622 8
1448 5568 1709 5624 Januarii.

498 5642 569 5710 (ο)
601 5642 684 5696 An
732 5641 957 5697 fortasse
1008 5659 1107 5712 pro
1138 5641 1336 5697 πάλινῖ
1385 5639 1541 5695 Tunc
1590 5639 1738 5695 dicas
1779 5658 1793 5693 :
1827 5649 1876 5695 et
1919 5658 2004 5695 eos

426 5729 608 5769 rursus
635 5712 706 5783 ad
734 5714 927 5769 aedem
963 5713 1248 5783 impellere.

502 5785 574 5857 (ά)
609 5782 746 5839 Νιιιιι
770 5800 867 5855 pro
898 5781 1242 5857 λυπῆσαντες
1258 5783 1508 5856 ποιμένα,
1534 5781 2011 5854 διασπεῖραι,ρις.7

1489 310 1577 367 DE
1614 311 1671 368 S.
1711 310 1980 367 JOANNE
2013 311 2548 375 CHRYSOSTOMO.
3318 278 3322 283 ἱ
3595 338 3636 385 Ι.

2061 441 2246 502 pertos
2277 435 2426 506 (Gen.
2462 453 2612 499 mu.
2645 436 2759 505 26).
2796 436 2916 508 ipse
2940 447 3144 501 autem.
3170 447 3293 509 post
3318 438 3577 496 creditam
3605 457 3637 499 a

2062 532 2216 593 patre
2244 542 2458 592 necem,
2499 528 2663 599 regiis
2689 528 2941 583 curribus
2960 530 3164 601 lugenti
3196 532 3435 586 occurrit
3467 532 3636 602 (Gen.

2060 631 2206 681 ιινι,
2240 615 2374 687 29).
2405 618 2525 673 Mox
2554 619 2643 675 hic
2669 620 2813 675 idem
2846 620 3115 691 Iosephus
3152 623 3394 677 moriens
3428 624 3643 679 univer-

2063 722 2178 762 sam
2201 723 2356 763 suam
2378 712 2781 782 cognationem,
2801 727 2998 784 magno
3018 729 3251 769 numero
3269 716 3381 784 jam
3402 723 3640 780 auctam,

2063 797 2261 852 durum
2317 798 2591 871 Egyptiis
2669 802 2954 857 servitium
3017 803 3343 871 servituram
3424 804 3646 873 reliquit

2067 887 2084 956 (
2114 886 2284 942 Exod.
2312 906 2409 953 vu,
2442 893 2476 945 6
2513 891 2691 962 sqq.).
2716 891 2900 962 Neque
2930 901 3110 947 tamen
3126 904 3348 964 pr0pter
3375 896 3494 964 eius
3525 896 3647 952 obi-

2065 986 2179 1032 tum
2209 980 2479 1050 quispiam
2536 982 2779 1039 lsraelita
2833 984 3010 1040 factus
3058 995 3144 1042 est
3187 987 3497 1059 Egyptius.
3548 991 3647 1045 sed

2063 1070 2341 1141 aliquanto
2396 1074 2739 1143 perferentes
2795 1077 3078 1132 servitium
3132 1086 3397 1149 tempore.
3449 1081 3648 1153 Moysis

2063 1176 2232 1231 opera
2260 1164 2316 1217 in
2344 1165 2843 1234 splendidissimam
2880 1169 3188 1225 libertatem
3216 1172 3474 1227 vindicati
3524 1173 3648 1227 fue-

2064 1260 2233 1319 runt;
2277 1261 2334 1307 et
2363 1255 2453 1324 qui
2489 1265 2651 1313 antea
2684 1274 2754 1315 ne
2798 1260 3068 1329 respirare
3101 1261 3320 1331 quidem
3370 1264 3472 1318 sub
3504 1264 3653 1320 labo-

2064 1343 2219 1400 ribus
2251 1356 2527 1416 poterant,
2557 1351 2755 1407 deinde
2788 1352 2867 1407 eis
2896 1353 3149 1409 universa
3178 1363 3427 1411 creatura
3475 1357 3649 1412 servi-

2064 1437 2164 1504 vit,
2196 1440 2326 1495 dum
2367 1443 2623 1500 videlicet
2664 1445 2934 1517 benignus
2975 1446 3121 1502 Deus
3155 1450 3429 1520 gressibus
3458 1465 3650 1505 eorum

2063 1546 2216 1588 mare
2244 1542 2501 1603 tanquam
2535 1546 2736 1592 terram
2763 1538 3050 1604 exhibuit;
3079 1540 3391 1596 sitientibus
3435 1542 3651 1597 deserta

2065 1633 2122 1681 et
2183 1626 2443 1698 iuaquosa
2509 1630 2626 1685 loca
2689 1631 2911 1703 pelagus
2963 1632 3189 1699 effecit;
3260 1634 3369 1690 cibi
3438 1635 3651 1705 cupidis

2067 1733 2261 1787 panem
2283 1721 2336 1774 in
2354 1722 2507 1777 caelis
2523 1724 2859 1779 elaboratum
2880 1726 3088 1796 depluit
3109 1727 3298 1797 (Exod.
3322 1745 3412 1793 xv,
3432 1729 3455 1783 1
3479 1730 3646 1799 sqq.).

2071 1808 2171 1863 His
2198 1826 2362 1879 porro
2380 1828 2558 1883 neque
2576 1814 2790 1877 urbem,
2819 1829 2997 1885 neque
3018 1815 3217 1881 forum,
3249 1831 3430 1887 neque
3458 1818 3656 1875 domos

2068 1899 2249 1954 adhuc
2278 1901 2628 1969 habentibus,
2666 1904 2762 1959 sed
2798 1904 2855 1958 in
2883 1912 3034 1960 vasta
3061 1919 3247 1959 eremo
3280 1906 3456 1977 gregis
3479 1906 3657 1962 instar

2069 1992 2248 2046 adhuc
2277 1994 2642 2059 versantibus,
2679 1995 2790 2050 dux
2834 1995 3021 2067 populi
3082 1995 3294 2068 Moyses
3353 1997 3421 2052 ad
3468 2006 3656 2068 patres

2070 2099 2199 2139 suos
2226 2086 2536 2156 apponitur.
2570 2086 2711 2153 Quid
2755 2103 2887 2159 ergo
2929 2089 3016 2144 his
3059 2089 3329 2161 agendum
3377 2099 3515 2155 erat,
3559 2090 3654 2160 qui

2071 2192 2169 2246 per
2202 2176 2421 2249 Moysen
2450 2180 2770 2249 promissam
2799 2182 3190 2251 exspectabant
3237 2197 3441 2253 capere
3475 2183 3656 2238 haere-

2070 2266 2295 2321 ditatcm
2323 2268 2506 2323 ?Num
2538 2268 2590 2322 in
2623 2269 2939 2340 IEgyptum,
2973 2270 3061 2326 die
3087 2270 3243 2334 mihi,
3271 2271 3656 2341 desperatione

2072 2358 2457 2414 redeundum?
2509 2360 2579 2415 At
2640 2372 2788 2417 certe
2844 2363 3059 2418 illorum
3114 2364 3398 2420 stultitiam
3448 2364 3657 2421 risisset

2069 2448 2269 2519 Μαι-δίε
2297 2451 2351 2504 in
2387 2468 2613 2508 munere
2644 2469 2929 2510 successor
2958 2455 3143 2521 Iosue,
3184 2456 3277 2526 qui
3319 2456 3657 2528 alienigena-

2073 2559 2192 2598 rum
2226 2546 2389 2600 urbes
2415 2548 2687 2603 moenibus
2712 2550 3074 2606 communitas
3101 2550 3268 2620 cepit,
3304 2551 3468 2605 modo
3496 2551 3660 2607 tuba-

2073 2653 2194 2691 rum
2242 2639 2423 2693 sonitu
2481 2640 2612 2711 (Jos.
2655 2658 2728 2705 vi,
2763 2643 2788 2695 1
2823 2657 2940 2711 sqq.
2964 2641 3007 2713 ),
3037 2642 3199 2698 modo
3250 2642 3658 2713 exspectatione

2074 2733 2452 2786 tantummodo
2476 2734 2564 2788 vel
2606 2734 2934 2803 prmsentia:
2984 2735 3222 2805 denique
3259 2744 3317 2790 et
3363 2736 3659 2790 nonnullos

2074 2821 2211 2876 vidit
2239 2823 2531 2879 artificiosa
2558 2824 2750 2880 fraude
2784 2832 3024 2892 utentes,
3054 2836 3116 2883 ut
3145 2836 3460 2899 spontanee:
3485 2826 3662 2883 servi-

2077 2914 2210 2968 tutis
2232 2915 2422 2985 jugum
2454 2915 2721 2971 subirent.

2149 3009 2198 3061 7.
2230 3008 2373 3061 Elias
2409 3008 2698 3078 aliquando
2729 3008 2908 3064 aiebat
2936 3011 3113 3066 solum
3143 3027 3202 3067 se
3247 3013 3496 3068 relictum
3546 3012 3662 3085 (qui

2078 3100 2191 3154 Deo
2219 3101 2449 3155 serviret
2472 3104 2509 3169 ),
2545 3116 2776 3171 moxque
2809 3102 3010 3172 reperit
3035 3112 3256 3157 centum
3283 3106 3580 3175 prophetas
3604 3106 3661 3160 in

2079 3194 2356 3263 Speluncis
2382 3196 2649 3259 viventes,
2697 3196 3014 3266 audivitque
3068 3197 3358 3252 Dominum
3411 3199 3512 3253 sibi
3577 3200 3665 3253 di-

2080 3295 2296 3342 ceutem
2323 3306 2336 3341 :
2370 3287 2590 3358 Reliqua
2628 3288 2755 3341 mihi
2787 3288 2884 3359 feci
2913 3305 3005 3341 sea;
3036 3288 3205 3342 millia
3251 3288 3541 3352 hominum.
3574 3288 3666 3359 qui

2080 3395 2215 3450 genu
2245 3378 2403 3432 Baalt'
2430 3396 2531 3433 non
2559 3382 2817 3448 ﬂexerunt
2851 3377 2959 3448 (ΙΙΙ
2990 3380 3118 3451 Reg.
3153 3398 3265 3445 χιι,
3300 3382 3408 3449 18).
3442 3380 3666 3436 Postre-

2082 3486 2173 3525 mo
2201 3470 2318 3540 ipse
2334 3485 2495 3525 curru
2514 3471 2605 3526 illo
2632 3486 2952 3538 conscenso,
2971 3472 3251 3544 igneisque
3281 3471 3380 3527 alis
3398 3473 3453 3527 in
3469 3473 3667 3528 ccelum

2083 3563 2292 3626 volans.
2324 3562 2579 3617 Elisatum
2611 3563 2824 3629 habuit,
2862 3565 2956 3636 qui
2985 3566 3040 3620 in
3072 3582 3131 3621 se
3160 3567 3332 3620 Etiam
3364 3580 3671 3633 repraesen-

2084 3652 2241 3716 tavit,
2271 3653 2382 3708 imo
2437 3654 2611 3724 major
2658 3655 2934 3710 interdum
2966 3656 3117 3711 visus
3166 3663 3271 3721 est,
3329 3665 3493 3725 prout
3552 3655 3669 3724 ipse

2052 3745 2294 3815 ‘optavit
2323 3746 2418 3815 (IV
2452 3745 2578 3818 Reg.
2615 3764 2677 3813 ιι,
2714 3746 2810 3819 9).
2863 3748 2998 3803 Sine
3046 3749 3212 3804 dubio
3257 3764 3408 3804 nunc
3454 3763 3673 3818 quoque

2086 3839 2219 3893 latet
2251 3840 2454 3895 alicubi
2501 3840 2751 3907 Elisazus,
2798 3841 2892 3912 qui
2928 3842 3108 3896 Patris
3147 3841 3387 3897 meloten
3426 3840 3669 3897 sustulit.

2088 3931 2252 3998 Quid.
2282 3949 2398 4000 oro,
2438 3934 2483 3987 si
2512 3942 2569 3987 tu
2620 3934 2710 3988 illa
2737 3941 2899 3989 aetate
2948 3935 3200 4000 vixisses,
3259 3949 3367 4004 qua
3413 3933 3673 3988 Servator

2090 4024 2362 4094 apparuit,
2390 4033 2553 4095 atque
2604 4026 2679 4081 ita
2730 4042 2854 4083 cum
2911 4027 3171 4097 apostolis
3222 4041 3468 4092 versans,
3520 4025 3674 4080 illum

2089 4117 2307 4186 quidem
2338 4116 2657 4173 cruciﬁxum
2688 4118 2943 4185 vidisses,
2990 4118 3341 4175 crucifixores
3389 4127 3575 4173 autem
3621 4127 3675 4173 te

2093 4213 2390 4268 invitantes
2431 4214 2679 4269 audisses
2708 4223 2764 4269 et
2807 4214 3142 4270 assentando
3189 4212 3454 4276 dicentes,
3492 4213 3676 4268 omnia

2093 4315 2272 4361 morte
2299 4307 2609 4362 necessario
2631 4307 2799 4372 finiri,
2820 4323 2952 4362 num
2973 4308 3039 4362 ad
3062 4306 3355 4376 apostolos,
3378 4305 3466 4361 dic
3493 4306 3674 4369 sodes,

2093 4401 2361 4457 accedens
2390 4401 2641 4456 hortatus
2667 4416 2762 4456 eos
2790 4415 2962 4465 esses,
2994 4409 3057 4454 ut
3093 4399 3358 4469 Caipham
3410 4398 3678 4454 conveni-

2095 4504 2241 4562 rent,
2269 4502 2446 4550 actam
2476 4510 2591 4549 rem
2620 4494 2926 4557 laudarent,
2975 4490 3254 4546 dexteram
3282 4491 3426 4544 illam
3455 4489 3679 4546 christi-

2096 4588 2276 4643 cidam
2306 4587 2728 4643 oscularentur?
2758 4585 2887 4639 Sine
2920 4584 3088 4639 dubio
3128 4584 3233 4637 hoc
3262 4583 3369 4637 illis
3396 4596 3507 4636 non
3550 4596 3685 4651 per-

2099 4676 2408 4731 suasisses:
2444 4684 2499 4729 tu
2533 4692 2662 4730 vero
2702 4676 2806 4729 hoc
2846 4674 2990 4728 facto
3043 4672 3283 4743 Spiritus
3313 4672 3457 4727 dono
3512 4678 3682 4725 temet

2100 4768 2390 4837 privasses.
2424 4775 2481 4821 et
2510 4765 2814 4820 innumeris
2864 4764 2970 4817 illis
3013 4763 3187 4826 bouis,
3223 4779 3341 4832 qua:
3374 4778 3465 4815 nec
3497 4759 3678 4814 oculus

2100 4860 2248 4925 vidit,
2297 4875 2461 4931 neque
2519 4860 2663 4912 auris
2726 4856 2956 4921 audivit,
3018 4871 3183 4925 neque
3211 4855 3267 4906 in
3321 4868 3409 4905 cor
3457 4851 3681 4905 hominis

2103 4952 2444 5005 ascenderunt
2474 4949 2540 5020 (Ι
2568 4948 2690 5005 Cor.
2720 4966 2778 5014 ιι,
2806 4950 2903 5020 9),
2960 4964 3080 5017 qua:
3136 4946 3389 5001 videlicet
3436 4942 3680 4999 cruciﬁxi

2104 5038 2329 5093 donavit
2359 5038 2516 5093 nobis
2544 5038 2872 5109 benignitas.

2176 5131 2229 5185 8.
2262 5130 2394 5196 Quae
2421 5145 2543 5184 cum
2571 5130 2644 5183 ita
2670 5130 2799 5194 sint,
2832 5143 2901 5182 ne
2931 5144 3079 5183 nunc
3124 5126 3343 5196 quidem
3390 5125 3682 5195 desperare

2107 5223 2252 5284 licet,
2281 5222 2495 5283 fratres.
2528 5223 2595 5277 de
2628 5221 2967 5276 Deiauxilio.
2996 5220 3101 5275 Sed
3127 5220 3435 5275 necessario
3452 5218 3684 5275 dicenda

2108 5316 2267 5371 nobis
2293 5325 2422 5373 sunt
2451 5317 2616 5371 verba
2654 5317 2956 5387 priscorum
2980 5312 3410 5369 adolescentium
3434 5312 3684 5382 illorum,

2183 5504 2252 5569 le)
2284 5503 2424 5558 Num
2455 5519 2553 5573 pro
2590 5503 2841 5574 μακρόνῖδ

2185 5578 2249 5651 (η
2288 5574 2619 5651 Qabaonitas
2646 5574 2797 5628 dicit.
3125 5640 3146 5651 _
3211 5647 3220 5651 _
3371 5639 3385 5651 _
3411 5638 3424 5651 .

2124 5720 2136 5735 ο
2186 5635 2817 5769 (ᾖὶλῐξιςταλλάσσοντα,
2851 5660 2949 5716 pro
2985 5656 3093 5714 quo
3122 5640 3349 5697 fortasse
3371 5638 3461 5695 hic
3491 5635 3690 5696 dicito!

2116 5735 2259 5774 υπα.
2297 5732 2542 5780 αςαντες.
