4114 6392
481 331 534 378 ιι
1605 317 1961 378 THEODOBI
2000 317 2075 375 ΤΕ

2186 323 2542 380 ITIIUNTINI

481 438 751 503 οὐρανοῖς,
782 437 839 499 ὃς
869 438 1016 490 ἐστιν
1050 437 1234 501 ἱκανὸς
1272 440 1512 511 τιμωρὸς
1557 441 1655 511 μὲν
1677 437 1928 510 γενέσθαι
1956 444 2069 509 τοῖς

485 529 713 591 ἀδίκοις,
739 531 1048 600 προστάτης
1068 529 1125 584 δὲ
1147 531 1249 602 τῆς
1283 532 1560 603 ἡμετέρας
1589 533 1811 604 ἀγέλης.
1841 535 1953 587 Καὶ
1975 536 2073 589 ἐὰν

486 624 586 694 μὴ,
604 621 845 691 γνωστὸν
865 621 1006 676 ἔστω
1027 624 1194 677 πᾶσιν
1216 623 1546 695 ἀνθρώποις,
1568 627 1651 680 ὅτι
1674 627 1900 699 οὐδεμία
1921 627 2075 683 ἔσται

485 712 741 770 κοινωνία
775 713 1111 782 φονευθεῖσιν
1158 715 1471 789 ἀνθρώποις
1523 718 1661 784 μετὰ
1702 719 1813 773 τῶν
1856 721 2076 775 ἀνελόν-

485 818 613 860 των.
644 805 777 858 Οὐδὲ
805 804 1108 877 ἀνεξόμεθα
1138 809 1423 877 προσιέναι
1448 809 1612 882 θυσίᾳ
1636 811 1736 882 (α),
1761 811 1829 883 ἢν
1853 812 2078 883 ἐποίησε

3677 339 3756 383 ιιι

2174 446 2374 517 καρδία
2414 445 2515 517 μὲν
2552 443 2635 499 ἐτι
2676 443 2800 500 καθ’
2831 442 2990 514 ἡμῶν
3027 442 3280 512 φονῶσα,
3309 442 3524 513 γλῶττα
3560 443 3619 497 δὲ
3663 442 3760 497 καὶ

2174 540 2299 611 χεὶρ
2317 539 2396 608 τῷ
2412 539 2506 594 τοῦ
2527 538 2737 593 δικαίου
2766 555 2826 591 τε
2854 538 2951 591 καλ⁸
2972 537 3082 590 τῶν
3104 537 3315 591 ἐκείνου
3335 537 3543 592 παίδων
3566 538 3759 609 αἵματι

2172 633 2569 704 πεφοινιγμένη
2601 632 2697 701 (ὁὶ.
2741 630 2904 696 Ἀλλ’,
2931 624 2977 684 ὦ
3002 628 3273 701 θαυμάσιε
3299 630 3507 702 Πάτερ.
3533 630 3759 684 ἔκτεινε

2174 724 2276 779 καὶ
2313 724 2641 779 κατευοδοῦ
2677 724 2775 777 καὶ
2803 723 3127 787 βασίλευε,
3176 723 3271 776 καὶ
3309 721 3419 776 τῶν
3468 721 3759 793 βασιλικῶν

2176 816 2358 871 αὐλῶν
2385 817 2633 871 ἐπίϐαινε
2655 816 2748 870 τοῦ
2774 814 3031 889 Χριστοῦ.

505 898 523 917 ’
558 916 632 1001 (ει)
661 914 921 1001 intelligit
947 921 1390 1001 communionem
1420 924 1477 978 in
1518 923 1742 992 divinis,
1779 924 1838 981 id
1882 933 1966 981 est
2000 925 2060 979 in
2089 939 2241 982 sacra
2272 928 2509 1001 liturgia,
2545 943 2670 984 cum
2699 927 3026 983 adversariis
3051 925 3444 999 Chrysostomi.

557 986 627 1056 (ὁ)
658 985 790 1041 Cod.
824 985 1277 1060 πεφοινιγμένων.

488 1122 523 1132 .-

2942 1121 3014 1131 ——
3030 1120 3089 1129 ε..-
3111 1120 3233 1131 ο-ι--σ-
3294 1120 3295 1125 η
3342 1120 3446 1129 .—

533 1120 2938 1153 me

2942 1119 3089 1131 ——...-
3111 1119 3233 1131 ..ι-,σσ-
3294 1118 3295 1125 ι
3342 1117 3728 1129 ο-’.α--ρ

3469 1133 3724 1144 '——-—

1161 1276 1519 1339 MONITUM
1563 1278 1642 1337 IN
1685 1276 2028 1349 SEQUENS
2070 1274 2460 1339 THEODORI
2496 1272 3093 1334 TRIMITHUNTINI

554 1442 595 1495 Α
632 1442 889 1497 Theodoro
928 1443 1291 1498 Trimithuntis
1319 1446 1377 1498 in
1423 1442 1595 1514 Cypro
1626 1436 1803 1498 insula
1835 1444 2074 1513 episcOpo

482 1536 739 1605 scriptam
753 1536 860 1590 divi
884 1534 1233 1606 Chrysostomi
1257 1536 1431 1591 Vitam
1460 1536 1605 1604 apud
1624 1553 1678 1591 se
1704 1536 1912 1601 habere,
1940 1537 2074 1591 dixit

484 1626 712 1681 Allatius
744 1627 799 1681 in
836 1627 1096 1692 Diatriba,
1136 1644 1192 1699 p.
1227 1629 1348 1693 171,
1378 1646 1431 1683 n.
1465 1625 1597 1695 CVI,
1639 1629 1882 1700 idemque
1916 1645 2075 1699 opus-

484 1718 659 1772 culum
706 1730 1205 1775 commemoraverat
1263 1722 1425 1777 etiam
1469 1723 1526 1776 in
1578 1721 1688 1776 alia
1733 1721 1964 1775 diatriba
1999 1721 2076 1777 De

486 1811 851 1876 Simeonibus,
884 1829 937 1881 p.
959 1813 1046 1868 81.
1073 1813 1199 1868 Jam
1225 1824 1273 1868 et
1301 1815 1607 1887 Lequinius,
1627 1813 1725 1869 Or.
1751 1813 1876 1878 Ch.,
1913 1823 1955 1867 t.
1987 1813 2067 1879 ΙΙ,

485 1904 572 1956 ubi
602 1904 667 1957 de
698 1903 857 1974 Cypri
886 1906 1141 1975 episcopis
1163 1906 1261 1961 col.
1297 1909 1453 1970 1071,
1481 1909 1617 1961 hanc
1648 1905 1895 1961 Theodori
1924 1905 2075 1959 lucu—

483 1994 777 2050 brationem
830 1999 885 2051 in
928 2000 1103 2053 codice
1159 1997 1323 2070 Regio
1372 1998 1669 2052 Purisiensi
1712 1998 1851 2052 {835
1889 2006 2075 2051 narrat

484 2096 713 2140 exstare.
735 2086 1156 2159 Montfauconius
1183 2089 1310 2141 item
1342 2085 1857 2149 Biblioth.Coislin.,
1875 2103 1927 2156 p.
1953 2085 2074 2150 195,

483 2179 613 2234 uidit
643 2181 881 2234 eamdem
913 2182 969 2234 in
988 2182 1161 2235 codice
1193 2181 1314 2246 121,
1335 2189 1390 2233 ιιι
1411 2189 1633 2249 apparet
1665 2196 1729 2233 ex
1752 2179 2078 2249 initio.quod

487 2276 666 2323 tamen
700 2270 813 2324 sine
842 2270 1072 2324 auctoris
1104 2271 1312 2324 nomine
1352 2272 1557 2324 recitat.
1595 2268 1834 2339 Bigotius
1857 2268 2079 2339 denique

485 2360 541 2412 in
590 2359 911 2431 Prcefatione
942 2361 1013 2414 ad
1054 2359 1294 2416 Palladii
1323 2362 1601 2434 Dialogum
1626 2378 1729 2417 non
1766 2362 1881 2431 ejus
1908 2361 2079 2416 solum

486 2452 745 2515 meminit,
769 2452 860 2507 sed
891 2459 940 2506 et
964 2452 1166 2523 aliquot
1195 2470 1373 2508 versus
1402 2455 1580 2523 refert,
1609 2455 1666 2508 in
1696 2454 2081 2523 Montfauconii

487 2558 704 2613 operum
736 2542 1087 2614 Chrysostomi
1109 2544 1338 2598 editione
1370 2555 1406 2599 t.
1432 2543 1591 2608 XIII,
1617 2545 1803 2617 Prw{.,
1824 2562 1875 2613 p.
1905 2544 1958 2610 9,
1994 2545 2081 2599 ubi

404 2632 409 2637 ”
489 2648 665 2688 tamen
720 2636 960 2690 mendose
1004 2636 1182 2690 scribit
1235 2636 1550 2708 κατηξιωθῇ
1594 2653 1689 2704 pro
1739 2634 2078 2706 κατηξιώθη,

487 2728 607 2797 ἦτοι
636 2744 731 2796 pro
758 2722 933 2791 οὗτος,
964 2732 1053 2783 sed
1101 2737 1280 2782 tamen
1306 2728 1493 2783 melius
1521 2730 1578 2792 ὃς
1603 2746 1699 2799 pro
1722 2730 1815 2792 ὡς,
1850 2738 1898 2782 et
1925 2728 2075 2781 ἐνδε-

486 2823 815 2890 καμηνιαίον
869 2838 965 2892 pro
1014 2821 1431 2894 ὲνδεκαμήνεον.
1490 2822 1811 2877 Vocabulum
1854 2822 2076 2892 denique

487 2909 881 2975 κατάκλειστος
907 2913 1051 2982 apud
1074 2912 1342 2983 Bigotium
1363 2914 1427 2966 de
1455 2923 1615 2967 cauta
1646 2914 1816 2981 potius
1838 2922 1885 2966 et
1914 2929 2074 2981 spon-

482 3010 648 3056 taneo
703 3001 966 3068 Palladii,
1013 3014 1183 3059 metus
1233 3021 1386 3076 ergo,
1420 3004 1707 3059 inclusione
1762 3004 2076 3077 intelligitur

487 3111 648 3165 quam
673 3096 737 3150 de
762 3113 987 3180 carcere.

555 3186 726 3242 Porro
757 3188 828 3242 ad
843 3198 1111 3243 auctorem
1137 3190 1276 3260 quod
1297 3190 1506 3254 attinet,
1538 3189 1829 3243 Theodorus
1850 3189 1934 3243 hic
1963 3190 2077 3244 Tri-

486 3280 761 3334 mithuntis
806 3281 1095 3351 episcopus,
1128 3290 1353 3350 apparet
1409 3281 1718 3349 disseritque
1762 3282 1815 3333 in
1870 3281 2077 3334 actione

485 3387 579 3426 xxv
613 3372 820 3426 concilii
870 3374 1004 3426 sexti
1036 3373 1341 3427 aecumenici
1360 3414 1375 3434 ,
1408 3389 1550 3426 αηιιο
1595 3374 1787 3427 Christi
1834 3374 1957 3437 680,
1988 3374 2077 3427 ubi

485 3465 647 3518 etiam
709 3466 1082 3534 archiepiscopi
1128 3467 1213 3520 sui
1266 3465 1555 3535 Epiphanii
1598 3465 1656 3518 II
1694 3466 1863 3519 locum
1910 3467 2075 3519 tenuit

490 3550 718 3621 (Concil.
770 3552 852 3604 ed.
896 3551 1127 3606 Florent.
1179 3553 1374 3612 Zattae.
1414 3564 1452 3607 t.
1486 3553 1564 3607 XI
1582 3594 1595 3617 ,
1629 3554 1727 3607 col.
1763 3554 1918 3623 585).
1953 3554 2079 3609 Sine

485 3643 643 3697 dubio
666 3653 846 3698 autem
888 3643 1087 3716 Anglus
1116 3643 1348 3700 Savilius
1384 3647 1522 3699 inter
1554 3647 1732 3699 varias
1759 3663 1891 3717 quas
1914 3648 2077 3701 edidit

485 3737 544 3789 in
574 3743 714 3788 tomo
744 3748 925 3789 octavo
958 3736 1313 3808 Chrysostomi
1337 3738 1548 3795 Crtecas
1596 3739 1754 3800 Vitas,
1782 3740 1919 3793 hanc
1944 3758 2078 3810 quo-

484 3846 585 3903 que
617 3846 651 3883 a
684 3830 944 3884 Theodoro
973 3832 1325 3901 conscriptam
1357 3831 1736 3896 collocavisset,
1766 3832 1869 3885 nisi
1898 3842 1945 3885 et
1992 3850 2078 3887 co-

484 3923 598 3977 dice
628 3931 677 3975 et
706 3922 821 3991 ipsa
849 3923 946 3985 rei,
976 3932 1032 3976 ut
1054 3924 1277 3986 videtur,
1311 3924 1497 3977 notitia
1530 3924 1801 3978 caruisset.
1827 3922 2078 3995 Quodque

484 4019 654 4087 magis
681 4017 984 4070 mirandum
1021 4026 1114 4078 est,
1135 4018 1341 4087 ignotus
1365 4019 1462 4089 fuit
1489 4018 1572 4071 hic
1609 4017 1901 4072 Theodorus
1936 4018 2076 4074 Crte-

486 4123 544 4160 co
595 4107 801 4159 auctori
841 4106 1084 4178 Catalogi
1114 4108 1520 4178 biographorum
1552 4106 1903 4178 Chrysostomi
1930 4109 2074 4177 apud

486 4198 725 4251 eumdem
779 4195 1037 4252 Savilium
1063 4236 1077 4260 ,
1113 4206 1153 4251 t.
1196 4197 1321 4251 VIII
1339 4238 1352 4259 ,
1386 4214 1438 4267 p.
1470 4198 1611 4262 “293,
1643 4215 1734 4252 nec
1782 4215 1886 4252 non
1932 4199 2076 4267 apud

486 4291 845 4355 Lambecium,
881 4290 970 4344 lib.
1018 4307 1134 4354 vm,
1165 4307 1220 4360 p.
1254 4290 1380 4355 655,
1430 4291 1517 4344 ubi
1565 4291 1703 4344 inter
1745 4291 1931 4362 viginti
1959 4290 2075 4344 bio-

483 4385 711 4457 graphos
759 4393 934 4437 noster
961 4383 1045 4437 hic
1078 4399 1183 4437 non
1230 4392 1547 4437 recensetur.
1583 4382 1693 4437 Nos
1738 4398 1859 4437 vero
1908 4398 2076 4452 nuper

2175 1442 2312 1496 hunc
2339 1441 2629 1495 inuenimus
2657 1440 2713 1494 in
2739 1441 2987 1495 maxime
3008 1440 3159 1495 molis
3174 1442 3345 1497 codice
3371 1440 3623 1497 Vaticano
3640 1442 3763 1507 866,

2175 1533 2369 1587 sa'culo
2392 1533 2600 1587 circiter
2623 1549 2718 1587 xm
2743 1534 2963 1603 scripto,
2989 1541 3039 1586 et
3055 1534 3275 1602 fortasse
3300 1534 3444 1602 apud
3473 1549 3569 1587 nos
3593 1534 3764 1598 unice,

2176 1626 2268 1679 sed
2289 1625 2354 1679 ab
2371 1641 2712 1680 amanuensts
2731 1626 2999 1694 imperitia
3026 1625 3225 1694 passim
3250 1625 3451 1680 mendis
3471 1626 3765 1697 inquinata,

2179 1734 2296 1789 quae
2326 1734 2422 1787 pro
2446 1717 2643 1772 viribus
2684 1718 2974 1789 auferenda
3004 1719 3345 1784 curavimus;
3376 1727 3676 1789 textumque
3711 1718 3772 1771 in

2180 1810 2432 1865 articulos
2462 1810 2531 1864 52
2555 1810 3082 1879 distinximus,eique
3111 1809 3514 1864 translationem
3535 1819 3771 1864 nostram

2180 1900 2431 1955 Latinam
2460 1901 2857 1972 adjungendam
2880 1902 3201 1956 curavimus.

2250 1991 2391 2046 Sane
2424 2008 2516 2046 nos
2542 2004 2591 2045 et
2628 1994 2737 2046 alio
2774 2003 3004 2064 tempore
3033 1994 3216 2063 magni
3253 1993 3602 2063 Chrysostomi
3637 2010 3769 2049 san-

2181 2082 2418 2136 ctitatem
2469 2084 2883 2154 facundiamque
2935 2084 3217 2142 mirantes.
3269 2094 3505 2139 nostram
3556 2084 3774 2138 libenter

2181 2173 2475 2243 symbolam
2522 2177 2593 2229 ad
2635 2176 2750 2246 ejus
2795 2176 2979 2231 laudes
3019 2176 3370 2233 cumulandas
3409 2176 3773 2240 contulimus;

2180 2267 2438 2336 siquidem
2461 2268 2517 2321 in
2546 2268 2645 2322 hac
2668 2271 2784 2338 ipsa
2815 2269 3035 2324 Patrum
3064 2285 3201 2325 nova
3232 2268 3590 2333 Bibliotheca,
3625 2277 3664 2323 t.
3689 2268 3771 2334 Il,

2183 2374 2235 2423 p.
2272 2356 2376 2413 546
2399 2375 2532 2429 seq.,
2568 2360 2823 2429 scriptum
2865 2378 2901 2415 α
2946 2361 3205 2432 Hartyrio
3235 2361 3541 2430 patriarcha
3582 2360 3772 2414 Antio-

2184 2449 2343 2501 cheno
2386 2448 2740 2520 Chrysostomi
2772 2452 3083 2507 Encomium
3112 2454 3400 2517 edidimus,
3432 2453 3571 2524 quod
3598 2455 3773 2520 ipsum

2185 2550 2390 2594 exstare
2413 2558 2509 2595 ms.
2542 2543 2702 2597 etiam
2723 2542 2969 2613 Neapoli,
2993 2561 3058 2598 ex
3089 2543 3343 2616 Catalogo
3369 2546 3603 2600 codicum
3627 2545 3775 2602 Gra-

2187 2650 2365 2686 corum
2390 2634 2710 2690 bibliotheca:
2741 2635 3061 2700 Borbonicte,
3081 2652 3134 2705 p.
3164 2637 3650 2707 125.cognovimus.
3670 2637 3776 2692 De-

2182 2727 2337 2798 nique
2358 2728 2521 2781 etiam
2551 2729 2606 2781 in
2634 2728 2908 2799 Spicilegii
2942 2729 3100 2785 Rom.
3134 2739 3275 2784 tomo
3302 2729 3470 2782 altero
3499 2730 3770 2800 fragmen-

2181 2828 2292 2871 tum
2316 2819 2624 2875 historicum
2650 2838 2715 2875 ea:
2738 2822 3079 2892 palimpsesto
3108 2821 3401 2876 Tusculano
3419 2823 3657 2876 dedimus
3673 2826 3770 2885 (a),

2180 2912 2286 2977 ubi,
2311 2913 2448 2966 inter
2498 2912 2631 2980 alia,
2666 2913 3017 2985 Chrysostomi
3059 2931 3261 2985 quoque
3296 2915 3533 2984 expulsio
3575 2932 3771 2968 narra-

2180 3012 2284 3056 tur.

2250 3094 2383 3159 Quot
2404 3112 2525 3167 ergo
2540 3106 2733 3151 veteres
2761 3098 2833 3150 ad
2857 3097 3188 3151 scribendam
3209 3095 3562 3168 Chrysostomi
3595 3098 3768 3153 Vitam

2176 3187 2529 3253 incubuerint,
2581 3205 2645 3243 ex
2688 3188 2944 3261 Catalogo
2986 3192 3148 3243 citato
3189 3191 3565 3262 cognoscimus,
3607 3201 3654 3245 et
3703 3206 3769 3245 ex

2179 3280 2331 3332 editis
2356 3297 2388 3333 a
2418 3279 2671 3335 Palladio
2708 3280 3149 3351 Helenopolitano
3197 3283 3370 3337 sancti
3403 3283 3503 3336 viri
3540 3293 3771 3337 contem.

2178 3386 2308 3440 pora
2316 3387 2410 3425 neo
2428 3389 2447 3438 ;
2462 3371 2685 3444 Georgio
2696 3371 3074 3437 Alexandrino,
3097 3374 3307 3443 septimi
3329 3374 3508 3428 sa’culi
3529 3375 3737 3429 homine
3752 3392 3773 3436 ;

2178 3460 2451 3532 Anonymo
2481 3463 2711 3533 quodam
2736 3479 2755 3527 ;
2800 3461 2967 3516 Leone
2992 3460 3263 3533 Sapiente.
3295 3464 3423 3533 imp.
3450 3481 3470 3529 ;
3498 3481 3561 3518 ac
3600 3464 3772 3518 Meta-

2179 3554 2419 3623 phraste,
2446 3553 2606 3607 nobili
2661 3553 2819 3623 hujus
2853 3556 3151 3625 argumenti
3171 3556 3398 3625 scriptis.
3426 3555 3570 3610 Inter
3594 3574 3773 3610 recen-

2181 3646 2339 3699 tiores
2373 3654 2552 3699 autem
2580 3646 2806 3699 eminent
2842 3645 3224 3711 Tillemontius,
3254 3645 3503 3711 Savilius,
3537 3664 3601 3701 ac
3636 3664 3773 3718 prte-

2181 3738 2330 3807 cipue
2357 3736 2798 3809 Montfauconius.
2831 3738 2984 3793 Nunc
3012 3756 3104 3808 per
3142 3756 3233 3795 nos
3267 3740 3467 3794 accedit
3514 3740 3773 3794 veteribus

2186 3829 2621 3883 Trimithuntinus
2654 3829 2968 3891 Theodorus,
3001 3832 3064 3884 de
3090 3831 3241 3901 cujus
3273 3832 3475 3885 meritis
3507 3848 3573 3884 ac
3612 3834 3771 3885 mis

2183 3922 2458 3990 disputare
2487 3923 2578 3975 diu
2619 3939 2721 3975 non
2754 3932 2926 3976 vacat.
2952 3921 3100 3978 Certe
3129 3940 3290 3994 quam
3334 3924 3513 3994 objicit
3550 3923 3778 3979 Photius

2184 4014 2298 4067 cod.
2346 4029 2467 4067 XCVI
2518 4013 2738 4085 Georgio
2781 4014 2904 4085 styli
2951 4015 3275 4086 χυδαιὸτητα
3310 4026 3357 4070 et
3401 4018 3462 4070 τὸ
3507 4034 3772 4090 παριστο-

2184 4109 2317 4177 ρείν,
2354 4108 2409 4159 in
2432 4116 2607 4160 nostro
2632 4124 2836 4178 quoque
2866 4106 3129 4162 Theodoro
3167 4110 3364 4179 partim
3402 4120 3539 4165 certe
3574 4127 3771 4178 compe-

2184 4199 2281 4251 riri
2307 4214 2409 4251 non
2430 4214 2576 4268 nego.
2612 4199 2979 4253 Verumtamen
3001 4208 3049 4253 et
3075 4200 3207 4255 illud
3237 4218 3356 4255 cum
3381 4203 3559 4257 eodem
3579 4202 3775 4256 Photio

2187 4288 2426 4343 concludi
2451 4299 2617 4358 potest
2645 4307 2663 4343 :
2697 4289 2862 4342 Οὐδὲν
2889 4290 3089 4344 κωλύει
3117 4293 3245 4356 τοὺς
3296 4293 3771 4361 ἀναγινώσκοντας

2186 4379 2582 4451 ἐκλεγομένους
2605 4381 2674 4435 τὰ
2698 4381 2968 4452 χρήσιμα,
2997 4381 3067 4435 τὰ
3092 4382 3256 4436 λοιπὰ
3290 4386 3554 4456 παρορᾷν.
3588 4385 3774 4456 Utique

556 4521 634 4595 (a)
676 4522 905 4577 Exstant
950 4522 1066 4577 haec
1102 4521 1405 4594 fragmenta
1436 4522 1490 4575 in
1519 4520 1820 4591 appendice
1851 4520 1922 4574 ad
1950 4519 2227 4584 szeculum,
2262 4519 2318 4573 in
2347 4534 2455 4589 quo
2486 4533 2790 4581 versamur,
2819 4517 3094 4588 quintum.
3130 4517 3284 4572 Ευιτ.
3311 4517 3478 4576 Pun.

962 4876 1568 4968 ΘΕΟΔΩΡΟΥ
1632 4876 2306 4965 ΕΠΙΣΚΟΠΟΥ
2383 4874 3284 4965 ΤΡΙΜΗΘΟΥΝΤΩΝ

1164 5072 1351 5125 ΠΕΡΙ
1379 5071 1509 5124 ΤΟΥ
1531 5071 1711 5124 ΒΙΟΥ
1737 5067 1863 5123 ΚΑΙ
1889 5066 2034 5122 ΤΗΣ
2058 5066 2382 5123 ΕΞΟΡῙΑΣ
2403 5068 2537 5121 ΚΑΙ
2565 5065 2713 5121 ΤΩΝ
2736 5067 3074 5121 ΘΑΙΨΕΩΝ

480 5230 787 5285 1ΩΔΝΝΟΥ
810 5228 947 5284 ΤΟΥ
978 5228 1531 5285 ΜΑΚΑΡΙΩΤΑΤΟΥ
1570 5227 2144 5283 ΑΡΧΙΕΠΙΣΚΟΠΟΥ
2188 5224 3010 5282 ΚΩΝΣΤΔΝΤΙΝΟΥΠΟΛΕΩΣ
3047 5224 3185 5280 ΤΟΥ
3218 5222 3754 5279 ΧΡΥΣΟΣΤΟΜΟΥ.

549 5521 704 5596 (Cod.
734 5520 860 5575 Val.
888 5522 1012 5588 866,
1037 5522 1073 5576 Γ.
1103 5521 1191 5578 69.
1221 5528 1275 5592 a)
1321 5529 1390 5577 α’.
1436 5524 1767 5594 Ἀγαπητοίῑ
1805 5524 2068 5595 Ἀψευδὴς

475 5615 505 5671 ὁ
533 5613 667 5680 Θεὸς
694 5616 723 5670 ὁ
768 5613 857 5668 διὰ
883 5613 978 5670 τοῦ
1007 5616 1292 5688 Προφήτου
1333 5614 1507 5684 λέγων
1529 5633 1541 5645 ο
1576 5615 1810 5670 Πολλαὶ
1839 5619 1899 5670 αἱ
1936 5616 2067 5670 θλί-

479 5708 615 5777 ψεις
641 5703 761 5760 τῶν
791 5705 1057 5761 δικαίων.
1084 5706 1194 5758 Καὶ
1224 5705 1405 5759 πάλιν·
1437 5708 1727 5762 Κατανοεῖ
1751 5710 1783 5761 ὁ
1802 5708 2064 5777 ἁμαρτω·

483 5798 596 5867 υἱὸς
629 5799 734 5854 τὸν
771 5797 1026 5855 δίκαιον.
1072 5798 1181 5855 Κ;ἰ
1243 5798 1403 5853 πάλιν
1450 5799 1633 5869 φησίνο
1678 5798 2067 5869 Ἐνεδρεύσω-

2166 5541 2284 5595 μεν
2308 5524 2415 5578 τὸν
2445 5522 2699 5586 δίκαιον,
2722 5520 2812 5574 ὅτι
2838 5520 3230 5590 δύσχρηστος
3262 5519 3407 5591 ἡμῖν
3434 5519 3626 5585 ἐστιν,
3657 5521 3754 5574 καὶ

2164 5617 2383 5687 βαρὺς,
2442 5616 2627 5686 φησιν,
2683 5613 2782 5667 καὶ
2828 5614 3230 5684 βλεπόμενος.
3290 5609 3590 5680 Μακάριος
3627 5610 3758 5682 γὰρ,

2171 5712 2357 5780 φησιν,
2389 5710 2455 5777 ὃς
2479 5704 2769 5777 ὑπομενεῖ
2793 5710 3151 5776 πειρασμόν.
3187 5700 3439 5773 Τωάννης
3466 5695 3641 5766 οὗτος,
3676 5720 3763 5772 μι-

2173 5803 2303 5873 κρὸς
2335 5802 2410 5858 ὣν
2453 5804 2519 5873 τῇ
2556 5800 2761 5875 ἡλικίᾳ,
2813 5799 3110 5871 ἐπαιδεύθη
3159 5798 3308 5871 πάσῃ
3353 5796 3515 5869 σοφίᾳ
3556 5796 3766 5867 ἀνθρώρ
