4114 6392
404 374 498 414 ιιιι

404 476 659 533 videlicet
685 495 697 530 :
732 477 889 532 Brevi
920 488 1166 550 tempore
1197 482 1632 539 vicissitudinem
1677 486 1982 554 patiamur,

403 570 534 641 quia
557 578 643 624 est
673 569 818 625 Deus
846 570 901 624 in
930 572 1103 638 oculis,
1159 573 1253 643 qui
1308 575 1524 645 iniquos
1551 577 1748 645 punire
1804 577 1985 645 valet,

404 672 655 718 nosu'um
669 670 852 716 autem
866 677 1082 733 gregem
1094 674 1375 735 protegere
1398 665 1479 736 (ll
1493 666 1730 722 ﬂachab.
1751 683 1849 731 vn,
1871 669 1981 727 Mi.

408 750 659 808 Profecto
709 753 757 808 si
800 753 940 808 nihil
994 755 1161 820 aliud,
1214 766 1363 812 certe
1419 759 1631 813 cunctis
1673 760 1989 815 hominibus

407 844 746 913 exploratum
774 854 912 909 esto,
939 846 1143 901 nullam
1172 846 1289 901 fore
1318 848 1623 904 interfectis
1671 851 1989 907 hominibus

406 953 532 992 cum
562 936 1005 993 interfectoribus
1041 940 1505 996 communionem.
1535 943 1604 998 Et
1633 958 1703 999 ne
1733 944 1810 998 illi
1861 945 1987 1014 qui-

1173 364 1261 418 DE
1298 364 1462 419 VITA
1499 365 1588 420 ΕΤ
1627 366 1898 424 EXSILIO
1937 368 1995 424 S.
2031 369 2319 428 JOANNIS
2357 370 2866 429 CHRYSOSTOMI.

3577 390 3668 433 ιη

2093 487 2220 542 dem
2271 488 2541 544 sacriﬁcio
2567 499 2747 544 astare
2778 488 3067 560 patiemur,
3121 490 3265 559 quod
3318 506 3413 547 cor
3458 492 3671 563 peragit

2092 576 2229 631 caedi
2258 585 2461 632 nostra:
2491 579 2671 634 adhuc
2701 579 2941 643 inhians,
2975 578 3158 651 lingua
3209 580 3343 635 item
3372 589 3429 636 et
3478 598 3675 637 manus

2092 684 2214 737 quae
2238 669 2370 739 justi
2402 670 2503 725 viri
2533 679 2590 725 et
2617 671 2850 727 ﬁliorum
2881 673 3002 740 ejus
3049 673 3312 743 sanguine
3343 674 3522 728 rubet.
3567 673 3675 729 Sed

2096 766 2156 812 tu
2184 760 2430 823 interim,
2466 761 2785 816 admirande
2816 762 3002 827 Pater,
3051 762 3280 826 intende,
3328 772 3379 818 et
3431 780 3677 834 prospere

2095 850 2332 919 procede,
2361 867 2426 904 ac
2460 868 2622 921 regna
2659 850 2844 922 (Psal.
2875 868 3020 916 xuv,
3056 851 3153 922 5),
3210 862 3266 907 et
3319 854 3376 907 in
3434 856 3671 926 regalem

2096 947 2300 1002 Christi
2330 948 2513 1005 aulam
2550 949 2880 1007 conscende.

415 1168 3680 1197 Ἥ

1154 1309 1611 1373 OPUSCULUM
1651 1312 1749 1372 DE
1788 1313 1852 1373 S.
1896 1313 2188 1375 JOANNE
2231 1314 2778 1377 CHRYSOSTOMO
2828 1312 2940 1397 (α).

414 1518 588 1561 noster
622 1508 913 1579 simplicior
957 1510 1123 1565 multo
1170 1514 1537 1585 astrictiorque
1578 1523 1673 1581 est,
1708 1531 1871 1585 neque
1918 1521 1990 1566 tot

413 1600 913 1669 reprehensionibus,
941 1611 1064 1672 quot
1094 1603 1363 1680 Georgius,
1398 1622 1587 1659 ansam
1612 1606 1823 1676 prwbet.
1857 1606 1991 1660 Pec-

414 1700 498 1744 cat
529 1701 705 1746 tamen
744 1694 803 1746 in
834 1693 1034 1764 aliquot
1064 1696 1421 1764 episcoporum
1450 1697 1761 1755 nominibus.
1806 1706 1854 1749 et
1880 1696 1992 1750 alia

413 1787 655 1851 quwdam
685 1800 875 1852 parum
904 1785 1172 1839 credibilia
1201 1786 1371 1840 habet.
1404 1785 1506 1841 Sed
1532 1803 1625 1840 nos
1667 1797 1818 1856 prout
1849 1787 1994 1856 jacet

412 1874 689 1947 vulgamus
712 1892 731 1940 ;
757 1875 881 1929 aliis
908 1886 1076 1930 artem
1117 1879 1355 1932 criticum
1394 1881 1735 1933 exercendam
1775 1880 1995 1948 permit-

416 1966 595 2019 timus.
632 1964 735 2020 Sed
764 1975 812 2020 et
838 1965 947 2020 alia
978 1967 1198 2021 dicenda
1226 1979 1460 2038 superest
1490 1971 1671 2038 scripti
1700 1971 1857 2040 hujus
1887 1972 1995 2024 uti-

416 2058 558 2121 litas,
587 2074 769 2127 nempe
810 2066 868 2111 ut
898 2058 1094 2129 iniquae
1115 2057 1260 2112 illius
1294 2061 1365 2114 ad
1401 2059 1662 2126 Quercum
1692 2061 1997 2129 (Chalcedo-

416 2148 500 2201 nis
521 2146 847 2220 suburbium)
875 2150 1081 2220 synodi,
1120 2168 1261 2204 anno
1285 2150 1392 2207 405
1414 2152 1662 2206 adversus
1690 2152 1997 2223 Chrysosto-

417 2256 559 2292 mum
593 2239 804 2306 habitae,
830 2238 1081 2295 Theodori
1125 2243 1290 2297 nostri
1345 2244 1608 2309 narratio,
1642 2244 1700 2297 in
1725 2244 1998 2299 Concilio-

418 2348 537 2385 rum
568 2330 897 2387 Collectione
932 2334 1035 2402 (ed.
1078 2334 1310 2390 Florent.
1342 2335 1517 2390 Zatta:
1551 2346 1589 2389 t.
1614 2336 1719 2404 Ill)
1748 2347 1998 2406 ponatur,

419 2424 505 2476 ubi
545 2423 796 2477 hactenus
845 2426 1053 2480 nonnisi
1083 2443 1147 2481 ex
1181 2427 1391 2493 Photio,
1435 2438 1484 2482 et
1526 2428 1795 2496 Palladio,
1840 2447 1905 2484 ac
1945 2430 2003 2485 li-

419 2513 551 2568 bello
578 2515 824 2584 synodico
868 2525 1016 2570 actus
1054 2516 1377 2589 legebantur.

489 2606 766 2661 Postremo
807 2607 938 2661 mihi
965 2608 1128 2679 paulo
1155 2609 1468 2680 erplicatius
1496 2612 1770 2666 dicendum
1799 2613 2005 2667 videtur

421 2697 486 2751 de
502 2698 686 2767 priscis
709 2697 816 2753 illis
843 2699 1095 2769 epistolis,
1119 2718 1252 2772 quas
1276 2704 1347 2757 ad
1374 2704 1584 2758 verbum
1622 2706 1807 2760 recitat
1840 2705 2004 2760 Theo-

422 2790 602 2856 dorus,
636 2790 990 2862 Augustorum
1018 2793 1216 2849 scilicet
1241 2794 1458 2850 Arcadii
1484 2806 1535 2850 et
1570 2796 1811 2864 Honorii,
1843 2798 2008 2852 Inno-

425 2883 581 2937 centii
628 2899 800 2953 pupis,
835 2882 1119 2955 Theophili,
1149 2886 1335 2956 synodi
1362 2885 1635 2953 Romanas,
1672 2904 1790 2942 cum
1835 2888 2008 2942 mino-

428 2974 570 3030 ribus
598 2975 739 3030 aliis.
778 2976 876 3032 Hae
924 2977 1154 3048 quidem,
1198 2979 1398 3048 partim
1424 2979 1631 3045 saltem,
1678 2982 1822 3049 apud
1875 2979 2008 3035 alios

428 3082 632 3137 quoque
678 3067 990 3139 biographos
1025 3078 1348 3135 occurrunt;
1395 3080 1624 3141 quatuor
1652 3082 1829 3125 autem
1879 3071 2010 3125 reci-

431 3170 615 3215 tantur
644 3177 678 3215 a
704 3160 1011 3217 Constantio
1058 3162 1116 3216 in
1150 3163 1253 3233 Ep.
1293 3164 1489 3234 pontil'.
1527 3164 1654 3218 tomi
1691 3165 2007 3234 appendice,

429 3263 652 3323 sumpta:
669 3271 734 3309 ea:
762 3254 944 3325 Glyco,
968 3254 1261 3326 Nicephoro
1299 3256 1512 3319 Calixti,
1554 3267 1602 3311 et
1636 3256 1888 3322 Baronio,
1921 3257 2013 3311 sed

340 3364 347 3371 ο
432 3346 621 3418 ubique
653 3363 773 3402 cum
805 3347 1052 3419 plurimis
1080 3348 1445 3403 varietatibus.
1479 3348 1635 3404 Totus
1663 3360 1840 3404 autem
1869 3351 1927 3403 in
1953 3366 2013 3403 eo

433 3437 770 3493 Constantius
803 3447 877 3494 est
914 3479 930 3503 ,
962 3450 1020 3493 ut
1066 3441 1162 3494 has
1210 3441 1420 3511 spurius
1466 3441 1629 3506 dicat,
1668 3441 1802 3495 sicut
1850 3442 2013 3495 etiam

435 3528 703 3582 existimat
744 3525 946 3599 Pagius
994 3530 1136 3598 apud
1169 3528 1481 3583 Baronium.
1519 3529 1791 3586 Concludit
1837 3539 2016 3583 tamen

436 3617 777 3674 Constantius
802 3628 1009 3673 tantam
1036 3637 1126 3675 eas
1153 3637 1337 3691 sapere
1359 3622 1751 3692 antiquitatem,
1779 3630 1835 3675 ut
1873 3622 2018 3676 haud

436 3712 600 3765 serius
624 3713 845 3782 fortasse
874 3712 1065 3766 steculo
1099 3723 1242 3767 sexto
1288 3714 1496 3783 scripta:
1540 3714 1832 3768 videantur.
1868 3713 2017 3768 Mitto

439 3820 531 3873 cgo
572 3813 619 3857 et
660 3820 897 3858 revereor
924 3804 1218 3860 Constantii
1260 3815 1574 3877 argumenta
1619 3807 1871 3861 adversus
1921 3807 2017 3861 has

440 3896 679 3963 litteras;
710 3899 801 3952 sed
830 3909 1006 3952 tamen
1034 3897 1168 3952 illud
1194 3915 1273 3951 me
1303 3915 1495 3969 parum
1524 3907 1711 3965 movet,
1740 3899 1877 3969 quod
1902 3915 2018 3952 cum

440 4005 499 4042 eo
529 3988 625 4042 alii
648 3990 838 4054 critici,
861 4006 987 4060 quos
1011 3990 1146 4044 inter
1170 3989 1528 4045 Tillemontius
1558 3990 1696 4045 Hist.
1719 3990 1851 4045 eccl.
1880 4000 1918 4045 t.
1950 3989 2015 4055 Χ,

438 4096 493 4150 p.
523 4079 647 4145 645,
681 4088 946 4145 astruunt,
980 4097 1164 4151 nempe
1195 4082 1339 4136 haud
1373 4081 1615 4136 credibile
1647 4082 1850 4146 videri,
1883 4082 2021 4151 quod

444 4170 775 4226 Innocentius
812 4172 1100 4227 Arcadium
1138 4182 1187 4227 et
1234 4173 1535 4227 Eudoxiam
1567 4172 1722 4244 (adde
1752 4181 1800 4226 et
1844 4172 2023 4226 llono-

441 4265 600 4331 rium)
628 4282 789 4320 ausus
811 4267 878 4319 sit
912 4274 1023 4319 tam
1059 4265 1229 4319 subito
1249 4267 1718 4321 excommunicare.
1740 4264 1879 4319 Nam
1905 4282 2021 4335 qua:

440 4363 613 4421 tanta,
659 4373 864 4427 quaso,
899 4358 1058 4412 moles
1104 4367 1178 4413 est
1207 4357 1547 4427 difficultatis,
1592 4358 1732 4429 quod
1771 4358 2021 4411 nimirum

507 4518 581 4584 (α)
616 4519 730 4581 Ilii,
759 4516 1053 4568 Bibliotheca
1076 4528 1200 4565 nova
1233 4517 1367 4577 PP.,
1397 4523 1433 4566 ι.
1456 4516 1540 4576 \‘l,
1567 4531 1613 4580 p.
1645 4515 1751 4564 265.

2092 1513 2332 1585 pontifex
2385 1514 2741 1584 iniquissima,
2789 1522 2837 1568 et
2892 1515 3143 1568 maxima:
3182 1512 3477 1583 offensionis
3507 1513 3564 1565 in
3589 1527 3686 1582 po-

2094 1607 2238 1677 pulo,
2270 1606 2622 1677 Chrysostomi
2667 1609 3019 1675 persecutione
3057 1617 3105 1660 et
3148 1606 3334 1661 exsilio
3372 1617 3681 1671 commotus,

2096 1716 2189 1752 nec
2218 1715 2319 1752 non
2354 1708 2504 1751 tanta
2534 1699 2785 1753 adversus
2811 1698 2858 1752 ei
2881 1699 3088 1752 devotos
3120 1697 3347 1759 saevitia,
3380 1706 3430 1750 et
3462 1697 3686 1766 denique

2098 1790 2391 1860 legatorum
2426 1806 2642 1843 suorum
2672 1799 2965 1859 contemptu
2993 1799 3041 1843 et
3074 1789 3398 1858 captivitate,
3422 1788 3569 1859 quid,
3598 1790 3687 1841 in-

2097 1896 2277 1950 quam,
2305 1879 2501 1933 mirum
2530 1887 2605 1934 est
2624 1920 2638 1945 ,
2666 1878 2961 1949 pontiﬁcem
2992 1878 3312 1948 prohibuisse
3349 1876 3551 1946 publice
3580 1875 3688 1932 Au.

2096 1979 2271 2041 yustos
2297 1988 2331 2024 a
2349 1979 2815 2033 sacramentorum,
2836 1985 3057 2038 quorum
3087 1978 3236 2022 erant
3259 1968 3483 2039 indigni,
3512 1966 3689 2032 parti-

2098 2062 2402 2131 cipatione?
2428 2061 2577 2116 Nihil
2599 2061 2739 2115 enim
2774 2060 2924 2114 aliud
2955 2059 3221 2113 continent
3257 2058 3550 2112 Innocentii
3579 2056 3687 2111 illis

2098 2155 2171 2209 ad
2196 2156 2362 2227 regios
2385 2155 2630 2225 conjuges
2652 2154 2858 2208 litterae.
2889 2152 3027 2218 Quid
3051 2155 3076 2209 ν
3104 2169 3274 2206 nonne
3300 2150 3356 2207 S.
3387 2151 3688 2205 Ambrosius

2100 2256 2305 2316 patrem
2328 2246 2542 2300 Arcadii
2560 2246 2918 2311 Theodosium,
2942 2255 3106 2300 tanta:
3132 2244 3314 2317 gloria:
3343 2243 3689 2313 potentiaque

2101 2338 2411 2407 principem,
2455 2336 2647 2406 templo
2691 2338 2993 2408 sanctisque
3030 2336 3288 2406 mysteriis
3343 2332 3691 2388 excluserat?

2102 2427 2273 2481 Porro
2304 2427 2576 2481 notissima
2612 2435 2727 2480 erat
2761 2427 3042 2480 liberorum
3066 2425 3334 2480 Theodosii
3366 2440 3572 2478 summa
3601 2438 3689 2476 re—

2104 2519 2381 2590 ligiositas,
2416 2521 2494 2573 ita
2523 2528 2581 2573 ut
2622 2520 2857 2589 pontifex
2879 2519 2943 2573 de
2985 2519 3203 2572 remedii
3233 2517 3466 2571 utilitate
3495 2525 3543 2569 et
3568 2530 3690 2568 suc-

2105 2625 2249 2663 cessu
2278 2610 2420 2663 haud
2456 2611 2657 2681 frustra
2695 2618 2948 2680 speraret.
2987 2609 3175 2663 Nonne
3219 2617 3267 2663 et
3305 2609 3418 2677 ipse
3440 2607 3691 2677 nuperius

2108 2700 2502 2771 Chrysostomus
2569 2699 2871 2754 Eudoxiam
2923 2700 3218 2771 Augustam
3259 2699 3486 2754 ecclesiae
3537 2699 3690 2751 aditu

2108 2792 2497 2847 interdixerat?
2523 2791 2771 2847 Attamen
2794 2794 2932 2847 inter
2968 2810 3059 2848 eas
3097 2792 3343 2864 epistolas
3372 2791 3465 2845 illa
3514 2790 3693 2844 Eudo-

2106 2884 2211 2938 πίω
2236 2883 2307 2936 ad
2330 2882 2692 2937 Innocentium
2742 2885 3009 2954 prwcipua
3036 2864 3356 2938 sinceritatis
3399 2883 3551 2953 signa
3580 2897 3695 2951 pra:

2108 2992 2163 3031 se
2182 2976 2320 3047 fert;
2345 2977 2421 3029 ita
2444 2985 2499 3029 ut
2528 2992 2678 3030 nemo
2720 2992 2839 3030 eam
2870 2976 3041 3047 legens
3064 2976 3310 3030 acerbum
3344 2976 3697 3046 pertinacem-

2111 3083 2209 3139 que
2250 3068 2585 3138 prarpotentis
2624 3069 2833 3138 femina:
2872 3069 3111 3122 animum
3140 3085 3244 3122 non
3272 3076 3544 3139 agnoscat,
3578 3082 3696 3136 quis

2110 3159 2316 3213 iratum
2360 3160 2684 3213 stomachum
2732 3160 2888 3224 levat,
2930 3168 2979 3213 et
3026 3160 3159 3214 adeo
3205 3159 3388 3227 culpas
3420 3175 3547 3213 suas
3593 3174 3697 3211 non

2115 3253 2328 3322 fatetur,
2362 3262 2419 3305 ut
2462 3252 2885 3322 Chrysostomum
2928 3252 3090 3307 etiam
3125 3263 3237 3322 post
3283 3253 3543 3321 inﬂictam
3596 3252 3698 3321 ipsi

2115 3343 2473 3398 calamitatem
2498 3355 2812 3415 prwgravet.

2187 3433 2337 3499 Quod
2391 3443 2571 3487 autem
2632 3450 2771 3487 nunc
2823 3451 2885 3489 ea
2941 3435 3162 3505 epistola
3236 3436 3381 3489 nobis
3442 3452 3475 3488 a
3534 3432 3699 3488 Theo-

2116 3529 2243 3582 doro
2307 3528 2646 3591 exhibeatur,
2689 3528 3081 3592 omittentibus,
3141 3538 3199 3582 ut
3264 3538 3427 3597 puto.
3487 3529 3685 3581 cunctis

2116 3619 2436 3691 biographis,
2489 3618 2870 3691 gratulandum
2921 3630 3015 3674 est.
3083 3620 3355 3675 Postremo
3433 3628 3697 3689 superest.

2117 3719 2177 3763 ut
2222 3726 2317 3780 pro
2353 3708 2582 3763 Romani
2625 3710 2885 3780 pontiﬁcis
2925 3712 3243 3767 auctoritate
3264 3713 3361 3766 hoc
3398 3711 3589 3766 saltem
3617 3712 3703 3765 di-

2120 3802 2366 3857 lemmate
2406 3811 2528 3856 utar
2554 3816 2572 3855 :
2604 3818 2729 3855 nam
2763 3803 2847 3857 vel
2878 3803 2959 3858 lue
2996 3803 3183 3859 littera:
3211 3805 3451 3875 genuina:
3480 3814 3621 3866 sunt,
3654 3813 3703 3858 et

2121 3895 2215 3950 illa
2251 3896 2540 3949 auctoritas
2561 3893 2824 3949 luculento
2846 3896 3082 3967 exemplo
3101 3897 3380 3966 ﬁrmatur,
3418 3897 3498 3951 vel
3523 3913 3703 3962 secus;

2124 3998 2171 4043 et
2207 3988 2555 4042 vetustissima
2585 3987 2771 4041 saltem
2810 3987 3141 4055 Graecorum,
3173 3990 3404 4043 nondum
3448 3990 3704 4047 schisma-

2126 4082 2367 4145 ticorum,
2387 4080 2565 4151 opinio
2592 4081 2882 4134 ostenditur
2899 4080 2964 4134 de
2988 4097 3232 4150 supremo
3255 4081 3510 4135 Romana:
3530 4081 3708 4134 cathe-

2126 4177 2237 4230 dra:
2283 4176 2432 4243 apice
2469 4191 2488 4228 :
2521 4174 2944 4244 quandoquidem
2985 4191 3086 4229 non
3127 4175 3305 4229 Latini
3355 4175 3568 4238 Crwcis,
3618 4173 3707 4228 sed

2128 4266 2296 4322 Grani
2321 4265 2544 4330 Latinis,
2571 4266 2669 4319 has
2698 4267 2927 4337 insignes
2980 4268 3229 4336 epistolas
3267 4269 3323 4322 in
3360 4268 3709 4322 monumentis

2127 4357 2235 4410 suis
2264 4366 2593 4411 conservatas
2620 4359 2978 4427 suppeditant.
3058 4410 3059 4415 η

440 4710 3704 4738 n——I_—————_—'—'—_——_"—_——_————-\

956 4878 1591 4975 THEODORI
1669 4878 2219 4972 EPISCOPI
2296 4878 3212 4972 TRIMITHUNTIS

1380 5075 1475 5132 DE
1504 5073 1658 5130 VITA
1687 5073 1778 5129 ET
1801 5072 2197 5131 EXSILIOET
2220 5072 2799 5131 AFFLICTIONIBUS

737 5240 1126 5299 BEATISSIIII
1166 5240 1452 5298 JOANNIS
1485 5237 1974 5298 CHRYSOSTOMI
2010 5237 2531 5297 ARCHIEPISCOPI
2568 5236 3398 5298 CONSTANTINOPOLITANI.

530 5531 582 5585 l.
599 5528 788 5585 Dilecn
808 5527 957 5584 lNon
972 5528 1235 5584 mentitur
1252 5526 1415 5594 Deus,
1432 5530 1521 5598 qui
1536 5545 1629 5585 oro
1650 5529 1928 5597 Prophan
1946 5528 2030 5584 di-

457 5624 537 5682 xit
554 5623 755 5680 :Multa:
782 5621 1145 5677 tribulationes
1161 5620 1428 5691 justorunt
1445 5620 1613 5691 (Psal.
1629 5618 1817 5686 sxum,
1831 5620 1945 5692 20).
1968 5622 2035 5676 Ει

459 5731 649 5774 rursus
686 5732 701 5770 :
731 5715 977 5772 Observat
1002 5726 1241 5786 peccator
1256 5715 1461 5785 justum
1489 5715 1659 5782 (Psal.
1688 5732 1869 5781 xxxvn,
1920 5711 2029 5785 {2).

469 5808 709 5878 Itemque
719 5809 813 5869 ait:
830 5809 1148 5868 Insidiemur
1153 5809 1319 5881 justo,
1336 5809 1455 5881 quia
1474 5811 1711 5880 ingratus
1725 5818 1797 5868 est
1839 5809 2004 5874 nobis,

2142 5539 2190 5582 et
2239 5528 2347 5599 ipse
2387 5526 2502 5598 ejus
2544 5527 2766 5581 intuitus
2798 5529 3042 5579 molestus
3083 5521 3219 5594 (lsa.
3252 5537 3334 5585 ιιι,
3365 5520 3476 5592 10).
3525 5519 3716 5576 Etdc-

2140 5623 2306 5694 niqne
2354 5639 2367 5675 :
2408 5621 2624 5685 Beatus,
2681 5618 2873 5688 inquit,
2930 5618 3021 5688 qui
3067 5616 3407 5671 tentationem
3445 5612 3719 5667 sustinebit

2145 5712 2281 5782 (Jac;
2315 5729 2353 5777 ι,
2380 5711 2489 5781 19.).
2520 5710 2758 5766 Joannes
2784 5708 2892 5772 hic,
2920 5716 3106 5763 tenera
3135 5713 3315 5768 aelate,
3342 5703 3490 5760 omni
3525 5704 3717 5758 Imma-

2141 5822 2211 5863 ωτι
2241 5803 2485 5862 doctrina
2514 5801 2754 5858 imbutus
2783 5798 2915 5867 fuit;
2944 5798 3010 5855 dc
3031 5795 3345 5870 parentibus
3368 5792 3600 5852 ethnicis
3628 5808 3701 5847 na
