4114 6392
422 296 484 336 Lv
1529 276 1885 335 TﬂEODORI
1926 273 2459 335 TBIMITHUNTINI
3630 297 3720 342 tu

418 415 557 453 πων
601 392 671 471 ἦν
720 398 777 452 δὲ
826 397 1033 467 γονέων
1087 399 1389 470 Ἑλλήνων,
1439 400 1533 453 καὶ
1583 399 1746 462 αὐτὸς
1783 398 1842 452 δέ
1884 398 2015 451 ’Έλ-

417 492 519 564 λην
540 493 638 561 (ιι).
655 491 767 546 Kal
788 493 1114 561 xa'cav‘uyel;
1139 495 1204 546 ἐκ
1226 492 1377 557 θείας
1403 492 1647 564 χάριτος,
1662 492 2020 565 προστρέχειν

418 589 626 661 ἡρξατο
651 591 765 652 τοῖς
813 588 1291 658 ἐκκλησιαστικοῖς
1340 586 1585 650 κόλποις,
1624 587 1721 639 καὶ
1750 589 1864 650 τοῖς
1891 587 2021 639 ἁνα-

419 680 710 753 γνώσμασι
738 678 1018 752 σχολάζειν
1054 680 1164 734 τῶν
1207 681 1368 734 θείων
1420 677 1677 759 Γραφῶν·
1723 678 1818 733 καὶ
1851 679 2021 750 ἡδέως

423 777 568 833 πάνυ
591 775 806 831 ἀκούων
834 775 1034 839 αὐτῶν,
1063 775 1356 846 ἐκαρτέρει
1386 777 1502 839 τοῖς
1534 776 1744 829 τούτων
1766 774 2022 828 διδασκὰ-

420 868 555 932 λοις,
581 866 994 938 ἐκλαμπόμενος
1048 867 1113 920 ἐκ
1141 865 1291 930 θείας
1323 867 1601 937 προνοίας.
1639 865 1836 919 Λαϐὼν
1874 866 1933 919 δὲ
1961 865 2022 919 τὸ

422 964 579 1033 ἆγιον
612 963 893 1033 βάπτισμα
923 963 982 1015 ἐν
1047 960 1242 1034 Ἀμίδη
1285 965 1353 1035 τῇ
1406 962 1560 1015 πόλει
1603 962 1708 1015 ὑπὸ
1754 959 2020 1016 Βαιτανοῦ

421 1056 724 1111 ἐπισκόπου
758 1055 855 1122 (b),
891 1054 1094 1119 εὐθέως
1136 1053 1493 1124 ἀναγνώστης
1532 1054 1940 1127 προχειρίζεται
1962 1055 2022 1108 ἐν

434 1148 739 1219 Ἀντιοχείᾳ
764 1147 869 1199 ὑπὸ
908 1145 1232 1217 Ποιμαινίου
1264 1145 1360 1200 τοῦ
1388 1145 1693 1200 ἐπισκόπου
1719 1146 1911 1217 αὐτῆς.

494 1242 561 1294 ϐ’.
598 1240 708 1293 Kal
762 1238 953 1311 ἐπειδὴ
998 1239 1181 1292 τοίνυν
1212 1237 1471 1310 ⁴ἠρξάμην
1504 1238 1688 1308 λέγειν
1734 1239 1866 1311 περὶ
1911 1238 2021 1292 τῶν

424 1332 858 1404 ἐνεδρευσάντων
883 1333 975 1385 τὸν
1006 1331 1216 1403 δίκαιον
1248 1331 1439 1385 τοῦτον
1473 1332 1663 1404 ἄνδρα,
1710 1326 1785 1386 ὧν
1824 1331 2018 1405 πρώτη

426 1424 526 1496 μὲν
560 1424 789 1490 Εύδοξία
849 1426 881 1497 ὴ
945 1425 1236 1498 ’Δρκαδίου
1270 1426 1431 1496 γυνὴ,
1492 1421 1614 1480 εἶτα
1657 1428 1775 1496 μετ’
1805 1426 2020 1497 ἐκείνην

423 1516 733 1588 Θεόφιλοςό
756 1518 1056 1581 ἐπίσκοπος
1114 1517 1547 1589 ’Δλεξανδρείας,
1584 1512 1683 1571 εἷθ’
1723 1515 1897 1580 οὕτως
1926 1515 2021 1569 καὶ

424 1610 777 1682 Σευηριανὸς,
807 1611 902 1664 καὶ
929 1613 978 1665 οί
1020 1612 1152 1682 περὶ
1181 1612 1345 1665 αὐτὸν
1393 1611 1649 1675 Ἀκάκιος
1679 1612 1775 1665 καὶ
1799 1610 2020 1680 Πορφύ-

425 1719 561 1773 ριος·
592 1695 739 1756 οὗτοι
769 1702 1060 1757 ἐπίσκοποι
1092 1705 1189 1758 καὶ
1237 1703 1389 1758 ἄλλοι
1444 1703 1611 1770 τινὲς,
1668 1703 1797 1773 περὶ
1842 1696 1919 1757 ὧν
1940 1704 2021 1767 είς

424 1792 650 1866 ὕστερον
677 1796 1031 1868 διηγήσομαι.
1057 1796 1374 1866 Διαλέγεται
1402 1796 1462 1849 δὲ
1487 1798 1616 1868 περὶ
1652 1796 1899 1850 Ἰωάννου
1925 1796 2021 1850 καὶ

420 1886 533 1943 τῶν
572 1888 1000 1961 συμϐεϐηκότων
1050 1892 1257 1945 τούτων
1291 1893 1533 1956 πάντων,
1579 1890 1720 1961 μετὰ
1743 1889 2019 1965 Θεοδώρου

421 1979 671 2033 διακόνου
700 1981 800 2051 τῆς
834 1981 1079 2054 μεγάλης
1117 1981 1359 2054 Ῥώμης,
1387 1983 1529 2053 ἀνήρ
1556 2000 1642 2045 τις
1661 1982 1844 2051 τίμιος
1874 1981 2021 2034 Παλ-

422 2070 605 2136 λάδιος
636 2070 876 2144 τοῦνομα
899 2072 993 2143 (ο)’
1032 2067 1208 2136 οὗτος,
1245 2073 1463 2145 πρῶτον
1510 2073 1610 2143 μὲν
1660 2072 1758 2143 τὴν
1811 2072 2020 2144 ἔρημον

423 2165 652 2234 οἰκήσας
679 2164 771 2217 ἐπ)⁹
797 2166 1017 2228 ἱκανοὺς
1040 2166 1289 2237 χρόνους,
1322 2164 1636 2236 κατηξιώθη
1662 2166 1762 2235 τῆς
1799 2167 2022 2219 ἐπισκο-

426 2256 537 2326 πῆς
564 2258 624 2310 ἐν
653 2256 895 2330 Βιθυνίᾳ.
931 2253 1101 2323 Οὗτος
1124 2259 1503 2328 συγγράφεται
1540 2260 1636 2313 καὶ
1664 2258 1866 2329 ἀρετὰς
1894 2259 2023 2312 πολ-

423 2347 534 2401 λῶν
557 2348 819 2420 Πατέρων
847 2349 946 2421 (d),
974 2350 1051 2413 ὡς
1071 2350 1168 2403 καὶ
1195 2350 1359 2414 αὐτὸς
1391 2350 1709 2415 κοινωνικὸς
1732 2349 1806 2403 ῶν
1845 2349 2024 2404 Ἰωάν-

423 2457 538 2503 νου,
564 2441 958 2506 κατάκλειστος
1004 2443 1230 2511 γέγονεν
1291 2442 1352 2513 (f.
1388 2442 1458 2498 69
1514 2442 1571 2514 b)
1630 2442 2023 2514 ἐνδεκαμήνεον

423 2532 615 2603 χρόνον
653 2535 711 2585 ἐν
742 2533 971 2605 οίκίσκῳ
992 2533 1244 2611 ζοφερῷ.
1277 2533 1550 2602 Βούλομαι
1574 2528 1687 2597 οὖν,
1714 2531 1895 2598 καθὼς
1922 2551 2023 2586 κα-

423 2624 781 2696 ταλαμϐάνω.
812 2626 941 2698 περί⁵
1005 2627 1234 2679 Ιωάννου
1265 2626 1546 2696 κατάδηλα
1573 2626 1797 2695 ποιῆσαι
1836 2624 1983 2694 ύμῖν.

496 2720 565 2782 γ’.
608 2714 861 2783 Ἰωάννης
926 2709 1019 2768 οὖν
1076 2714 1151 2785 μὴ
1216 2713 1629 2785 ἐπαρκούμενος
1662 2716 1729 2786 τῇ
1780 2715 1837 2766 ἐν
1874 2713 2025 2767 πόλει

427 2802 842 2875 σκληραγωγίᾳ,
871 2802 940 2855 τὰ
968 2802 1196 2873 πλησίον
1229 2803 1331 2873 δρη
1356 2801 1706 2867 καταλαϐὼν,
1756 2802 1818 2856 τὸ
1866 2801 2026 2873 σῶμα

425 2891 621 2945 ἑαυτοῦ
652 2892 944 2962 ἐδάμαζεν.
972 2891 1213 2962 Πληγεὶς
1240 2891 1297 2945 δέ
1325 2892 1396 2945 τὰ
1423 2892 1768 2964 ὑπογάστρια
1794 2890 1900 2944 ὑπὸ
1930 2881 2025 2943 τοῦ

423 2982 647 3052 κρύους,
676 2983 771 3035 καὶ
802 2983 876 3053 μὴ
915 2983 1114 3053 ἰσχύων
1154 2982 1240 3035 ἐτι
1279 2982 1634 3054 ἐξυπηρετεῖν
1692 2979 1893 3050 ἐαυτῷ,
1925 2980 2030 3033 πά-

424 3069 510 3123 λιν
539 3070 950 3138 καταλαμϐάνει
1010 3070 1100 3123 τὸν
1141 3069 1600 3141 ἐκκλησιαστικὸν
1643 3069 1876 3140 λιμένα,
1926 3067 2027 3137 τῆς

424 3159 651 3230 χάριτος
683 3156 778 3211 τοῦ
804 3157 941 3210 Θεοῦ
969 3156 1187 3226 εὐφυῶς
1222 3158 1304 3221 είς
1345 3157 1408 3209 τὸ
1434 3158 1704 3229 χρήσιμον
1733 3155 1900 3209 αὑτὸν
1931 3170 2029 3207 πε-

427 3244 744 3318 ριαγούσης·
773 3245 868 3298 καὶ
898 3243 1306 3317 προχειρίζεται
1332 3243 1580 3307 διάκονος
1633 3245 1715 3306 είς
1755 3242 1853 3312 τὴν
1906 3242 2029 3295 Ἀν-

423 3334 630 3405 τιόχου.
671 3332 766 3387 τοῦ
809 3333 1080 3404 στόματος
1111 3331 1278 3387 αὐτοῦ
1309 3332 1453 3386 κατὰ
1478 3331 1591 3385 τῶν
1619 3330 1885 3400 αἱρέσεων
1908 3329 2033 3382 θαυ-

428 3425 651 3495 μαστῶς
683 3423 1279 3494 ἀνοιγομένου’ἔπειτα
1337 3423 1430 3476 καὶ
1480 3420 1848 3491 πρεσϐύτερος
1902 3417 2032 3473 καθ-

430 3514 667 3568 ίσταται.
690 3515 800 3566 Kal
824 3513 985 3566 πάλιν
1007 3514 1035 3565 6
1054 3511 1210 3580 λόγος
1230 3514 1457 3574 ἐκεῖνος,
1474 3514 1502 3564 6
1521 3511 1680 3565 ἆλατι
1702 3511 1840 3580 ἠρτυ
1850 3508 2028 3578 μένος,

427 3600 642 3673 καίριος
674 3603 738 3654 ἐκ
782 3600 881 3661 ,τοῦ
925 3599 1199 3670 στόματος
1239 3598 1407 3652 αὑτοῦ
1443 3600 1775 3669 προήρχετο“
1813 3596 2031 3666 πρῶτον

433 3688 534 3760 μὲν
567 3689 710 3742 κατά
739 3687 848 3741 τῶν
887 3688 1165 3752 ἀλαζόνων
1193 3688 1288 3740 καὶ
1322 3686 1591 3756 μισοθέων
1621 3686 1715 3739 καὶ
1752 3684 2030 3756 μισοπτώ-

429 3794 562 3849 χων,
600 3778 694 3831 καὶ
725 3778 816 3830 ἐπὶ
848 3777 1061 3841 τούτοις
1116 3776 1547 3847 ἐμεγαλαυχεῖτο
1589 3776 1619 3828 6
1658 3777 1819 3846 ἀνήρ·
1846 3775 1942 3827 καὶ
1963 3769 2032 3844 ἦν

431 3864 797 3935 ἀκροατήριον
822 3866 941 3917 ἐκεῖ
965 3864 1085 3919 καθ’
1118 3864 1357 3933 ἑκάστην
1386 3864 1619 3935 ἡμέραν,
1651 3862 2031 3932 συναγομένων

439 3952 634 4024 δχλων,
678 3951 948 4021 ὠφελείας
1004 3952 1189 4024 χάριν,
1249 3952 1346 4006 καὶ
1397 3951 1601 4015 πάντες
1640 3950 1804 4004 αὐτοῦ
1857 3950 2032 4019 ἡδέως

443 4046 664 4116 ἤκουον,
687 4041 784 4096 καὶ
815 4041 1017 4105 πάντες
1049 4040 1304 4112 ἐνέμενον
1360 4042 1473 4104 τοῖς
1506 4039 1637 4111 παρ’
1676 4040 1840 4093 αὐτοῦ
1872 4039 2030 4108 λεγο-

442 4129 645 4201 μένοις.

503 4216 566 4271 δ’.
595 4215 802 4286 Συνέϐη
837 4214 893 4269 δὲ
943 4216 1064 4269 κατ’
1096 4215 1276 4269 ἐκεῖνο
1305 4211 1499 4286 καιροῦ
1557 4217 1889 4287 μεταστῆναι
1921 4215 2031 4269 τῶν

432 4303 682 4358 ἐντεῦθεν
738 4303 985 4376 θορύϐων
1027 4303 1334 4375 Νεκτάριον
1395 4305 1488 4357 τὸν
1540 4305 1839 4358 ἐπίσκοπον
1872 4306 2027 4357 Κων-

434 4393 711 4447 σταντίνου
730 4393 960 4457 πόλεως’
991 4394 1088 4447 καὶ
1119 4392 1372 4447 ἐντεῦθεν
1400 4393 1585 4462 ζητεῖν
1614 4393 1843 4457 πολλοὺς
1876 4392 2031 4446 ὠνεῖ-

434 4480 560 4536 σθαι
584 4481 682 4554 τὴν
716 4482 1041 4554 ἱερωσύνην,
1096 4482 1196 4535 καὶ
1242 4480 1592 4552 διχοστασίας
1640 4480 1898 4550 γενέσθαι
1929 4481 2030 4535 οὐκ

432 4572 640 4640 ὀλίγας.
688 4569 1033 4643 Ἑρμηνεύθη
1057 4571 1115 4625 δέ
1134 4570 1213 4642 τῷ
1245 4571 1457 4640 βασιλεῖ
1496 4570 1767 4641 Ἀρκαδίῳ
1789 4571 1822 4638 ἡ
1850 4571 2031 4624 Ἰωάν-

435 4677 526 4714 νου
556 4660 919 4731 χρησιμότης·
945 4660 1041 4713 καὶ
1074 4660 1213 4730 ταχὺ
1237 4658 1314 4730 τῷ
1359 4657 1652 4730 στρατηγῷ
1685 4658 1785 4728 τῆς
1826 4657 2030 4711 Ἀντιό-

434 4766 533 4819 χου
559 4748 761 4818 γράφει
809 4748 1127 4802 ἀποστεῖλαι
1190 4746 1431 4817 ἀψοφητὶ
1483 4746 1574 4799 τὸν
1617 4745 1905 4815 Ἰωάννην,
1955 4744 2029 4816 μὴ

434 4835 751 4908 ταράξαντα
794 4838 885 4891 τὸν
943 4837 1109 4891 αὐτὸν
1161 4837 1349 4908 ἄνδρα,
1413 4838 1550 4907 μήτε
1589 4836 1687 4907 τὴν
1730 4835 2025 4905 Ἀντιόχου.

435 4921 618 4979 *Ησαν
638 4927 695 4980 δέ
728 4926 797 4979 τά
825 4927 915 4979 ῖσα
943 4926 1052 4979 τῶν
1096 4925 1419 4996 γραφέντων
1473 4924 1668 4977 ταῦτα·
1716 4942 1734 4974 ι
1760 4923 2027 4988 Σεϐαστὸς

439 5012 646 5080 ἔνδοξος
684 5013 966 5085 Ἀρκάδιος
1001 5013 1238 5083 Βίκτωρι
1288 5012 1563 5083 πατρικίῳ
1593 5011 1688 5065 καὶ
1737 5010 2030 5083 στρατηγῷ

452 5102 701 5176 Ὀρέντου
738 5103 807 5170 (ε)
861 5101 1037 5156 ταῦτα
1091 5100 1309 5173 γράφω·
1369 5100 1588 5170 Ἐπειδή
1639 5115 1785 5164 τινες
1837 5101 2029 5169 ἀφυεῖς

438 5193 888 5263 ἀνεπιστημόνως
912 5190 1130 5244 δοκοῦσι
1159 5188 1583 5262 προσέρχεσθαι,
1614 5187 1690 5259 μὴ
1714 5188 1923 5259 μῶμον,
1952 5188 2026 5260 μὴ

438 5280 638 5351 φόϐον,
713 5278 785 5352 μὴ
851 5279 1071 5350 ἔλεγχον
1127 5277 1507 5350 λογιζόμενοι,
1576 5276 1675 5348 τὴν
1727 5275 2028 5349 ἱερωσύνην

511 5396 589 5467 (a)
618 5395 733 5467 Alii
766 5409 982 5464 quoque
1025 5391 1331 5467 biog‘raphi,
1383 5390 1666 5467 Georgius,
1716 5389 2028 5467 Metapln_ra-

438 5461 581 5531 stes;
604 5474 662 5520 et
708 5461 1060 5537 An‘onyinus.
1109 5461 1317 5537 dicunt
1349 5472 1536 5516 natum
1583 5463 1660 5537 _de
1710 5461 2027 5537 pateatilms

438 5538 676 5593 ethnicis
735 5531 1207 5606 Chry'sostomrum.
1252 5531 1454 5606 Neque;
1494 5533 1629 5606 satis
1675 5531 2027 5606 probabiliter

437 5605 811 5662 contradicere
840 5603 1057 5664 iidetur
1086 5603 1527 5662 Moutl‘auconius
1560 5604 1613 5656 in
1639 5617 1844 5672 nupera
1865 5603 1933 5656 ab
1962 5620 2027 5657 eo

434 5678 637 5745 Scripta
666 5676 807 5733 Vita.

508 5743 582 5821 (ὗ)
620 5748 724 5804 Alii
755 5747 1041 5821 biographi
1071 5747 1262 5804 dicunt
1284 5746 1621 5817 baptizatum
1648 5743 1957 5803 Antiochia:
1993 5759 2019 5797 a

2132 402 2572 469 προσωποποιεῖν
2599 400 2892 465 ἐθέλουσιν,
2924 403 3085 473 ἡμεῖς
3128 402 3205 473 τῷ
3258 399 3352 454 τοῦ
3401 399 3536 453 Θεοῦ
3567 400 3722 473 φόϐῳ

2126 487 2374 552 νεύοντες
2400 490 2512 553 ἀεὶ,
2571 490 2696 554 τοὺς
2746 490 3023 553 τοιούτους
3068 490 3386 562 ἀπράκτους
3432 488 3716 560 ποιοῦμεν.

2114 579 2495 652 »Ἐντέλλομαί
2515 597 2597 633 σοι
2628 580 2717 634 διὰ
2747 580 2950 633 τούτων
2981 579 3140 651 ἡμῶν
3182 578 3293 632 τῶν
3327 577 3488 632 θείων
3533 595 3723 650 γραμ-

2128 667 2335 739 μάτων,
2358 668 2435 732 ὡς
2484 669 2623 740 μετὰ
2670 670 2852 740 πάσης
2894 669 3198 732 ἐπιεικείας
3244 668 3557 722 ἀποστεῖλαι
3587 670 3721 739 ἡμῖν

2126 756 2363 809 ἐνταῦθα
2402 757 2662 826 Ἰωάννην
2692 756 2783 810 τὸν
2823 756 3219 828 πρεσϐύτερον,
3243 755 3353 809 τῶν
3382 757 3446 809 ἐκ
3473 755 3723 825 Μεγαλο-

2125 845 2337 910 πόλεως
2369 845 2435 917 (f)
2463 846 2694 918 μηδενὸς
2734 845 2986 910 νοοῦντος
3015 846 3049 916 ἢ
3104 846 3432 916 αἰσθομένου
3481 844 3544 897 τὸ
3569 845 3721 914 γινό-

2128 953 2309 1006 μενον.
2350 935 2538 1001 Οὕτως
2574 935 2683 1007 γὰρ
2721 936 2955 1005 εὐφυῶς,
2983 936 3044 989 τὸ
3091 935 3302 989 τοιοῦτο
3336 933 3577 1000 ἐξανύων
3604 935 3725 989 διά-

2124 1040 2331 1094 ταγμα,
2365 1025 2640 1095 μεγίστων
2707 1025 2946 1078 ἐπαίνων
2999 1024 3131 1094 παρ’
3157 1022 3317 1094 ἡμῶν
3367 1022 3668 1094 ἀξιωθήσῃ.
3694 1040 3716 1074 ι

2133 1113 2196 1167 Ὅ
2228 1113 2285 1166 δὲ
2312 1115 2616 1185 στρατηγὸς
2651 1114 2720 1167 τὰ
2760 1113 3039 1185 γραφέντα
3091 1110 3242 1182 αύτῷ
3291 1112 3578 1178 ἀναγνοὺς,
3619 1129 3725 1163 πα-

2126 1202 2358 1275 ρακαλεῖ
2385 1202 2477 1257 τὸν
2523 1202 2780 1273 Ἰωάννην
2819 1201 2925 1269 ἐξω
2964 1203 3092 1272 περὶ
3148 1199 3219 1253 τὰ
3266 1202 3537 1271 προάστια
3563 1198 3720 1267 γενέ-

2125 1290 2273 1357 σθαι,
2309 1291 2406 1345 καὶ
2444 1291 2773 1354 ἐπιϐιϐάσας
2806 1290 2971 1345 αὐτὸν
3021 1288 3269 1361 δημοσίῳ
3314 1289 3503 1361 ῥηδίῳ,
3545 1288 3724 1351 δώσας

2125 1380 2275 1449 αὐτῷ
2308 1381 2404 1434 καὶ
2436 1379 2648 1443 λεκτία,
2710 1378 2919 1451 πέμπει
2973 1381 3040 1449 τῇ
3078 1376 3490 1432 Κωνσταντίνου
3543 1375 3719 1430 πόλει.

2126 1469 2237 1521 Kal
2264 1467 2328 1539 δὴ
2375 1470 2764 1540 χειροτονεῖται
2818 1466 2982 1530 εὐθὺς
3019 1465 3343 1529 ἐπίσκοπος,
3381 1466 3476 1518 καὶ
3501 1460 3570 1536 ἦν
3621 1465 3720 1534 μέ-

2126 1573 2310 1626 γιστος
2354 1560 2413 1611 ἐν
2445 1558 2766 1628 διδασκαλίᾳ
2817 1556 3158 1627 διαπρέπων,
3218 1555 3459 1626 ἐλέγχων
3487 1555 3724 1625 ἀφειδῶς

2123 1649 2249 1712 τοὺς
2284 1649 2526 1709 ἁνελεεῖς
2549 1648 2863 1715 πλουσίους,
2896 1648 2994 1707 καὶ
3034 1648 3162 1710 τοὺς
3191 1648 3271 1710 είς
3309 1644 3442 1699 Θεὸν
3470 1644 3725 1717 ἀγνώμο-

2123 1753 2238 1800 νας.
2281 1736 2442 1789 Ἀλλὰ
2462 1736 2638 1791 ταῦτα
2690 1736 2865 1797 πάντα
2890 1736 3017 1798 τοὺς
3045 1734 3446 1806 ἀμελεστέρους
3475 1733 3682 1789 ἐλύπει.

2196 1834 2259 1882 ε’.
2307 1828 2365 1880 '0
2395 1827 2453 1880 δέ
2489 1826 2585 1880 τοῦ
2615 1826 2865 1880 διαϐόλου
2912 1826 3191 1890 ἄπαυστος
3240 1825 3437 1895 φθόνος
3468 1825 3629 1883 πάλιν
3660 1826 3725 1879 τὸ

2126 1917 2254 1971 ἴδιον
2288 1918 2451 1971 ποιεῖ.
2492 1914 2703 1988 Συνέϐη
2764 1914 2876 1987 γὰρ
2912 1918 2994 1978 εἰς
3049 1914 3458 1986 Ἀλεξάνδρειαν
3511 1915 3724 1970 τοιοῦτό

2125 2024 2178 2059 τι
2215 2005 2503 2075 γενέσθαι·
2535 2005 2806 2063 λαϐοῦσαν
2837 2003 3103 2074 Θεοδότην
3159 2003 3261 2074 τὴν
3310 2003 3547 2076 ἀδελφὴν
3578 2004 3726 2057 Θεο-

2062 2146 2071 2155 ,
2125 2094 2295 2167 δώρου
2324 2093 2418 2149 τοῦ
2443 2094 2778 2167 ἐπάρχοντος
2813 2094 2962 2166 χίλια
3007 2095 3323 2166 νομίσματα
3365 2093 3551 2149 δοῦναι
3600 2097 3725 2149 Ἰσι-

2124 2186 2283 2257 δώρῳ
2313 2186 2671 2260 πρεσϐυτέρῳ
2702 2188 2795 2243 καὶ
2823 2186 3083 2258 ξενοδόχῳ
3102 2187 3203 2258 τῆς
3227 2186 3398 2258 αὐτῆς
3425 2186 3723 2258 ἐκκλησίας

2127 2275 2206 2338 είς
2233 2274 2494 2346 διανομὴν
2552 2276 2823 2346 πενήτων.
2882 2269 3050 2340 Οὗτος
3099 2276 3156 2330 δὲ
3207 2278 3236 2330 6
3278 2276 3550 2349 Ἰσίδωρος
3581 2276 3723 2348 ἀνὴρ

2126 2363 2281 2430 ἅγιος
2308 2358 2374 2433 ἦν
2405 2365 2499 2416 καὶ
2525 2363 2862 2435 διακριτικὸς
2881 2406 2897 2431 ,
2952 2364 3010 2418 ὃν
3056 2364 3373 2429 Ἀθανάσιος
3397 2368 3425 2419 6
3454 2366 3723 2437 μακάριος

2128 2452 2316 2515 πάπας
2346 2454 2754 2523 προχειρίζεται
2799 2455 2879 2517 είς
2931 2453 3323 2525 πρεσϐύτερον.
3373 2453 3431 2507 'U
3473 2451 3565 2509 οὖν
3594 2454 3726 2507 Θεό-

2126 2540 2280 2610 φιλος
2308 2541 2498 2605 πάπας
2523 2540 2735 2612 μαθὼν,
2770 2542 3008 2608 καλέσας
3048 2542 3139 2597 τὸν
3174 2542 3466 2614 Ἰσίδωρον,
3502 2543 3725 2615 ἠρώτη-

2128 2646 2219 2685 σεν
2249 2632 2379 2703 περὶ
2413 2631 2507 2685 τοῦ
2532 2630 2783 2703 χρυσίου.
2803 2631 2918 2685 Kal
2944 2631 3095 2700 λέγει
3126 2631 3276 2702 αὐτῷ
3310 2634 3517 2695 ἐκεῖνος
3539 2634 3724 2687 πᾶσαν

2124 2719 2223 2788 τὴν
2249 2718 2529 2791 ἀλήθειαν,
2554 2720 2729 2788 λέγων
2781 2718 2973 2783 οὕτως·
3034 2720 3197 2774 «Ὅτι
3239 2719 3471 2791 Θεοδότη
3511 2719 3725 2792 κατώρ-

2126 2807 2298 2877 κησέν
2337 2809 2483 2878 με,ή
2515 2808 2610 2860 καὶ
2643 2806 2867 2862 δώσασα
2916 2807 3078 2872 αὐτὰ,
3135 2807 3210 2879 μὴ
3260 2809 3558 2879 ἀναγαγεῖν
3598 2827 3681 2864 σοι
3704 2850 3721 2875 ,

2128 2898 2263 2952 ἀλλά
2298 2903 2410 2961 τοῖς
2437 2898 2856 2970 ύστερουμένοις
2877 2898 3063 2952 δοῦναι
3095 2899 3255 2954 αὑτά·
3284 2898 3553 2970 κρείσσων
3593 2899 3721 2972 γὰρ,

2131 2988 2316 3058 φησὶν,
2354 2988 2387 3057 ἡ
2419 2987 2637 3041 εὐποιία
2688 2980 2875 3058 ὧνπερ
2920 2988 3124 3040 ποιεῖτε
3160 2986 3478 3059 οἰκοδομῶν.
3511 3007 3531 3040 ι
3582 2989 3640 3042 ’0
3666 2989 3724 3042 δέ

2129 3074 2404 3147 ὀργισθεὶς
2426 3071 2494 3145 ἦν
2525 3073 2783 3146 μεμηνὼς
2816 3076 2921 3127 καί⁸
2939 3073 3154 3147 βρόχων
3183 3076 3307 3139 τοὺς
3332 3075 3551 3141 ὀδόντας
3582 3077 3724 3131 κατά

2143 3166 2434 3240 Ἰσιδώρου.
2463 3167 2573 3220 Kal
2609 3168 2673 3221 ἐκ
2703 3165 2799 3219 τοῦ
2822 3166 2883 3231 ἐξ
2908 3166 3158 3229 ἐναντίας
3195 3164 3513 3236 κινούμενος
3541 3169 3568 3220 6
3596 3166 3725 3219 Θεό-

2132 3256 2283 3325 φιλος
2315 3256 2554 3327 ἔγραψεν
2608 3255 2750 3310 κατὰ
2778 3254 2874 3309 τοῦ
2912 3254 3059 3309 acea
3111 3253 3382 3325 Ἰσιδώρου
3427 3253 3724 3325 Σώομικὴυ

2133 3341 2466 3413 κατηγορίαν
2490 3359 2501 3370 υ
2555 3341 2651 3395 καὶ
2696 3339 3212 3411 προσκαλεσάμενος
3261 3341 3424 3393 αὑτὸν
3479 3337 3626 3405 λέγει
3658 3339 3722 3407 (f.

2133 3426 2205 3479 70
2243 3426 2321 3495 a)
2354 3424 2523 3496 αὐτῷ·
2586 3444 2605 3476 ‹
2648 3424 2820 3478 Ἀϐϐά
2873 3424 3133 3495 Ἰσίδωρε,
3173 3423 3265 3477 τὸν
3294 3423 3503 3495 χάρτην
3536 3421 3725 3476 τοῦτον

2134 3510 2336 3564 ἔδωκέν
2388 3510 2477 3579 μοί
2536 3526 2620 3572 τις
2675 3509 2817 3562 κατὰ
2851 3506 2964 3560 σοῦ’
3016 3508 3111 3562 καὶ
3164 3507 3586 3578 περισπωμένου
3618 3524 3722 3577 μου

2135 3595 2267 3666 περὶ
2306 3593 2499 3658 πολλὰ,
2547 3593 2684 3665 λήθη
2744 3593 3117 3665 παρέδραμεν’
3158 3593 3254 3646 καὶ
3282 3592 3377 3646 νῦν
3433 3592 3724 3663 ζητοῦντός

2137 3697 2238 3749 μου
2269 3679 2455 3751 ἓτερον
2482 3678 2724 3750 χαρτίον,
2764 3674 2923 3730 τοῦτο
2972 3672 3150 3748 εὗρον,
3181 3677 3277 3730 καὶ
3317 3676 3601 3748 ἐμνήσθην,
3622 3678 3724 3746 τῆς

2135 3765 2266 3834 περ)¹
2323 3764 2383 3817 σὲ
2432 3762 2789 3834 κατηγορίας.
2829 3782 2848 3815 ι
2908 3762 3042 3815 Τότε
3103 3762 3423 3833 ἀποκριθεὶς
3462 3765 3499 3822 ὁ,
3519 3762 3725 3827 δίκαιος

2134 3849 2340 3913 ἐκεῖνος
2374 3849 2515 3919 ἀνὴρ
2543 3847 2690 3914 λέγει
2736 3846 2905 3918 αὐτῷ·
2939 3866 2957 3898 ι
2984 3850 3150 3919 Κύριε
3166 3846 3339 3907 πάπα,
3373 3847 3436 3900 σὺ
3468 3846 3720 3917 λέληθας·

2133 3934 2163 3985 6
2192 3931 2514 4001 κατηγορῶν
2554 3929 2693 3994 ποῦ;
2726 3949 2745 3980 ι
2809 3929 2867 3983 '0
2911 3924 2968 3983 δέ
3023 3929 3192 3998 λέγει,
3248 3950 3266 3980 ι
3301 3929 3508 3985 Ἔστιν.
3535 3950 3553 3980 ι
3589 3931 3723 3985 Τότε

2138 4017 2528 4090 προσκαλεῖται
2577 4015 2835 4083 Θεόφιλος
2870 4015 2970 4086 τὴν
3009 4015 3146 4069 ἰδίαν
3203 4014 3458 4086 ἀδελφὴν,
3508 4016 3602 4069 καὶ
3643 4016 3724 4069 δι-

2135 4105 2326 4159 δάσκει
2362 4102 2530 4172 αὐτὴν
2557 4101 2626 4155 τὰ
2655 4102 2757 4170 τῆς
2792 4100 3179 4169 συκοφαντίας.
3225 4102 3288 4153 Ἡ
3316 4100 3374 4154 δέ
3397 4101 3722 4172 πορευθεῖσα

2135 4189 2272 4259 πρός
2300 4204 2426 4240 τινα
2462 4187 2660 4257 χήραν,
2710 4184 2924 4238 δίδωσιν
2974 4184 3111 4255 αὐτῇ
3171 4184 3394 4255 χρυσίου
3423 4185 3718 4255 ποσότητα,

2135 4273 2225 4325 ἵνα
2256 4270 2420 4341 πείσῃ
2449 4270 2541 4323 τὸν
2568 4269 2685 4323 υἱὸν
2716 4269 2887 4339 αὐτῆς
2924 4268 3294 4338 καταλαλῆσαι
3315 4268 3393 4338 τῷ
3416 4270 3559 4341 ὰϐϐᾷ
3597 4270 3723 4324 Ἰσιο

2133 4353 2311 4425 δώρῳ.
2337 4354 2355 4421 (
2372 4354 2436 4406 Ἦ
2472 4354 2530 4407 δὲ
2562 4352 2836 4424 Ἰσιδώρῳ)
2868 4352 2930 4404 τὸ
2955 4353 3186 4423 πρᾶγμα
3208 4352 3504 4423 κατάδηλον
3533 4353 3724 4419 ἐποίη-

2137 4455 2247 4496 σεν,
2311 4435 2628 4501 ἐπιδείξασα
2660 4436 2754 4490 καὶ
2797 4436 2939 4508 ἅπερ
2970 4430 3039 4506 ἦν
3091 4435 3330 4490 λαϐοῦσα
3365 4434 3532 4507 δῶρα.
3578 4437 3634 4490 '0
3661 4436 3719 4490 δέ

2135 4520 2309 4582 assa;
2356 4519 2624 4592 Ἰσίδωρος
2646 4519 2938 4591 ἄμεμπτος
2980 4518 3055 4573 ὢν
3087 4522 3182 4574 καὶ
3229 4519 3579 4592 ἀκηλίδωτος,
3627 4523 3720 4575 καὶ

2133 4604 2571 4675 ἁπεκδεχόμενος
2619 4602 2711 4657 τὸν
2768 4604 2909 4674 ὑπὲρ
2963 4603 3059 4656 τοῦ
3112 4603 3357 4657 τοιούτου
3410 4604 3718 4675 πειρασμοῦ

2137 4690 2348 4762 μισθὸν,
2376 4689 2469 4742 καὶ
2495 4687 2755 4756 Θεοφίλου
2785 4686 3125 4758 ἀμείψασθαι
3154 4688 3340 4759 κρίσιν
3367 4687 3459 4742 τοῦ
3492 4687 3720 4758 ψεύδους

2136 4774 2211 4843 μὴ
2274 4771 2661 4844 μετανοοῦντος
2716 4774 2781 4842 τῇ
2833 4770 3003 4843 ἀδίκῳ
3065 4770 3436 4843 συκοφαντίᾳ,
3498 4770 3721 4840 πληγῶν

2133 4860 2424 4930 ἀφορήτων
2454 4857 2812 4910 ἐπιτεθέντων
2841 4856 2992 4928 αὐτῷ
3044 4858 3137 4909 ἐπὶ
3193 4855 3303 4910 τῶν
3337 4856 3622 4926 σιαγόνων,
3657 4856 3717 4909 ού

2135 4941 2243 5012 μὴν
2284 4941 2419 4995 ἀλλὰ
2449 4943 2543 4999 καὶ
2569 4941 3016 5011 αἱμακτωθέντος
3051 4940 3237 5005 αὐτοῦ,
3274 4941 3370 4993 καὶ
3416 4939 3525 4993 τῶν
3554 4939 3718 4993 αὐτοῦ

2130 5026 2564 5097 διαρπαγέντων,
2596 5026 2693 5078 καὶ
2740 5025 2839 5095 τῆς
2884 5024 3178 5095 ἐκκλησίας
3231 5023 3572 5096 διωχθέντος,
3625 5026 3717 5077 καὶ

2132 5112 2482 5182 ἐπιμένοντος
2506 5110 2768 5181 Θεοφίλου
2805 5113 2871 5182 τῇ
2907 5113 3111 5182 κακίᾳ,
3146 5113 3175 5164 ὁ
3220 5111 3491 5183 Ἰσίδωρος
3517 5111 3586 5164 τὰ
3620 5110 3719 5178 τῆς

2129 5198 2360 5268 Νιτρίας
2405 5197 2508 5270 δρη
2569 5196 2999 5268 καταλαμϐάνει,
3037 5196 3161 5251 ὅθεν
3212 5197 3310 5252 καὶ
3348 5188 3419 5269 ἦν
3445 5194 3617 5251 ἐλθὼν
3657 5194 3721 5248 τὸ

2131 5281 2415 5353 πρότερον.

2132 5393 2368 5468 Μοιειίο.
2411 5394 2480 5468 Et
2517 5411 2650 5452 sane
2675 5412 2855 5467 neque
2878 5396 3164 5465 Baatanus‘,
3198 5413 3379 5468 neque
3406 5396 3719 5453 Pmmenius

2139 5466 2195 5519 in
2229 5465 2488 5538 catalogis
2516 5465 2801 5538 apparent.

2210 5536 2279 5605 (ιτ)
2312 5536 2501 5612 [ἐκεῖθι
2533 5536 2618 5593 hie
2649 5540 2889 5606 prolixus
2915 5538 3168 5612 Dialogus
3198 5540 3252 5595 in
3278 5539 3519 5596 editione
3542 5537 3715 5593 Maur.

2130 5607 2272 5690 ονῆ
2304 5606 2697 5690 ξιιιῖῐεοβιῡξξιία

2204 5680 2278 5748 (α)
2308 5677 2527 5735 Scilicet
2563 5680 2849 5735 Historiam
2883 5681 3221 5736 Lausiacam.

2206 5750 2274 5824 (ε)
2318 5750 2395 5806 Ita
2441 5751 2562 5807 cod.
2620 5752 2895 5823 Ὀρέντου,
2927 5753 3070 5824 quod
3114 5753 3400 5811 videbatur
3429 5768 3494 5810 ex
3525 5751 3716 5809 Latino
