4114 6392
318 433 430 475 ΙΝΙΙ

322 548 430 602 tus,
466 544 524 591 et
565 535 678 607 ipse
719 553 935 608 quoque
978 538 1247 592 ethnicus.
1293 538 1677 593 Verumtamen
1726 539 1909 592 divina

323 630 493 701 gratia
537 639 896 700 compunctus
931 631 998 686 ad
1029 630 1424 686 ecclesiasticos
1457 642 1759 686 conventus
1799 648 1913 686 coe-

323 723 403 792 pit
427 723 709 788 accederc,
735 731 790 776 et
820 723 1127 776 divinarum
1155 721 1561 793 Scripturarum
1592 724 1914 776 lectionibus

323 813 632 866 interesse:
670 829 804 881 quas
833 829 955 866 cum
1004 813 1238 868 libenter
1283 815 1519 881 audiret,
1562 816 1752 868 harum
1794 805 1912 869 ina-

322 903 505 973 gistris
555 904 890 970 adharebat,
948 905 1128 960 divina
1193 908 1535 977 providentia
1590 909 1908 962 illustratus.

322 995 521 1051 Sancto
575 1005 756 1051 autem
805 1006 1058 1066 suscepto
1101 998 1158 1051 in
1202 1000 1334 1054 urbe
1363 1001 1555 1054 Amida
1581 1000 1850 1068 baptismo
1879 1015 1909 1053 a

321 1087 542 1144 Batauo
566 1090 842 1159 episcopo,
874 1091 1054 1144 statim
1085 1091 1256 1146 lector
1294 1092 1575 1146 ordinatus
1603 1100 1685 1146 est
1714 1092 1909 1146 Antio-

320 1181 460 1238 chia
487 1197 518 1234 a
547 1181 825 1236 Pamenio
855 1183 972 1252 ejus
994 1183 1146 1239 urbis
1171 1185 1447 1254 episcopo.

387 1301 442 1353 Ξ.
475 1301 543 1354 Et
567 1301 692 1370 quia
732 1301 844 1370 jam
876 1302 1105 1356 innuere
1141 1302 1407 1370 capimus
1464 1301 1531 1355 de
1569 1301 1702 1370 justi
1748 1303 1907 1370 hujus

319 1389 751 1452 insidiatoribus,
789 1392 982 1444 horum
1016 1391 1257 1460 profecto
1304 1392 1557 1460 princeps
1587 1391 1688 1444 fuit
1724 1392 1905 1446 Eudo-

318 1481 404 1537 xia
455 1481 674 1536 Arcadii
731 1497 886 1546 utor,
940 1481 1138 1535 deinde
1201 1491 1322 1550 post
1376 1480 1526 1534 illam
1568 1480 1906 1550 Theophilus

317 1573 656 1628 Alexandriae
688 1575 995 1644 episcopus,
1031 1583 1142 1628 tum
1180 1574 1428 1628 similiter
1471 1572 1816 1635 Severianus,
1851 1584 1906 1628 et

318 1679 442 1718 cum
477 1680 542 1719 eo
572 1664 804 1720 Aeacius
851 1675 1012 1735 atque
1051 1665 1409 1736 Porphyrius;
1442 1665 1496 1718 hi
1525 1665 1744 1734 quidem
1786 1666 1904 1735 epi-

317 1758 468 1827 scopi
527 1773 590 1811 ac
637 1757 886 1812 nonnulli
935 1758 1045 1822 alii,
1088 1758 1155 1811 de
1189 1757 1385 1826 quibus
1430 1766 1618 1827 postea
1659 1758 1904 1812 dicturus

317 1865 458 1904 sum.
493 1849 831 1920 Colloquitur
871 1860 1052 1905 autem
1104 1850 1247 1904 circa
1299 1850 1563 1904 Joannem
1603 1859 1658 1904 et
1694 1867 1815 1919 qua
1853 1851 1903 1904 ei

323 1953 624 1997 evenerunt
651 1944 854 2008 omnia,
878 1959 1001 1997 cum
1026 1941 1311 1996 Theodoro
1339 1957 1547 2012 magna
1576 1941 1760 1997 Roma
1786 1942 1904 1996 dia-

284 2073 293 2092 .
320 2047 478 2095 cono,
505 2032 586 2086 vir
614 2033 835 2102 quidam
866 2031 1193 2102 spectabilis,
1227 2032 1448 2086 nomine
1475 2031 1778 2097 Palladius;
1809 2033 1902 2103 qui

313 2124 551 2194 primum
577 2124 777 2178 deserti
803 2124 986 2178 multis
1011 2123 1169 2177 annis
1194 2123 1388 2187 incola,
1412 2123 1670 2194 deinceps
1697 2124 1903 2194 episco-

311 2228 440 2288 patu
487 2219 542 2271 in
585 2217 832 2288 Bithynia
874 2225 1100 2270 ornatus
1151 2215 1272 2270 fuit.
1307 2215 1452 2270 Idem
1488 2216 1576 2269 hic
1606 2217 1900 2271 multorum

311 2323 527 2378 quoque
557 2308 780 2361 Patrum
807 2307 1037 2362 virtutes
1075 2307 1400 2376 descripsit;
1448 2316 1502 2360 et
1541 2307 1666 2375 quia
1703 2307 1899 2362 Joanni

311 2400 592 2455 familiaris
618 2401 739 2464 fuit,
771 2400 1002 2454 carceris
1026 2415 1323 2453 arumnam
1344 2399 1626 2453 mensibus
1647 2401 1901 2453 undecim

309 2507 507 2563 passus
559 2499 643 2546 est
709 2492 764 2544 in
822 2491 1114 2545 tenebroso
1172 2490 1444 2544 cubiculo.
1519 2489 1651 2543 Volo
1717 2491 1899 2561 igitur,

311 2593 577 2652 quantum
609 2597 744 2637 mea
787 2582 1060 2636 facultatis
1103 2590 1206 2649 est,
1237 2597 1324 2637 res
1352 2581 1578 2636 Joannis
1607 2583 1762 2638 vobis
1802 2600 1902 2638 ex-

313 2687 538 2743 ponere.

381 2797 434 2849 5.
475 2794 714 2849 Joannes
743 2795 926 2864 itaque
963 2795 1101 2850 duro
1129 2796 1252 2851 vita
1277 2811 1494 2867 genere,
1527 2812 1636 2865 quo
1676 2797 1730 2850 in
1765 2797 1899 2852 urbe

311 2889 582 2951 utebatur,
621 2903 732 2941 non
761 2897 1074 2953 contentus,
1107 2888 1162 2942 iu
1193 2889 1469 2957 proximos
1501 2898 1714 2943 montes
1745 2905 1900 2944 sece-

309 2984 465 3044 dens,
515 2982 584 3036 ibi
643 2982 856 3052 corpori
907 2982 1212 3038 edomando
1255 2983 1495 3038 studium
1527 2983 1895 3052 impendebat.

310 3075 415 3128 Sed
453 3074 600 3128 enim
630 3074 685 3127 in
716 3075 826 3129 imo
851 3082 1044 3128 ventre
1063 3084 1356 3144 percussus
1395 3074 1611 3145 frigore,
1643 3089 1766 3129 cum
1795 3076 1899 3131 sibi

310 3165 622 3220 ministrare
654 3165 959 3220 necessaria
985 3181 1094 3220 non
1122 3174 1323 3235 posset,
1348 3181 1536 3220 rursus
1564 3166 1617 3219 in
1645 3166 1900 3221 Ecclesia

310 3269 528 3327 portum
580 3274 640 3315 se
686 3259 908 3328 recepit,
943 3259 1122 3314 divina
1157 3274 1281 3313 eum
1314 3259 1597 3314 commode
1628 3259 1796 3330 gratia
1833 3261 1900 3315 ad

312 3352 363 3406 id
393 3353 537 3422 quod
567 3353 735 3424 magis
757 3356 1011 3424 proderat
1042 3355 1374 3425 perducentc
1399 3374 1412 3409 :
1443 3355 1609 3425 fitque
1637 3357 1901 3413 diaconus

311 3444 635 3509 Antiochia,
665 3446 777 3515 jam
801 3461 897 3500 ore
927 3446 1044 3515 ejus
1082 3445 1402 3500 mirabiliter
1444 3455 1633 3500 contra
1665 3448 1900 3503 hareses

313 3543 634 3601 resonante;
663 3552 787 3590 mox
809 3545 864 3591 et
891 3538 1173 3608 presbyter
1197 3537 1567 3592 constituitur.
1602 3539 1899 3610 Denuoque

310 3643 491 3683 sermo
522 3628 628 3694 ille,
661 3629 771 3683 sale
793 3629 1042 3683 conditus
1072 3628 1289 3698 (Coloss.
1324 3646 1397 3694 tv,
1423 3630 1501 3700 6),
1546 3633 1898 3702 tempestivus

311 3737 446 3776 sane
485 3737 554 3777 ex
595 3738 689 3776 ore
732 3721 902 3792 ipsius
947 3723 1217 3792 prodibat,
1253 3725 1428 3792 primo
1461 3724 1677 3794 quidem
1709 3737 1896 3782 contra

312 3814 577 3882 superbos
604 3822 659 3867 et
681 3813 1009 3885 irreligiosos
1042 3829 1106 3867 ac
1136 3829 1434 3884 pauperum
1466 3830 1692 3881 osores;
1734 3827 1897 3886 atque

311 3906 365 3958 in
390 3905 472 3960 his
506 3906 838 3976 argumentis
868 3922 1193 3976 magnopere
1223 3907 1528 3962 exsultabat
1560 3919 1775 3974 orator;
1799 3911 1896 3964 ad-

310 4003 532 4066 eratque
589 3997 639 4051 ei
688 3998 1062 4066 quotidianum
1127 4000 1475 4064 auditorium,
1530 4013 1896 4059 concurrente

312 4089 557 4144 utilitatis
623 4105 736 4144 sua
798 4105 959 4144 causa
1033 4093 1250 4160 populo,
1320 4095 1611 4163 cunctique
1663 4111 1787 4150 eum
1831 4097 1895 4149 li-

311 4183 504 4237 benter
536 4182 848 4248 audiebant,
893 4183 1243 4253 ejusdemque
1285 4186 1442 4239 dictis
1489 4203 1693 4241 morem
1741 4205 1884 4244 aere-

311 4274 461 4329 bant.

381 4395 435 4448 4.
464 4394 603 4448 Ecce
629 4404 810 4450 autem
835 4396 923 4450 illo
946 4405 1186 4466 tempore
1211 4397 1454 4466 contigit,
1501 4408 1558 4452 ut
1596 4399 1663 4453 ab
1699 4401 1894 4455 huma-

309 4500 396 4539 na
423 4485 546 4540 vita
573 4487 879 4541 turbinibus
911 4488 1192 4542 Nectarius
1223 4489 1528 4556 decederet,
1581 4491 1894 4547 Constanti-

311 4576 570 4646 nopoleos
606 4578 895 4647 episcopus
919 4621 932 4642 ,
972 4594 1036 4632 ac
1077 4581 1306 4649 proinde
1345 4582 1499 4636 multi
1533 4584 1894 4638 sacerdotium

313 4668 443 4723 illud
496 4670 884 4737 propemodum
943 4681 1333 4735 mercarentur,
1385 4689 1562 4743 neque
1621 4676 1894 4730 modicum

312 4759 594 4814 dissidium
625 4759 798 4814 fieret.
837 4760 992 4815 Tunc
1030 4760 1265 4816 Arcadio
1308 4763 1618 4831 imperatori
1667 4765 1896 4819 relatum

312 4851 412 4905 fuit
441 4851 507 4904 de
533 4849 758 4905 Joannis
788 4853 1096 4921 prastantia
1125 4870 1138 4902 :
1163 4854 1253 4922 qui
1286 4854 1467 4908 statim
1503 4855 1570 4908 ad
1593 4857 1895 4912 Antiochia

313 4943 628 5013 prafeetum
659 4945 893 5014 scripsit,
921 4954 979 4999 ut
1010 4947 1213 5016 absque
1239 4947 1469 5017 strepitu
1499 4949 1607 5002 ullo
1631 4948 1892 5004 Joannem

312 5037 378 5096 ad
401 5050 461 5090 se
496 5035 755 5100 mitteret,
807 5051 1006 5091 cavens
1042 5053 1111 5091 ne
1142 5039 1222 5091 vel
1268 5039 1446 5107 ipsum
1488 5039 1764 5093 hominem
1812 5041 1894 5093 vel

312 5127 707 5183 Antiochenam
737 5128 1012 5183 civitatem
1042 5131 1302 5185 turbaret.
1337 5131 1461 5186 Fuit
1497 5140 1680 5185 autem
1711 5147 1895 5186 exem-

312 5219 430 5288 plar
471 5220 714 5289 epistola
753 5220 899 5275 hoc:
940 5241 957 5272 ι
996 5223 1258 5276 Arcadius
1285 5234 1564 5293 angustus,
1605 5224 1892 5292 gloriosus,

312 5310 513 5367 Victori
554 5313 779 5382 patricio
805 5323 860 5368 et
887 5314 1144 5384 prafecto
1169 5315 1406 5370 Orientis
1437 5317 1552 5371 hac
1580 5318 1667 5370 aio
1709 5335 1719 5368 :
1755 5317 1894 5382 Quia

312 5406 560 5460 nonnulli
611 5406 777 5477 inepti
825 5407 1018 5463 inscite
1048 5407 1300 5462 videntur
1323 5425 1672 5474 concurrere,
1713 5420 1768 5464 et
1797 5426 1896 5464 ne-

313 5591 560 5669 Qn‘entia.
590 5594 821 5669 I_’ro_n_ius
847 5596 978 5669 mihi
1008 5605 1125 5669 erat
1153 5597 1392 5669 scribere
1423 5599 1694 5669 Ὀρόντου,
1729 5598 1780 5652 id
1811 5607 1896 5652 est

318 5661 549 5717 Orontis.
598 5662 704 5717 Sed
736 5666 1012 5720 insolitum
1052 5667 1156 5735 hoc
1184 5661 1714 5735 videbatur'(vulg0
1751 5671 1894 5735 apud

318 5686 549 5717 υνοηιιε.
599 5686 704 5717 δρα
737 5686 1012 5720 msuutum
1052 5686 1156 5721 nuc
1184 5686 1469 5721 vmenatur
1520 5686 1714 5735 (vulgo
1751 5686 1779 5722 a
1824 5686 1893 5725 ua

312 5737 891 5809 auctores_m_:pa_'tr,7hg
919 5736 1018 5806 τῆς
1059 5733 1346 5806 Ἀνατολῆς
1385 5739 1466 5792 vel
1498 5686 1893 5809 τῆςἜω).ἓω-

315 5805 825 5879 ιειιοᾳυίΑΡδιιαάἰιῐς
871 5805 1088 5877 quoque
1123 5809 1254 5862 dicit
1287 5805 1576 5864 Arcadium
1607 5805 1891 5879 scripsisse

313 5883 381 5936 ad
406 5874 756 5948 praefectum;
787 5874 1308 5952 sed—alii‘biographi
1334 5882 1400 5937 ad
1423 5874 1738 5937 Flavianum
1767 5882 1885 5954 epi-

1079 422 1164 476 DE
1207 421 1364 475 \"lTA
1404 420 1491 476 ET
1534 421 1808 478 EXSILIO
1843 428 1900 478 S.
1940 424 2224 481 JOAN'NIS
2263 426 2779 484 CllRYSOSTOMI.

3473 439 3606 480 LVI“

2025 556 2132 610 que
2183 541 2484 606 dedecoris,
2531 557 2710 614 neque
2753 551 2953 607 metus,
2981 556 3160 611 neque
3199 535 3612 609 vituperationis

2023 631 2288 686 rationem
2321 632 2609 695 habentes,
2659 633 3032 703 episcopatum
3092 631 3192 685 sibi
3253 629 3476 684 concedi
3511 645 3612 684 vo-

2020 724 2158 787 lunt,
2197 741 2296 778 nos
2348 724 2443 780 Dei
2488 725 2666 779 timori
2698 740 2914 795 semper
2955 725 3337 792 obsequentes,
3381 721 3501 783 hos,
3549 735 3612 776 re

2023 831 2132 868 non
2175 816 2482 886 impetrata,
2519 815 2870 869 dimittimus.
2924 815 3043 868 Tibi
3102 823 3286 868 autem
3316 813 3418 866 hac
3457 828 3609 867 sacra

2017 908 2243 975 epistola
2286 918 2471 960 nostra
2495 908 2771 978 praeipio,
2806 916 2865 960 ut
2891 923 3012 960 cum
3044 905 3193 959 omni
3226 905 3611 973 tranquillitate

2017 999 2200 1052 mittas
2251 1000 2355 1053 huc
2402 999 2669 1055 Joannem
2705 1002 3104 1072 presbyterum,
3137 999 3270 1068 quin
3314 1014 3426 1052 rem
3462 999 3612 1068 quis-

2016 1105 2178 1159 quam
2218 1091 2522 1146 Antiochia
2573 1093 2880 1162 suspicetur
2920 1101 3016 1146 aut
3041 1091 3258 1146 sentiat.
3287 1089 3443 1156 Quod
3474 1089 3530 1143 si‘
3553 1099 3612 1144 tu

2016 1183 2332 1236 mandatum
2360 1183 2574 1254 egregie
2605 1183 2925 1254 perfeceris,
2953 1198 3220 1237 summam
3243 1199 3274 1236 a
3303 1182 3459 1235 nobis
3491 1181 3610 1236 lau-

2015 1275 2142 1329 dem
2172 1276 2395 1330 referes.
2429 1295 2447 1326 ›
2480 1277 2577 1330 IIis
2612 1276 2766 1330 lectis
2795 1276 3086 1346 prafectus
3115 1274 3381 1328 Joannem
3413 1274 3611 1328 invitat

2015 1375 2076 1420 ut
2104 1376 2254 1420 extra
2280 1367 2334 1419 in
2356 1366 2632 1421 suburbiis
2657 1367 2891 1430 adesset,
2917 1380 3078 1434 quem
3102 1380 3227 1417 mox
3258 1363 3310 1416 in
3339 1362 3609 1432 publicam

2014 1458 2239 1512 rhedam
2273 1459 2608 1528 impositum,
2653 1458 2778 1512 data
2821 1457 2984 1512 etiam
3029 1456 3244 1519 lectica,
3291 1453 3608 1508 Constanti-

2011 1547 2253 1617 nopolim
2281 1547 2466 1601 mittit.
2492 1545 2798 1616 Statimque
2821 1545 3106 1600 ordinatur
3127 1543 3432 1614 episc0pus,
3461 1549 3610 1596 erat-

2011 1656 2116 1710 que
2147 1639 2408 1695 facultate
2439 1640 2670 1695 docendi
2701 1638 3192 1709 splendidissimus,
3225 1635 3609 1690 immisericor-

2011 1733 2108 1788 dcs
2136 1734 2333 1788 divites
2354 1733 2576 1802 Deoque
2616 1733 2855 1803 ingratos
2893 1729 3167 1784 liberrime
3193 1743 3446 1799 arguens.
3475 1725 3608 1792 Qua

2010 1822 2192 1876 omnia
2245 1821 2685 1877 dissolutioribus
2735 1818 3050 1875 hominibus
3095 1817 3400 1871 molestiam
3457 1831 3606 1869 crea-

2008 1914 2159 1968 bant.

2081 2006 2135 2060 5.
2165 2006 2330 2060 Porro
2363 2004 2678 2059 indesinens
2711 2003 2908 2058 diaboli
2945 2001 3147 2059 invidia
3204 2000 3383 2056 ofﬁcio
3413 2016 3605 2056 rursus

2009 2097 2230 2168 proprio
2259 2097 2443 2152 functa
2470 2106 2572 2151 est.
2612 2096 2827 2150 Etenim
2870 2095 3212 2151 Alexandria
3251 2111 3365 2149 rem
3406 2095 3603 2164 hujus-

2009 2190 2153 2244 modi
2202 2188 2317 2243 fieri
2373 2187 2596 2258 contigit
2639 2205 2652 2240 :
2697 2203 2896 2257 nempe
2935 2186 3278 2242 Theodotem
3328 2186 3603 2241 Theodori

2009 2279 2257 2349 pratoris
2299 2294 2543 2332 sororem
2584 2277 2732 2331 mille
2775 2293 3030 2331 nummos
3073 2278 3203 2332 dare
3236 2277 3442 2330 Isidoro
3477 2293 3606 2346 pre-

2009 2372 2226 2442 sbytero
2276 2378 2332 2425 et
2381 2370 2524 2440 apud
2566 2369 2811 2423 eamdem
2853 2367 3140 2422 ecclesiam
3185 2367 3461 2436 hospitum
3516 2383 3603 2420 ex-

2006 2463 2234 2534 cepturi,
2265 2471 2325 2516 ut
2357 2461 2688 2532 pauperibus
2714 2460 3087 2513 distribueret.
3131 2458 3230 2512 Hic
3269 2473 3400 2512 vero
3435 2458 3604 2510 Isido-

2006 2571 2099 2608 rus
2123 2563 2346 2608 sanctus
2375 2554 2460 2608 vir
2490 2562 2606 2607 erat
2635 2561 2691 2606 et
2719 2552 3010 2614 discretus,
3041 2566 3204 2620 quem
3240 2551 3432 2604 beatus
3464 2566 3600 2619 papa

2005 2648 2336 2702 Athanasius
2384 2647 2758 2718 presbyterum
2813 2643 3038 2698 fecerat.
3086 2643 3208 2698 Jam
3263 2659 3395 2697 vero
3463 2657 3602 2712 papa

2007 2739 2365 2809 Theophilus,
2392 2755 2451 2792 re
2481 2737 2716 2808 cognita,
2747 2735 3073 2790 accersitum
3100 2735 3365 2789 Isidorum
3385 2734 3452 2788 de
3469 2749 3604 2787 auro

2005 2831 2310 2886 sciscitatus
2334 2838 2438 2884 est.
2483 2829 2582 2884 Hic
2610 2827 2816 2898 liquido
2841 2827 3128 2882 veritatem
3162 2825 3450 2880 confessus
3481 2825 3555 2878 ait
3584 2841 3599 2877 :

2013 2943 2030 2974 ι
2069 2922 2407 2976 Theodotem
2437 2937 2558 2991 qua
2591 2921 2835 2984 dederat,
2870 2935 2928 2973 se
2966 2918 3265 2988 adjurasse,
3307 2919 3602 2988 quominus

2005 3013 2059 3068 id
2101 3014 2195 3068 tibi
2245 3013 2536 3075 traderem,
2574 3011 2667 3066 sed
2699 3009 2986 3081 egentibus
3033 3009 3216 3078 potius
3255 3008 3602 3080 impertirer:

2003 3106 2196 3160 melior
2218 3114 2303 3160 est
2331 3107 2500 3168 enim,
2525 3104 2620 3170 ait,
2646 3103 3027 3164 beneﬁcentia,
3056 3117 3218 3172 quam
3249 3101 3337 3156 illa
3364 3117 3484 3172 qua
3506 3115 3605 3154 vos

2005 3197 2288 3251 exstruitis
2335 3197 2585 3250 atliﬁcia.
2635 3215 2653 3246 ι
2698 3195 2798 3249 Hic
2854 3210 2986 3249 vero
3027 3194 3310 3248 iracundia
3364 3193 3602 3255 furebat,

2005 3290 2260 3344 dentibus
2289 3289 2551 3343 adversus
2577 3288 2843 3343 Isidorum
2875 3287 3212 3343 infrendens.
3245 3287 3292 3340 A
3317 3301 3603 3341 communi

2005 3395 2134 3450 ergo
2157 3380 2311 3433 hoste
2340 3389 2644 3433 commotus
2673 3379 3012 3447 Theophilus
3041 3378 3260 3448 scripsit
3288 3387 3478 3432 contra
3504 3377 3602 3433 ab-

2004 3474 2186 3528 batem
2226 3473 2494 3527 Isidorum
2544 3471 2859 3527 Sodomitici
2906 3470 3090 3540 ﬂagitii
3127 3469 3602 3536 criminationem,

2003 3565 2161 3634 eique
2189 3566 2255 3619 ad
2282 3582 2339 3621 se
2365 3573 2556 3619 vocato
2579 3564 2712 3618 dixit
2741 3581 2753 3616 :
2790 3585 2807 3616 ι
2846 3564 3050 3619 Isidore
3082 3562 3272 3624 abbas,
3299 3562 3605 3616 chartulam

2004 3657 2145 3710 hanc
2167 3656 2315 3710 dedit
2343 3656 2475 3710 mihi
2503 3656 2720 3724 quidam
2745 3656 3007 3710 adversus
3029 3665 3115 3718 te;
3155 3669 3346 3707 verum
3377 3668 3478 3723 ego
3499 3668 3602 3722 per

2003 3750 2170 3803 multa
2209 3749 2517 3807 distractus.
2551 3747 2810 3802 oblivioni
2842 3747 3190 3810 tradideram,
3232 3761 3381 3799 nunc
3418 3755 3601 3799 tamen

2003 3842 2159 3894 aliam
2204 3855 2455 3909 quarens
2509 3839 2833 3900 chartulam,
2881 3840 3022 3893 hanc
3073 3837 3432 3907 deprehendi,
3478 3852 3601 3906 qua

2001 3938 2136 3991 mihi
2179 3937 2581 3992 accusationem
2617 3937 2710 3990 tibi
2741 3937 3031 4008 irrogatam
3077 3936 3133 3992 in
3173 3944 3414 3989 mentem
3446 3949 3600 3989 revo-

2001 4027 2163 4079 cavit.
2204 4044 2222 4076 ι
2267 4025 2561 4095 Cuijustus
2585 4026 2672 4080 ille
2696 4027 2779 4078 vir
2819 4026 3176 4096 respondens,
3205 4025 3277 4079 ait
3313 4043 3326 4079 :
3365 4045 3383 4075 (
3419 4025 3598 4079 Domi-

2001 4131 2072 4170 ne
2095 4133 2250 4186 papa,
2284 4125 2340 4170 tu
2376 4116 2594 4185 quidem
2618 4117 2819 4172 oblitus
2851 4132 2946 4182 es;
2977 4118 3072 4172 sed
3102 4125 3284 4170 tamen
3311 4126 3598 4171 accusator

2002 4207 2094 4262 ubi
2118 4207 2236 4262 est?
2269 4226 2288 4258 ι
2324 4207 2437 4272 Ille,
2477 4227 2494 4259 ι
2517 4207 2706 4272 Adest,
2743 4227 2760 4259 ι
2796 4209 3298 4278 inquit;vocatque
3328 4207 3601 4277 Theophi-

2004 4303 2088 4356 lus
2108 4317 2350 4356 sororem
2410 4317 2588 4368 suam,
2651 4311 2707 4355 et
2771 4301 2839 4356 de
2905 4301 3171 4357 instructa
3241 4301 3600 4372 sycophantia

2003 4402 2208 4449 monet.
2280 4394 2373 4448 Illa
2423 4394 2490 4448 ad
2552 4393 2770 4449 viduam
2827 4393 3117 4462 quamdam
3184 4393 3381 4463 pergit,
3440 4391 3601 4461 eique

2003 4489 2250 4558 pecunia
2303 4498 2511 4543 certum
2564 4504 2854 4542 numerum
2901 4487 3084 4547 tradit,
3137 4493 3197 4541 ut
3230 4486 3400 4540 filium
3441 4500 3600 4539 suum

2004 4581 2071 4634 ad
2096 4581 2539 4636 calumniandum
2568 4580 2775 4635 Isidoro
2800 4580 3082 4634 subornet.
3107 4577 3236 4633 Hac
3259 4587 3441 4632 autem
3485 4592 3599 4630 rem

2005 4682 2172 4727 totam
2205 4674 2412 4728 Isidoro
2433 4674 2638 4744 pandit,
2667 4672 2966 4727 ostendens
3002 4671 3162 4724 simul
3195 4686 3316 4740 qua
3354 4669 3600 4739 accepis-

2005 4775 2088 4820 set
2111 4766 2271 4820 dona.
2303 4765 2470 4834 Igitur
2497 4764 2664 4818 abbas
2693 4763 2934 4817 Isidorus
2960 4762 3224 4815 innocens
3254 4769 3310 4814 et
3335 4760 3602 4814 immacu-

2003 4857 2166 4918 latus,
2199 4855 2319 4916 hac,
2355 4853 2670 4908 tentationis
2722 4868 2903 4914 causa,
2951 4861 3106 4919 capta
3155 4849 3425 4914 mercede,
3471 4849 3600 4903 dum

2005 4947 2340 5016 Theophilus
2400 4947 2596 5000 falsum
2651 4946 2916 5014 judicium
2977 4943 3193 4998 auferre
3259 4952 3454 5012 negat,
3531 4943 3601 4995 ab

2005 5040 2186 5109 iniqua
2217 5038 2566 5110 sycophantia
2600 5038 2925 5099 recedendo,
2954 5035 3310 5092 intolerandis
3331 5034 3602 5104 impositis

2003 5134 2057 5186 in
2115 5132 2308 5188 faciem
2356 5130 2696 5192 verberibus,
2743 5139 2800 5184 et
2844 5136 3182 5191 cruentatus,
3223 5125 3337 5180 suis
3381 5141 3598 5196 quoque

2003 5225 2166 5280 rebus
2202 5224 2484 5294 spoliatus,
2521 5231 2576 5276 ct
2605 5221 2831 5276 ecclesia
2860 5221 3086 5289 ejectus,
3123 5222 3510 5288 perseverante
3540 5215 3595 5270 in

2003 5333 2100 5372 sua
2132 5317 2334 5372 malitia
2363 5315 2691 5386 Theophilo,
2730 5315 2796 5367 ad
2831 5313 3015 5367 Nitria
3045 5321 3260 5367 montes
3290 5309 3436 5364 unde
3466 5308 3599 5364 olim

2002 5411 2295 5466 advenerat
2322 5409 2582 5480 perrexit.

2349 5667 2532 5742 vovi):
2561 5663 2843 5742 μεγανίρυ,
2879 5661 3044 5742 quod
3071 5677 3170 5742 ego
3216 5674 3323 5742 non
3355 5655 3592 5742 expljcot

2001 5725 2344 5863 Antiochiam
2377 5725 2596 5809 quidem
2619 5725 2944 5808 appellatam
2973 5725 3244 5788 interdum
3271 5725 3606 5798 nemo».

2037 5829 2082 5863 tv
2107 5824 2332 5865 scimus.
