4114 6392
477 436 566 474 ιιι
1646 427 2000 484 THEODOBI
2038 425 2570 483 TRIMITHUNTINI
2955 452 2958 454 ν
3676 439 3743 479 1.x

547 540 621 598 ς’.
654 535 765 588 Kal
797 532 988 591 τούτου
1019 539 1113 592 τοῦ
1164 539 1340 610 βιαίου
1394 544 1710 613 γενομένου.
1746 541 2063 610 ἀπέστησαν

472 620 523 670 οί
553 618 655 687 τῆς
680 619 957 688 Αἰγύπτου
984 622 1273 679 ἐπίσκοποι
1295 626 1388 679 τὸν
1416 628 1648 698 ἀριθμὸν
1678 627 1840 690 ἐπτά,
1891 626 2067 679 Ἰωάν-

473 721 572 775 νης
628 704 978 775 Τερνούθεος,
1027 708 1276 781 Ζώσιμος
1331 711 1652 784 Σεθροήτου,
1716 711 2063 780 Ἀλέξανδρος

487 786 843 861 Ὀξυρύγχου,
893 793 1196 865 Χαιρήμων
1252 796 1562 862 Πελουσίου,
1615 797 1816 860 Νόννος
1878 793 2062 865 Ἀθρί-

474 872 620 935 ϐεος.
684 874 995 946 Δουλκήτης
1032 877 1330 949 Παράλεος,
1392 881 1684 951 Σαραπίων
1728 882 1826 951 τῆς
1861 878 2061 940 Πανός⁶

474 954 684 1025 Λιϐύης
713 956 769 1009 δὲ
794 961 964 1030 τρεῖς,
986 961 1277 1026 Λουκιανὸς
1298 964 1673 1034 Παραιτονίου,
1697 964 2065 1035 Κλημεντῖνος

475 1039 874 1111 Μαρμαρικῆῖν
929 1045 1121 1112 Μηνᾶς
1160 1046 1391 1116 Δάρνης.
1448 1049 1557 1101 Kal
1608 1048 1859 1119 κληρικοὶ
1914 1046 2067 1098 Ἀλε-

478 1122 762 1194 ξανδρείας
790 1126 880 1177 τὸν
909 1126 1142 1198 ἀριθμὸν
1190 1131 1385 1191 εἴκοσι,
1435 1130 1671 1185 διάκονοι
1700 1132 1795 1185 καὶ
1824 1131 2066 1201 πρεσϐύ-

476 1222 646 1277 τεροι.
683 1207 1048 1280 Συναχθέντες
1083 1208 1178 1266 οὖν
1229 1213 1468 1279 ἅπαντες
1521 1215 1615 1268 ἐπὶ
1664 1215 1724 1269 τὺ
1779 1216 1932 1275 αὐτὸ,
1972 1219 2067 1271 καὶ

478 1293 805 1361 ποιήσαντες
884 1294 1202 1367 καθαίρεσιν
1278 1298 1540 1370 Θεοφίλου
1616 1298 2064 1372 ἐγκληματικὴνς

479 1373 731 1445 ἔπεμψαν
755 1377 923 1448 αὐτὴν
964 1381 1044 1441 εἰς
1083 1378 1302 1452 Ῥώμην
1341 1382 1668 1453 Ἰννοκεντίῳ
1695 1381 1773 1452 τῷ
1795 1384 1970 1454 πάπᾳ.
2000 1384 2067 1439 ἶν’

479 1458 649 1528 αὐτὴν
676 1463 859 1533 πράξῃ
913 1461 1233 1528 καθολικῶς.
1277 1465 1577 1535 Ἠσύχαζεν
1632 1466 1689 1520 δὲ
1735 1469 1763 1521 6
1800 1467 2070 1539 Ἰσίδωρος

478 1542 538 1594 ἐν
570 1543 647 1612 τῷ
670 1544 768 1612 τῆς
798 1546 1026 1617 Νιτρίας
1064 1547 1201 1618 ὄρει,
1237 1549 1367 1603 ἔνθα
1405 1546 1473 1621 ἦν
1512 1552 1761 1621 ἀσκήσας
1792 1553 1856 1604 ἐκ
1880 1551 2070 1624 νεότηο

478 1644 571 1689 τος
596 1626 782 1692 αὐτοῦ,
820 1631 1165 1699 ἐντυγχάνων
1193 1632 1272 1703 τῷ
1318 1633 1496 1687 πάντα
1524 1635 1792 1705 ἐφορῶντι
1829 1636 1969 1708 Θεῷ.
2009 1639 2070 1691 ὐ

481 1709 538 1763 δὲ
570 1711 825 1781 Θεόφιλος
854 1716 1042 1786 μαθὼν
1065 1719 1164 1788 τὴν
1197 1717 1497 1789 γενομένην
1524 1717 1674 1789 αύτῷ
1704 1720 1809 1773 ὑπὸ
1838 1721 1946 1775 τῶν
1972 1723 2072 1775 αὐ-

478 1794 576 1848 τοῦ
608 1797 947 1872 καθαίρεσιν,
984 1801 1252 1873 ἐπυροῦτο
1309 1803 1404 1856 καὶ
1454 1802 1702 1875 διηπόρει
1745 1804 1798 1856 τί
1834 1804 2069 1878 διαπρά-

482 1879 661 1950 ξηται.

555 1963 621 2026 ζ’.
675 1964 978 2038 Δεξάμενος
1025 1968 1082 2021 δέ
1125 1968 1468 2035 Ἰννοκέντιος
1506 1970 1535 2022 6
1566 1971 1757 2032 πάπας
1800 1970 1901 2041 τὴν
1933 1972 2076 2026 κατά

481 2046 741 2115 Θεοφίλου
770 2051 1113 2123 καθαίρεσιν,
1143 2054 1238 2107 καὶ
1264 2055 1529 2124 κινηθεὶς,
1549 2054 1749 2125 γράφει
1781 2054 1933 2125 αὑτῷ
1954 2056 2077 2108 ἐπι-

484 2132 687 2204 στολὴν
708 2135 1069 2206 περιέχουσαν
1110 2135 1319 2202 οὕτως·
1354 2158 1373 2191 ι
1420 2139 1763 2202 Ἰννοκέντιος
1815 2139 2078 2210 πρόεδρος

481 2216 581 2287 τῆς
632 2218 895 2289 μεγίστης
957 2220 1175 2294 Ῥώμης
1226 2221 1468 2292 Θεοφίλῳ
1523 2222 1736 2292 ἀδελφῷ
1766 2240 1782 2255 ·
1828 2222 2078 2276 Ἤκουσά

483 2316 605 2352 τινα
647 2301 919 2372 γενόμενα
962 2305 1117 2375 παρά
1167 2304 1260 2357 σοῦ
1304 2305 1542 2372 ἀναξίως
1575 2305 1933 2377 πραχθέντα,
1986 2306 2078 2359 καὶ

486 2383 764 2453 κατέγνων
803 2403 921 2450 σου,
969 2389 1160 2461 ὅτιπερ
1191 2389 1554 2458 τυραννικῶς,
1600 2390 1697 2442 καὶ
1716 2391 1776 2442 οὐ
1808 2389 2072 2461 νομίμως.

488 2467 559 2519 Ἦ
596 2469 898 2535 κανονικῶς
924 2471 1131 2541 διάγειν
1159 2473 1218 2526 ἐν
1253 2475 1369 2536 τοῖς
1396 2472 1872 2543 ἐκκλησιαπικοίς
1914 2473 2076 2543 θέλη-

488 2567 612 2615 σον,
659 2552 755 2606 καὶ
803 2552 1201 2621 διορθώσασθαι
1250 2556 1323 2609 τὰ
1371 2556 1756 2628 ἀπανθρώπως
1792 2559 1943 2629 παρὰ
1980 2558 2075 2611 σοῦ

486 2635 851 2707 γεγενημένα.
887 2637 1213 2693 Ἱκανούσθω
1235 2639 1549 2693 παύσασθαί
1577 2657 1658 2704 σε,
1677 2641 1763 2693 ἵνα
1795 2640 1871 2711 μὴ
1894 2641 2077 2713 ἀθροί-

489 2719 680 2782 σαντός
711 2738 812 2790 μου
848 2722 1202 2788 ἐπισκόπους,
1227 2725 1261 2795 ἡ
1293 2725 1476 2794 κρίσις
1508 2742 1569 2778 σε
1594 2725 2078 2779 καταδικάσειάδί-

489 2819 601 2865 κως
632 2803 941 2877 πράξαντα.
977 2826 995 2860 ι
1042 2809 1101 2862 Ὀ
1136 2808 1192 2862 δέ
1231 2810 1560 2881 ἀντιγράφει
1593 2808 1744 2880 αὐτῷ
1773 2810 1868 2864 καὶ
1912 2809 2078 2874 αὐτὸς

488 2885 689 2940 ταῦτα·
744 2908 765 2940 ι
805 2889 1065 2960 Θεόφιλος
1097 2891 1396 2957 ἐπίσκοπος
1446 2894 1541 2948 τὸν
1585 2894 1817 2965 Μάρκου
1873 2894 2075 2948 διέπων

490 2969 679 3040 θρόνον
725 2972 1049 3041 Ἰννοκεντίῳ
1071 2972 1229 3045 πάπᾳ
1271 2975 1488 3048 Ῥώμης
1509 2992 1523 3005 ⁸
1570 2976 1712 3045 Ἐγὼ
1739 2978 1799 3032 ού
1828 2976 2077 3048 παύομαι

488 3053 618 3117 τοὺς
665 3058 730 3127 τῇ
785 3057 1081 3130 Ἐκκλησία
1115 3059 1567 3124 ἐπιϐουλεύοντας
1614 3062 1976 3132 ἀμυνόμενος.
2011 3063 2075 3116 El

489 3136 547 3190 δέ
576 3138 684 3192 τῶν
713 3139 862 3210 ἐμῶν
890 3142 1102 3214 ἐχθρῶν
1133 3144 1230 3208 τάς
1251 3143 1587 3217 κατηγορίας
1613 3144 1766 3217 δέχῃ.
1811 3143 2077 3217 μηδαμῶς

492 3221 697 3290 κρίνων
724 3223 793 3277 τά
825 3228 957 3297 παρ’
990 3227 1188 3289 αὐτῶν,
1215 3228 1330 3281 ἀλλ’
1369 3228 1751 3299 ἀδοκιμάστως
1774 3230 2074 3300 ἀποφαίνῃ.

493 3307 679 3376 Κάμοί
727 3309 864 3361 εἰσιν
916 3310 1274 3379 εὐαγγελικοῦ
1329 3310 1521 3382 θρόνου
1576 3312 1939 3384 περιϐλεψία,
1982 3310 2078 3366 κοῖί

494 3388 682 3455 πόλεις
724 3392 968 3464 ἀπείρων
1019 3395 1367 3448 ἐπισκόπων·
1422 3395 1520 3450 καὶ
1570 3396 1807 3462 συνάξας
1856 3398 2075 3460 αὐτοὺς,

494 3473 890 3545 ἀντιτάσσομαί
919 3493 1002 3529 σοι
1020 3478 1115 3531 καὶ
1144 3478 1600 3549 καταψηφίσομαι
1621 3480 1720 3551 τῆς
1752 3481 1851 3551 σῆς
1882 3497 2080 3551 συναρ-

496 3558 703 3628 παγῆς.
744 3559 997 3630 Ἐρῤωσο
1048 3561 1358 3632 μετανοῶνο
1394 3563 1444 3614 εί
1475 3562 1531 3614 δὲ
1569 3563 1667 3635 μὴ,
1713 3562 1926 3635 ἔρρωσο
1949 3563 2081 3616 δυσ-

495 3654 696 3711 τυχων.
737 3661 756 3693 ι

567 3731 636 3795 η’.
663 3725 968 3795 Δεξάμενος
1000 3727 1059 3781 δὲ
1087 3727 1263 3783 ταῦτα
1292 3731 1320 3784 6
1351 3730 1540 3795 πάπας
1585 3731 1949 3795 ’ῐννοκέντιος,
1982 3733 2077 3786 καὶ

498 3809 733 3875 συνάξας
782 3810 989 3875 πάντας
1021 3812 1148 3876 τοὺς
1186 3815 1521 3879 ἐπισκόπους
1562 3814 1821 3880 Ἰταλίας,
1877 3816 2081 3888 ἔπραξε

496 3893 598 3961 τὴν
631 3893 951 3965 καθαίρεσιν
1005 3895 1297 3965 Θεοφίλου,
1332 3899 1508 3970 ἥνπερ
1553 3902 1602 3954 οἱ
1645 3900 1936 3969 Αἰγύπτιοι
1977 3903 2083 3954 ἀπ-

499 3975 776 4031 έστειλαν·
810 3978 1041 4043 ἕκαστος
1072 3980 1179 4034 τῶν
1243 3983 1316 4051 (ἴ.
1351 3984 1418 4039 70
1442 3984 1491 4054 ὁ)
1537 3983 1750 4038 Ἰταλῶν
1788 3984 1893 4055 ἰδία
1931 3986 2080 4055 φωνῇ

499 4059 744 4113 καθελὼν
796 4063 989 4115 αὐτόν’
1019 4064 1209 4134 ἥντινα
1238 4065 1418 4136 ψῆφον
1454 4067 1796 4131 Ἰννοκέντιος
1828 4068 2084 4120 ἀπέστει-

498 4142 590 4195 λεν
639 4145 860 4218 Ἰωάννῃ
887 4146 966 4218 τῷ
984 4149 1402 4220 ἀρχιεπισκόπῳ
1431 4150 2079 4214 Κωνσταντινουπόλεως.

512 4225 572 4279 Ὁ
622 4226 679 4281 δὲ
723 4229 790 4283 τὰ
822 4231 1147 4303 διαφέροντα
1199 4233 1347 4304 αὐτῷ
1400 4234 1642 4305 κλίματα
1692 4234 1769 4305 (α)
1826 4233 2080 4301 συνάξας,

501 4310 783 4376 ὑπέδειξεν
817 4315 916 4387 τὴν
941 4316 1263 4387 καθαίρεσιν
1291 4316 1576 4383 Θεοφίλου,
1625 4319 1720 4370 καὶ
1768 4317 1968 4381 πάντες
2003 4306 2083 4381 εἰς

500 4395 673 4468 αὐτὴν
701 4398 1056 4470 ὑπέγραψαν·
1089 4400 1182 4453 καὶ
1207 4400 1346 4470 μετά
1372 4400 1529 4453 τοῦτο
1558 4401 1783 4472 ἐπεδόθη
1814 4400 2083 4472 Ἀρκαδίῳ

499 4480 581 4551 τῷ
610 4482 838 4552 βασιλεῖ.
872 4480 981 4537 Ἦν
1011 4485 1068 4539 δέ
1096 4485 1196 4554 τῆς
1235 4485 1606 4559 καθαιρέσεως
1647 4485 1709 4539 τὸ
1749 4487 2083 4559 ἀντίγραφον

500 4563 661 4617 τοῦτο
678 4583 689 4595 ·
716 4582 735 4615 ι
767 4566 832 4618 'H
860 4565 1003 4619 κατά
1025 4567 1124 4639 τήν
1152 4569 1380 4622 Ἰταλίαν
1398 4568 1580 4640 χάριτι
1606 4568 1741 4621 Θεοῦ
1760 4569 2085 4639 συναχθεῖσα

502 4649 682 4702 εῑτουν
710 4651 1038 4705 συνελθοῦσα
1094 4652 1345 4717 σύνοδος,
1401 4653 1518 4724 ἅμα
1551 4652 1631 4723 τῷ
1681 4653 1901 4724 μεγάλῳ
1947 4670 2084 4725 προ-

503 4730 647 4804 έδρῳ
684 4733 786 4804 τῆς
816 4733 1023 4806 Πέτρου
1059 4735 1454 4808 μεγαλωτάτης
1476 4736 1768 4806 καθέδρας,
1817 4737 2085 4808 Ἀρκαδίῳ

507 4816 734 4889 βασιλεῖ,
767 4819 861 4872 καὶ
903 4820 1128 4893 Ἰωάννῃ
1157 4821 1593 4890 ἁρχιεπισκόπῳ,
1626 4822 1851 4884 καὶτοῖς
1874 4822 1965 4874 ὑπ’
1990 4822 2085 4875 αύ-

505 4900 598 4954 τὸν
633 4904 820 4958 πᾶσιν.
853 4903 928 4956 Οὐ
956 4903 1165 4957 δίκαιον
1200 4903 1379 4969 τοῦτο,
1420 4905 1508 4958 ἵνα
1542 4905 1636 4958 ἐπὶ
1668 4904 1765 4974 τῆς
1796 4906 1897 4976 σῆς
1930 4906 2084 4959 εὐσε-

506 4983 640 5050 ϐοῦς
679 4985 960 5056 βασιλείας
992 4989 1021 5041 6
1051 4987 1251 5059 Φαραὼ
1282 4988 1358 5058 τῷ
1382 4989 1555 5059 Μωσῇ
1587 4988 1892 5061 κατισχύσῃ
1911 5030 1925 5052 ,
1966 4989 2087 5043 οὐδὲ

509 5069 600 5124 ἶνα
620 5072 682 5124 τὸ
709 5070 862 5136 ἔθνος
882 5072 975 5125 τοῦ
1002 5071 1139 5125 Θεοῦ
1169 5072 1229 5125 τὸ
1258 5073 1515 5126 ἐκλεκτὸν
1547 5071 1754 5144 πλίνθῳ
1787 5072 1881 5126 καὶ
1920 5072 2088 5138 λίθοις

511 5149 734 5224 βαρέσιν
756 5154 1066 5227 δαμάζηται
1089 5173 1100 5184 ·
1135 5154 1242 5209 οὐδ’
1272 5157 1304 5226 ἡ
1335 5155 1541 5226 μαγικὴ
1580 5157 1756 5225 πλάνη
1789 5158 1854 5228 τῇ
1895 5155 2090 5211 δακτυ-

511 5236 730 5311 λοθεσίᾳ
761 5239 856 5292 τοῦ
897 5239 1034 5292 Θεοῦ
1075 5241 1439 5313 ἀντιπράττῃ.
1501 5241 1653 5294 Ἐπεὶ
1704 5238 1797 5295 οὖν
1846 5240 2088 5314 Θεοφίλῳ

510 5319 685 5374 ταῦτα
706 5323 882 5375 πάντα
905 5322 1217 5393 πρόσεστιν,
1249 5325 1344 5377 καὶ
1370 5324 1613 5394 αἱμάτων
1637 5324 1829 5378 ἀθώων
1858 5325 2090 5394 ἐφάπτε-

510 5423 601 5460 ται
627 5408 723 5459 καὶ
762 5406 1021 5472 δικαίων,
1066 5409 1162 5461 καλ⁸
1188 5409 1285 5480 τὴν
1320 5409 1680 5479 εὐαγγελικήν
1720 5408 1926 5481 ταύτην
1952 5412 2089 5463 καθ-

512 5489 675 5561 έδραν
701 5490 880 5554 ἀθέως
917 5490 1013 5543 καὶ
1052 5491 1418 5556 ἀκανονίστως
1448 5491 1754 5563 ἐνύϐρισεν,
1798 5494 2091 5563 συναχθέν-

512 5591 605 5637 τες
645 5576 741 5627 καὶ
775 5575 894 5628 κατ’
932 5575 1095 5629 αὑτὸν
1137 5576 1422 5649 κρίναντες
1460 5579 1915 5649 ἐπιχειρήματα.’
1944 5578 2090 5651 ἅπερ

512 5659 564 5713 ul
590 5659 867 5729 Αἰγύπτου
907 5662 1002 5714 καὶ
1038 5660 1245 5733 Λιϐύης
1282 5662 1608 5729 ἐπίσκοποι,
1657 5664 1752 5717 καὶ
1796 5665 1896 5734 τῆς
1935 5663 2088 5716 Ἀλε-

585 5809 665 5885 (a)
687 5810 821 5868 Cod.
853 5811 1126 5886 κλήματα.

2172 540 2445 612 ξανδρέων
2486 540 2814 611 Ἐκκλησίας
2858 539 3112 612 κληρικοὶ
3162 538 3479 611 ὀδυρόμενοι
3519 535 3609 590 διὰ
3653 536 3748 590 τὸν

2172 626 2370 695 σεμνὸν
2398 625 2575 679 ἀϐϐᾶν
2622 624 2887 696 Ἰσίδωρον
2914 625 3005 678 τὸν
3047 622 3419 694 πρεσϐύτερον
3443 660 3460 688 ,
3515 620 3576 674 ὃν
3610 637 3749 674 παν-

2170 709 2343 771 τοίαις
2374 709 2667 780 τιμωρίαις
2700 707 2950 762 ἐκδοῦναι
2981 707 3043 761 οὐ
3071 707 3464 778 παρῃτήσατο,
3507 705 3751 758 ἀνεδίδασ-

2174 791 2269 856 ξαν
2287 809 2300 823 ·
2331 792 2518 845 τοῦτον
2561 790 2807 845 κελεύσει
2834 791 2930 844 xal
2959 791 3342 862 προστάγματι
3369 790 3443 861 (b)
3469 789 3563 841 τοῦ
3592 805 3750 860 κορυ-

2173 876 2334 944 φαίου
2368 877 2598 947 Πέτρου,
2630 877 2726 930 καὶ
2756 875 3036 945 σχήματος
3068 875 3161 928 καὶ
3196 873 3458 942 ὀνόματος
3497 871 3752 941 Θεόφιλον

2172 960 2379 1032 ἔρημον
2436 961 2747 1031 ἐστήσαμεν
2804 958 2968 1012 αὑτὸν
3025 958 3249 1023 πάντες.
3299 957 3650 1029 Προστάξατε
3693 955 3753 1008 δέ

2172 1043 2344 1097 ταῦτα
2383 1043 2619 1113 δημοσίᾳ
2651 1042 3012 1114 προτεθῆναι·
3060 1043 3156 1095 καὶ
3185 1043 3311 1104 τοὺς
3341 1040 3656 1104 διδάξαντας
3684 1039 3753 1092 τά

2175 1128 2294 1179 κατ’
2330 1126 2514 1189 αὑτὸν,
2549 1124 2639 1178 διὰ
2666 1124 2925 1178 λιϐἐλλων
2951 1126 3236 1195 συστῆναι,
3266 1126 3352 1192 ἐφ’
3379 1118 3460 1186 οἷς
3480 1121 3749 1188 ἐδίδαξαν·

2174 1210 2269 1262 καὶ
2316 1211 2478 1263 αὐτὸν
2529 1210 2812 1280 ἀγώγιμον
2846 1208 2933 1263 ἐπ’
2974 1210 3314 1281 ἐγκλήμασιν
3342 1208 3625 1278 ἔρχεσθαισ
3659 1206 3754 1260 καὶ

2173 1295 2264 1347 τὸν
2298 1296 2377 1358 εἰς
2428 1294 2720 1364 πρόσωπον
2769 1292 2934 1348 αὐτοῦ
2973 1294 3073 1356 τὰς
3106 1292 3428 1365 ἀποκρίσεις
3454 1290 3712 1344 ποιοῦντα
3735 1329 3750 1352 ,

2172 1378 2275 1448 τῆς
2326 1378 2532 1441 πόλεως
2583 1375 2896 1430 διώκεσθαι.
2948 1376 3060 1447 Τῆς
3107 1374 3217 1448 γὰρ
3263 1375 3483 1444 εὐλόγου
3522 1373 3753 1445 κρίσεως

2175 1462 2543 1533 ἀπροσκόπως
2577 1460 2987 1534 διατρεχούσης.
3011 1459 3410 1532 ἐφοραθήσεται
3439 1459 3534 1513 καὶ
3554 1459 3633 1520 εἰς
3664 1457 3756 1508 τὸν

2174 1548 2270 1601 τοῦ
2297 1548 2432 1602 Θεοῦ
2472 1549 2657 1619 νόμον,
2683 1548 2781 1602 καὶ
2819 1550 2901 1611 είς
2932 1547 3024 1601 τὸν
3052 1548 3159 1601 τῶν
3196 1545 3500 1619 ἀνθρώπων
3524 1546 3760 1616 διαμαρ-

2174 1633 2243 1702 τή
2252 1648 2350 1696 σας
2386 1632 2666 1702 Θεόφιλος.
2707 1650 2726 1683 ι
3406 1692 3409 1695 _

2250 1715 2314 1770 θ’.
2361 1715 2422 1770 Ὀ
2454 1715 2512 1769 δὲ
2545 1715 2827 1787 Ἀρκάδιος
2857 1715 3150 1788 δεξάμενος
3194 1713 3294 1784 τὴν
3331 1710 3426 1766 τοῦ
3461 1712 3621 1765 πάπα
3662 1710 3759 1763 Ἰν-

2180 1800 2451 1854 νοκεντίου
2477 1798 2801 1872 αύθεντικὴν
2839 1799 3043 1870 ψῆφον.
3086 1798 3351 1870 πρότερον
3379 1796 3471 1850 τὸν
3504 1795 3605 1859 τάς
3626 1796 3761 1848 ἀπο-

2178 1884 2391 1955 κρίσεις
2430 1883 2842 1951 Ἀλεξανδρείας
2875 1884 3137 1937 ποιοῦντα
3187 1879 3559 1953 πρεσϐύτερον
3608 1878 3758 1939 ὄντα.

2177 1968 2411 2036 ἐνέγκας
2442 1966 2680 2020 δέδωκεν
2704 1966 2852 2037 αὐτῷ
2883 1966 2951 2020 τά
2985 1968 3078 2020 ίσα
3106 1966 3206 2035 τῆς
3232 1963 3602 2032 καθαιρέσεως
3633 1962 3764 2015 Θεο-

2179 2051 2361 2121 φίλου,
2412 2052 2508 2105 καὶ
2557 2051 2881 2106 ἀπέστειλεν
2920 2051 3083 2104 αὑτὸν
3126 2053 3206 2113 εἰς
3252 2046 3658 2117 Ἀλεξάνδρειαν
3701 2050 3762 2100 ἐν

2178 2136 2329 2208 πάσῃ
2377 2136 2592 2207 ἀτιμία,
2640 2134 2923 2206 γνωρίζων
2956 2135 3025 2188 τά
3053 2136 3234 2190 πάντα
3283 2134 3547 2204 Θεοφίλῳ.
3608 2133 3755 2187 Ὀδυ-

2177 2220 2363 2290 νηθεὶς
2387 2216 2502 2282 οὖν,
2528 2220 2623 2273 καὶ
2655 2220 2730 2291 μὴ
2761 2219 3056 2291 δυνάμενός
3078 2236 3133 2273 τι
3168 2219 3306 2290 πρὸς
3328 2220 3456 2281 τοὺς
3497 2218 3761 2288 ποιήσαν-

2176 2322 2275 2370 τας
2306 2305 2367 2359 τὸ
2394 2305 2634 2359 τοιοῦτον
2697 2305 2934 2375 πρᾶγμα
2970 2305 3052 2368 είς
3095 2304 3281 2365 αὑτὸν,
3307 2303 3400 2356 τὸν
3433 2303 3761 2373 ἀποκρισιάσ-

2180 2407 2296 2461 ριον
2342 2390 2401 2442 ἐν
2431 2388 2792 2461 δεσμωτηρίῳ
2820 2387 3054 2459 τίθησιν,
3100 2387 3281 2458 ζητῶν
3319 2388 3524 2459 βήματι
3561 2388 3760 2456 ἀρχονο-

2177 2474 2316 2544 τικῷ
2360 2473 2551 2527 τοῦτον
2622 2473 2840 2544 στῆσαι.
2903 2472 3045 2526 Ἀλλ’
3099 2472 3340 2544 ἐφοϐήθη
3395 2471 3459 2525 τὸ
3512 2470 3764 2529 τοσοῦτον

2178 2559 2434 2624 ποιῆσαι·
2482 2558 2576 2612 καὶ
2624 2556 2690 2627 δὴ
2736 2558 2881 2612 αἰτεῖ
2931 2558 3024 2609 τὸν
3071 2555 3313 2628 ἄρχοντα
3354 2554 3764 2627 Ἀλεξανδρείας

2178 2643 2363 2698 λαϐεῖν
2395 2641 2646 2713 βοήθειαν
2680 2640 3081 2715 στρατιωτικὴν
3103 2643 3247 2695 κατά
3270 2659 3431 2696 τινων
3460 2641 3619 2711 δῆθεν
3642 2658 3766 2695 στα-

2180 2727 2495 2792 σιαζόντων,
2520 2724 2591 2779 τὰ
2619 2726 2958 2797 μοναστήρια
2984 2725 3087 2795 τῆς
3123 2724 3402 2794 Αἰγύπτου
3433 2724 3764 2790 διαρπαζόν-

2176 2828 2285 2864 των
2305 2826 2317 2839 ·
2345 2811 2439 2863 καὶ
2456 2808 2638 2863 λαϐὼν
2660 2809 3047 2872 πεντακοσίους
3077 2809 3356 2872 ἐνόπλους,
3384 2808 3577 2871 νυκτὸς
3602 2810 3765 2879 ἐπέρ-

2181 2892 2336 2964 ριψεν
2367 2891 2446 2963 τῷ
2473 2892 2611 2963 ὄρει,
2643 2893 2737 2947 xal
2771 2892 3016 2963 βακλίζει
3050 2891 3285 2961 στερεῶς
3332 2893 3459 2953 τοὺς
3499 2894 3764 2962 μοναχοὺς

2177 2977 2304 3040 τοὺς
2324 2975 2655 3047 δεξαμένους
2680 2977 2773 3029 τὸν
2795 2975 2972 3028 ἀϐϐἄν
3014 2974 3285 3046 Ἰσίδωρον
3320 2973 3479 3041 ἐπτά,
3522 2974 3759 3044 Ἰἐρακα,

2177 3059 2490 3130 Διόσκορον,
2536 3057 2868 3130 Ἀμμώνιον,
2907 3060 3117 3125 Ἰσαὰκ,
3162 3055 3480 3128 Ἰνισθωρὼ,
3528 3054 3759 3127 Τιθόην,

2179 3143 2273 3196 καὶ
2302 3142 2461 3197 ἄλλον
2515 3142 2722 3196 Ἰσαάκ.
2763 3143 2873 3195 Kal
2920 3142 3285 3205 κοπιάσαντες
3334 3139 3621 3212 ζητοῦντες
3673 3139 3766 3191 τὸν

2179 3225 2356 3279 ἀϐϐᾶν
2395 3224 2700 3297 Ἰσίδωρον,
2748 3226 2847 3295 οὐχ
2891 3221 3076 3296 εὖρον·
3127 3219 3269 3296 ἦσαν
3304 3225 3411 3295 γὰρ
3461 3226 3517 3276 ἐν
3568 3223 3764 3295 φρέατι

2180 3308 2331 3381 ξηρῷ
2354 3308 2612 3379 ῥίψαντες
2640 3309 2823 3362 αὐτόν.
2862 3309 2972 3363 Καὶ
2998 3306 3180 3361 λαϐὼν
3238 3308 3490 3380 φρύγανα
3534 3305 3765 3359 ἔκαυσεν

2180 3393 2281 3456 τὰς
2317 3392 2513 3457 κέλλας
2552 3392 2733 3446 αὐτῶν
2789 3394 2886 3446 σὺν
2921 3394 3087 3446 πᾶσιν
3132 3387 3212 3456 οἷς
3259 3388 3424 3462 εἶχον.
3466 3393 3575 3445 Kal
3621 3389 3765 3443 οὕτω

2180 3477 2440 3547 λωφήσας
2476 3477 2577 3547 τῆς
2607 3476 2800 3545 ἀλόγου
2832 3476 3000 3548 ὀργῆς
3046 3476 3452 3547 καταλαμϐάνει
3482 3474 3582 3547 τήν
3621 3474 3767 3526 Ἀλε-

2185 3561 2486 3632 ξάνδρειαν.

2256 3652 2308 3701 ι’.
2338 3646 2401 3698 Ol
2429 3644 2485 3696 δὲ
2518 3645 2908 3717 προειρημένοι
2951 3645 3175 3715 μοναχοὶ
3220 3643 3314 3697 τὸν
3356 3645 3456 3716 τῆς
3487 3643 3767 3715 ὑπομονῆς

2182 3728 2474 3782 ἀπώλεσαν
2504 3728 2725 3800 τρόπον,
2752 3728 2985 3799 ἀνῆλθον
3004 3731 3085 3792 εἰς
3124 3727 3548 3798 ’Δλεξάνδρειαν,
3583 3727 3768 3780 λιέντια

2182 3811 2559 3882 διεζωσμένοι,
2590 3811 2685 3864 καὶ
2723 3811 3002 3875 κλαίοντες
3040 3813 3221 3865 πᾶσαν
3252 3810 3351 3882 τήν
3381 3811 3639 3864 πλατεῖαν
3667 3828 3768 3862 πε-

2188 3896 2396 3966 ριῆγον.
2452 3896 2673 3959 Ἰδόντες
2710 3896 2769 3949 δὲ
2799 3896 2997 3960 αὐτοὺς
3020 3899 3069 3950 οί
3094 3895 3330 3960 πολῖται,
3362 3897 3549 3967 ἐπειδὴ
3591 3895 3765 3963 ἐγνώ-

2187 3979 2336 4050 ριζον
2354 3980 2480 4042 τοὺς
2501 3978 2701 4050 ἄνδρας
2729 3978 2903 4031 ὁποῖοι
2925 3975 3087 4050 ἦσαν,
3112 3980 3459 4051 ἐλυπήθησαν
3484 3980 3552 4034 δι’
3570 3980 3766 4042 αὐτοὺς

2186 4062 2363 4115 πάνυο
2418 4062 2511 4115 καὶ
2559 4061 2798 4133 συνήχθη
2855 4063 2962 4124 πᾶς
3009 4064 3037 4115 6
3064 4062 3220 4133 ὄχλος
3259 4064 3397 4134 μετά
3431 4063 3626 4135 πυρὸς,
3672 4065 3767 4115 καὶ

2185 4144 2419 4218 ἤρξαντο
2448 4145 2622 4199 καίειν
2658 4144 2786 4199 ἔνθα
2812 4146 3110 4216 κατέμενεν
3135 4149 3162 4200 6
3197 4149 3476 4217 Θεόφιλος.
3517 4150 3761 4220 Διαρπα-

2187 4235 2398 4285 σάντων
2443 4226 2536 4283 οὖν
2581 4229 2760 4283 αὐτῶν
2792 4231 2971 4283 πάντα
3000 4231 3070 4283 τά
3097 4233 3154 4285 ἐν
3178 4233 3256 4303 τῷ
3282 4233 3609 4303 ἐπισκοπίῳ,
3666 4233 3761 4285 καὶ

2188 4315 2372 4368 λοιπὸν
2402 4313 2703 4384 μελλόντων
2729 4314 2858 4386 περὶ
2880 4314 2948 4367 τά
2967 4314 3028 4383 (f.
3059 4316 3120 4369 71
3153 4317 3208 4387 a)
3258 4316 3519 4388 κειμήλια
3545 4318 3764 4387 χωρεῖν,

2189 4398 2456 4463 Νικόλαος
2482 4402 2510 4452 ὁ
2541 4398 2724 4471 ἄρχων
2752 4399 2844 4452 τὸν
2878 4399 3122 4454 κίνδυνον
3160 4400 3417 4472 φοϐηθεὶς
3438 4440 3452 4463 ,
3503 4399 3769 4469 κατέδρα-
3872 4410 3879 4415 ·

2188 4499 2287 4552 μεν
2317 4482 2402 4534 ἐπ’
2434 4482 2651 4545 αὐτοὺς,
2684 4483 2778 4536 καὶ
2800 4482 2983 4554 ἐζήτει
3006 4483 3447 4554 ἀπολογήσασθαι
3476 4483 3554 4553 τῷ
3575 4481 3729 4553 δήμῳ
3750 4501 3763 4512 ·

2185 4566 2236 4617 οί
2268 4565 2326 4619 δὲ
2355 4566 2415 4618 ού
2440 4566 2819 4631 κατεδέξαντο,
2843 4566 3141 4635 κράζοντες
3160 4569 3254 4621 καὶ
3276 4567 3503 4639 θόρυϐον
3537 4567 3770 4637 ἐγείρον-

2185 4665 2276 4712 τες
2310 4649 2450 4702 κατά
2473 4650 2757 4719 Θεοφίλου,
2791 4651 3138 4714 ἀσιωπίστως
3167 4651 3471 4719 φωνοῦντες
3521 4650 3639 4703 κατ’
3666 4650 3766 4702 αύ-

2185 4734 2301 4788 τοῦ.
2344 4736 2402 4788 Ὁ
2431 4734 2488 4788 δὲ
2517 4734 2702 4806 ἄρχων
2734 4738 2791 4790 ἐν
2841 4736 3051 4808 ἀγωνίᾳ
3083 4735 3292 4807 μεγάλῃ
3322 4734 3418 4799 ὢν,
3449 4735 3769 4804 ἐδοκίμαζεν

2187 4818 2407 4883 ἐξεάσαι
2450 4821 2530 4882 είς
2575 4821 2765 4890 χεῖρας
2811 4819 2990 4873 αὐτῶν
3016 4819 3108 4871 τὸν
3136 4819 3392 4888 Θεόφιλον
3413 4838 3426 4851 ·
3478 4821 3684 4892 ἐκρύϐη
3712 4820 3770 4873 δὲ

2187 4903 2445 4971 Θεόφιλος
2487 4905 2544 4955 ἐν
2598 4905 2665 4973 τῇ
2720 4902 3075 4975 κολυμϐήθρᾳ
3104 4904 3332 4975 ἐπόψην.
3375 4904 3435 4958 '0
3476 4904 3532 4959 δὲ
3586 4907 3769 4977 ἄρχων

2188 4988 2416 5051 ἐνδύσας
2450 4987 2573 5051 τοὺς
2623 4988 2889 5057 μοναχοὺς
2940 4988 3155 5059 ἱμάτια,
3214 4988 3542 5044 ἐπεϐίϐασεν
3570 4991 3768 5053 αὐτοὺς

2187 5072 2265 5143 τῷ
2284 5071 2543 5143 ὀχήματι,
2586 5072 2680 5124 καὶ
2711 5071 2873 5135 αὐτὸς
2909 5072 3154 5136 πεζεύων
3185 5074 3426 5145 προῆγεν
3455 5075 3653 5139 αὐτοὺς
3688 5076 3770 5138 είς

2187 5158 2249 5210 τὸ
2272 5155 2627 5228 πραιτώριον.
2679 5155 2859 5209 Κάκεῖ
2885 5155 3046 5209 πάλιν
3068 5157 3118 5210 οἱ
3139 5157 3300 5228 δῆμοι
3324 5158 3394 5212 τά
3426 5159 3616 5230 ἱμάτια
3643 5160 3771 5211 ἐαυ-

2188 5242 2296 5295 τῶν
2330 5242 2410 5304 είς
2438 5241 2533 5293 τὸν
2572 5241 2801 5310 οὐρανὸν
2838 5239 3117 5313 ἔρριπτον,
3146 5241 3544 5314 ἐξομνυομένου
3584 5244 3769 5304 αὐτοῖς

2188 5326 2282 5381 τοῦ
2310 5325 2566 5397 ἄρχοντος
2590 5325 2731 5378 κατά
2753 5326 2860 5379 τῶν
2888 5325 3169 5396 βασιλέων,
3194 5328 3274 5380 ὅτι
3302 5328 3417 5380 Οὐκ
3438 5327 3651 5395 ἐξεῖπεν
3679 5343 3769 5397 μοι

2190 5413 2288 5482 τὴν
2309 5412 2486 5482 κακήν
2517 5410 2683 5463 αὐτοῦ
2706 5410 2921 5484 βουλὴν,
2939 5411 3075 5466 ἀλλὰ
3095 5411 3364 5483 προφάσει
3381 5410 3541 5464 τινῶν
3557 5409 3770 5483 λῃστῶν

2190 5494 2259 5547 τὰ
2295 5495 2631 5566 μοναστήρια
2682 5495 3129 5567 ἐπηρεαζόντων,
3181 5495 3372 5548 ἐλαϐεν
3418 5494 3536 5564 μεθ’
3573 5490 3767 5546 ἐαυτοῦ

2190 5580 2316 5643 τοὺς
2354 5580 2693 5650 στρατιώτας
2718 5584 2798 5645 εἰς
2823 5582 3155 5652 συμμαχίαν.
3193 5581 3253 5633 lii
3278 5579 3335 5632 δέ
3359 5580 3449 5632 τὸν
3472 5576 3771 5650 πρεσϐύτεο

2196 5680 2286 5736 ρον
2329 5664 2597 5739 Ἰσίδωρον
2626 5666 2805 5721 θέλετε
2842 5668 3073 5739 ποιμένα
3096 5668 3216 5721 ἀντὶ
3248 5665 3530 5735 Θεοφίλου,
3559 5661 3772 5733 ποιήσω
