4114 6392
329 462 424 510 ιιι

402 568 454 622 6.
496 565 674 634 Atque
713 564 815 617 hac
847 560 1098 615 violentia
1141 568 1370 630 patrata,
1402 561 1760 628 sejunxerunt
1799 575 1857 615 se
1888 573 1919 614 a

331 653 640 725 The0philo
663 651 878 722 Aigypti
912 649 1150 719 episcopi
1177 657 1406 718 septem,
1440 647 1678 702 Joannes
1703 647 1919 702 Ternu-

331 745 510 805 theos,
565 741 814 795 Zosimus
875 737 1154 801 Scthroiti,
1207 736 1512 790 Alexander
1586 735 1913 807 Oxyrynehi,

331 829 653 886 Chaeremon
719 826 939 888 Pelusii,
1005 825 1233 878 Nonnus
1299 825 1610 888 Athribeos,
1667 825 1917 878 Dulcctes

331 918 605 975 Paraleos.
654 914 912 982 Serapion
958 912 1149 978 Panis;
1187 911 1369 983 Libya:
1403 922 1582 965 autem
1630 922 1758 976 tres,
1808 913 1916 966 Lu-

331 1006 522 1060 cianus
565 1004 870 1067 Pamtonii,
923 1002 1296 1056 Clementinus
1343 1001 1693 1067 Marmaricae,
1732 1002 1917 1056 Menas

333 1094 544 1151 Darme.
607 1093 739 1147 Item
784 1091 966 1147 clerici
1016 1090 1354 1146 Alexandriae
1409 1107 1638 1146 numero
1702 1092 1911 1163 viginti,

330 1184 542 1240 diaconi
599 1184 804 1238 scilicet
862 1199 924 1236 ac
972 1183 1294 1254 presbyteri.
1333 1183 1400 1236 Hi
1433 1199 1562 1254 ergo
1605 1185 1916 1255 congregati

329 1271 726 1342 depositionem
795 1271 1083 1341 Theophili
1151 1273 1397 1326 criminis
1451 1289 1579 1344 ergo
1644 1273 1908 1336 fecerunt,

329 1375 559 1429 eamque
602 1360 860 1430 scriptam
915 1361 1234 1416 Innocentio
1281 1378 1433 1431 papae
1479 1363 1701 1416 Romam
1746 1364 1913 1416 mise—

329 1459 478 1514 runt,
498 1458 558 1505 ut
583 1452 828 1505 eamdem
860 1452 1097 1521 generali
1121 1452 1324 1521 judicio
1356 1454 1640 1522 perliceret
1692 1454 1912 1507 Interim

329 1539 568 1594 Isidorus
615 1540 666 1592 in
715 1539 902 1594 Nitriae
957 1551 1140 1596 monte
1174 1541 1507 1610 quiescebat,
1548 1543 1638 1596 ubi
1680 1543 1746 1595 ab
1779 1544 1913 1596 ado-

328 1627 585 1683 lescentia
634 1645 730 1684 sua
779 1639 978 1684 ascetae
1023 1646 1174 1685 more
1233 1632 1462 1695 vixerat,
1518 1633 1688 1686 Deum
1733 1634 1912 1688 omnia

328 1726 646 1771 cernentem
693 1733 874 1771 orans.
921 1718 1260 1788 Theophilus
1301 1728 1480 1774 autem
1521 1721 1713 1774 factam
1745 1722 1844 1776 sibi
1880 1738 1911 1776 a

328 1806 442 1858 suis
487 1806 885 1875 depositionem
927 1822 1280 1878 cognoscens,
1330 1809 1458 1878 quid
1502 1809 1601 1864 sibi
1642 1811 1909 1881 agendum

327 1891 469 1948 foret
494 1895 824 1965 ambigebat.

401 1989 450 2040 7.
484 1987 554 2040 At
581 2003 716 2056 papa
743 1989 1118 2055 Innocentius,
1136 1998 1356 2058 accepta
1375 1989 1660 2057 TheOphiIi
1687 1991 1907 2061 deposi-

327 2074 494 2134 tione,
528 2085 833 2130 commotus
864 2077 1174 2142 huiusmodi
1205 2079 1494 2146 epistolam
1526 2079 1747 2139 scribit:
1777 2101 1792 2129 ε
1819 2080 1910 2133 In-

325 2163 614 2215 nocentius
652 2179 859 2232 magnae
905 2163 1091 2219 Romae
1135 2167 1354 2234 pra-sul,
1385 2167 1535 2218 fratri
1582 2167 1904 2236 Theophila.

322 2249 517 2304 Audivi
544 2251 788 2320 quaedam
819 2262 924 2306 ate
950 2253 1167 2323 indigne
1198 2253 1357 2316 facta,
1384 2264 1544 2323 teque
1572 2257 1789 2316 damno,
1821 2266 1909 2310 ut-

325 2348 452 2407 pote
476 2340 566 2408 qui
601 2341 877 2410 tyrannice
900 2324 1087 2395 et'non
1119 2343 1356 2413 legitime
1386 2350 1438 2396 te
1467 2343 1716 2413 gesseris.
1743 2345 1910 2415 Igitur

323 2429 585 2481 canonice
606 2428 758 2496 juxta
781 2428 1176 2483 ecclesiasticas
1207 2431 1417 2500 regulas
1447 2431 1530 2484 fac
1555 2447 1713 2502 agere
1736 2434 1867 2487 velis
1891 2451 1906 2498 ;

324 2521 380 2567 et
415 2530 536 2583 qua:
568 2515 861 2570 crudeliter
887 2518 1120 2586 gessisti,
1155 2523 1381 2589 corrige.
1417 2519 1615 2574 Desine
1641 2520 1751 2587 jam
1791 2537 1908 2574 ma-

325 2602 521 2663 lorum,
554 2619 624 2656 ne
673 2619 759 2657 me.
813 2606 1076 2675 synodum
1124 2607 1504 2675 episcoporum
1551 2623 1906 2676 eonvocante,

319 2691 529 2762 judicio
560 2699 814 2761 tanquam
846 2709 971 2747 reus
987 2696 1315 2762 percellaris.
1346 2715 1363 2745 ι
1396 2697 1488 2750 Ille
1513 2712 1642 2751 vero
1672 2700 1906 2754 vicissim

325 2778 400 2832 ita
431 2779 801 2834 rescribebat:
847 2800 865 2831 ι
897 2781 1234 2851 TheOphilus
1276 2783 1565 2853 episcopus
1609 2784 1770 2839 Marci
1819 2803 1907 2840 se-

324 2869 448 2923 dem
481 2876 692 2933 tenens,
718 2869 1039 2926 Innocentio
1064 2889 1216 2942 papar
1238 2873 1444 2926 Romae.
1466 2875 1577 2943 Ego
1589 2891 1695 2929 non
1719 2877 1908 2931 desino

324 2974 420 3011 eos
449 2959 544 3028 qui
573 2959 825 3014 Ecclesiae
859 2962 1134 3032 negotium
1155 2962 1434 3016 facessunt
1465 2965 1837 3031 ulcisci.Quod
1861 2967 1906 3022 si

324 3056 382 3099 tu
401 3061 643 3100 meorum
704 3048 1047 3102 inimicorum
1088 3049 1386 3104 calumnias
1421 3053 1640 3121 recipis,
1687 3056 1906 3112 nonnisi

327 3145 530 3190 temere
559 3137 624 3191 de
655 3138 870 3192 illorum
904 3139 1141 3208 querelis
1169 3141 1411 3209 judicare
1445 3142 1738 3199 videberis.
1774 3147 1906 3202 Mihi

323 3244 538 3298 quoque
569 3230 722 3284 adest
749 3232 1073 3302 evangelicae
1103 3233 1250 3287 sedis
1279 3234 1558 3304 majeslas,
1595 3247 1650 3292 et
1687 3255 1784 3308 per
1812 3257 1907 3294 ur-

323 3323 420 3376 bes
450 3323 723 3379 innumeri
757 3325 992 3396 episcopi
1019 3344 1032 3392 ;
1077 3327 1275 3396 quibus
1304 3331 1662 3400 congregatis,
1697 3333 1787 3386 tibi
1819 3351 1907 3388 re-

323 3414 532 3478 sistam,
565 3425 620 3470 et
679 3419 1084 3486 usurpationem
1129 3428 1276 3474 tuam
1327 3423 1720 3478 condemnabo.
1758 3424 1904 3491 Vale,

324 3517 379 3560 et
433 3508 759 3562 sententiam
811 3508 1059 3563 immuta.
1089 3511 1148 3564 Si
1173 3511 1382 3577 minus,
1413 3515 1552 3580 vale,
1595 3517 1689 3571 sed
1724 3517 1904 3572 infeli-

323 3613 440 3651 cem
469 3598 674 3652 exitum
695 3606 1026 3669 exspectato.
1060 3620 1079 3652 ι

394 3689 445 3743 8.
478 3690 574 3744 llis
602 3693 842 3762 acceptis
871 3695 1064 3750 litteris
1112 3711 1252 3766 papa
1284 3697 1656 3764 Innocentius,
1704 3716 1906 3757 convo-

323 3784 460 3837 catis
490 3785 744 3840 omnibus
775 3788 940 3842 Italia:
969 3788 1260 3860 episcopis,
1293 3791 1578 3861 Theophili
1608 3795 1905 3864 depositio-

323 3892 448 3932 nem
477 3877 622 3942 fecit,
656 3896 817 3949 quam
841 3882 1043 3936 dudum
1073 3883 1307 3954 ngyptii
1335 3886 1572 3955 episc0pi
1607 3888 1901 3954 miserant;

324 3968 521 4040 singuli
552 3971 802 4027 videlicet
829 3973 944 4027 Itali
977 3977 1196 4044 pro-prio
1228 3977 1488 4047 suffragio
1535 3979 1683 4032 illum
1734 3981 1904 4049 depo-

322 4073 548 4118 suerunt
583 4083 595 4117 :
628 4080 789 4134 quam
813 4068 1136 4122 sententiam
1163 4069 1514 4126 Innocentius
1541 4073 1610 4127 ad
1637 4073 1903 4128 Joannem

322 4153 869 4228 Constantinopoleos
890 4161 1360 4231 archiepiscopum
1403 4164 1567 4218 misit.
1621 4163 1672 4218 Is
1719 4174 1901 4219 autem

324 4248 750 4319 propinquarum
773 4252 873 4308 sibi
903 4254 1186 4325 regionum
1217 4257 1501 4327 episcopos
1544 4273 1899 4330 congregans,

324 4338 613 4409 Theophili
645 4343 1050 4399 damnationem
1090 4348 1350 4412 ostendit,
1400 4349 1493 4418 qui
1538 4364 1730 4404 omnes
1775 4351 1904 4405 huic

321 4433 796 4503 subscripserunt;
827 4452 999 4506 eaque
1030 4439 1288 4509 deinceps
1313 4441 1508 4495 tradita
1537 4442 1769 4500 Arcadio
1797 4444 1902 4496 im-

321 4525 558 4590 peratori
591 4524 708 4578 fuit.
735 4526 860 4580 Erat
880 4535 1060 4581 autem
1083 4529 1440 4598 depositionis
1463 4533 1738 4601 exemplar
1764 4534 1898 4588 hoc:

327 4631 345 4662 ‹
384 4611 689 4669 Convocata
723 4631 786 4669 ex
829 4618 1081 4673 universa
1112 4620 1264 4674 Italia
1296 4637 1392 4692 per
1425 4621 1515 4678 Dei
1564 4626 1816 4696 gratiam,
1849 4637 1904 4680 et

320 4719 643 4779 congregata
663 4711 918 4780 synodus,
947 4729 1069 4767 cum
1110 4730 1306 4786 magno
1347 4719 1595 4774 maxima).
1629 4720 1776 4774 Petri
1818 4737 1903 4775 ca-

321 4799 528 4854 thedrae
556 4803 802 4869 praesule,
839 4802 1071 4860 Arcadio
1125 4808 1461 4878 imperatori,
1491 4819 1546 4864 et
1584 4811 1779 4866 Joanni
1809 4829 1900 4867 ar-

318 4889 687 4962 chiepiscopo,
723 4900 778 4946 et
803 4895 1155 4967 suﬂraganeis
1186 4900 1304 4969 ejus
1331 4902 1616 4956 universis.
1661 4903 1899 4974 {Equum

320 4997 427 5035 non
477 4990 579 5047 est,
637 4993 698 5039 ut
744 4985 848 5041 sub
877 4989 1131 5059 religioso
1175 5008 1342 5062 regno
1369 5001 1461 5048 tuo
1485 4995 1696 5049 Pharao
1731 4996 1898 5068 Moysi

320 5076 629 5141 praevaleat,
686 5092 865 5147 neque
918 5087 979 5134 ut
1015 5098 1148 5153 gens
1201 5084 1295 5138 Dei
1351 5087 1522 5141 electa
1556 5088 1898 5143 conﬁciendo

319 5165 486 5220 latere
511 5177 566 5221 ct
593 5184 846 5224 saxorum
876 5173 1133 5229 oneribus
1170 5183 1437 5232 atteratur
1461 5178 1650 5248 (Exod.
1690 5198 1726 5244 ι,
1776 5182 1893 5251 Η);

318 5271 421 5310 nec
449 5258 685 5329 denique
704 5262 911 5333 magica
941 5263 1319 5336 frausjubenti
1363 5269 1533 5340 digito
1562 5273 1657 5326 Dei
1703 5274 1897 5327 decer-

319 5359 416 5408 tet.
447 5354 896 5428 Quandoquidem
928 5360 1110 5430 itaque
1140 5363 1256 5417 hrec
1281 5366 1464 5419 omnia
1491 5366 1798 5437 Theophilo
1819 5369 1897 5422 in-

317 5455 536 5509 sunt,et
557 5449 851 5505 innocuum
865 5453 1180 5523 justumque
1212 5459 1533 5527 sanguinem
1555 5459 1714 5524 fudit,
1733 5469 1894 5531 atque

317 5539 678 5609 evangelicam
704 5543 1015 5598 cathedram
1044 5547 1208 5617 impie
1234 5557 1288 5603 et
1318 5558 1515 5619 praeter
1541 5567 1778 5608 canones
1807 5555 1894 5608 de-

318 5627 655 5696 honestavit;
693 5649 794 5688 nos
840 5640 1171 5708 congregati,
1225 5651 1280 5694 et
1319 5641 1628 5709 judicantes
1657 5644 1723 5698 de
1758 5644 1893 5699 faei-

317 5719 543 5776 noribus
580 5723 732 5794 ejus,
764 5743 884 5797 quae
914 5729 1130 5802 Aigypti
1185 5741 1238 5785 et
1298 5733 1478 5805 Libya:
1531 5736 1793 5807 episcopi,
1838 5747 1894 5793 et

384 5880 457 5955 (ὁ)
489 5883 620 5942 Cod.
659 5889 718 5941 τὸ
751 5892 1094 5963 πρόσταγμα.

1135 448 1222 497 DIC
1264 447 1418 499 \'I'I.-\
1457 449 1533 496 It'l
1584 448 1857 498 EAblLIU
1899 450 1959 498 δ.
1997 450 2284 505 JUANNIS
2321 452 2668 504 CHﬂYbUS'I
2685 455 2823 506 UMI.

3500 477 3611 520 [ΣΠ

2023 563 2402 621 Alexandrinae
2431 566 2686 622 Ecclesiae
2715 567 2898 622 clerici
2941 568 3288 640 deplorantes
3316 571 3610 634 denuntia-

2021 665 2238 723 verunt,
2294 664 2565 728 quatenus
2619 658 2988 713 venerabilem
3035 661 3287 716 abbatem
3337 663 3608 722 Isidorum

2021 751 2417 822 presbyterum,
2444 751 2772 806 omnimodis
2797 754 3109 808 excruciare
3127 771 3233 808 non
3262 764 3346 811 est
3367 759 3607 824 veritus;

2020 842 2184 904 hunc,
2228 845 2454 912 jubente
2507 843 2654 897 Petri
2708 844 2981 914 corypbzei
3034 847 3379 912 auctoritate,
3411 859 3609 904 ornatu

2019 934 2309 1003 episcopali
2361 951 2425 990 ac
2458 935 2682 988 nomine
2733 933 3099 1003 Theophilum
3151 951 3358 1000 carere,
3415 954 3608 994 omnes

2018 1025 2378 1080 decrevimus.
2421 1027 2528 1082 Vos
2586 1045 2714 1084 vero
2762 1033 3039 1102 prrecipite
3085 1038 3145 1083 ut
3196 1031 3298 1083 hoc
3323 1031 3606 1087 decretum

2018 1115 2233 1184 publice
2281 1129 2654 1187 proponatur;
2701 1129 2755 1175 et
2810 1131 2870 1176 nt
2913 1123 3004 1191 qui
3038 1121 3178 1176 facta
3207 1121 3351 1176 illius
3390 1123 3604 1179 denun-

2018 1207 2172 1273 tiant,
2206 1209 2403 1264 libellis
2453 1212 2689 1278 firment,
2720 1223 2876 1284 prout
2916 1216 3410 1280 denuntiaverant;
3444 1226 3608 1286 atque

2017 1298 2250 1367 ipsemet
2272 1299 2338 1353 de
2363 1300 2690 1356 criminibus
2715 1305 2996 1358 convictus
3026 1320 3084 1359 se
3114 1320 3296 1359 coram
3328 1305 3519 1369 sistat;
3551 1313 3608 1359 et

2016 1388 2106 1442 ille
2156 1390 2321 1443 etiam
2349 1393 2440 1460 qui
2470 1407 2566 1462 pro
2596 1409 2661 1448 eo
2700 1396 3039 1464 apocrisiarii
3071 1412 3299 1450 munere
3338 1397 3603 1467 fungitur,

2017 1483 2152 1535 urbe
2171 1484 2490 1552 expellatur.
2524 1485 2659 1540 Nam
2686 1488 2727 1540 si
2759 1489 2863 1544 hoc
2898 1489 3165 1543 laudabile
3194 1490 3460 1558 judicium
3485 1489 3607 1546 sine

2015 1576 2412 1646 impedimento
2466 1580 2738 1645 decurret,
2794 1581 3038 1650 profecto
3089 1582 3374 1650 apparebit
3414 1570 3605 1636 contra

2013 1667 2252 1721 divinam
2279 1669 2682 1739 humanamque
2704 1672 2874 1742 legem
2901 1687 3154 1741 peccasse
3181 1671 3597 1741 Theophilum.»

2081 1762 2134 1816 9.
2160 1760 2397 1830 Accepta
2442 1760 2707 1817 Arcadius
2742 1763 3060 1818 authentiea
3104 1780 3258 1833 papas
3296 1763 3600 1820 Innocentii

2015 1856 2326 1919 sententia,
2371 1856 2548 1925 primo
2581 1858 2802 1925 quidem
2851 1857 3206 1928 apocrisiario
3261 1857 3603 1913 Alexandriae

2012 1946 2330 2016 presbytero
2392 1949 2566 2003 arcito
2625 1951 2904 2018 exemplar
2962 1950 3186 2003 tradidit
3247 1949 3602 2019 depositionis

2014 2036 2322 2106 Theophili,
2379 2040 2638 2110 illumque
2670 2039 3050 2095 Alexandriam
3076 2041 3282 2096 dimisit
3328 2042 3485 2111 plane
3517 2041 3604 2093 in-

2014 2129 2281 2184 honorum
2304 2174 2318 2196 ,
2371 2139 2431 2184 ut
2463 2133 2645 2187 omnia
2679 2132 2984 2202 Theophilo
3025 2133 3372 2205 significaret.
3404 2133 3475 2187 At
3514 2134 3603 2188 hic

2011 2221 2196 2276 dolore
2219 2223 2469 2288 allectus,
2498 2239 2602 2278 nec
2631 2225 2924 2295 quidquam
2952 2226 3215 2280 adversus
3257 2225 3384 2279 talia
3410 2233 3602 2280 contra

2011 2325 2068 2363 se
2107 2326 2270 2364 ausos
2314 2328 2473 2382 agere
2516 2314 2736 2375 valens,
2770 2313 3182 2383 apocrisiarium
3218 2315 3272 2367 in
3323 2330 3600 2369 carcerem

2011 2402 2190 2461 trusit.
2226 2403 2414 2457 volens
2437 2405 2849 2473 magistratuum
2883 2406 3095 2458 tradere
3127 2405 3402 2460 tribunali.
3443 2405 3600 2472 Quod

2011 2493 2190 2547 facere
2217 2495 2444 2556 veritus,
2478 2496 2635 2564 petiit
2667 2496 2736 2549 ab
2769 2496 3109 2551 Alexandriae
3135 2498 3363 2566 przeside
3399 2499 3601 2554 milita-

2011 2601 2124 2640 rem
2152 2602 2394 2652 manum,
2427 2603 2535 2656 qua
2566 2595 2812 2642 uteretur
2841 2589 3102 2643 adversus
3126 2589 3414 2644 seditiosos
3445 2607 3602 2660 quos-

2010 2676 2132 2730 dam
2162 2677 2252 2746 qui
2286 2677 2503 2749 }Egypti
2531 2680 2860 2734 monasteria
2894 2680 3216 2743 vastabant;
3258 2681 3601 2752 quingentis-

2009 2784 2115 2836 qne
2143 2769 2368 2823 armatis
2406 2771 2667 2840 acceptis,
2700 2779 2865 2824 noctu
2905 2770 2957 2824 in
2989 2779 3230 2824 montem
3264 2787 3320 2825 se
3347 2774 3596 2837 contulit,

2009 2859 2350 2927 graviterque
2375 2861 2582 2916 baculis
2616 2862 2852 2930 pulsavit
2883 2863 3178 2917 monachos
3208 2863 3298 2932 qui
3349 2865 3599 2918 abbatem

2008 2949 2276 3007 Isidorum
2304 2967 2629 3024 receperant
2659 2965 2887 3025 septem,
2920 2956 3224 3022 Hieraeem,
3257 2959 3597 3026 Dioscoruni,

2009 3043 2377 3110 Ammonium,
2405 3046 2666 3104 Isaaeum.
2697 3047 3030 3112 Inisthoron,
3053 3049 3331 3115 Tithoem,
3355 3059 3409 3103 et
3432 3051 3596 3105 alium

2009 3135 2251 3190 Isaacum
2279 3155 2292 3201 ;
2347 3154 2578 3206 cumque
2627 3139 2798 3193 multo
2833 3140 3018 3194 labore
3049 3141 3299 3196 abbatem
3331 3141 3597 3196 Isidorum

2010 3226 2436 3295 conquisisscnt,
2468 3244 2577 3281 non
2610 3229 2942 3283 invenerunt
2977 3248 2988 3281 :
3018 3231 3164 3285 hunc
3188 3231 3387 3300 quippe
3415 3247 3598 3285 mona-

2008 3316 2096 3370 chi
2125 3317 2177 3370 in
2206 3327 2430 3386 puteum
2461 3320 2663 3375 siccum
2693 3321 3061 3390 conjecerant.
3102 3322 3258 3376 Tune
3299 3325 3597 3378 sarmentis

2008 3408 2240 3476 sumptis
2265 3407 2604 3478 Theophilus
2633 3409 2797 3463 cellas
2818 3409 3032 3464 illorum
3065 3425 3188 3464 cum
3228 3413 3380 3464 omni
3422 3413 3599 3480 supel-

2007 3501 2181 3554 Iectile
2213 3502 2600 3555 concremavit.
2635 3504 2813 3572 Atque
2839 3503 2914 3557 ita
2942 3509 3230 3572 postquam
3266 3502 3456 3558 insana
3477 3505 3598 3574 ejus

2009 3592 2086 3644 ira
2113 3591 2381 3657 detonuit,
2413 3593 2797 3648 Alexandriam
2825 3596 3139 3649 revertitur.

2079 3683 2164 3737 10.
2217 3682 2289 3737 At
2331 3685 2575 3753 praedicti
2627 3686 2881 3740 monachi
2918 3688 3122 3743 amisso
3167 3689 3444 3759 patientiae
3482 3703 3597 3743 sure

2005 3792 2177 3837 more,
2213 3775 2594 3831 Alexandriam
2635 3786 2908 3833 venerunt
2955 3779 3137 3834 linteis
3183 3781 3480 3852 praaeincti,
3513 3781 3596 3834 lu-

2007 3878 2303 3939 gentesque
2341 3877 2509 3924 totam
2534 3871 2766 3940 plateam
2797 3872 3176 3927 circumibant.
3214 3872 3422 3940 Quibus
3447 3875 3596 3930 cives

2006 3964 2312 4033 conspectis
2334 4005 2348 4027 ,
2385 3965 2512 4033 quia
2542 3964 2764 4033 quinam
2792 3971 2978 4018 essent
3028 3965 3278 4020 homines
3304 3973 3591 4029 noverant,

2006 4071 2336 4125 magnopere
2392 4072 2579 4109 eorum
2616 4070 2780 4110 causa
2818 4057 3148 4112 doluerunt:
3208 4055 3626 4129 concurritquc‘

2007 4147 2294 4201 universus
2315 4163 2438 4202 cum
2471 4149 2591 4218 igne
2622 4150 2877 4218 populus,
2908 4161 2963 4203 et
2987 4151 3275 4220 Theophili
3308 4150 3593 4207 habitacu-

2006 4239 2118 4292 lum
2153 4255 2394 4294 cremare
2425 4249 2728 4310 coeperunt.
2766 4242 2906 4312 Ergo
2939 4242 3023 4297 his
3055 4249 3250 4297 cuncta
3295 4242 3348 4296 in
3379 4244 3592 4312 episeo-

2009 4333 2100 4402 pio
2123 4334 2600 4404 depopulantibus,
2630 4343 2685 4389 et
2706 4335 2817 4404 jam
2838 4337 2905 4391 ad
2927 4337 3135 4390 cimelia
3157 4352 3376 4390 manum
3409 4336 3594 4391 inten-

2004 4425 2276 4489 dentibus,
2310 4426 2564 4480 Nicolaus
2593 4436 2791 4496 prator
2820 4429 3065 4497 periculo
3093 4429 3320 4482 territus
3343 4471 3357 4493 ,
3394 4429 3462 4482 ad
3495 4443 3592 4481 eos

2003 4518 2260 4578 accurrit,
2325 4525 2384 4571 ut
2427 4519 2603 4572 turbis
2656 4535 2771 4572 rem
2832 4527 3160 4573 excusaret:
3224 4519 3310 4573 cui
3347 4519 3450 4574 illa:
3480 4536 3592 4574 non

2003 4611 2412 4679 acquieverunt,
2455 4611 2816 4665 vociferantes
2843 4620 2899 4664 et
2931 4612 3222 4665 tumultum
3254 4612 3593 4665 concitantes

2003 4702 2262 4755 adversus
2287 4701 2656 4770 Theophilum
2680 4744 2694 4766 ,
2723 4703 2883 4772 eique
2924 4703 3042 4756 sine
3075 4703 3477 4758 intermissione
3504 4703 3591 4757 in-

2003 4792 2321 4846 elamantes.
2365 4791 2519 4845 Tunc
2561 4800 2760 4861 praeter
2818 4806 3146 4862 magnopere
3187 4798 3586 4854 consternatus,

2002 4885 2275 4954 cogitabat
2297 4882 2660 4952 Theophilum
2712 4884 2963 4938 manibus
3009 4883 3221 4936 illorum
3249 4882 3588 4952 permittere.

2001 4977 2203 5031 Verum
2233 4978 2324 5031 hic
2355 4977 2596 5032 abditum
2627 4992 2686 5031 se
2715 4978 2982 5032 continuit
3002 4977 3056 5030 in
3087 4977 3293 5046 piscina
3320 4991 3492 5046 usque
3520 4973 3589 5030 ad

2002 5085 2306 5138 vesperam.
2344 5068 2510 5122 Porro
2541 5079 2741 5139 praeter
2772 5068 2991 5122 indutos
3037 5067 3377 5122 vestimentis
3406 5082 3590 5120 mona-

2003 5164 2134 5217 chos
2165 5205 2177 5226 ,
2209 5162 2500 5231 curruique
2532 5162 2837 5231 impositos,
2868 5161 3141 5231 pedestris
3172 5161 3288 5230 ipse
3313 5159 3465 5214 duxit
3493 5175 3588 5213 eos

2003 5256 2055 5308 in
2086 5256 2422 5326 praetorium.
2452 5255 2527 5308 Ibi
2563 5270 2750 5308 rursus
2771 5253 2943 5308 turba:
2963 5261 3141 5307 vestes
3171 5253 3366 5308 suasin
3387 5253 3584 5307 caelum

1994 5347 2290 5414 jactabant,
2330 5346 2547 5414 jurante
2580 5359 2677 5414 per
2723 5344 3077 5414 imperatores
3133 5353 3384 5413 praetore,
3439 5343 3583 5412 quod

2001 5439 2342 5508 Theophilus
2367 5436 2655 5492 consilium
2691 5451 2848 5489 suum
2874 5434 3096 5488 minime
3125 5434 3224 5489 sibi
3256 5435 3576 5504 aperuisset,

1998 5531 2092 5584 sed
2117 5530 2345 5584 obtentu
2383 5529 2742 5599 quorumdam
2793 5527 3066 5581 latronum
3106 5527 3434 5579 monasteria
3481 5538 3578 5578 va-

1999 5623 2276 5687 stantium,
2331 5637 2516 5676 secum
2571 5620 2960 5690 assumpsisset
3007 5619 3241 5672 militare
3292 5618 3577 5690 auxiliumg

1997 5714 2150 5781 Quod
2185 5714 2227 5770 si
2255 5714 2629 5786 presbyterum
2649 5713 2911 5768 Isidorum
2939 5710 3099 5765 vultis
3130 5717 3402 5782 pastorem
3453 5709 3575 5767 loco
