4114 6392
474 402 612 446 um

480 505 549 560 ἂν
587 504 649 558 τὸ
679 503 896 577 θέλημα
924 501 1110 575 ὑμῶν·
1145 502 1241 555 καὶ
1267 500 1521 570 Θεόφιλον
1557 498 1655 571 μὲν
1682 496 1891 563 ἐξώσω,
1937 491 2063 577 Ἰσίσ

479 590 653 661 δωρον
698 590 756 643 δὲ
798 575 920 642 ἀντ’
955 585 1122 640 αὑτοῦ
1180 587 1508 658 καταστήσω
1558 585 1706 654 ὑμῖν.
1764 581 1874 634 Καὶ
1923 575 2060 647 ταχὺ

483 674 752 737 Νικόλαος
771 675 799 726 6
824 672 985 735 αὐτὸς
1013 671 1196 743 ἄρχων
1214 669 1425 739 πέμπει
1453 665 1770 739 τριϐούνους
1789 664 1883 718 καὶ
1904 677 2066 732 στρα-

484 756 704 822 τιώτας,
761 757 845 825 ἐφ’
877 756 1065 817 ἵπποις
1114 754 1336 822 ἐνέγκαι
1388 751 1480 803 τὸν
1537 748 1712 803 ἀϐϐᾶν
1769 745 2061 816 Ἰσίδωρον.

482 840 743 909 Θεόφιλος
780 840 836 893 δέ
876 839 1063 909 σχῆμα
1094 835 1311 903 πτωχοῦ
1359 832 1668 897 ἀναλαϐὼν,
1701 833 1781 895 είς
1825 831 1924 900 τὴν
1956 826 2065 879 τῶν

486 925 679 998 ἱερέων
722 922 997 978 στέλλεται
1055 919 1237 992 χώραν
1264 959 1278 984 ,
1330 918 1599 973 Νικολάου
1646 915 1741 969 τοῦ
1808 914 2068 998 ἄρχοντος

489 997 709 1065 ἅπαντα
734 1008 801 1061 τά
835 1006 1102 1077 γενόμενα
1140 1005 1387 1067 θέλοντος
1413 1000 1652 1056 παῦσαιο
1702 1000 1797 1053 καὶ
1838 997 1961 1060 δοὺς
1989 997 2070 1058 είς

489 1098 679 1164 χεῖρας
709 1094 822 1156 τοῖς
846 1090 1054 1154 λοιποῖς
1090 1089 1391 1158 πλανήταις
1426 1088 1683 1157 μοναχοῖς
1720 1083 1888 1154 δῶρα,
1931 1080 2070 1150 πρὸς

487 1177 551 1229 τὸ
567 1177 750 1230 λοιπὸν
772 1175 1082 1245 φθάσαντας
1108 1173 1304 1235 αὐτοὺς
1321 1171 1382 1223 τὸ
1398 1171 1636 1241 μητάτον
1659 1168 1729 1222 τὰ
1744 1164 2071 1238 ἡμερώτατα

486 1259 724 1326 διδάξαι,
755 1260 974 1331 ἔχοντες
999 1257 1119 1327 μεθ’
1149 1255 1355 1308 ἑαυτῶν
1397 1255 1491 1306 καὶ
1528 1252 1856 1321 διασωστήν.

565 1374 656 1426 ια’.
702 1369 760 1422 '0
798 1362 891 1422 οὖν
936 1365 1112 1429 ἀϐϐᾶς
1153 1364 1423 1435 Ἰσίδωρος
1454 1359 1641 1433 μαθὼν
1669 1358 1767 1431 τὴν
1800 1358 1981 1412 αἰτίαν
2005 1356 2072 1410 δι’

487 1452 560 1524 ἦν
589 1452 855 1523 ζητεῖται,
888 1449 1251 1520 ἐνδυσάμενος
1288 1446 1468 1501 λινοῦν
1501 1445 1717 1516 ίμάτιον
1746 1442 1899 1513 παρά
1931 1457 2076 1502 τινος

493 1537 814 1607 κωμάρχου,
840 1534 935 1588 καὶ
964 1533 1341 1605 καμαλαύκιον
1372 1527 1551 1598 ἐαυτῷ
1574 1526 1839 1599 περιθεὶς,
1878 1525 2078 1595 κατῆλ-

491 1615 585 1680 θεν
617 1621 710 1672 ἐπὶ
738 1618 828 1672 τὸν
851 1616 1155 1688 Μαρεώτην
1184 1614 1506 1687 κιθαρίζων,
1558 1611 1696 1683 ἔχων
1730 1610 1846 1682 μεθ’
1881 1607 2076 1663 ἐαυτοῦ

489 1704 591 1759 καὶ
620 1701 757 1757 κύνα
782 1699 1198 1756 ἀκολουθοῦντα.
1245 1693 1341 1762 Εἷς
1365 1697 1424 1751 δὲ
1464 1695 1574 1750 τῶν
1604 1693 1901 1768 τριϐούνων
1929 1694 2072 1745 Καν⁹

490 1786 737 1858 θάρωδος
793 1783 1060 1855 τοῦνομα,
1115 1783 1434 1852 ὑπαντήσας
1489 1779 1636 1849 αὐτῷ
1685 1778 1831 1846 λέγει
1885 1774 2076 1846 αὐτῷ·

493 1885 520 1920 ι
570 1872 779 1933 Ὄντως
813 1871 878 1923 σὺ
924 1873 952 1922 6
1001 1870 1207 1939 μέγαςο
1251 1866 1477 1921 δύνασαι
1502 1863 1683 1917 λαϐὼν
1705 1864 1963 1934 χρήματα
1986 1861 2081 1913 καὶ

489 1953 702 2025 δωρεὰς
747 1952 982 2016 πολλάς,
1037 1949 1208 2017 δεῖξαι
1244 1953 1376 2021 ήμῖν
1412 1948 1502 2002 τὸν
1542 1947 1717 2002 ἀϐϐἄν
1744 1946 2076 2016 Ἰσίδωρον;›

506 2040 565 2091 Ὀ
592 2037 646 2090 δὲ
667 2037 795 2100 στάς
816 2036 1123 2107 ἔμπροσθεν
1158 2033 1322 2087 αὐτοῦ
1352 2033 1465 2103 ἃμα
1492 2031 1570 2102 τῷ
1587 2030 1848 2100 κυναρίῳ,
1881 2030 2085 2102 ἤρξατο

495 2120 774 2192 ὀρχεῖσθαι
813 2119 1130 2191 κιθαρίζων.
1174 2116 1567 2187 Ἐξουθενήσας
1589 2116 1647 2169 δέ
1682 2116 1845 2168 αὑτὸν
1867 2115 2086 2168 Κανθά-

499 2204 665 2276 ρωδος
695 2203 1155 2278 ὁτριϐοῦνοςηκαὶ
1172 2202 1367 2273 μηκέτι
1396 2200 1530 2272 μηδὲ
1558 2200 1716 2268 λόγου
1747 2198 1908 2253 αὑτὸν
1924 2198 2087 2265 ἀξιώ-

500 2306 635 2353 σας,
689 2288 1068 2360 ἀνεχώρησενο
1111 2288 1206 2340 καὶ
1238 2285 1303 2356 δὴ
1344 2282 1691 2354 ὑπέστρεψαν
1734 2285 1930 2335 ἐκεῖνοι
1979 2282 2087 2335 ἀπὸ

512 2374 784 2445 Ἰσιδώρου
832 2372 1127 2445 ἄπρακτοι.
1164 2370 1298 2424 Τότε
1329 2368 1386 2421 δὲ
1413 2369 1442 2421 6
1473 2368 1732 2437 Θεόφιλος
1759 2367 1953 2437 δώροις
1992 2367 2086 2419 ἐκ-

503 2457 884 2529 μειλιξάμενος
918 2457 1011 2510 τόν
1063 2473 1121 2509 τε
1174 2454 1417 2525 ἄρχοντα
1474 2452 1569 2505 καὶ
1628 2450 1696 2503 τά
1718 2449 1885 2504 λοιπά
1946 2451 2087 2522 μέρη

502 2541 791 2614 ρογεύσας,
829 2540 1098 2611 λαμπρῶς
1129 2538 1307 2609 εἰσῄει
1332 2539 1412 2599 είς
1445 2536 1546 2607 τὴν
1576 2534 1752 2598 πόλιν,
1778 2532 1957 2587 αὐτῶν
1979 2534 2089 2587 τῶν

502 2624 875 2698 ρογευθέντων
910 2623 1146 2695 στερεῶς
1174 2622 1339 2676 αὑτὸν
1378 2620 1698 2692 μισούντων.

578 2724 665 2794 ιβ’.
700 2726 762 2777 υἱ
801 2723 858 2777 δὲ
889 2723 1116 2794 μοναχοὶ
1148 2723 1199 2774 οἱ
1237 2720 1495 2793 δαρέντες
1531 2719 1637 2773 ὑπὸ
1674 2719 1967 2789 Θεοφίλου,
1998 2719 2094 2772 λα·

504 2808 689 2872 ϐόντες
718 2806 871 2876 παρά
902 2805 1111 2859 πολλῶν
1142 2804 1313 2858 πολλά
1330 2803 1688 2874 ἀναλώματα,
1719 2803 2102 2881 ἐπορεύθησαν.

505 2895 586 2957 εἰς
623 2890 976 2962 Ἰεροσόλυμα
1031 2889 1171 2961 πρὸς
1217 2887 1477 2941 Σιλϐανὸν
1530 2888 1607 2959 (α)
1649 2888 1740 2941 τὸν
1794 2890 2092 2942 ἐπίσκοπον

503 2975 613 3028 τῶν
638 2976 839 3040 ἐκεῖσε,
875 2974 967 3027 καὶ
1001 2971 1437 3044 προσπίπτουσιν
1454 2971 1624 3042 αύτῷ,
1659 2973 1752 3025 καὶ
1774 2972 1873 3043 τὴν
1894 2970 2095 3043 πρᾶξιν

503 3056 843 3113 δεικνύουσιν
892 3056 1001 3110 τῶν
1068 3054 1474 3126 γεγενημένων.
1538 3056 1596 3109 '0
1647 3055 1706 3108 δὲ
1759 3056 2095 3121 ἀπονεωθεὶς

505 3142 718 3213 πέμπει
765 3139 883 3212 μετ’
915 3139 1094 3194 αὐτῶν
1140 3156 1262 3193 τινα
1317 3136 1676 3213 ἀναγνώστην
1732 3138 2091 3193 Ἰουϐενάλιον

505 3208 800 3295 λεγόμενον
837 3222 979 3295 μετά
1025 3222 1391 3294 γραμμάτων.
1430 3222 1541 3275 Καὶ
1581 3208 1703 3275 τότε
1751 3222 1993 3292 ἔφθασαν
2035 3224 2095 3277 τὸ

508 3308 892 3379 στρατόπεδον,
922 3308 971 3361 οἱ
997 3306 1255 3370 πολλάκις
1289 3306 1427 3376 μετά
1447 3305 1717 3376 δαιμόνων
1752 3308 2096 3379 πολεμήσαν-

505 3408 620 3455 ϊες,
643 3392 736 3446 καὶ
773 3390 997 3463 μηδέπω
1017 3391 1126 3444 τῶν
1156 3390 1385 3443 κελλίων
1414 3389 1598 3442 αὐτῶν
1626 3388 1724 3453 τάς
1757 3390 1927 3462 θύρας
1948 3390 2095 3456 ἐξελ-

508 3476 713 3540 θόντες.
743 3476 807 3529 Οί
833 3475 1155 3545 μονάζοντες
1186 3469 1332 3528 οὗτοι
1361 3473 1541 3526 τοίνυν
1561 3475 1998 3545 παραγενόμενοι
2027 3478 2085 3527 ἐν

510 3559 1113 3623 Κωνσταντινουπόλει,
1172 3559 1265 3611 καὶ
1311 3558 1389 3628 τῷ
1439 3557 1659 3629 Ἰωάννῃ
1715 3560 2089 3630 συντυχόντες,

512 3729 609 3782 καὶ
640 3728 784 3780 πάνυ
823 3728 891 3782 τά
921 3729 1059 3798 πρὸς
1080 3728 1178 3798 τὴν
1200 3725 1389 3797 χρείαν
1421 3726 1695 3796 παρέσχεν
1735 3726 1830 3779 καὶ
1856 3728 1890 3798 ή
1918 3727 2100 3781 διάκο-

513 3826 601 3873 νος
645 3809 969 3882 Ὀλυμπιάς,
989 3811 1066 3874 ὼς
1098 3810 1286 3879 ἁγίους
1318 3808 1539 3881 ἄνδρας,
1573 3809 1693 3879 ήτις
1723 3808 1793 3862 τὰ
1828 3810 2101 3881 προσόντα

514 3894 654 3966 αὐτῇ
681 3894 862 3948 πάντα
893 3896 1008 3957 τοῖς
1038 3894 1315 3966 δεομένοις
1349 3893 1644 3963 παρέσχεν,
1677 3894 1772 3946 καὶ
1797 3894 1854 3947 ἐν
1869 3895 2100 3966 ἀσκήσει

517 3978 616 4031 καὶ
658 3981 832 4049 σεμνῇ
882 3977 1131 4050 πολιτείᾳ
1161 3976 1341 4040 καλῶς
1382 3976 1694 4048 διέπρεψεν,
1737 3978 1859 4046 ήτις
1905 3979 1999 4031 καὶ
2032 3974 2101 4049 ἦν

517 4061 855 4132 ἠγαπημένη
884 4062 1023 4131 ἄγαν
1046 4062 1151 4115 ὑπὸ
1191 4061 1438 4115 Ἰωάννου
1468 4061 1556 4115 διὰ
1587 4063 1678 4115 τὸν
1711 4062 1906 4130 σεμνὸν
1932 4064 2101 4132 αὐτῆς

520 4147 634 4216 βίον
665 4147 761 4200 καὶ
803 4147 900 4218 τήν
918 4147 1102 4201 ἔνθεον
1132 4146 1411 4200 πολιτείαν
1431 4162 1444 4175 ·
1482 4147 1605 4199 ὁσία
1629 4146 1736 4218 γάρ
1767 4144 1907 4202 εἶναι
1931 4151 2103 4220 ἐμαρ-

517 4232 755 4300 τυρεῖτο.
801 4230 859 4284 ’0
919 4230 977 4284 δέ
1024 4229 1379 4293 Ἰουϐενάλιος
1425 4228 1656 4284 δέδωκεν
1692 4231 1764 4284 τά
1796 4232 2102 4303 γράμματα

516 4313 595 4383 τῷ
620 4314 852 4400 βασιλεῖ,
878 4312 1071 4367 ἔπειτα
1108 4315 1204 4367 καὶ
1254 4313 1476 4384 Ἰωάννῃ
1496 4352 1511 4370 .
1551 4317 1646 4368 καὶ
1675 4316 1837 4370 πάλιν
1864 4318 1893 4369 6
1925 4317 2108 4370 Ἰωάν-

518 4398 785 4469 νηςὸιπερ
813 4398 1006 4452 ἐλαϐεν
1035 4398 1342 4469 γράμματα
1389 4400 1450 4469 (ί.
1488 4400 1548 4454 71
1582 4400 1633 4465 b)
1691 4400 1873 4453 δίδωσι
1901 4400 1980 4471 τῷ
2011 4401 2107 4471 βα-

521 4481 678 4535 σιλεῖ.
718 4480 827 4533 Καὶ
877 4481 1172 4551 ταραχθεὶς
1214 4484 1243 4534 ὀ
1295 4482 1569 4553 βασιλεὺς,
1621 4482 1898 4552 βασιλικὸν
1930 4484 2028 4555 μέν
2056 4502 2106 4537 τι

520 4563 729 4634 πρᾶξαι
757 4565 857 4625 ούκ
896 4564 1186 4635 ἠθέλησεν,
1229 4564 1450 4620 σύνοδον
1484 4566 1542 4618 δέ
1592 4566 1920 4637 προστάττει
1950 4569 2104 4635 γενέ-

522 4646 681 4700 σθαιο
714 4647 807 4700 καὶ
838 4647 1045 4717 πέμπει
1073 4650 1153 4711 εἰς
1187 4647 1408 4721 Ῥώμην
1447 4650 1778 4720 Ἰννοκεντίῳ
1824 4648 1903 4720 τῷ
1949 4651 2109 4722 πάπει

521 4730 828 4802 γράμματα
866 4731 1191 4803 περιέχοντα
1212 4733 1404 4796 οὕτως·

596 4834 682 4897 ιγ’.
731 4846 750 4880 ι
793 4828 1550 4903 Νικητής,ένδοξος,εύτυχὴς
1604 4832 1885 4903 Ἀρκάδιος
1934 4834 2109 4905 Πατρὶ

521 4912 778 4985 ἡμετέρῳ
813 4912 1120 4985 ἐρρῶσθαι·
1159 4911 1321 4977 Θείας
1363 4914 1631 4979 συλλαϐὰς
1672 4916 2001 4987 ἐπέμψαμεν
2041 4920 2108 4988 τῇ

525 4998 593 5068 σῇ
644 4996 966 5067 πατριότητι
1002 4995 1093 5049 διά
1136 4996 1505 5052 Μουλπεντίου
1549 5000 1644 5052 τοῦ
1687 5000 2108 5069 καθωσιωμένου

527 5078 923 5151 μαγιστριανοῦ
966 5083 1061 5135 καὶ
1090 5080 1437 5146 σουϐαῖουϐᾶ,
1481 5085 1914 5155 προτρεπόμενοι
1963 5083 2103 5139 ὥστε

526 5181 586 5217 σε
619 5164 948 5236 ἀθροίσαντα
978 5164 1195 5218 σύνοδον
1227 5165 1313 5219 διά
1346 5166 1455 5218 τῶν
1484 5167 1543 5233 ἐξ
1576 5166 1730 5231 ἔθους
1762 5172 1827 5223 ἐκ
1859 5169 1966 5222 τῶν
1997 5171 2105 5223 δει-

525 5244 696 5301 λαίων
741 5247 1138 5320 Ἀλεξανδρέων
1176 5249 1476 5313 κανονικῶς
1506 5252 1717 5322 κρῖναι·
1762 5252 1850 5307 τνα
1881 5252 1967 5323 εἴη
2010 5256 2105 5307 καὶ

525 5334 561 5403 ή
596 5330 915 5403 καθαίρεσις
945 5333 978 5403 ή
1008 5333 1089 5395 είς
1120 5333 1282 5386 αὐτὸν
1305 5334 1510 5387 ἐκεῖνον
1539 5335 1802 5405 γενομένη
1822 5378 1837 5402 ,
1870 5337 1974 5390 ὑπὸ
2004 5337 2112 5391 τῶν

526 5414 771 5468 Δυτικῶν
797 5415 1336 5487 οίκουμενικωτέρως
1366 5416 1550 5489 κριθῇ.
1589 5418 1699 5471 Καὶ
1741 5419 1819 5490 τῷ
1860 5420 2113 5493 ἡμετέρῳ

527 5500 586 5554 δὲ
614 5497 829 5569 ἀδελφῷ
865 5499 962 5552 καὶ
996 5498 1323 5570 συμϐασιλεί
1377 5502 1620 5574 Ὀνωρίῳ
1664 5502 1742 5574 τῷ
1798 5504 1974 5576 τέκνῳ
2018 5524 2112 5560 σου

525 5583 765 5658 ἔγραψα,
793 5584 891 5638 τοῦ
940 5585 1318 5657 παρακαλέσαι
1363 5603 1423 5640 σε
1464 5589 1905 5662 προθυμωτέρως
1956 5591 2116 5645 τοῦτο

586 5721 682 5803 .(a)
715 5721 970 5803 Si_lvanus
987 5740 1095 5803 [ιριι
1120 5735 1348 5797 apparet
1376 5726 1703 5803 in_calal‘ogo
1730 5728 2113 5803 episcoporum

531 5790 941 5851 Hierbsolvmae.
992 5790 1380 5852 Veruxin'lamcn
1412 5790 1676 5870 Georgqu
1725 5790 1941 5869 qimqué
1993 5800 2114 5855 bio-

1650 376 2005 437 TIIEODORI
2039 368 2572 429 TIIIMITHUNTIM

3632 369 3758 412 ιιιτ

2164 485 2391 557 ποιῆσαι
2412 524 2427 549 ,
2462 485 2558 537 καὶ
2591 481 2665 553 μή
2700 480 2929 552 ὀκνῆσαι
2973 481 3132 544 ὅλως.
3168 479 3308 542 Τοὺς
3348 476 3760 550 προσφυγόντας

2164 572 2259 630 οῦν
2286 576 2426 648 πρὸς
2456 574 2558 643 τὴν
2580 572 2680 641 σὴν
2708 571 2965 643 ίερότητα
3002 570 3338 631 ἐπισκόπους
3362 561 3640 635 Αἰγύπτου
3664 566 3760 620 καὶ

2164 666 2408 737 Λιϐύης,
2445 664 2539 718 καὶ
2569 664 2696 726 τοὺς
2724 664 2790 714 ἐκ
2820 659 2915 714 τοῦ
2945 658 3055 713 τῶν
3102 657 3498 729 Ἀλεξανδρέων
3534 655 3759 726 κλήρου,

2168 757 2367 819 οἵτινες
2422 750 2852 824 ἐγκληματικῶς
2910 750 3262 820 ἐπιφέρονται
3317 746 3397 816 τῷ
3442 745 3760 816 Αἰγυπτίῳ,

2167 845 2482 920 προσέταξα
2510 843 2793 915 ἐκπέμψαι
2821 844 2915 895 ἐπὶ
2942 842 3148 911 ταύτην
3177 841 3274 910 τὴν
3306 838 3556 909 βασιλίδα
3582 836 3760 901 πόλιν,

2168 938 2605 1011 συστησομένους
2650 937 2734 1005 ἐφ’
2768 930 2965 1005 οἷσπερ
3010 933 3386 996 διδάσκουσιν,
3437 930 3513 993 ὡς
3560 931 3761 982 ἐκεῖνοι

2170 1032 2420 1103 φαίωσιν,
2451 1029 2664 1097 ἀλόγως
2702 1025 3090 1097 γεγενημένοις
3111 1042 3125 1056 ο
3160 1024 3299 1093 μετὰ
3332 1022 3427 1075 καὶ
3459 1020 3723 1091 Θεοδότης
3744 1056 3761 1082 ,

2168 1125 2289 1195 ήτις
2321 1124 2422 1193 τῆς
2459 1118 2771 1181 ὑποθέσεως
2805 1117 2934 1188 ὅλης
2961 1115 3060 1186 τὴν
3095 1113 3252 1182 ῥίζαν
3282 1110 3444 1167 οἶδεν.
3485 1112 3549 1166 Εἰ
3578 1110 3690 1181 γάρ
3722 1110 3757 1180 ἡ

2172 1216 2313 1269 κατά
2352 1213 2485 1267 Θεὸν
2517 1211 2856 1281 συναγομένη
2888 1209 3101 1271 σύνοδος
3132 1207 3218 1261 διὰ
3252 1205 3359 1258 τῶν
3392 1202 3759 1274 τοποτηρούν-

2173 1323 2283 1360 των
2317 1322 2420 1368 σοι,
2456 1301 2883 1374 ἐναργεστάταις
2911 1297 3247 1362 ἀποδείξεσιν
3277 1295 3481 1366 εὕρωσι
3511 1294 3603 1347 τὸν
3635 1293 3764 1346 Θεό-

2177 1397 2331 1466 φιλον
2373 1395 2598 1460 ταύταις
2632 1393 2977 1448 ύποπεσόντα
3024 1394 3143 1456 ταῖς
3183 1390 3453 1456 ἀπάταις,
3498 1385 3765 1460 μηδαμῶς

2176 1487 2474 1556 ἀπολογίαν
2516 1485 2640 1539 τινὰ
2676 1485 2709 1556 ἢ
2765 1484 3038 1556 πρόφασιν
3065 1482 3288 1548 ἕξοντα,
3332 1479 3432 1549 τῆς
3466 1477 3764 1550 ἱερωσύνης

2178 1579 2576 1652 ἀπείρξαντες,
2629 1577 2746 1648 μετ’
2801 1575 2981 1637 ἄλλοις
3035 1574 3286 1645 πικροῖς,
3340 1572 3432 1625 τὸν
3484 1571 3768 1625 ἐπίλοιπον

2179 1673 2375 1728 ἐαυτοῦ
2407 1671 2594 1742 βιώσει
2616 1669 2829 1741 χρόνον,
2855 1669 2955 1738 τῆς
2984 1666 3284 1738 μετέπειτα
3310 1664 3406 1718 τοῦ
3438 1663 3575 1717 Θεοῦ
3607 1663 3766 1733 δίκης

2179 1764 2468 1836 δεχόμενος
2500 1760 2569 1815 τὰ
2603 1762 2728 1826 ίσα,
2761 1759 2830 1812 τά
2860 1757 3118 1829 πρεπώδη
3150 1756 3569 1830 ἀπαραπρέπως
3605 1755 3769 1825 μολύ-

2182 1874 2298 1920 νας.
2332 1852 2677 1921 Καταξιώσει
2726 1849 2819 1906 οὖν
2868 1854 2902 1922 ἡ
2953 1851 3020 1920 σὴ
3049 1849 3361 1918 εύλογιστία
3401 1847 3611 1919 γράψαι
3652 1848 3769 1909 τοῖς

2183 1948 2304 2001 καθ’
2337 1947 2578 2016 ἐκάστην
2608 1944 2763 1998 πόλιν
2793 1942 3041 2015 συνήθως
3086 1941 3394 1997 ὑπαντῶσιν
3425 1939 3765 2001 ἐπισκόποις,

2186 2038 2515 2108 συνάγεσθαι
2540 2035 2776 2090 ἐνταῦθα
2801 2036 2917 2106 ἀμα
2937 2028 3018 2097 οἷς
3040 2033 3324 2105 προείλετο
3345 2033 3771 2102 τοποτηρηταῖς·

2184 2129 2286 2182 ούκ
2312 2128 2551 2183 ἄσκοπον
2579 2125 2689 2199 γάρ
2735 2124 2797 2177 τὸ
2834 2123 3044 2177 τοιοῦτο
3084 2123 3117 2194 ἢ
3165 2123 3435 2193 ἀζήτητον
3465 2120 3532 2174 ἂν
3562 2137 3773 2191 συγχω-

2190 2223 2453 2294 ρήσομεν.
2483 2238 2502 2270 ι
2532 2218 2738 2292 Γράφει
2765 2217 2823 2270 δέ
2862 2216 3140 2289 Ἀρκάδιος
3162 2214 3353 2285 καὶτῷ
3374 2212 3586 2283 ἀδελφῷ
3605 2210 3771 2266 αὑτοῦ

2199 2312 2440 2384 Ὀνωρίῳ
2466 2309 2673 2364 ταῦτα’
2714 2328 2737 2361 ι
2804 2308 3023 2377 Ἐπειδὴ
3071 2307 3209 2378 τάχα
3241 2324 3343 2359 που
3402 2304 3773 2374 σχολαζόντων

2189 2402 2347 2474 ἡμῶν
2389 2400 2517 2472 περὶ
2561 2399 2662 2469 τῆς
2704 2397 2979 2468 βασιλείας
3004 2441 3017 2463 ,
3079 2396 3380 2468 λεληθότως
3431 2394 3691 2464 Θεόφιλος
3745 2395 3776 2446 6

2193 2493 2385 2555 πάπας
2416 2490 2679 2560 στερῆσαι
2703 2489 2850 2559 ἡμᾶς
2874 2488 2973 2557 τῆς
2996 2486 3161 2556 τιμῆς
3185 2484 3588 2552 κατεπείγεται,
3614 2500 3776 2555 φρον-

2191 2584 2396 2637 τισάτω
2434 2599 2527 2635 σου
2556 2582 2589 2652 ή
2619 2579 2928 2641 εὐδιάθετος
2956 2579 3251 2649 ἀδελφότης
3279 2577 3368 2630 τὸν
3396 2577 3570 2647 μέγαν
3614 2576 3768 2629 Ἰννο-

2193 2675 2401 2730 κέντιον
2448 2674 2705 2743 αἰτῆσαι,
2743 2672 2959 2725 σύνοδον
2986 2670 3302 2742 ἀθροίζοντα
3327 2670 3454 2731 τοὺς
3480 2670 3562 2731 είς
3597 2669 3766 2739 πρόσο

2201 2785 2351 2821 ωπον
2414 2766 2579 2821 αὑτοῦ
2619 2765 2860 2839 γνησίως
2905 2763 3316 2827 διακονοῦντας,
3362 2762 3599 2830 εὐλόγως
3636 2777 3776 2834 προ-

2194 2857 2552 2931 χειρίζεσθαι.
2589 2878 2608 2911 ι

2274 2952 2356 3005 ιδ’.
2410 2950 2623 3021 Γράφει
2668 2949 2726 3004 δέ
2778 2948 2872 3003 καὶ
2918 2950 3001 3011 είς
3073 2945 3478 3019 Ἀλεξάνδρειαν
3526 2943 3779 3015 Νικολάῳ

2193 3041 2346 3095 δουκὶ
2390 3042 2484 3095 καὶ
2533 3040 2928 3111 αὐγουσταλίῳ,
2970 3038 3208 3092 διέποντι
3246 3037 3514 3110 ἑκατέραν
3551 3039 3724 3108 ἀρχήν
3755 3052 3769 3065 ⁸

2201 3152 2221 3185 ι
2253 3132 2329 3184 Ού
2360 3130 2583 3203 λέληθεν
2621 3131 2838 3192 πάντως
2865 3131 3059 3200 ὅτιπερ
3088 3128 3197 3183 τῶν
3254 3128 3383 3200 πρὶν
3412 3126 3712 3200 ἀρχιερέων
3742 3126 3776 3195 ή

2194 3224 2446 3297 τυραννὶς
2488 3222 2560 3293 (b)
2587 3222 2680 3275 καὶ
2711 3223 2745 3292 ἡ
2790 3219 3096 3290 παντόλμία
3120 3220 3183 3273 τδ
3215 3219 3401 3283 σθένος
3431 3217 3653 3282 ὤλεσεν,
3686 3217 3782 3271 καὶ

2197 3320 2279 3382 είς
2309 3317 2489 3372 πάντα
2513 3315 2581 3370 τὰ
2606 3315 2734 3388 ἕθνη
2765 3314 3057 3385 διεσπάρη.
3091 3312 3313 3367 Τοιοῦτό
3342 3329 3394 3365 τι
3436 3312 3530 3365 καὶ
3560 3309 3655 3363 νῦν
3681 3326 3781 3380 ση-

2206 3409 2531 3482 μαινόμενον
2563 3408 2861 3479 βλέπομεν·
2894 3408 2955 3461 ού
2986 3405 3096 3477 γὰρ
3132 3407 3483 3476 σιωπήσομεν
3523 3404 3603 3474 τῷ
3635 3402 3781 3456 οὔτω

2204 3500 2552 3573 προϐαίνοντί
2598 3517 2680 3552 σοι
2715 3498 2905 3568 κακῷ,
2950 3498 3095 3569 ἢ.τῇ
3135 3496 3383 3568 βασιλείᾳ
3424 3494 3778 3567 μεμφομένῳ.

2205 3594 2348 3661 Πρὸς
2378 3591 2437 3644 σέ
2464 3590 2639 3643 ταῦτα
2668 3591 2973 3663 γράφομεν,
2997 3591 3191 3657 ὅτιπερ
3250 3588 3350 3657 τὴν
3385 3589 3463 3651 εἰς
3496 3586 3783 3657 πρόσωπον

2201 3681 2357 3751 ήμῶν
2391 3680 2529 3751 έχων
2553 3680 2802 3746 ἐξουσίαν
2832 3681 2927 3733 καὶ⁷
2950 3678 3198 3751 δύναμιν,
3225 3678 3476 3747 οὐδαμῶς
3508 3678 3656 3749 ήμᾶς
3691 3694 3783 3747 μι-

2204 3771 2423 3842 μεῖσθαι
2466 3770 2669 3835 δοκεῖς·
2721 3770 2859 3824 ἀλλά
2900 3769 3093 3841 δώροις
3133 3769 3436 3840 προσέχων,
3482 3768 3591 3821 τῶν
3635 3767 3786 3838 ἐμῶν

2205 3859 2552 3933 προστάξεων
2584 3864 2948 3933 καταφρονεῖς
2980 3901 2995 3925 ,
3028 3860 3124 3914 καὶ
3157 3861 3339 3913 πᾶσαν
3371 3860 3503 3930 ήμῖν
3535 3857 3635 3929 τὴν
3683 3874 3782 3910 πε-

2205 3954 2404 4025 ριφανῆ
2449 3951 2768 4006 δυναστείαν
2812 3954 2892 4017 είς
2923 3951 3080 4005 οὐδὲν
3113 3950 3301 4015 τίθεις.
3350 3950 3513 4004 Ὅθεν
3554 3950 3652 4003 οὐκ
3682 3949 3786 4015 ἐξω

2200 4047 2299 4118 τῆς
2329 4045 2604 4118 ἡμετέρας
2649 4045 3075 4115 ἀγανακτήσεως
3110 4042 3226 4116 ἔσῃ,
3264 4043 3340 4105 ὼς
3363 4042 3781 4113 καταφρονήσας

2202 4139 2302 4207 τῆς
2334 4137 2645 4209 ύπερτάτης
2679 4136 2837 4208 ήμῶν
2873 4134 3313 4207 μεγαλειότητος.
3365 4134 3665 4205 Δεχόμενος
3694 4130 3786 4186 οὖν

2202 4231 2271 4284 τά
2302 4229 2475 4284 σεπτά
2504 4230 2599 4284 καὶ
2628 4229 2978 4300 προσκυνητά
3005 4227 3162 4298 ἡμῶν
3191 4228 3495 4298 γράμματα
3523 4228 3783 4295 ἐπιφερόο

2208 4321 2347 4393 μενά
2382 4337 2465 4374 σοι
2506 4320 2594 4374 διὰ
2628 4320 2834 4394 Βάσσου
2878 4317 2972 4372 τοῦ
3014 4317 3469 4389 καθωσιωμένου,
3516 4317 3786 4389 μηδεμίαν

2205 4415 2480 4486 ἀναμονὴν
2528 4412 2853 4483 ποιούμενος
2899 4412 2933 4484 ἢ
2979 4410 3405 4482 ὑπερτιθέμενος
3428 4453 3442 4477 ,
3476 4411 3615 4475 ὅλως
3647 4411 3788 4465 κατά

2205 4503 2484 4575 γραφέντα
2512 4519 2593 4556 σοι
2618 4543 2631 4565 ,
2662 4502 2787 4572 δίχα
2816 4501 2996 4570 πάσης
3040 4501 3320 4565 ἐνδόσεως,
3350 4500 3427 4564 ὼς
3460 4501 3787 4571 κατάκριτον

2204 4595 2296 4649 τὸν
2317 4593 2573 4663 Θεόφιλον
2589 4595 2703 4656 τοῖς
2728 4592 2916 4645 ἐνθάδε
2943 4592 3316 4662 παράστησον,
3343 4592 3615 4664 μηδεμίαν
3640 4592 3788 4662 αύτῴ

2206 4691 2371 4760 τιμὴν
2416 4690 2448 4759 ἢ
2492 4687 2786 4757 θεραπείαν
2827 4684 3023 4748 διδούς.
3071 4685 3242 4751 Εἰδὼς
3285 4684 3362 4747 ὼς
3414 4686 3462 4737 εί
3497 4685 3571 4754 μὴ
3618 4683 3789 4738 ταῦτα

2208 4782 2370 4835 παντὶ
2402 4781 2591 4850 τρόπῳ
2615 4820 2629 4843 ,
2665 4777 2816 4847 φόϐῳ
2856 4776 3037 4847 πολλῷ
3076 4777 3341 4844 ποιήσεις,
3377 4778 3454 4838 είς
3485 4776 3654 4846 αὐτὴν
3692 4774 3789 4845 τὴν

2208 4873 2351 4944 ζωὴν
2386 4874 2480 4925 καὶ
2505 4871 2603 4940 τὴν
2635 4868 2908 4940 σωτηρίαν
2952 4865 3336 4929 κινδυνεύσεις.
3364 4867 3501 4929 Τους
3532 4867 3590 4919 δὲ
3656 4884 3787 4920 κατ-

2208 4964 2443 5035 ηγόρους
2471 4959 2657 5021 αὐτοῦ,
2686 4959 2880 5021 οἵτινες
2896 4957 3183 5010 ἐπίσκοποι
3213 4957 3308 5009 καὶ
3326 4957 3427 5028 κλη
3438 4958 3576 5029 ρικοὶ
3603 4960 3794 5028 τυγχά-

2208 5073 2410 5119 νουσιν,
2440 5055 2555 5125 ἆμα
2597 5052 2828 5125 Θεοδότῃ
2870 5050 3189 5104 ἀπόστειλον
3226 5050 3357 5120 πρὸς
3399 5051 3581 5121 ἡμᾶς’
3611 5051 3647 5122 ή
3685 5050 3794 5122 γάρ

2210 5148 2350 5201 κατὰ
2407 5143 2544 5198 Θεοῦ
2606 5143 2771 5214 νόμον
2838 5146 3179 5213 συναγομένη
3223 5141 3283 5212 (I'.
3355 5141 3422 5195 72
3465 5144 3519 5210 α)
3575 5142 3789 5206 σύνοδος

2210 5237 2381 5290 ταῦτα
2427 5236 2603 5289 πάντα
2656 5234 3030 5304 γυμνάζουσα,
3079 5233 3178 5303 τὴν
3242 5234 3558 5303 πρέπουσαν
3616 5236 3785 5306 ἑαυτῇ

2210 5329 2390 5399 κρίσιν
2426 5320 2648 5389 δικαίως
2680 5327 3005 5397 ἐκφωνήσει.
3043 5344 3060 5376 ι
3110 5323 3415 5395 Ἀπεσ-τάλη
3454 5325 3511 5378 δὲ
3544 5325 3661 5379 θεῖα
3702 5343 3793 5378 κο-

2214 5421 2509 5491 μονητόρια
2536 5421 2616 5482 είς
2651 5418 2830 5480 πάσας
2867 5417 2967 5481 τάς
2999 5417 3270 5486 ἐπαρχίας
3298 5419 3409 5480 τοῖς
3439 5417 3580 5470 κατά
3613 5416 3793 5487 χώραν

2212 5510 2552 5572 ἐπισκόποις,
2584 5509 2825 5578 ὑπαντᾷν
2870 5508 2964 5560 κοιλ¹
2994 5507 3198 5578 κρίνειν
3228 5507 3297 5560 τὰ
3328 5507 3470 5560 κατά
3496 5509 3623 5570 τοὺς
3659 5524 3794 5560 κατ-

2214 5603 2448 5674 ηγόρους
2478 5602 2762 5668 Θεοφίλου.
3028 5582 3033 5585 Δ

2223 5731 2463 5859 mplius
2503 5731 2667 5803 (apud
2702 5728 2866 5786 Savil.
2901 5737 2941 5784 t.
2981 5728 3122 5792 VIII,
3158 5743 3211 5798 p.
3250 5727 3375 5800 ΞΗ)
3403 5728 3549 5784 hunc
3590 5741 3797 5784 memo-
