  <div class='ocr_page' id='page_1' title='image "/cluster/home/n/w/nwhite01/storage/ocr_20150623/47/nnc1.0046978321/044.png"; bbox 0 0 4114 6392; ppageno 0'>
   <div class='ocr_carea' id='block_1_1' title="bbox 381 426 490 471">
    <p class='ocr_par' dir='ltr' id='par_1_1' title="bbox 381 426 490 471">
     <span class='ocr_line' id='line_1_1' title="bbox 381 426 490 471; baseline -0.028 0"><span class='ocrx_word' id='word_1_1' title='bbox 381 426 490 471; x_wconf 77' lang='grc' dir='ltr'><strong>ιιν</strong></span> 
     </span>
    </p>
   </div>
   <div class='ocr_carea' id='block_1_2' title="bbox 379 528 1964 611">
    <p class='ocr_par' dir='ltr' id='par_1_2' title="bbox 379 528 1964 611">
     <span class='ocr_line' id='line_1_2' title="bbox 379 528 1964 611; baseline 0.006 -25"><span class='ocrx_word' id='word_1_2' title='bbox 379 528 695 601; x_wconf 82' lang='lat' dir='ltr'><strong>Theophili,</strong></span> <span class='ocrx_word' id='word_1_3' title='bbox 744 530 1009 587; x_wconf 96' lang='lat' dir='ltr'><strong>voluntati</strong></span> <span class='ocrx_word' id='word_1_4' title='bbox 1045 542 1238 590; x_wconf 75' lang='lat' dir='ltr'><strong>vestra:</strong></span> <span class='ocrx_word' id='word_1_5' title='bbox 1271 538 1494 607; x_wconf 83' lang='lat' dir='ltr'><strong>parebo,</strong></span> <span class='ocrx_word' id='word_1_6' title='bbox 1555 549 1611 594; x_wconf 88' lang='lat' dir='ltr'><strong>et</strong></span> <span class='ocrx_word' id='word_1_7' title='bbox 1660 540 1964 611; x_wconf 87' lang='lat' dir='ltr'><strong>Theophila</strong></span> 
     </span>
    </p>
   </div>
   <div class='ocr_carea' id='block_1_3' title="bbox 374 623 1964 702">
    <p class='ocr_par' dir='ltr' id='par_1_3' title="bbox 374 623 1964 702">
     <span class='ocr_line' id='line_1_3' title="bbox 374 623 1964 702; baseline 0.007 -25"><span class='ocrx_word' id='word_1_8' title='bbox 374 623 571 691; x_wconf 82' lang='lat' dir='ltr'><strong>ejecta,</strong></span> <span class='ocrx_word' id='word_1_9' title='bbox 613 623 876 680; x_wconf 87' lang='lat' dir='ltr'><strong>lsidorum</strong></span> <span class='ocrx_word' id='word_1_10' title='bbox 931 627 1087 681; x_wconf 87' lang='lat' dir='ltr'><strong>vobis</strong></span> <span class='ocrx_word' id='word_1_11' title='bbox 1125 629 1435 699; x_wconf 70' lang='lat' dir='ltr'><strong>praeﬁciam.</strong></span> <span class='ocrx_word' id='word_1_12' title='bbox 1486 631 1790 702; x_wconf 89' lang='lat' dir='ltr'><strong>Statimque</strong></span> <span class='ocrx_word' id='word_1_13' title='bbox 1820 634 1964 689; x_wconf 86' lang='lat' dir='ltr'><strong>idem</strong></span> 
     </span>
    </p>
   </div>
   <div class='ocr_carea' id='block_1_4' title="bbox 373 714 1962 793">
    <p class='ocr_par' dir='ltr' id='par_1_4' title="bbox 373 714 1962 793">
     <span class='ocr_line' id='line_1_4' title="bbox 373 714 1962 793; baseline 0.007 -24"><span class='ocrx_word' id='word_1_14' title='bbox 373 714 629 771; x_wconf 79' lang='lat' dir='ltr'><strong>Nieolaus</strong></span> <span class='ocrx_word' id='word_1_15' title='bbox 682 725 883 787; x_wconf 70' lang='lat' dir='ltr'><strong>prmtor</strong></span> <span class='ocrx_word' id='word_1_16' title='bbox 937 720 1187 776; x_wconf 84' lang='lat' dir='ltr'><strong>tribunos</strong></span> <span class='ocrx_word' id='word_1_17' title='bbox 1215 722 1525 793; x_wconf 88' lang='lat' dir='ltr'><strong>militesque</strong></span> <span class='ocrx_word' id='word_1_18' title='bbox 1581 725 1767 789; x_wconf 92' lang='lat' dir='ltr'><strong>mittit,</strong></span> <span class='ocrx_word' id='word_1_19' title='bbox 1822 728 1962 782; x_wconf 91' lang='lat' dir='ltr'><strong>utin</strong></span> 
     </span>
    </p>
   </div>
   <div class='ocr_carea' id='block_1_5' title="bbox 370 806 1964 877">
    <p class='ocr_par' dir='ltr' id='par_1_5' title="bbox 370 806 1964 877">
     <span class='ocr_line' id='line_1_5' title="bbox 370 806 1964 877; baseline 0.009 -18"><span class='ocrx_word' id='word_1_20' title='bbox 370 806 527 877; x_wconf 91' lang='lat' dir='ltr'><strong>equis</strong></span> <span class='ocrx_word' id='word_1_21' title='bbox 557 806 824 862; x_wconf 86' lang='lat' dir='ltr'><strong>lsidorum</strong></span> <span class='ocrx_word' id='word_1_22' title='bbox 851 810 1104 865; x_wconf 87' lang='lat' dir='ltr'><strong>abbatem</strong></span> <span class='ocrx_word' id='word_1_23' title='bbox 1131 812 1482 869; x_wconf 76' lang='lat' dir='ltr'><strong>adducerent.</strong></span> <span class='ocrx_word' id='word_1_24' title='bbox 1515 816 1585 868; x_wconf 84' lang='lat' dir='ltr'><strong>At</strong></span> <span class='ocrx_word' id='word_1_25' title='bbox 1620 833 1749 872; x_wconf 88' lang='lat' dir='ltr'><strong>vero</strong></span> <span class='ocrx_word' id='word_1_26' title='bbox 1780 817 1964 873; x_wconf 88' lang='lat' dir='ltr'><strong>Theo-</strong></span> 
     </span>
    </p>
   </div>
   <div class='ocr_carea' id='block_1_6' title="bbox 369 898 1962 981">
    <p class='ocr_par' dir='ltr' id='par_1_6' title="bbox 369 898 1962 981">
     <span class='ocr_line' id='line_1_6' title="bbox 369 898 1962 981; baseline 0.007 -29"><span class='ocrx_word' id='word_1_27' title='bbox 369 898 553 969; x_wconf 87' lang='lat' dir='ltr'><strong>philus</strong></span> <span class='ocrx_word' id='word_1_28' title='bbox 582 906 799 970; x_wconf 91' lang='lat' dir='ltr'><strong>sumpto</strong></span> <span class='ocrx_word' id='word_1_29' title='bbox 820 902 1055 957; x_wconf 88' lang='lat' dir='ltr'><strong>mendici</strong></span> <span class='ocrx_word' id='word_1_30' title='bbox 1078 903 1288 969; x_wconf 89' lang='lat' dir='ltr'><strong>habitu,</strong></span> <span class='ocrx_word' id='word_1_31' title='bbox 1322 904 1378 959; x_wconf 92' lang='lat' dir='ltr'><strong>in</strong></span> <span class='ocrx_word' id='word_1_32' title='bbox 1413 907 1758 963; x_wconf 83' lang='lat' dir='ltr'><strong>sacerdotum</strong></span> <span class='ocrx_word' id='word_1_33' title='bbox 1783 911 1962 981; x_wconf 85' lang='lat' dir='ltr'><strong>regia-</strong></span> 
     </span>
    </p>
   </div>
   <div class='ocr_carea' id='block_1_7' title="bbox 369 992 1960 1066">
    <p class='ocr_par' dir='ltr' id='par_1_7' title="bbox 369 992 1960 1066">
     <span class='ocr_line' id='line_1_7' title="bbox 369 992 1960 1066; baseline 0.008 -23"><span class='ocrx_word' id='word_1_34' title='bbox 369 1005 495 1044; x_wconf 90' lang='lat' dir='ltr'><strong>nem</strong></span> <span class='ocrx_word' id='word_1_35' title='bbox 523 992 776 1059; x_wconf 88' lang='lat' dir='ltr'><strong>mittitur,</strong></span> <span class='ocrx_word' id='word_1_36' title='bbox 801 995 933 1048; x_wconf 93' lang='lat' dir='ltr'><strong>dum</strong></span> <span class='ocrx_word' id='word_1_37' title='bbox 969 994 1224 1051; x_wconf 89' lang='lat' dir='ltr'><strong>Nicolaus</strong></span> <span class='ocrx_word' id='word_1_38' title='bbox 1247 1004 1447 1066; x_wconf 63' lang='lat' dir='ltr'><strong>praetor</strong></span> <span class='ocrx_word' id='word_1_39' title='bbox 1478 1000 1748 1055; x_wconf 80' lang='lat' dir='ltr'><strong>concitata</strong></span> <span class='ocrx_word' id='word_1_40' title='bbox 1775 1003 1960 1057; x_wconf 89' lang='lat' dir='ltr'><strong>omnia</strong></span> 
     </span>
    </p>
   </div>
   <div class='ocr_carea' id='block_1_8' title="bbox 369 1086 1958 1163">
    <p class='ocr_par' dir='ltr' id='par_1_8' title="bbox 369 1086 1958 1163">
     <span class='ocr_line' id='line_1_8' title="bbox 369 1086 1958 1163; baseline 0.007 -24"><span class='ocrx_word' id='word_1_41' title='bbox 369 1086 562 1141; x_wconf 85' lang='lat' dir='ltr'><strong>sedare</strong></span> <span class='ocrx_word' id='word_1_42' title='bbox 607 1089 791 1144; x_wconf 88' lang='lat' dir='ltr'><strong>studet</strong></span> <span class='ocrx_word' id='word_1_43' title='bbox 826 1108 839 1143; x_wconf 91' lang='lat'><strong>:</strong></span> <span class='ocrx_word' id='word_1_44' title='bbox 878 1090 1104 1162; x_wconf 90' lang='lat' dir='ltr'><strong>largitus</strong></span> <span class='ocrx_word' id='word_1_45' title='bbox 1157 1092 1370 1146; x_wconf 77' lang='lat' dir='ltr'><strong>caeteris</strong></span> <span class='ocrx_word' id='word_1_46' title='bbox 1397 1093 1719 1163; x_wconf 81' lang='lat' dir='ltr'><strong>vagantibus</strong></span> <span class='ocrx_word' id='word_1_47' title='bbox 1766 1110 1958 1150; x_wconf 90' lang='lat' dir='ltr'><strong>mona-</strong></span> 
     </span>
    </p>
   </div>
   <div class='ocr_carea' id='block_1_9' title="bbox 369 1180 1958 1261">
    <p class='ocr_par' dir='ltr' id='par_1_9' title="bbox 369 1180 1958 1261">
     <span class='ocr_line' id='line_1_9' title="bbox 369 1180 1958 1261; baseline 0.008 -28"><span class='ocrx_word' id='word_1_48' title='bbox 369 1180 490 1235; x_wconf 91' lang='lat' dir='ltr'><strong>chis</strong></span> <span class='ocrx_word' id='word_1_49' title='bbox 522 1182 683 1248; x_wconf 88' lang='lat' dir='ltr'><strong>dona,</strong></span> <span class='ocrx_word' id='word_1_50' title='bbox 717 1192 779 1238; x_wconf 88' lang='lat' dir='ltr'><strong>ut</strong></span> <span class='ocrx_word' id='word_1_51' title='bbox 825 1184 1048 1239; x_wconf 91' lang='lat' dir='ltr'><strong>domum</strong></span> <span class='ocrx_word' id='word_1_52' title='bbox 1098 1192 1439 1242; x_wconf 85' lang='lat' dir='ltr'><strong>revertentes</strong></span> <span class='ocrx_word' id='word_1_53' title='bbox 1463 1187 1686 1258; x_wconf 91' lang='lat' dir='ltr'><strong>paciﬁca</strong></span> <span class='ocrx_word' id='word_1_54' title='bbox 1712 1192 1958 1261; x_wconf 88' lang='lat' dir='ltr'><strong>apprime</strong></span> 
     </span>
    </p>
   </div>
   <div class='ocr_carea' id='block_1_10' title="bbox 366 1274 1391 1339">
    <p class='ocr_par' dir='ltr' id='par_1_10' title="bbox 366 1274 1391 1339">
     <span class='ocr_line' id='line_1_10' title="bbox 366 1274 1391 1339; baseline 0.006 -12"><span class='ocrx_word' id='word_1_55' title='bbox 366 1274 705 1339; x_wconf 85' lang='lat' dir='ltr'><strong>nuntiarent,</strong></span> <span class='ocrx_word' id='word_1_56' title='bbox 742 1277 868 1331; x_wconf 90' lang='lat' dir='ltr'><strong>dato</strong></span> <span class='ocrx_word' id='word_1_57' title='bbox 889 1277 1056 1333; x_wconf 88' lang='lat' dir='ltr'><strong>etiam</strong></span> <span class='ocrx_word' id='word_1_58' title='bbox 1084 1278 1391 1334; x_wconf 80' lang='lat' dir='ltr'><strong>defensore.</strong></span> 
     </span>
    </p>
   </div>
   <div class='ocr_carea' id='block_1_11' title="bbox 437 1365 1954 1442">
    <p class='ocr_par' dir='ltr' id='par_1_11' title="bbox 437 1365 1954 1442">
     <span class='ocr_line' id='line_1_11' title="bbox 437 1365 1954 1442; baseline 0.006 -24"><span class='ocrx_word' id='word_1_59' title='bbox 437 1366 526 1419; x_wconf 74' lang='lat' dir='ltr'><strong>ll.</strong></span> <span class='ocrx_word' id='word_1_60' title='bbox 567 1365 736 1437; x_wconf 87' lang='lat' dir='ltr'><strong>Igitur</strong></span> <span class='ocrx_word' id='word_1_61' title='bbox 762 1368 980 1439; x_wconf 88' lang='lat' dir='ltr'><strong>cognita</strong></span> <span class='ocrx_word' id='word_1_62' title='bbox 1012 1368 1249 1424; x_wconf 91' lang='lat' dir='ltr'><strong>Isidorus</strong></span> <span class='ocrx_word' id='word_1_63' title='bbox 1271 1371 1439 1426; x_wconf 88' lang='lat' dir='ltr'><strong>abbas</strong></span> <span class='ocrx_word' id='word_1_64' title='bbox 1488 1386 1651 1426; x_wconf 90' lang='lat' dir='ltr'><strong>causa</strong></span> <span class='ocrx_word' id='word_1_65' title='bbox 1696 1372 1766 1427; x_wconf 93' lang='lat' dir='ltr'><strong>ob</strong></span> <span class='ocrx_word' id='word_1_66' title='bbox 1791 1388 1954 1442; x_wconf 93' lang='lat' dir='ltr'><strong>quam</strong></span> 
     </span>
    </p>
   </div>
   <div class='ocr_carea' id='block_1_12' title="bbox 365 1457 1954 1535">
    <p class='ocr_par' dir='ltr' id='par_1_12' title="bbox 365 1457 1954 1535">
     <span class='ocr_line' id='line_1_12' title="bbox 365 1457 1954 1535; baseline 0.007 -26"><span class='ocrx_word' id='word_1_67' title='bbox 365 1457 748 1525; x_wconf 64' lang='lat' dir='ltr'><strong>quaerebatur,</strong></span> <span class='ocrx_word' id='word_1_68' title='bbox 783 1458 927 1512; x_wconf 89' lang='lat' dir='ltr'><strong>linea</strong></span> <span class='ocrx_word' id='word_1_69' title='bbox 968 1470 1118 1515; x_wconf 86' lang='lat' dir='ltr'><strong>veste</strong></span> <span class='ocrx_word' id='word_1_70' title='bbox 1162 1460 1408 1528; x_wconf 87' lang='lat' dir='ltr'><strong>indutus,</strong></span> <span class='ocrx_word' id='word_1_71' title='bbox 1468 1479 1498 1517; x_wconf 89' lang='lat' dir='ltr'><strong>a</strong></span> <span class='ocrx_word' id='word_1_72' title='bbox 1547 1464 1781 1532; x_wconf 89' lang='lat' dir='ltr'><strong>quodam</strong></span> <span class='ocrx_word' id='word_1_73' title='bbox 1828 1467 1954 1535; x_wconf 83' lang='lat' dir='ltr'><strong>pagi</strong></span> 
     </span>
    </p>
   </div>
   <div class='ocr_carea' id='block_1_13' title="bbox 364 1549 1950 1626">
    <p class='ocr_par' dir='ltr' id='par_1_13' title="bbox 364 1549 1950 1626">
     <span class='ocr_line' id='line_1_13' title="bbox 364 1549 1950 1626; baseline 0.007 -25"><span class='ocrx_word' id='word_1_74' title='bbox 364 1549 597 1618; x_wconf 65' lang='lat' dir='ltr'><strong>praeside</strong></span> <span class='ocrx_word' id='word_1_75' title='bbox 626 1550 1001 1614; x_wconf 71' lang='lat' dir='ltr'><strong>commodata,</strong></span> <span class='ocrx_word' id='word_1_76' title='bbox 1060 1552 1271 1622; x_wconf 89' lang='lat' dir='ltr'><strong>sibique</strong></span> <span class='ocrx_word' id='word_1_77' title='bbox 1304 1555 1516 1609; x_wconf 89' lang='lat' dir='ltr'><strong>cucullo</strong></span> <span class='ocrx_word' id='word_1_78' title='bbox 1544 1555 1950 1626; x_wconf 88' lang='lat' dir='ltr'><strong>circumposita,</strong></span> 
     </span>
    </p>
   </div>
   <div class='ocr_carea' id='block_1_14' title="bbox 364 1639 1952 1711">
    <p class='ocr_par' dir='ltr' id='par_1_14' title="bbox 364 1639 1952 1711">
     <span class='ocr_line' id='line_1_14' title="bbox 364 1639 1952 1711; baseline 0.008 -19"><span class='ocrx_word' id='word_1_79' title='bbox 364 1639 514 1693; x_wconf 80' lang='lat' dir='ltr'><strong>venit</strong></span> <span class='ocrx_word' id='word_1_80' title='bbox 555 1640 610 1693; x_wconf 91' lang='lat' dir='ltr'><strong>in</strong></span> <span class='ocrx_word' id='word_1_81' title='bbox 637 1640 930 1695; x_wconf 82' lang='lat' dir='ltr'><strong>Mareotem</strong></span> <span class='ocrx_word' id='word_1_82' title='bbox 970 1642 1324 1711; x_wconf 84' lang='lat' dir='ltr'><strong>citharizans,</strong></span> <span class='ocrx_word' id='word_1_83' title='bbox 1361 1660 1496 1700; x_wconf 89' lang='lat' dir='ltr'><strong>cane</strong></span> <span class='ocrx_word' id='word_1_84' title='bbox 1521 1646 1684 1701; x_wconf 90' lang='lat' dir='ltr'><strong>etiam</strong></span> <span class='ocrx_word' id='word_1_85' title='bbox 1730 1663 1789 1703; x_wconf 91' lang='lat' dir='ltr'><strong>se</strong></span> <span class='ocrx_word' id='word_1_86' title='bbox 1820 1650 1952 1704; x_wconf 82' lang='lat' dir='ltr'><strong>sub-</strong></span> 
     </span>
    </p>
   </div>
   <div class='ocr_carea' id='block_1_15' title="bbox 361 1720 1951 1800">
    <p class='ocr_par' dir='ltr' id='par_1_15' title="bbox 361 1720 1951 1800">
     <span class='ocr_line' id='line_1_15' title="bbox 361 1720 1951 1800; baseline 0.006 -15"><span class='ocrx_word' id='word_1_87' title='bbox 361 1739 645 1800; x_wconf 87' lang='lat' dir='ltr'><strong>sequente.</strong></span> <span class='ocrx_word' id='word_1_88' title='bbox 685 1731 918 1799; x_wconf 85' lang='lat' dir='ltr'><strong>Quidam</strong></span> <span class='ocrx_word' id='word_1_89' title='bbox 948 1749 1078 1790; x_wconf 91' lang='lat' dir='ltr'><strong>vero</strong></span> <span class='ocrx_word' id='word_1_90' title='bbox 1104 1735 1363 1790; x_wconf 89' lang='lat' dir='ltr'><strong>tribunus</strong></span> <span class='ocrx_word' id='word_1_91' title='bbox 1393 1738 1618 1793; x_wconf 88' lang='lat' dir='ltr'><strong>nomine</strong></span> <span class='ocrx_word' id='word_1_92' title='bbox 1647 1720 1951 1795; x_wconf 84' lang='lat' dir='ltr'><strong>Canthara-</strong></span> 
     </span>
    </p>
   </div>
   <div class='ocr_carea' id='block_1_16' title="bbox 361 1823 1945 1902">
    <p class='ocr_par' dir='ltr' id='par_1_16' title="bbox 361 1823 1945 1902">
     <span class='ocr_line' id='line_1_16' title="bbox 361 1823 1945 1902; baseline 0.008 -26"><span class='ocrx_word' id='word_1_93' title='bbox 361 1823 462 1878; x_wconf 88' lang='lat' dir='ltr'><strong>dus</strong></span> <span class='ocrx_word' id='word_1_94' title='bbox 491 1823 702 1879; x_wconf 85' lang='lat' dir='ltr'><strong>obviam</strong></span> <span class='ocrx_word' id='word_1_95' title='bbox 734 1825 782 1880; x_wconf 88' lang='lat' dir='ltr'><strong>ei</strong></span> <span class='ocrx_word' id='word_1_96' title='bbox 815 1825 1010 1887; x_wconf 90' lang='lat' dir='ltr'><strong>factus.</strong></span> <span class='ocrx_word' id='word_1_97' title='bbox 1037 1826 1171 1883; x_wconf 82' lang='lat' dir='ltr'><strong>dixit</strong></span> <span class='ocrx_word' id='word_1_98' title='bbox 1203 1845 1215 1880; x_wconf 92' lang='lat'><strong>:</strong></span> <span class='ocrx_word' id='word_1_99' title='bbox 1251 1848 1270 1881; x_wconf 71' lang='grc' dir='ltr'>ι</span> <span class='ocrx_word' id='word_1_100' title='bbox 1300 1828 1441 1884; x_wconf 84' lang='lat' dir='ltr'><strong>Vere</strong></span> <span class='ocrx_word' id='word_1_101' title='bbox 1464 1838 1522 1884; x_wconf 93' lang='lat' dir='ltr'><strong>tu</strong></span> <span class='ocrx_word' id='word_1_102' title='bbox 1548 1846 1777 1902; x_wconf 84' lang='lat' dir='ltr'><strong>magnus</strong></span> <span class='ocrx_word' id='word_1_103' title='bbox 1815 1833 1899 1886; x_wconf 92' lang='lat' dir='ltr'><strong>vir</strong></span> <span class='ocrx_word' id='word_1_104' title='bbox 1931 1853 1945 1888; x_wconf 94' lang='lat'>:</span> 
     </span>
    </p>
   </div>
   <div class='ocr_carea' id='block_1_17' title="bbox 360 1903 1942 1989">
    <p class='ocr_par' dir='ltr' id='par_1_17' title="bbox 360 1903 1942 1989">
     <span class='ocr_line' id='line_1_17' title="bbox 360 1903 1942 1989; baseline 0.004 -21"><span class='ocrx_word' id='word_1_105' title='bbox 360 1920 607 1983; x_wconf 83' lang='lat' dir='ltr'><strong>potesne,</strong></span> <span class='ocrx_word' id='word_1_106' title='bbox 659 1926 983 1986; x_wconf 89' lang='lat' dir='ltr'><strong>accepturus</strong></span> <span class='ocrx_word' id='word_1_107' title='bbox 1014 1903 1326 1987; x_wconf 83' lang='lat' dir='ltr'><strong>pecuniam</strong></span> <span class='ocrx_word' id='word_1_108' title='bbox 1360 1919 1641 1989; x_wconf 87' lang='lat' dir='ltr'><strong>multaque</strong></span> <span class='ocrx_word' id='word_1_109' title='bbox 1694 1935 1942 1985; x_wconf 90' lang='lat' dir='ltr'><strong>munera,</strong></span> 
     </span>
    </p>
   </div>
   <div class='ocr_carea' id='block_1_18' title="bbox 359 2005 1945 2066">
    <p class='ocr_par' dir='ltr' id='par_1_18' title="bbox 359 2005 1945 2066">
     <span class='ocr_line' id='line_1_18' title="bbox 359 2005 1945 2066; baseline 0.004 -6"><span class='ocrx_word' id='word_1_110' title='bbox 359 2005 735 2062; x_wconf 90' lang='lat' dir='ltr'><strong>demonstrare</strong></span> <span class='ocrx_word' id='word_1_111' title='bbox 764 2009 920 2063; x_wconf 91' lang='lat' dir='ltr'><strong>nobis</strong></span> <span class='ocrx_word' id='word_1_112' title='bbox 950 2008 1200 2064; x_wconf 87' lang='lat' dir='ltr'><strong>abbatem</strong></span> <span class='ocrx_word' id='word_1_113' title='bbox 1240 2009 1554 2064; x_wconf 90' lang='lat' dir='ltr'><strong>Isidorum?</strong></span> <span class='ocrx_word' id='word_1_114' title='bbox 1582 2030 1599 2061; x_wconf 75' lang='grc' dir='ltr'><strong><em>ι</em></strong></span> <span class='ocrx_word' id='word_1_115' title='bbox 1634 2008 1704 2064; x_wconf 81' lang='lat' dir='ltr'><strong>At</strong></span> <span class='ocrx_word' id='word_1_116' title='bbox 1732 2011 1819 2066; x_wconf 92' lang='lat' dir='ltr'><strong>ille</strong></span> <span class='ocrx_word' id='word_1_117' title='bbox 1852 2027 1945 2066; x_wconf 93' lang='lat' dir='ltr'><strong>co-</strong></span> 
     </span>
    </p>
   </div>
   <div class='ocr_carea' id='block_1_19' title="bbox 358 2100 1945 2172">
    <p class='ocr_par' dir='ltr' id='par_1_19' title="bbox 358 2100 1945 2172">
     <span class='ocr_line' id='line_1_19' title="bbox 358 2100 1945 2172; baseline 0.004 -19"><span class='ocrx_word' id='word_1_118' title='bbox 358 2116 475 2154; x_wconf 86' lang='lat' dir='ltr'><strong>ram</strong></span> <span class='ocrx_word' id='word_1_119' title='bbox 501 2100 591 2156; x_wconf 92' lang='lat' dir='ltr'><strong>illo</strong></span> <span class='ocrx_word' id='word_1_120' title='bbox 618 2116 675 2155; x_wconf 91' lang='lat' dir='ltr'><strong>se</strong></span> <span class='ocrx_word' id='word_1_121' title='bbox 698 2102 896 2156; x_wconf 89' lang='lat' dir='ltr'><strong>sistens</strong></span> <span class='ocrx_word' id='word_1_122' title='bbox 923 2117 1048 2156; x_wconf 92' lang='lat' dir='ltr'><strong>cum</strong></span> <span class='ocrx_word' id='word_1_123' title='bbox 1077 2102 1275 2169; x_wconf 92' lang='lat' dir='ltr'><strong>catulo,</strong></span> <span class='ocrx_word' id='word_1_124' title='bbox 1309 2102 1477 2172; x_wconf 64' lang='lat' dir='ltr'><strong>coepit</strong></span> <span class='ocrx_word' id='word_1_125' title='bbox 1505 2103 1573 2157; x_wconf 90' lang='lat' dir='ltr'><strong>ad</strong></span> <span class='ocrx_word' id='word_1_126' title='bbox 1605 2103 1827 2159; x_wconf 69' lang='lat' dir='ltr'><strong>cithara:</strong></span> <span class='ocrx_word' id='word_1_127' title='bbox 1854 2120 1945 2159; x_wconf 91' lang='lat' dir='ltr'><strong>so-</strong></span> 
     </span>
    </p>
   </div>
   <div class='ocr_carea' id='block_1_20' title="bbox 358 2192 1945 2265">
    <p class='ocr_par' dir='ltr' id='par_1_20' title="bbox 358 2192 1945 2265">
     <span class='ocr_line' id='line_1_20' title="bbox 358 2192 1945 2265; baseline 0.004 -21"><span class='ocrx_word' id='word_1_128' title='bbox 358 2192 532 2246; x_wconf 86' lang='lat' dir='ltr'><strong>nitum</strong></span> <span class='ocrx_word' id='word_1_129' title='bbox 564 2193 761 2247; x_wconf 88' lang='lat' dir='ltr'><strong>saltare</strong></span> <span class='ocrx_word' id='word_1_130' title='bbox 793 2209 805 2244; x_wconf 94' lang='lat'><strong>:</strong></span> <span class='ocrx_word' id='word_1_131' title='bbox 837 2208 1000 2263; x_wconf 84' lang='lat' dir='ltr'><strong>quem</strong></span> <span class='ocrx_word' id='word_1_132' title='bbox 1031 2209 1154 2248; x_wconf 89' lang='lat' dir='ltr'><strong>mox</strong></span> <span class='ocrx_word' id='word_1_133' title='bbox 1187 2195 1497 2265; x_wconf 89' lang='lat' dir='ltr'><strong>despiciens</strong></span> <span class='ocrx_word' id='word_1_134' title='bbox 1528 2195 1805 2260; x_wconf 90' lang='lat' dir='ltr'><strong>tribunus,</strong></span> <span class='ocrx_word' id='word_1_135' title='bbox 1842 2210 1945 2250; x_wconf 91' lang='lat' dir='ltr'><strong>nec</strong></span> 
     </span>
    </p>
   </div>
   <div class='ocr_carea' id='block_1_21' title="bbox 351 2283 1944 2356">
    <p class='ocr_par' dir='ltr' id='par_1_21' title="bbox 351 2283 1944 2356">
     <span class='ocr_line' id='line_1_21' title="bbox 351 2283 1944 2356; baseline 0.003 -20"><span class='ocrx_word' id='word_1_136' title='bbox 351 2283 465 2353; x_wconf 85' lang='lat' dir='ltr'><strong>jam</strong></span> <span class='ocrx_word' id='word_1_137' title='bbox 499 2284 609 2338; x_wconf 93' lang='lat' dir='ltr'><strong>ullo</strong></span> <span class='ocrx_word' id='word_1_138' title='bbox 655 2285 822 2339; x_wconf 86' lang='lat' dir='ltr'><strong>verbo</strong></span> <span class='ocrx_word' id='word_1_139' title='bbox 854 2285 1128 2356; x_wconf 87' lang='lat' dir='ltr'><strong>dignatus,</strong></span> <span class='ocrx_word' id='word_1_140' title='bbox 1162 2287 1410 2341; x_wconf 84' lang='lat' dir='ltr'><strong>recessit.</strong></span> <span class='ocrx_word' id='word_1_141' title='bbox 1443 2286 1532 2342; x_wconf 92' lang='lat' dir='ltr'><strong>Sic</strong></span> <span class='ocrx_word' id='word_1_142' title='bbox 1591 2287 1689 2351; x_wconf 89' lang='lat' dir='ltr'><strong>illi,</strong></span> <span class='ocrx_word' id='word_1_143' title='bbox 1718 2303 1778 2341; x_wconf 89' lang='lat' dir='ltr'><strong>re</strong></span> <span class='ocrx_word' id='word_1_144' title='bbox 1804 2286 1944 2341; x_wconf 86' lang='lat' dir='ltr'><strong>infe-</strong></span> 
     </span>
    </p>
   </div>
   <div class='ocr_carea' id='block_1_22' title="bbox 354 2375 1942 2450">
    <p class='ocr_par' dir='ltr' id='par_1_22' title="bbox 354 2375 1942 2450">
     <span class='ocr_line' id='line_1_22' title="bbox 354 2375 1942 2450; baseline 0.003 -21"><span class='ocrx_word' id='word_1_145' title='bbox 354 2383 463 2438; x_wconf 86' lang='lat' dir='ltr'><strong>cta,</strong></span> <span class='ocrx_word' id='word_1_146' title='bbox 495 2375 563 2430; x_wconf 88' lang='lat' dir='ltr'><strong>ab</strong></span> <span class='ocrx_word' id='word_1_147' title='bbox 592 2376 798 2431; x_wconf 85' lang='lat' dir='ltr'><strong>Isidoro</strong></span> <span class='ocrx_word' id='word_1_148' title='bbox 828 2377 1033 2431; x_wconf 87' lang='lat' dir='ltr'><strong>reversi</strong></span> <span class='ocrx_word' id='word_1_149' title='bbox 1056 2385 1203 2431; x_wconf 89' lang='lat' dir='ltr'><strong>sunt.</strong></span> <span class='ocrx_word' id='word_1_150' title='bbox 1242 2377 1396 2433; x_wconf 91' lang='lat' dir='ltr'><strong>Tunc</strong></span> <span class='ocrx_word' id='word_1_151' title='bbox 1426 2378 1762 2450; x_wconf 87' lang='lat' dir='ltr'><strong>Theophilus</strong></span> <span class='ocrx_word' id='word_1_152' title='bbox 1782 2379 1942 2434; x_wconf 91' lang='lat' dir='ltr'><strong>donis</strong></span> 
     </span>
    </p>
   </div>
   <div class='ocr_carea' id='block_1_23' title="bbox 354 2468 1940 2543">
    <p class='ocr_par' dir='ltr' id='par_1_23' title="bbox 354 2468 1940 2543">
     <span class='ocr_line' id='line_1_23' title="bbox 354 2468 1940 2543; baseline 0.003 -23"><span class='ocrx_word' id='word_1_153' title='bbox 354 2468 568 2537; x_wconf 87' lang='lat' dir='ltr'><strong>placato</strong></span> <span class='ocrx_word' id='word_1_154' title='bbox 615 2477 868 2538; x_wconf 66' lang='lat' dir='ltr'><strong>praetore,</strong></span> <span class='ocrx_word' id='word_1_155' title='bbox 924 2469 1146 2539; x_wconf 89' lang='lat' dir='ltr'><strong>reliquis</strong></span> <span class='ocrx_word' id='word_1_156' title='bbox 1182 2470 1346 2524; x_wconf 88' lang='lat' dir='ltr'><strong>etiam</strong></span> <span class='ocrx_word' id='word_1_157' title='bbox 1392 2471 1636 2540; x_wconf 88' lang='lat' dir='ltr'><strong>partibus</strong></span> <span class='ocrx_word' id='word_1_158' title='bbox 1666 2471 1940 2543; x_wconf 76' lang='lat' dir='ltr'><strong>congiario</strong></span> 
     </span>
    </p>
   </div>
   <div class='ocr_carea' id='block_1_24' title="bbox 353 2559 1938 2635">
    <p class='ocr_par' dir='ltr' id='par_1_24' title="bbox 353 2559 1938 2635">
     <span class='ocr_line' id='line_1_24' title="bbox 353 2559 1938 2635; baseline 0.004 -23"><span class='ocrx_word' id='word_1_159' title='bbox 353 2559 502 2623; x_wconf 90' lang='lat' dir='ltr'><strong>dato,</strong></span> <span class='ocrx_word' id='word_1_160' title='bbox 534 2559 818 2628; x_wconf 78' lang='lat' dir='ltr'><strong>magniﬁce</strong></span> <span class='ocrx_word' id='word_1_161' title='bbox 848 2560 902 2613; x_wconf 91' lang='lat' dir='ltr'><strong>in</strong></span> <span class='ocrx_word' id='word_1_162' title='bbox 935 2562 1127 2616; x_wconf 89' lang='lat' dir='ltr'><strong>urbem</strong></span> <span class='ocrx_word' id='word_1_163' title='bbox 1157 2563 1438 2628; x_wconf 86' lang='lat' dir='ltr'><strong>remeavit,</strong></span> <span class='ocrx_word' id='word_1_164' title='bbox 1493 2579 1805 2634; x_wconf 84' lang='lat' dir='ltr'><strong>quanquam</strong></span> <span class='ocrx_word' id='word_1_165' title='bbox 1836 2564 1938 2635; x_wconf 85' lang='lat' dir='ltr'><strong>ipsi</strong></span> 
     </span>
    </p>
   </div>
   <div class='ocr_carea' id='block_1_25' title="bbox 352 2650 1276 2707">
    <p class='ocr_par' dir='ltr' id='par_1_25' title="bbox 352 2650 1276 2707">
     <span class='ocr_line' id='line_1_25' title="bbox 352 2650 1276 2707; baseline 0.004 -4"><span class='ocrx_word' id='word_1_166' title='bbox 352 2650 422 2705; x_wconf 82' lang='lat' dir='ltr'><strong>ab</strong></span> <span class='ocrx_word' id='word_1_167' title='bbox 449 2665 516 2705; x_wconf 90' lang='lat' dir='ltr'><strong>eo</strong></span> <span class='ocrx_word' id='word_1_168' title='bbox 546 2651 815 2707; x_wconf 85' lang='lat' dir='ltr'><strong>munerati</strong></span> <span class='ocrx_word' id='word_1_169' title='bbox 845 2652 1276 2707; x_wconf 80' lang='lat' dir='ltr'><strong>detestabantur.</strong></span> 
     </span>
    </p>
   </div>
   <div class='ocr_carea' id='block_1_26' title="bbox 426 2743 1931 2819">
    <p class='ocr_par' dir='ltr' id='par_1_26' title="bbox 426 2743 1931 2819">
     <span class='ocr_line' id='line_1_26' title="bbox 426 2743 1931 2819; baseline 0.003 -22"><span class='ocrx_word' id='word_1_170' title='bbox 426 2744 514 2798; x_wconf 67' lang='grc' dir='ltr'><strong>η.</strong></span> <span class='ocrx_word' id='word_1_171' title='bbox 546 2743 768 2799; x_wconf 82' lang='lat' dir='ltr'><strong>interim</strong></span> <span class='ocrx_word' id='word_1_172' title='bbox 833 2745 1085 2800; x_wconf 82' lang='lat' dir='ltr'><strong>monachi</strong></span> <span class='ocrx_word' id='word_1_173' title='bbox 1141 2746 1215 2799; x_wconf 92' lang='lat' dir='ltr'><strong>illi</strong></span> <span class='ocrx_word' id='word_1_174' title='bbox 1273 2762 1304 2801; x_wconf 89' lang='lat' dir='ltr'><strong>a</strong></span> <span class='ocrx_word' id='word_1_175' title='bbox 1349 2747 1654 2817; x_wconf 88' lang='lat' dir='ltr'><strong>Theophila</strong></span> <span class='ocrx_word' id='word_1_176' title='bbox 1712 2748 1931 2819; x_wconf 86' lang='lat' dir='ltr'><strong>pulsati,</strong></span> 
     </span>
    </p>
   </div>
   <div class='ocr_carea' id='block_1_27' title="bbox 354 2836 1934 2908">
    <p class='ocr_par' dir='ltr' id='par_1_27' title="bbox 354 2836 1934 2908">
     <span class='ocr_line' id='line_1_27' title="bbox 354 2836 1934 2908; baseline 0.005 -20"><span class='ocrx_word' id='word_1_177' title='bbox 354 2836 524 2889; x_wconf 89' lang='lat' dir='ltr'><strong>multa</strong></span> <span class='ocrx_word' id='word_1_178' title='bbox 548 2851 581 2890; x_wconf 90' lang='lat' dir='ltr'><strong>a</strong></span> <span class='ocrx_word' id='word_1_179' title='bbox 608 2836 792 2891; x_wconf 87' lang='lat' dir='ltr'><strong>multis</strong></span> <span class='ocrx_word' id='word_1_180' title='bbox 817 2837 919 2891; x_wconf 73' lang='lat' dir='ltr'><strong>viae</strong></span> <span class='ocrx_word' id='word_1_181' title='bbox 940 2838 1179 2893; x_wconf 87' lang='lat' dir='ltr'><strong>subsidia</strong></span> <span class='ocrx_word' id='word_1_182' title='bbox 1204 2839 1370 2905; x_wconf 90' lang='lat' dir='ltr'><strong>nacti,</strong></span> <span class='ocrx_word' id='word_1_183' title='bbox 1397 2840 1626 2908; x_wconf 85' lang='lat' dir='ltr'><strong>profecti</strong></span> <span class='ocrx_word' id='word_1_184' title='bbox 1649 2851 1778 2895; x_wconf 90' lang='lat' dir='ltr'><strong>sunt</strong></span> <span class='ocrx_word' id='word_1_185' title='bbox 1804 2842 1934 2896; x_wconf 74' lang='lat' dir='ltr'><strong>Hie-</strong></span> 
     </span>
    </p>
   </div>
   <div class='ocr_carea' id='block_1_28' title="bbox 353 2927 1934 3001">
    <p class='ocr_par' dir='ltr' id='par_1_28' title="bbox 353 2927 1934 3001">
     <span class='ocr_line' id='line_1_28' title="bbox 353 2927 1934 3001; baseline 0.004 -20"><span class='ocrx_word' id='word_1_186' title='bbox 353 2927 619 2999; x_wconf 81' lang='lat' dir='ltr'><strong>rosolyma</strong></span> <span class='ocrx_word' id='word_1_187' title='bbox 647 2928 716 2983; x_wconf 87' lang='lat' dir='ltr'><strong>ad</strong></span> <span class='ocrx_word' id='word_1_188' title='bbox 747 2927 1027 2983; x_wconf 79' lang='lat' dir='ltr'><strong>Silvanum</strong></span> <span class='ocrx_word' id='word_1_189' title='bbox 1057 2929 1131 2983; x_wconf 89' lang='lat' dir='ltr'><strong>ibi</strong></span> <span class='ocrx_word' id='word_1_190' title='bbox 1166 2931 1505 3001; x_wconf 90' lang='lat' dir='ltr'><strong>episcopum,</strong></span> <span class='ocrx_word' id='word_1_191' title='bbox 1539 2933 1607 2986; x_wconf 87' lang='lat' dir='ltr'><strong>ad</strong></span> <span class='ocrx_word' id='word_1_192' title='bbox 1651 2934 1806 3001; x_wconf 80' lang='lat' dir='ltr'><strong>cujus</strong></span> <span class='ocrx_word' id='word_1_193' title='bbox 1836 2948 1934 3001; x_wconf 85' lang='lat' dir='ltr'><strong>pe-</strong></span> 
     </span>
    </p>
   </div>
   <div class='ocr_carea' id='block_1_29' title="bbox 349 3013 1931 3091">
    <p class='ocr_par' dir='ltr' id='par_1_29' title="bbox 349 3013 1931 3091">
     <span class='ocr_line' id='line_1_29' title="bbox 349 3013 1931 3091; baseline 0.006 -25"><span class='ocrx_word' id='word_1_194' title='bbox 349 3013 448 3067; x_wconf 83' lang='lat' dir='ltr'><strong>des</strong></span> <span class='ocrx_word' id='word_1_195' title='bbox 472 3014 779 3070; x_wconf 88' lang='lat' dir='ltr'><strong>accidentes</strong></span> <span class='ocrx_word' id='word_1_196' title='bbox 809 3031 922 3071; x_wconf 90' lang='lat' dir='ltr'><strong>rem</strong></span> <span class='ocrx_word' id='word_1_197' title='bbox 945 3033 1064 3086; x_wconf 65' lang='lat' dir='ltr'><strong>qua:</strong></span> <span class='ocrx_word' id='word_1_198' title='bbox 1089 3018 1190 3073; x_wconf 90' lang='lat' dir='ltr'><strong>sibi</strong></span> <span class='ocrx_word' id='word_1_199' title='bbox 1214 3030 1473 3074; x_wconf 89' lang='lat' dir='ltr'><strong>evenerat</strong></span> <span class='ocrx_word' id='word_1_200' title='bbox 1495 3028 1795 3091; x_wconf 73' lang='lat' dir='ltr'><strong>exponunt.</strong></span> <span class='ocrx_word' id='word_1_201' title='bbox 1830 3022 1931 3075; x_wconf 83' lang='lat' dir='ltr'><strong>Mi-</strong></span> 
     </span>
    </p>
   </div>
   <div class='ocr_carea' id='block_1_30' title="bbox 349 3106 1927 3169">
    <p class='ocr_par' dir='ltr' id='par_1_30' title="bbox 349 3106 1927 3169">
     <span class='ocr_line' id='line_1_30' title="bbox 349 3106 1927 3169; baseline 0.005 -8"><span class='ocrx_word' id='word_1_202' title='bbox 349 3115 501 3161; x_wconf 85' lang='lat' dir='ltr'><strong>ratus</strong></span> <span class='ocrx_word' id='word_1_203' title='bbox 530 3106 618 3161; x_wconf 89' lang='lat' dir='ltr'><strong>ille</strong></span> <span class='ocrx_word' id='word_1_204' title='bbox 662 3108 830 3163; x_wconf 88' lang='lat' dir='ltr'><strong>mittit</strong></span> <span class='ocrx_word' id='word_1_205' title='bbox 857 3110 957 3165; x_wconf 77' lang='lat' dir='ltr'><strong>via:</strong></span> <span class='ocrx_word' id='word_1_206' title='bbox 980 3112 1234 3167; x_wconf 86' lang='lat' dir='ltr'><strong>comitem</strong></span> <span class='ocrx_word' id='word_1_207' title='bbox 1264 3112 1582 3167; x_wconf 69' lang='lat' dir='ltr'><strong>Iuvenalem</strong></span> <span class='ocrx_word' id='word_1_208' title='bbox 1615 3115 1927 3169; x_wconf 77' lang='lat' dir='ltr'><strong>diaconum.</strong></span> 
     </span>
    </p>
   </div>
   <div class='ocr_carea' id='block_1_31' title="bbox 349 3197 1931 3273">
    <p class='ocr_par' dir='ltr' id='par_1_31' title="bbox 349 3197 1931 3273">
     <span class='ocr_line' id='line_1_31' title="bbox 349 3197 1931 3273; baseline 0.005 -20"><span class='ocrx_word' id='word_1_209' title='bbox 349 3197 419 3253; x_wconf 85' lang='lat' dir='ltr'><strong>Et</strong></span> <span class='ocrx_word' id='word_1_210' title='bbox 442 3207 573 3255; x_wconf 87' lang='lat' dir='ltr'><strong>tunc</strong></span> <span class='ocrx_word' id='word_1_211' title='bbox 600 3199 816 3254; x_wconf 90' lang='lat' dir='ltr'><strong>demum</strong></span> <span class='ocrx_word' id='word_1_212' title='bbox 846 3202 915 3256; x_wconf 90' lang='lat' dir='ltr'><strong>ad</strong></span> <span class='ocrx_word' id='word_1_213' title='bbox 946 3202 1152 3273; x_wconf 88' lang='lat' dir='ltr'><strong>regium</strong></span> <span class='ocrx_word' id='word_1_214' title='bbox 1192 3204 1509 3258; x_wconf 86' lang='lat' dir='ltr'><strong>comitatum</strong></span> <span class='ocrx_word' id='word_1_215' title='bbox 1532 3214 1801 3260; x_wconf 87' lang='lat' dir='ltr'><strong>venerunt</strong></span> <span class='ocrx_word' id='word_1_216' title='bbox 1829 3207 1931 3261; x_wconf 90' lang='lat' dir='ltr'><strong>ho-</strong></span> 
     </span>
    </p>
   </div>
   <div class='ocr_carea' id='block_1_32' title="bbox 349 3291 1933 3365">
    <p class='ocr_par' dir='ltr' id='par_1_32' title="bbox 349 3291 1933 3365">
     <span class='ocr_line' id='line_1_32' title="bbox 349 3291 1933 3365; baseline 0.007 -21"><span class='ocrx_word' id='word_1_217' title='bbox 349 3291 544 3357; x_wconf 83' lang='lat' dir='ltr'><strong>mines,</strong></span> <span class='ocrx_word' id='word_1_218' title='bbox 583 3291 678 3362; x_wconf 90' lang='lat' dir='ltr'><strong>qui</strong></span> <span class='ocrx_word' id='word_1_219' title='bbox 706 3307 848 3363; x_wconf 67' lang='lat' dir='ltr'><strong>smpe</strong></span> <span class='ocrx_word' id='word_1_220' title='bbox 876 3309 998 3348; x_wconf 90' lang='lat' dir='ltr'><strong>cum</strong></span> <span class='ocrx_word' id='word_1_221' title='bbox 1025 3295 1364 3351; x_wconf 62' lang='lat' dir='ltr'><strong>daemonibus</strong></span> <span class='ocrx_word' id='word_1_222' title='bbox 1405 3297 1835 3365; x_wconf 86' lang='lat' dir='ltr'><strong>decertaverant,</strong></span> <span class='ocrx_word' id='word_1_223' title='bbox 1876 3310 1933 3355; x_wconf 90' lang='lat' dir='ltr'><strong>et</strong></span> 
     </span>
    </p>
   </div>
   <div class='ocr_carea' id='block_1_33' title="bbox 346 3382 1926 3459">
    <p class='ocr_par' dir='ltr' id='par_1_33' title="bbox 346 3382 1926 3459">
     <span class='ocr_line' id='line_1_33' title="bbox 346 3382 1926 3459; baseline 0.006 -22"><span class='ocrx_word' id='word_1_224' title='bbox 346 3382 663 3437; x_wconf 84' lang='lat' dir='ltr'><strong>cellularum</strong></span> <span class='ocrx_word' id='word_1_225' title='bbox 719 3399 941 3439; x_wconf 89' lang='lat' dir='ltr'><strong>suarum</strong></span> <span class='ocrx_word' id='word_1_226' title='bbox 1000 3385 1209 3442; x_wconf 89' lang='lat' dir='ltr'><strong>foribus</strong></span> <span class='ocrx_word' id='word_1_227' title='bbox 1266 3403 1543 3457; x_wconf 88' lang='lat' dir='ltr'><strong>nunquam</strong></span> <span class='ocrx_word' id='word_1_228' title='bbox 1588 3390 1926 3459; x_wconf 86' lang='lat' dir='ltr'><strong>prodierant.</strong></span> 
     </span>
    </p>
   </div>
   <div class='ocr_carea' id='block_1_34' title="bbox 348 3474 1926 3550">
    <p class='ocr_par' dir='ltr' id='par_1_34' title="bbox 348 3474 1926 3550">
     <span class='ocr_line' id='line_1_34' title="bbox 348 3474 1926 3550; baseline 0.006 -23"><span class='ocrx_word' id='word_1_229' title='bbox 348 3474 532 3544; x_wconf 82' lang='lat' dir='ltr'><strong>Itaque</strong></span> <span class='ocrx_word' id='word_1_230' title='bbox 561 3476 619 3531; x_wconf 90' lang='lat' dir='ltr'><strong>hi</strong></span> <span class='ocrx_word' id='word_1_231' title='bbox 648 3478 901 3533; x_wconf 89' lang='lat' dir='ltr'><strong>monachi</strong></span> <span class='ocrx_word' id='word_1_232' title='bbox 933 3478 1459 3550; x_wconf 89' lang='lat' dir='ltr'><strong>Constantinopolim</strong></span> <span class='ocrx_word' id='word_1_233' title='bbox 1486 3481 1649 3537; x_wconf 86' lang='lat' dir='ltr'><strong>delati</strong></span> <span class='ocrx_word' id='word_1_234' title='bbox 1675 3523 1689 3547; x_wconf 90' lang='lat'><strong>,</strong></span> <span class='ocrx_word' id='word_1_235' title='bbox 1723 3490 1926 3537; x_wconf 90' lang='lat' dir='ltr'><strong>etcum</strong></span> 
     </span>
    </p>
   </div>
   <div class='ocr_carea' id='block_1_35' title="bbox 344 3566 1927 3646">
    <p class='ocr_par' dir='ltr' id='par_1_35' title="bbox 344 3566 1927 3646">
     <span class='ocr_line' id='line_1_35' title="bbox 344 3566 1927 3646; baseline 0.006 -26"><span class='ocrx_word' id='word_1_236' title='bbox 344 3566 554 3624; x_wconf 81' lang='lat' dir='ltr'><strong>Joanne</strong></span> <span class='ocrx_word' id='word_1_237' title='bbox 579 3570 874 3641; x_wconf 80' lang='lat' dir='ltr'><strong>congressi,</strong></span> <span class='ocrx_word' id='word_1_238' title='bbox 905 3571 1061 3627; x_wconf 91' lang='lat' dir='ltr'><strong>donis</strong></span> <span class='ocrx_word' id='word_1_239' title='bbox 1091 3573 1159 3627; x_wconf 91' lang='lat' dir='ltr'><strong>ab</strong></span> <span class='ocrx_word' id='word_1_240' title='bbox 1182 3588 1247 3627; x_wconf 90' lang='lat' dir='ltr'><strong>eo</strong></span> <span class='ocrx_word' id='word_1_241' title='bbox 1277 3582 1404 3628; x_wconf 91' lang='lat' dir='ltr'><strong>sunt</strong></span> <span class='ocrx_word' id='word_1_242' title='bbox 1436 3573 1638 3629; x_wconf 85' lang='lat' dir='ltr'><strong>aﬁ‘ecti.</strong></span> <span class='ocrx_word' id='word_1_243' title='bbox 1676 3573 1927 3646; x_wconf 88' lang='lat' dir='ltr'><strong>Hospitio</strong></span> 
     </span>
    </p>
   </div>
   <div class='ocr_carea' id='block_1_36' title="bbox 344 3662 1925 3735">
    <p class='ocr_par' dir='ltr' id='par_1_36' title="bbox 344 3662 1925 3735">
     <span class='ocr_line' id='line_1_36' title="bbox 344 3662 1925 3735; baseline 0.004 -22"><span class='ocrx_word' id='word_1_244' title='bbox 344 3670 525 3715; x_wconf 91' lang='lat' dir='ltr'><strong>autem</strong></span> <span class='ocrx_word' id='word_1_245' title='bbox 555 3663 785 3732; x_wconf 88' lang='lat' dir='ltr'><strong>recepit,</strong></span> <span class='ocrx_word' id='word_1_246' title='bbox 832 3672 889 3718; x_wconf 90' lang='lat' dir='ltr'><strong>et</strong></span> <span class='ocrx_word' id='word_1_247' title='bbox 945 3662 1150 3718; x_wconf 78' lang='lat' dir='ltr'><strong>aﬂatim</strong></span> <span class='ocrx_word' id='word_1_248' title='bbox 1201 3666 1507 3720; x_wconf 88' lang='lat' dir='ltr'><strong>necessaria</strong></span> <span class='ocrx_word' id='word_1_249' title='bbox 1558 3666 1925 3735; x_wconf 84' lang='lat' dir='ltr'><strong>suppeditavit</strong></span> 
     </span>
    </p>
   </div>
   <div class='ocr_carea' id='block_1_37' title="bbox 342 3742 1920 3826">
    <p class='ocr_par' dir='ltr' id='par_1_37' title="bbox 342 3742 1920 3826">
     <span class='ocr_line' id='line_1_37' title="bbox 342 3742 1920 3826; baseline 0.003 -19"><span class='ocrx_word' id='word_1_250' title='bbox 342 3749 613 3823; x_wconf 86' lang='lat' dir='ltr'><strong>Olympias</strong></span> <span class='ocrx_word' id='word_1_251' title='bbox 650 3755 973 3822; x_wconf 85' lang='lat' dir='ltr'><strong>diaconissa,</strong></span> <span class='ocrx_word' id='word_1_252' title='bbox 1023 3765 1276 3826; x_wconf 88' lang='lat' dir='ltr'><strong>tanquam</strong></span> <span class='ocrx_word' id='word_1_253' title='bbox 1329 3757 1535 3813; x_wconf 88' lang='lat' dir='ltr'><strong>sanctis</strong></span> <span class='ocrx_word' id='word_1_254' title='bbox 1587 3742 1920 3823; x_wconf 85' lang='lat' dir='ltr'><strong>hominibus,</strong></span> 
     </span>
    </p>
   </div>
   <div class='ocr_carea' id='block_1_38' title="bbox 341 3845 1919 3922">
    <p class='ocr_par' dir='ltr' id='par_1_38' title="bbox 341 3845 1919 3922">
     <span class='ocr_line' id='line_1_38' title="bbox 341 3845 1919 3922; baseline 0.003 -22"><span class='ocrx_word' id='word_1_255' title='bbox 341 3861 464 3916; x_wconf 65' lang='lat' dir='ltr'><strong>quae</strong></span> <span class='ocrx_word' id='word_1_256' title='bbox 514 3845 799 3902; x_wconf 78' lang='lat' dir='ltr'><strong>facultates</strong></span> <span class='ocrx_word' id='word_1_257' title='bbox 844 3863 968 3903; x_wconf 89' lang='lat' dir='ltr'><strong>suas</strong></span> <span class='ocrx_word' id='word_1_258' title='bbox 996 3864 1185 3903; x_wconf 89' lang='lat' dir='ltr'><strong>omnes</strong></span> <span class='ocrx_word' id='word_1_259' title='bbox 1213 3850 1499 3921; x_wconf 81' lang='lat' dir='ltr'><strong>egentibus</strong></span> <span class='ocrx_word' id='word_1_260' title='bbox 1537 3851 1919 3922; x_wconf 86' lang='lat' dir='ltr'><strong>elargiebatur,</strong></span> 
     </span>
    </p>
   </div>
   <div class='ocr_carea' id='block_1_39' title="bbox 339 3940 1923 4014">
    <p class='ocr_par' dir='ltr' id='par_1_39' title="bbox 339 3940 1923 4014">
     <span class='ocr_line' id='line_1_39' title="bbox 339 3940 1923 4014; baseline 0.005 -22"><span class='ocrx_word' id='word_1_261' title='bbox 339 3948 397 3992; x_wconf 90' lang='lat' dir='ltr'><strong>et</strong></span> <span class='ocrx_word' id='word_1_262' title='bbox 435 3940 667 3994; x_wconf 86' lang='lat' dir='ltr'><strong>ascetico</strong></span> <span class='ocrx_word' id='word_1_263' title='bbox 721 3940 970 3995; x_wconf 89' lang='lat' dir='ltr'><strong>instituto</strong></span> <span class='ocrx_word' id='word_1_264' title='bbox 1033 3942 1326 4011; x_wconf 91' lang='lat' dir='ltr'><strong>probisquc</strong></span> <span class='ocrx_word' id='word_1_265' title='bbox 1374 3943 1617 3997; x_wconf 88' lang='lat' dir='ltr'><strong>moribus</strong></span> <span class='ocrx_word' id='word_1_266' title='bbox 1665 3945 1923 4014; x_wconf 73' lang='lat' dir='ltr'><strong>prteclare</strong></span> 
     </span>
    </p>
   </div>
   <div class='ocr_carea' id='block_1_40' title="bbox 338 4030 1923 4107">
    <p class='ocr_par' dir='ltr' id='par_1_40' title="bbox 338 4030 1923 4107">
     <span class='ocr_line' id='line_1_40' title="bbox 338 4030 1923 4107; baseline 0.003 -21"><span class='ocrx_word' id='word_1_267' title='bbox 338 4030 598 4102; x_wconf 80' lang='lat' dir='ltr'><strong>fulgebat,</strong></span> <span class='ocrx_word' id='word_1_268' title='bbox 639 4040 864 4102; x_wconf 88' lang='lat' dir='ltr'><strong>eratque</strong></span> <span class='ocrx_word' id='word_1_269' title='bbox 891 4032 1086 4087; x_wconf 80' lang='lat' dir='ltr'><strong>Joanni</strong></span> <span class='ocrx_word' id='word_1_270' title='bbox 1139 4035 1430 4089; x_wconf 88' lang='lat' dir='ltr'><strong>admodum</strong></span> <span class='ocrx_word' id='word_1_271' title='bbox 1482 4036 1646 4090; x_wconf 89' lang='lat' dir='ltr'><strong>chara</strong></span> <span class='ocrx_word' id='word_1_272' title='bbox 1699 4045 1923 4107; x_wconf 88' lang='lat' dir='ltr'><strong>propter</strong></span> 
     </span>
    </p>
   </div>
   <div class='ocr_carea' id='block_1_41' title="bbox 336 4124 1920 4183">
    <p class='ocr_par' dir='ltr' id='par_1_41' title="bbox 336 4124 1920 4183">
     <span class='ocr_line' id='line_1_41' title="bbox 336 4124 1920 4183; baseline 0.007 -10"><span class='ocrx_word' id='word_1_273' title='bbox 336 4124 464 4179; x_wconf 59' lang='lat' dir='ltr'><strong>vitae</strong></span> <span class='ocrx_word' id='word_1_274' title='bbox 497 4125 838 4180; x_wconf 89' lang='lat' dir='ltr'><strong>sanctitatem</strong></span> <span class='ocrx_word' id='word_1_275' title='bbox 893 4134 948 4181; x_wconf 92' lang='lat' dir='ltr'><strong>et</strong></span> <span class='ocrx_word' id='word_1_276' title='bbox 993 4128 1292 4182; x_wconf 90' lang='lat' dir='ltr'><strong>secundum</strong></span> <span class='ocrx_word' id='word_1_277' title='bbox 1326 4128 1497 4182; x_wconf 89' lang='lat' dir='ltr'><strong>Deum</strong></span> <span class='ocrx_word' id='word_1_278' title='bbox 1546 4128 1920 4183; x_wconf 88' lang='lat' dir='ltr'><strong>conversatio-</strong></span> 
     </span>
    </p>
   </div>
   <div class='ocr_carea' id='block_1_42' title="bbox 336 4217 1920 4279">
    <p class='ocr_par' dir='ltr' id='par_1_42' title="bbox 336 4217 1920 4279">
     <span class='ocr_line' id='line_1_42' title="bbox 336 4217 1920 4279; baseline 0.006 -12"><span class='ocrx_word' id='word_1_279' title='bbox 336 4229 498 4279; x_wconf 87' lang='lat' dir='ltr'><strong>nem;</strong></span> <span class='ocrx_word' id='word_1_280' title='bbox 528 4231 655 4269; x_wconf 90' lang='lat' dir='ltr'><strong>nam</strong></span> <span class='ocrx_word' id='word_1_281' title='bbox 698 4224 882 4271; x_wconf 89' lang='lat' dir='ltr'><strong>sancta</strong></span> <span class='ocrx_word' id='word_1_282' title='bbox 911 4217 1187 4271; x_wconf 90' lang='lat' dir='ltr'><strong>communi</strong></span> <span class='ocrx_word' id='word_1_283' title='bbox 1239 4217 1641 4273; x_wconf 81' lang='lat' dir='ltr'><strong>existimatione</strong></span> <span class='ocrx_word' id='word_1_284' title='bbox 1681 4220 1920 4275; x_wconf 84' lang='lat' dir='ltr'><strong>habeba-</strong></span> 
     </span>
    </p>
   </div>
   <div class='ocr_carea' id='block_1_43' title="bbox 335 4306 1917 4379">
    <p class='ocr_par' dir='ltr' id='par_1_43' title="bbox 335 4306 1917 4379">
     <span class='ocr_line' id='line_1_43' title="bbox 335 4306 1917 4379; baseline 0.006 -20"><span class='ocrx_word' id='word_1_285' title='bbox 335 4316 446 4360; x_wconf 86' lang='lat' dir='ltr'><strong>tur.</strong></span> <span class='ocrx_word' id='word_1_286' title='bbox 477 4306 755 4363; x_wconf 86' lang='lat' dir='ltr'><strong>Juvenalis</strong></span> <span class='ocrx_word' id='word_1_287' title='bbox 780 4317 962 4362; x_wconf 90' lang='lat' dir='ltr'><strong>autem</strong></span> <span class='ocrx_word' id='word_1_288' title='bbox 986 4309 1197 4364; x_wconf 89' lang='lat' dir='ltr'><strong>litteras</strong></span> <span class='ocrx_word' id='word_1_289' title='bbox 1226 4310 1542 4379; x_wconf 91' lang='lat' dir='ltr'><strong>imperatori</strong></span> <span class='ocrx_word' id='word_1_290' title='bbox 1587 4313 1827 4377; x_wconf 91' lang='lat' dir='ltr'><strong>tradidit,</strong></span> <span class='ocrx_word' id='word_1_291' title='bbox 1862 4323 1917 4368; x_wconf 89' lang='lat' dir='ltr'><strong>et</strong></span> 
     </span>
    </p>
   </div>
   <div class='ocr_carea' id='block_1_44' title="bbox 334 4399 1913 4475">
    <p class='ocr_par' dir='ltr' id='par_1_44' title="bbox 334 4399 1913 4475">
     <span class='ocr_line' id='line_1_44' title="bbox 334 4399 1913 4475; baseline 0.004 -21"><span class='ocrx_word' id='word_1_292' title='bbox 334 4399 471 4455; x_wconf 81' lang='lat' dir='ltr'><strong>alias</strong></span> <span class='ocrx_word' id='word_1_293' title='bbox 506 4400 723 4467; x_wconf 85' lang='lat' dir='ltr'><strong>Joanni,</strong></span> <span class='ocrx_word' id='word_1_294' title='bbox 774 4403 865 4471; x_wconf 90' lang='lat' dir='ltr'><strong>qui</strong></span> <span class='ocrx_word' id='word_1_295' title='bbox 909 4403 1113 4472; x_wconf 87' lang='lat' dir='ltr'><strong>pariter</strong></span> <span class='ocrx_word' id='word_1_296' title='bbox 1150 4418 1181 4457; x_wconf 88' lang='lat' dir='ltr'><strong>a</strong></span> <span class='ocrx_word' id='word_1_297' title='bbox 1211 4419 1269 4458; x_wconf 92' lang='lat' dir='ltr'><strong>se</strong></span> <span class='ocrx_word' id='word_1_298' title='bbox 1298 4413 1549 4474; x_wconf 85' lang='lat' dir='ltr'><strong>acceptas</strong></span> <span class='ocrx_word' id='word_1_299' title='bbox 1598 4406 1913 4475; x_wconf 90' lang='lat' dir='ltr'><strong>imperatori</strong></span> 
     </span>
    </p>
   </div>
   <div class='ocr_carea' id='block_1_45' title="bbox 333 4491 1912 4570">
    <p class='ocr_par' dir='ltr' id='par_1_45' title="bbox 333 4491 1912 4570">
     <span class='ocr_line' id='line_1_45' title="bbox 333 4491 1912 4570; baseline 0.008 -26"><span class='ocrx_word' id='word_1_300' title='bbox 333 4491 583 4547; x_wconf 84' lang='lat' dir='ltr'><strong>reddidit.</strong></span> <span class='ocrx_word' id='word_1_301' title='bbox 616 4492 862 4548; x_wconf 86' lang='lat' dir='ltr'><strong>Territus</strong></span> <span class='ocrx_word' id='word_1_302' title='bbox 896 4512 1027 4550; x_wconf 90' lang='lat' dir='ltr'><strong>vero</strong></span> <span class='ocrx_word' id='word_1_303' title='bbox 1057 4497 1350 4567; x_wconf 87' lang='lat' dir='ltr'><strong>imperator</strong></span> <span class='ocrx_word' id='word_1_304' title='bbox 1386 4499 1521 4553; x_wconf 84' lang='lat' dir='ltr'><strong>nihil</strong></span> <span class='ocrx_word' id='word_1_305' title='bbox 1572 4501 1790 4570; x_wconf 91' lang='lat' dir='ltr'><strong>quidem</strong></span> <span class='ocrx_word' id='word_1_306' title='bbox 1824 4518 1912 4556; x_wconf 87' lang='lat' dir='ltr'><strong>re-</strong></span> 
     </span>
    </p>
   </div>
   <div class='ocr_carea' id='block_1_46' title="bbox 331 4584 1911 4663">
    <p class='ocr_par' dir='ltr' id='par_1_46' title="bbox 331 4584 1911 4663">
     <span class='ocr_line' id='line_1_46' title="bbox 331 4584 1911 4663; baseline 0.008 -26"><span class='ocrx_word' id='word_1_307' title='bbox 331 4584 525 4656; x_wconf 88' lang='lat' dir='ltr'><strong>galiter</strong></span> <span class='ocrx_word' id='word_1_308' title='bbox 551 4585 730 4641; x_wconf 85' lang='lat' dir='ltr'><strong>facere</strong></span> <span class='ocrx_word' id='word_1_309' title='bbox 755 4588 941 4652; x_wconf 90' lang='lat' dir='ltr'><strong>voluit,</strong></span> <span class='ocrx_word' id='word_1_310' title='bbox 974 4599 1214 4644; x_wconf 88' lang='lat' dir='ltr'><strong>attamen</strong></span> <span class='ocrx_word' id='word_1_311' title='bbox 1238 4592 1501 4663; x_wconf 87' lang='lat' dir='ltr'><strong>synodum</strong></span> <span class='ocrx_word' id='word_1_312' title='bbox 1537 4593 1650 4648; x_wconf 88' lang='lat' dir='ltr'><strong>ﬁeri</strong></span> <span class='ocrx_word' id='word_1_313' title='bbox 1683 4597 1911 4649; x_wconf 88' lang='lat' dir='ltr'><strong>manda-</strong></span> 
     </span>
    </p>
   </div>
   <div class='ocr_carea' id='block_1_47' title="bbox 330 4676 1908 4755">
    <p class='ocr_par' dir='ltr' id='par_1_47' title="bbox 330 4676 1908 4755">
     <span class='ocr_line' id='line_1_47' title="bbox 330 4676 1908 4755; baseline 0.009 -27"><span class='ocrx_word' id='word_1_314' title='bbox 330 4677 407 4730; x_wconf 81' lang='lat' dir='ltr'><strong>vit</strong></span> <span class='ocrx_word' id='word_1_315' title='bbox 433 4718 446 4742; x_wconf 93' lang='lat'><strong>,</strong></span> <span class='ocrx_word' id='word_1_316' title='bbox 475 4676 810 4749; x_wconf 86' lang='lat' dir='ltr'><strong>Romamque</strong></span> <span class='ocrx_word' id='word_1_317' title='bbox 840 4682 909 4735; x_wconf 90' lang='lat' dir='ltr'><strong>ad</strong></span> <span class='ocrx_word' id='word_1_318' title='bbox 939 4681 1312 4737; x_wconf 88' lang='lat' dir='ltr'><strong>Innocentium</strong></span> <span class='ocrx_word' id='word_1_319' title='bbox 1347 4701 1539 4755; x_wconf 90' lang='lat' dir='ltr'><strong>papam</strong></span> <span class='ocrx_word' id='word_1_320' title='bbox 1569 4686 1776 4742; x_wconf 91' lang='lat' dir='ltr'><strong>litteras</strong></span> <span class='ocrx_word' id='word_1_321' title='bbox 1802 4689 1908 4742; x_wconf 86' lang='lat' dir='ltr'><strong>mi-</strong></span> 
     </span>
    </p>
   </div>
   <div class='ocr_carea' id='block_1_48' title="bbox 329 4771 1336 4840">
    <p class='ocr_par' dir='ltr' id='par_1_48' title="bbox 329 4771 1336 4840">
     <span class='ocr_line' id='line_1_48' title="bbox 329 4771 1336 4840; baseline 0.008 -17"><span class='ocrx_word' id='word_1_322' title='bbox 329 4771 417 4832; x_wconf 89' lang='lat' dir='ltr'><strong>sit,</strong></span> <span class='ocrx_word' id='word_1_323' title='bbox 449 4786 680 4840; x_wconf 88' lang='lat' dir='ltr'><strong>quarum</strong></span> <span class='ocrx_word' id='word_1_324' title='bbox 704 4773 821 4827; x_wconf 76' lang='lat' dir='ltr'><strong>haec</strong></span> <span class='ocrx_word' id='word_1_325' title='bbox 841 4775 1173 4829; x_wconf 89' lang='lat' dir='ltr'><strong>continentia</strong></span> <span class='ocrx_word' id='word_1_326' title='bbox 1201 4776 1301 4831; x_wconf 82' lang='lat' dir='ltr'><strong>fuit</strong></span> <span class='ocrx_word' id='word_1_327' title='bbox 1324 4796 1336 4831; x_wconf 93' lang='lat'>:</span> 
     </span>
    </p>
   </div>
   <div class='ocr_carea' id='block_1_49' title="bbox 401 4863 1905 4935">
    <p class='ocr_par' dir='ltr' id='par_1_49' title="bbox 401 4863 1905 4935">
     <span class='ocr_line' id='line_1_49' title="bbox 401 4863 1905 4935; baseline 0.007 -18"><span class='ocrx_word' id='word_1_328' title='bbox 401 4864 486 4918; x_wconf 80' lang='lat' dir='ltr'><strong>l5.</strong></span> <span class='ocrx_word' id='word_1_329' title='bbox 525 4883 544 4915; x_wconf 72' lang='grc' dir='ltr'>ι</span> <span class='ocrx_word' id='word_1_330' title='bbox 568 4863 775 4930; x_wconf 82' lang='lat' dir='ltr'><strong>Victor,</strong></span> <span class='ocrx_word' id='word_1_331' title='bbox 799 4866 1082 4935; x_wconf 90' lang='lat' dir='ltr'><strong>gloriosus,</strong></span> <span class='ocrx_word' id='word_1_332' title='bbox 1106 4868 1251 4929; x_wconf 84' lang='lat' dir='ltr'><strong>felix.</strong></span> <span class='ocrx_word' id='word_1_333' title='bbox 1270 4869 1535 4926; x_wconf 77' lang='lat' dir='ltr'><strong>Arcadius</strong></span> <span class='ocrx_word' id='word_1_334' title='bbox 1548 4873 1697 4927; x_wconf 89' lang='lat' dir='ltr'><strong>Patri</strong></span> <span class='ocrx_word' id='word_1_335' title='bbox 1715 4882 1905 4929; x_wconf 85' lang='lat' dir='ltr'><strong>nostra</strong></span> 
     </span>
    </p>
   </div>
   <div class='ocr_carea' id='block_1_50' title="bbox 326 4953 1902 5030">
    <p class='ocr_par' dir='ltr' id='par_1_50' title="bbox 326 4953 1902 5030">
     <span class='ocr_line' id='line_1_50' title="bbox 326 4953 1902 5030; baseline 0.01 -25"><span class='ocrx_word' id='word_1_336' title='bbox 326 4953 575 5007; x_wconf 86' lang='lat' dir='ltr'><strong>salutem.</strong></span> <span class='ocrx_word' id='word_1_337' title='bbox 624 4954 848 5009; x_wconf 85' lang='lat' dir='ltr'><strong>Divinas</strong></span> <span class='ocrx_word' id='word_1_338' title='bbox 897 4958 1128 5027; x_wconf 77' lang='lat' dir='ltr'><strong>syllabas</strong></span> <span class='ocrx_word' id='word_1_339' title='bbox 1180 4961 1247 5014; x_wconf 85' lang='lat' dir='ltr'><strong>ad</strong></span> <span class='ocrx_word' id='word_1_340' title='bbox 1305 4966 1692 5030; x_wconf 86' lang='lat' dir='ltr'><strong>paternitatem</strong></span> <span class='ocrx_word' id='word_1_341' title='bbox 1749 4972 1902 5019; x_wconf 91' lang='lat' dir='ltr'><strong>tuam</strong></span> 
     </span>
    </p>
   </div>
   <div class='ocr_carea' id='block_1_51' title="bbox 323 5048 1902 5127">
    <p class='ocr_par' dir='ltr' id='par_1_51' title="bbox 323 5048 1902 5127">
     <span class='ocr_line' id='line_1_51' title="bbox 323 5048 1902 5127; baseline 0.007 -26"><span class='ocrx_word' id='word_1_342' title='bbox 323 5048 572 5101; x_wconf 76' lang='lat' dir='ltr'><strong>misimus</strong></span> <span class='ocrx_word' id='word_1_343' title='bbox 608 5063 706 5118; x_wconf 88' lang='lat' dir='ltr'><strong>per</strong></span> <span class='ocrx_word' id='word_1_344' title='bbox 728 5049 1087 5120; x_wconf 83' lang='lat' dir='ltr'><strong>Mulpentium</strong></span> <span class='ocrx_word' id='word_1_345' title='bbox 1116 5053 1372 5108; x_wconf 87' lang='lat' dir='ltr'><strong>devotum</strong></span> <span class='ocrx_word' id='word_1_346' title='bbox 1402 5056 1815 5127; x_wconf 86' lang='lat' dir='ltr'><strong>magistrianum</strong></span> <span class='ocrx_word' id='word_1_347' title='bbox 1847 5066 1902 5112; x_wconf 88' lang='lat' dir='ltr'><strong>et</strong></span> 
     </span>
    </p>
   </div>
   <div class='ocr_carea' id='block_1_52' title="bbox 318 5140 1894 5221">
    <p class='ocr_par' dir='ltr' id='par_1_52' title="bbox 318 5140 1894 5221">
     <span class='ocr_line' id='line_1_52' title="bbox 318 5140 1894 5221; baseline 0.008 -28"><span class='ocrx_word' id='word_1_348' title='bbox 318 5140 647 5208; x_wconf 88' lang='lat' dir='ltr'><strong>adjutorem,</strong></span> <span class='ocrx_word' id='word_1_349' title='bbox 672 5141 972 5207; x_wconf 87' lang='lat' dir='ltr'><strong>hortantes,</strong></span> <span class='ocrx_word' id='word_1_350' title='bbox 1002 5154 1062 5197; x_wconf 90' lang='lat' dir='ltr'><strong>ut</strong></span> <span class='ocrx_word' id='word_1_351' title='bbox 1083 5153 1267 5202; x_wconf 89' lang='lat' dir='ltr'><strong>coacta</strong></span> <span class='ocrx_word' id='word_1_352' title='bbox 1295 5162 1447 5202; x_wconf 89' lang='lat' dir='ltr'><strong>more</strong></span> <span class='ocrx_word' id='word_1_353' title='bbox 1476 5148 1636 5204; x_wconf 90' lang='lat' dir='ltr'><strong>solito</strong></span> <span class='ocrx_word' id='word_1_354' title='bbox 1669 5152 1894 5221; x_wconf 86' lang='lat' dir='ltr'><strong>synodo,</strong></span> 
     </span>
    </p>
   </div>
   <div class='ocr_carea' id='block_1_53' title="bbox 318 5228 1895 5309">
    <p class='ocr_par' dir='ltr' id='par_1_53' title="bbox 318 5228 1895 5309">
     <span class='ocr_line' id='line_1_53' title="bbox 318 5228 1895 5309; baseline 0.009 -28"><span class='ocrx_word' id='word_1_355' title='bbox 318 5228 387 5282; x_wconf 90' lang='lat' dir='ltr'><strong>de</strong></span> <span class='ocrx_word' id='word_1_356' title='bbox 417 5229 537 5282; x_wconf 91' lang='lat' dir='ltr'><strong>istis</strong></span> <span class='ocrx_word' id='word_1_357' title='bbox 571 5229 901 5285; x_wconf 91' lang='lat' dir='ltr'><strong>calamitosis</strong></span> <span class='ocrx_word' id='word_1_358' title='bbox 946 5231 1326 5290; x_wconf 81' lang='lat' dir='ltr'><strong>Alexandrinis</strong></span> <span class='ocrx_word' id='word_1_359' title='bbox 1351 5237 1616 5293; x_wconf 91' lang='lat' dir='ltr'><strong>canonice</strong></span> <span class='ocrx_word' id='word_1_360' title='bbox 1659 5240 1895 5309; x_wconf 80' lang='lat' dir='ltr'><strong>judices,</strong></span> 
     </span>
    </p>
   </div>
   <div class='ocr_carea' id='block_1_54' title="bbox 319 5322 1898 5398">
    <p class='ocr_par' dir='ltr' id='par_1_54' title="bbox 319 5322 1898 5398">
     <span class='ocr_line' id='line_1_54' title="bbox 319 5322 1898 5398; baseline 0.009 -25"><span class='ocrx_word' id='word_1_361' title='bbox 319 5328 378 5375; x_wconf 92' lang='lat' dir='ltr'><strong>ut</strong></span> <span class='ocrx_word' id='word_1_362' title='bbox 403 5322 671 5392; x_wconf 82' lang='lat' dir='ltr'><strong>depositio</strong></span> <span class='ocrx_word' id='word_1_363' title='bbox 696 5323 983 5395; x_wconf 90' lang='lat' dir='ltr'><strong>Theophili</strong></span> <span class='ocrx_word' id='word_1_364' title='bbox 1015 5329 1083 5382; x_wconf 90' lang='lat' dir='ltr'><strong>ab</strong></span> <span class='ocrx_word' id='word_1_365' title='bbox 1105 5328 1191 5383; x_wconf 89' lang='lat' dir='ltr'><strong>his</strong></span> <span class='ocrx_word' id='word_1_366' title='bbox 1213 5330 1325 5398; x_wconf 90' lang='lat' dir='ltr'><strong>jam</strong></span> <span class='ocrx_word' id='word_1_367' title='bbox 1354 5330 1512 5397; x_wconf 83' lang='lat' dir='ltr'><strong>facta,</strong></span> <span class='ocrx_word' id='word_1_368' title='bbox 1536 5333 1605 5387; x_wconf 89' lang='lat' dir='ltr'><strong>ab</strong></span> <span class='ocrx_word' id='word_1_369' title='bbox 1633 5330 1898 5389; x_wconf 90' lang='lat' dir='ltr'><strong>Occiden-</strong></span> 
     </span>
    </p>
   </div>
   <div class='ocr_carea' id='block_1_55' title="bbox 319 5410 1889 5492">
    <p class='ocr_par' dir='ltr' id='par_1_55' title="bbox 319 5410 1889 5492">
     <span class='ocr_line' id='line_1_55' title="bbox 319 5410 1889 5492; baseline 0.01 -27"><span class='ocrx_word' id='word_1_370' title='bbox 319 5410 517 5467; x_wconf 80' lang='lat' dir='ltr'><strong>talibus</strong></span> <span class='ocrx_word' id='word_1_371' title='bbox 570 5430 787 5485; x_wconf 89' lang='lat' dir='ltr'><strong>quoque</strong></span> <span class='ocrx_word' id='word_1_372' title='bbox 844 5418 1115 5489; x_wconf 89' lang='lat' dir='ltr'><strong>episcopis</strong></span> <span class='ocrx_word' id='word_1_373' title='bbox 1169 5422 1478 5492; x_wconf 89' lang='lat' dir='ltr'><strong>generalius</strong></span> <span class='ocrx_word' id='word_1_374' title='bbox 1540 5425 1889 5482; x_wconf 89' lang='lat' dir='ltr'><strong>decernatur.</strong></span> 
     </span>
    </p>
   </div>
   <div class='ocr_carea' id='block_1_56' title="bbox 314 5502 1894 5585">
    <p class='ocr_par' dir='ltr' id='par_1_56' title="bbox 314 5502 1894 5585">
     <span class='ocr_line' id='line_1_56' title="bbox 314 5502 1894 5585; baseline 0.011 -28"><span class='ocrx_word' id='word_1_375' title='bbox 314 5502 512 5559; x_wconf 75' lang='lat' dir='ltr'><strong>Nostro</strong></span> <span class='ocrx_word' id='word_1_376' title='bbox 537 5522 753 5577; x_wconf 92' lang='lat' dir='ltr'><strong>quoque</strong></span> <span class='ocrx_word' id='word_1_377' title='bbox 782 5508 933 5564; x_wconf 81' lang='lat' dir='ltr'><strong>fratri</strong></span> <span class='ocrx_word' id='word_1_378' title='bbox 960 5519 1014 5564; x_wconf 89' lang='lat' dir='ltr'><strong>et</strong></span> <span class='ocrx_word' id='word_1_379' title='bbox 1067 5516 1419 5584; x_wconf 85' lang='lat' dir='ltr'><strong>conregnanti</strong></span> <span class='ocrx_word' id='word_1_380' title='bbox 1464 5516 1725 5585; x_wconf 78' lang='lat' dir='ltr'><strong>Honorio,</strong></span> <span class='ocrx_word' id='word_1_381' title='bbox 1781 5520 1894 5583; x_wconf 87' lang='lat' dir='ltr'><strong>ﬁlio</strong></span> 
     </span>
    </p>
   </div>
   <div class='ocr_carea' id='block_1_57' title="bbox 314 5599 1891 5683">
    <p class='ocr_par' dir='ltr' id='par_1_57' title="bbox 314 5599 1891 5683">
     <span class='ocr_line' id='line_1_57' title="bbox 314 5599 1891 5683; baseline 0.012 -33"><span class='ocrx_word' id='word_1_382' title='bbox 314 5605 429 5659; x_wconf 89' lang='lat' dir='ltr'><strong>tuo,</strong></span> <span class='ocrx_word' id='word_1_383' title='bbox 463 5599 676 5669; x_wconf 86' lang='lat' dir='ltr'><strong>scripsi,</strong></span> <span class='ocrx_word' id='word_1_384' title='bbox 706 5610 768 5655; x_wconf 90' lang='lat' dir='ltr'><strong>ut</strong></span> <span class='ocrx_word' id='word_1_385' title='bbox 797 5609 851 5656; x_wconf 91' lang='lat' dir='ltr'><strong>te</strong></span> <span class='ocrx_word' id='word_1_386' title='bbox 879 5611 1030 5673; x_wconf 89' lang='lat' dir='ltr'><strong>roget</strong></span> <span class='ocrx_word' id='word_1_387' title='bbox 1055 5619 1163 5674; x_wconf 92' lang='lat' dir='ltr'><strong>quo</strong></span> <span class='ocrx_word' id='word_1_388' title='bbox 1193 5606 1454 5662; x_wconf 89' lang='lat' dir='ltr'><strong>libentius</strong></span> <span class='ocrx_word' id='word_1_389' title='bbox 1485 5609 1589 5665; x_wconf 92' lang='lat' dir='ltr'><strong>hoe</strong></span> <span class='ocrx_word' id='word_1_390' title='bbox 1634 5612 1891 5683; x_wconf 86' lang='lat' dir='ltr'><strong>nullaque</strong></span> 
     </span>
    </p>
   </div>
   <div class='ocr_carea' id='block_1_58' title="bbox 311 5687 1888 5771">
    <p class='ocr_par' dir='ltr' id='par_1_58' title="bbox 311 5687 1888 5771">
     <span class='ocr_line' id='line_1_58' title="bbox 311 5687 1888 5771; baseline 0.012 -29"><span class='ocrx_word' id='word_1_391' title='bbox 311 5687 631 5760; x_wconf 88' lang='lat' dir='ltr'><strong>interposita</strong></span> <span class='ocrx_word' id='word_1_392' title='bbox 660 5708 812 5747; x_wconf 89' lang='lat' dir='ltr'><strong>mora</strong></span> <span class='ocrx_word' id='word_1_393' title='bbox 844 5695 1111 5764; x_wconf 88' lang='lat' dir='ltr'><strong>perﬁcias.</strong></span> <span class='ocrx_word' id='word_1_394' title='bbox 1145 5696 1315 5769; x_wconf 85' lang='lat' dir='ltr'><strong>Igitur</strong></span> <span class='ocrx_word' id='word_1_395' title='bbox 1343 5715 1459 5766; x_wconf 88' lang='lat' dir='ltr'><strong>eos,</strong></span> <span class='ocrx_word' id='word_1_396' title='bbox 1487 5702 1581 5771; x_wconf 90' lang='lat' dir='ltr'><strong>qui</strong></span> <span class='ocrx_word' id='word_1_397' title='bbox 1627 5706 1888 5761; x_wconf 83' lang='lat' dir='ltr'><strong>sanctita-</strong></span> 
     </span>
    </p>
   </div>
   <div class='ocr_carea' id='block_1_59' title="bbox 378 5872 924 5950">
    <p class='ocr_par' dir='ltr' id='par_1_59' title="bbox 378 5872 924 5950">
     <span class='ocr_line' id='line_1_59' title="bbox 378 5872 924 5950; baseline 0.011 -23"><span class='ocrx_word' id='word_1_398' title='bbox 378 5872 450 5945; x_wconf 71' lang='grc' dir='ltr'><strong>(ὁ)</strong></span> <span class='ocrx_word' id='word_1_399' title='bbox 478 5874 612 5932; x_wconf 81' lang='lat' dir='ltr'><strong>Cod.</strong></span> <span class='ocrx_word' id='word_1_400' title='bbox 645 5878 924 5950; x_wconf 79' lang='grc' dir='ltr'><strong>τυράννια.</strong></span> 
     </span>
    </p>
   </div>
   <div class='ocr_carea' id='block_1_60' title="bbox 546 5987 1273 6057">
    <p class='ocr_par' dir='ltr' id='par_1_60' title="bbox 546 5987 1273 6057">
     <span class='ocr_line' id='line_1_60' title="bbox 546 5987 1273 6057; baseline 0.012 -9"><span class='ocrx_word' id='word_1_401' title='bbox 546 5987 818 6053; x_wconf 73' lang='grc' dir='ltr'><strong>ΡΑτιιοι.</strong></span> <span class='ocrx_word' id='word_1_402' title='bbox 860 5994 951 6054; x_wconf 85' lang='lat' dir='ltr'><strong>Gn</strong></span> <span class='ocrx_word' id='word_1_403' title='bbox 1021 5996 1273 6057; x_wconf 75' lang='lat' dir='ltr'><strong>XLVII.</strong></span> 
     </span>
    </p>
   </div>
   <div class='ocr_carea' id='block_1_61' title="bbox 1163 416 2857 492">
    <p class='ocr_par' dir='ltr' id='par_1_61' title="bbox 1163 416 2857 492">
     <span class='ocr_line' id='line_1_61' title="bbox 1163 416 2857 492; baseline 0.012 -20"><span class='ocrx_word' id='word_1_404' title='bbox 1163 416 1253 472; x_wconf 81' lang='lat' dir='ltr'><strong>DE</strong></span> <span class='ocrx_word' id='word_1_405' title='bbox 1288 418 1452 474; x_wconf 76' lang='lat' dir='ltr'><strong>VITA</strong></span> <span class='ocrx_word' id='word_1_406' title='bbox 1489 419 1577 474; x_wconf 88' lang='lat' dir='ltr'><strong>ET</strong></span> <span class='ocrx_word' id='word_1_407' title='bbox 1617 420 1893 479; x_wconf 80' lang='lat' dir='ltr'><strong>EXSILIO</strong></span> <span class='ocrx_word' id='word_1_408' title='bbox 1929 423 1985 481; x_wconf 75' lang='grc' dir='ltr'><strong>ὃ.</strong></span> <span class='ocrx_word' id='word_1_409' title='bbox 2030 423 2319 486; x_wconf 82' lang='lat' dir='ltr'><strong>JOANNIS</strong></span> <span class='ocrx_word' id='word_1_410' title='bbox 2354 429 2857 492; x_wconf 75' lang='lat' dir='ltr'><strong>CHRYSOSTOMI.</strong></span> 
     </span>
    </p>
   </div>
   <div class='ocr_carea' id='block_1_62' title="bbox 3519 462 3644 503">
    <p class='ocr_par' dir='ltr' id='par_1_62' title="bbox 3519 462 3644 503">
     <span class='ocr_line' id='line_1_62' title="bbox 3519 462 3644 503; baseline -0.008 0"><span class='ocrx_word' id='word_1_411' title='bbox 3519 462 3644 503; x_wconf 70' lang='grc' dir='ltr'><strong>ιινι</strong></span> 
     </span>
    </p>
   </div>
   <div class='ocr_carea' id='block_1_63' title="bbox 2078 552 3653 637">
    <p class='ocr_par' dir='ltr' id='par_1_63' title="bbox 2078 552 3653 637">
     <span class='ocr_line' id='line_1_63' title="bbox 2078 552 3653 637; baseline 0.017 -38"><span class='ocrx_word' id='word_1_412' title='bbox 2078 552 2184 601; x_wconf 91' lang='lat' dir='ltr'><strong>tem</strong></span> <span class='ocrx_word' id='word_1_413' title='bbox 2215 556 2361 604; x_wconf 90' lang='lat' dir='ltr'><strong>tuam</strong></span> <span class='ocrx_word' id='word_1_414' title='bbox 2399 554 2830 623; x_wconf 85' lang='lat' dir='ltr'><strong>appellaverunt,</strong></span> <span class='ocrx_word' id='word_1_415' title='bbox 2868 558 3082 630; x_wconf 59' lang='lat' dir='ltr'><strong>{Egypti</strong></span> <span class='ocrx_word' id='word_1_416' title='bbox 3123 568 3178 617; x_wconf 91' lang='lat' dir='ltr'><strong>ct</strong></span> <span class='ocrx_word' id='word_1_417' title='bbox 3226 561 3405 637; x_wconf 69' lang='lat' dir='ltr'><strong>Libya:</strong></span> <span class='ocrx_word' id='word_1_418' title='bbox 3436 569 3653 637; x_wconf 82' lang='lat' dir='ltr'><strong>episco-</strong></span> 
     </span>
    </p>
   </div>
   <div class='ocr_carea' id='block_1_64' title="bbox 2072 643 3650 730">
    <p class='ocr_par' dir='ltr' id='par_1_64' title="bbox 2072 643 3650 730">
     <span class='ocr_line' id='line_1_64' title="bbox 2072 643 3650 730; baseline 0.015 -38"><span class='ocrx_word' id='word_1_419' title='bbox 2072 654 2192 708; x_wconf 92' lang='lat' dir='ltr'><strong>pos,</strong></span> <span class='ocrx_word' id='word_1_420' title='bbox 2228 652 2283 696; x_wconf 94' lang='lat' dir='ltr'><strong>et</strong></span> <span class='ocrx_word' id='word_1_421' title='bbox 2306 643 2662 702; x_wconf 77' lang='lat' dir='ltr'><strong>Alexandrini</strong></span> <span class='ocrx_word' id='word_1_422' title='bbox 2688 648 2820 704; x_wconf 91' lang='lat' dir='ltr'><strong>cleri</strong></span> <span class='ocrx_word' id='word_1_423' title='bbox 2856 650 3114 721; x_wconf 84' lang='lat' dir='ltr'><strong>reliquos,</strong></span> <span class='ocrx_word' id='word_1_424' title='bbox 3170 656 3465 712; x_wconf 90' lang='lat' dir='ltr'><strong>transmitti</strong></span> <span class='ocrx_word' id='word_1_425' title='bbox 3509 660 3650 730; x_wconf 87' lang='lat' dir='ltr'><strong>jussi</strong></span> 
     </span>
    </p>
   </div>
   <div class='ocr_carea' id='block_1_65' title="bbox 2072 733 3652 825">
    <p class='ocr_par' dir='ltr' id='par_1_65' title="bbox 2072 733 3652 825">
     <span class='ocr_line' id='line_1_65' title="bbox 2072 733 3652 825; baseline 0.014 -38"><span class='ocrx_word' id='word_1_426' title='bbox 2072 733 2139 788; x_wconf 91' lang='lat' dir='ltr'><strong>ad</strong></span> <span class='ocrx_word' id='word_1_427' title='bbox 2170 735 2310 793; x_wconf 91' lang='lat' dir='ltr'><strong>hanc</strong></span> <span class='ocrx_word' id='word_1_428' title='bbox 2348 741 2549 807; x_wconf 80' lang='lat' dir='ltr'><strong>regiam</strong></span> <span class='ocrx_word' id='word_1_429' title='bbox 2586 743 2800 809; x_wconf 90' lang='lat' dir='ltr'><strong>urbem,</strong></span> <span class='ocrx_word' id='word_1_430' title='bbox 2848 755 2908 799; x_wconf 89' lang='lat' dir='ltr'><strong>ut</strong></span> <span class='ocrx_word' id='word_1_431' title='bbox 2955 746 3332 806; x_wconf 90' lang='lat' dir='ltr'><strong>demonstrent</strong></span> <span class='ocrx_word' id='word_1_432' title='bbox 3381 768 3501 822; x_wconf 80' lang='lat' dir='ltr'><strong>quae</strong></span> <span class='ocrx_word' id='word_1_433' title='bbox 3548 753 3652 825; x_wconf 91' lang='lat' dir='ltr'><strong>ipsi</strong></span> 
     </span>
    </p>
   </div>
   <div class='ocr_carea' id='block_1_66' title="bbox 2070 830 3650 901">
    <p class='ocr_par' dir='ltr' id='par_1_66' title="bbox 2070 830 3650 901">
     <span class='ocr_line' id='line_1_66' title="bbox 2070 830 3650 901; baseline 0.013 -21"><span class='ocrx_word' id='word_1_434' title='bbox 2070 835 2333 884; x_wconf 89' lang='lat' dir='ltr'><strong>oretenus</strong></span> <span class='ocrx_word' id='word_1_435' title='bbox 2355 830 2513 885; x_wconf 93' lang='lat' dir='ltr'><strong>aiunt</strong></span> <span class='ocrx_word' id='word_1_436' title='bbox 2538 833 2985 892; x_wconf 87' lang='lat' dir='ltr'><strong>irrationabiliter</strong></span> <span class='ocrx_word' id='word_1_437' title='bbox 3011 848 3132 895; x_wconf 90' lang='lat' dir='ltr'><strong>acta</strong></span> <span class='ocrx_word' id='word_1_438' title='bbox 3156 840 3326 897; x_wconf 87' lang='lat' dir='ltr'><strong>fuisse</strong></span> <span class='ocrx_word' id='word_1_439' title='bbox 3356 862 3369 898; x_wconf 90' lang='lat'><strong>:</strong></span> <span class='ocrx_word' id='word_1_440' title='bbox 3400 859 3504 900; x_wconf 91' lang='lat' dir='ltr'><strong>nec</strong></span> <span class='ocrx_word' id='word_1_441' title='bbox 3537 862 3650 901; x_wconf 85' lang='lat' dir='ltr'><strong>non</strong></span> 
     </span>
    </p>
   </div>
   <div class='ocr_carea' id='block_1_67' title="bbox 2069 919 3644 1008">
    <p class='ocr_par' dir='ltr' id='par_1_67' title="bbox 2069 919 3644 1008">
     <span class='ocr_line' id='line_1_67' title="bbox 2069 919 3644 1008; baseline 0.015 -37"><span class='ocrx_word' id='word_1_442' title='bbox 2069 927 2126 972; x_wconf 91' lang='lat' dir='ltr'><strong>et</strong></span> <span class='ocrx_word' id='word_1_443' title='bbox 2153 919 2323 990; x_wconf 90' lang='lat' dir='ltr'><strong>ipsam</strong></span> <span class='ocrx_word' id='word_1_444' title='bbox 2351 922 2707 993; x_wconf 85' lang='lat' dir='ltr'><strong>Theodotem,</strong></span> <span class='ocrx_word' id='word_1_445' title='bbox 2729 945 2851 998; x_wconf 63' lang='lat' dir='ltr'><strong>quae</strong></span> <span class='ocrx_word' id='word_1_446' title='bbox 2882 932 3046 989; x_wconf 89' lang='lat' dir='ltr'><strong>totius</strong></span> <span class='ocrx_word' id='word_1_447' title='bbox 3074 934 3152 989; x_wconf 87' lang='lat' dir='ltr'><strong>rei</strong></span> <span class='ocrx_word' id='word_1_448' title='bbox 3177 935 3441 1008; x_wconf 78' lang='lat' dir='ltr'><strong>originem</strong></span> <span class='ocrx_word' id='word_1_449' title='bbox 3471 941 3644 995; x_wconf 90' lang='lat' dir='ltr'><strong>novit.</strong></span> 
     </span>
    </p>
   </div>
   <div class='ocr_carea' id='block_1_68' title="bbox 2065 1009 3648 1104">
    <p class='ocr_par' dir='ltr' id='par_1_68' title="bbox 2065 1009 3648 1104">
     <span class='ocr_line' id='line_1_68' title="bbox 2065 1009 3648 1104; baseline 0.015 -39"><span class='ocrx_word' id='word_1_450' title='bbox 2065 1009 2199 1066; x_wconf 89' lang='lat' dir='ltr'><strong>Nam</strong></span> <span class='ocrx_word' id='word_1_451' title='bbox 2234 1015 2280 1068; x_wconf 92' lang='lat' dir='ltr'><strong>si</strong></span> <span class='ocrx_word' id='word_1_452' title='bbox 2309 1015 2535 1072; x_wconf 89' lang='lat' dir='ltr'><strong>collecta</strong></span> <span class='ocrx_word' id='word_1_453' title='bbox 2573 1020 2872 1076; x_wconf 87' lang='lat' dir='ltr'><strong>secundum</strong></span> <span class='ocrx_word' id='word_1_454' title='bbox 2904 1024 3073 1079; x_wconf 92' lang='lat' dir='ltr'><strong>Deum</strong></span> <span class='ocrx_word' id='word_1_455' title='bbox 3102 1029 3343 1098; x_wconf 88' lang='lat' dir='ltr'><strong>synodus</strong></span> <span class='ocrx_word' id='word_1_456' title='bbox 3378 1046 3478 1100; x_wconf 84' lang='lat' dir='ltr'><strong>per</strong></span> <span class='ocrx_word' id='word_1_457' title='bbox 3501 1032 3648 1104; x_wconf 86' lang='lat' dir='ltr'><strong>lega-</strong></span> 
     </span>
    </p>
   </div>
   <div class='ocr_carea' id='block_1_69' title="bbox 2068 1108 3642 1191">
    <p class='ocr_par' dir='ltr' id='par_1_69' title="bbox 2068 1108 3642 1191">
     <span class='ocr_line' id='line_1_69' title="bbox 2068 1108 3642 1191; baseline 0.017 -37"><span class='ocrx_word' id='word_1_458' title='bbox 2068 1108 2152 1155; x_wconf 92' lang='lat' dir='ltr'><strong>tos</strong></span> <span class='ocrx_word' id='word_1_459' title='bbox 2216 1110 2375 1173; x_wconf 91' lang='lat' dir='ltr'><strong>tuos,</strong></span> <span class='ocrx_word' id='word_1_460' title='bbox 2429 1109 2670 1165; x_wconf 88' lang='lat' dir='ltr'><strong>evidenti</strong></span> <span class='ocrx_word' id='word_1_461' title='bbox 2739 1111 3206 1172; x_wconf 87' lang='lat' dir='ltr'><strong>demonstratione</strong></span> <span class='ocrx_word' id='word_1_462' title='bbox 3274 1124 3642 1191; x_wconf 87' lang='lat' dir='ltr'><strong>compererit,</strong></span> 
     </span>
    </p>
   </div>
   <div class='ocr_carea' id='block_1_70' title="bbox 2067 1190 3645 1278">
    <p class='ocr_par' dir='ltr' id='par_1_70' title="bbox 2067 1190 3645 1278">
     <span class='ocr_line' id='line_1_70' title="bbox 2067 1190 3645 1278; baseline 0.016 -33"><span class='ocrx_word' id='word_1_463' title='bbox 2067 1190 2430 1264; x_wconf 87' lang='lat' dir='ltr'><strong>Theophilum</strong></span> <span class='ocrx_word' id='word_1_464' title='bbox 2459 1199 2565 1257; x_wconf 90' lang='lat' dir='ltr'><strong>hoc</strong></span> <span class='ocrx_word' id='word_1_465' title='bbox 2587 1216 2774 1257; x_wconf 87' lang='lat' dir='ltr'><strong>errore</strong></span> <span class='ocrx_word' id='word_1_466' title='bbox 2812 1219 2934 1259; x_wconf 89' lang='lat' dir='ltr'><strong>esse</strong></span> <span class='ocrx_word' id='word_1_467' title='bbox 2966 1207 3301 1278; x_wconf 88' lang='lat' dir='ltr'><strong>prolapsum,</strong></span> <span class='ocrx_word' id='word_1_468' title='bbox 3338 1190 3405 1267; x_wconf 90' lang='lat' dir='ltr'><strong>is</strong></span> <span class='ocrx_word' id='word_1_469' title='bbox 3436 1215 3645 1270; x_wconf 89' lang='lat' dir='ltr'><strong>nullam</strong></span> 
     </span>
    </p>
   </div>
   <div class='ocr_carea' id='block_1_71' title="bbox 2063 1285 3645 1367">
    <p class='ocr_par' dir='ltr' id='par_1_71' title="bbox 2063 1285 3645 1367">
     <span class='ocr_line' id='line_1_71' title="bbox 2063 1285 3645 1367; baseline 0.015 -28"><span class='ocrx_word' id='word_1_470' title='bbox 2063 1285 2437 1346; x_wconf 84' lang='lat' dir='ltr'><strong>defensionem</strong></span> <span class='ocrx_word' id='word_1_471' title='bbox 2463 1300 2560 1347; x_wconf 92' lang='lat' dir='ltr'><strong>aut</strong></span> <span class='ocrx_word' id='word_1_472' title='bbox 2586 1297 2995 1352; x_wconf 89' lang='lat' dir='ltr'><strong>excusationem</strong></span> <span class='ocrx_word' id='word_1_473' title='bbox 3025 1285 3333 1367; x_wconf 71' lang='lat' dir='ltr'><strong>habiturus,</strong></span> <span class='ocrx_word' id='word_1_474' title='bbox 3364 1303 3432 1359; x_wconf 92' lang='lat' dir='ltr'><strong>de</strong></span> <span class='ocrx_word' id='word_1_475' title='bbox 3462 1321 3645 1362; x_wconf 87' lang='lat' dir='ltr'><strong>sacer-</strong></span> 
     </span>
    </p>
   </div>
   <div class='ocr_carea' id='block_1_72' title="bbox 2062 1385 3644 1474">
    <p class='ocr_par' dir='ltr' id='par_1_72' title="bbox 2062 1385 3644 1474">
     <span class='ocr_line' id='line_1_72' title="bbox 2062 1385 3644 1474; baseline 0.013 -35"><span class='ocrx_word' id='word_1_476' title='bbox 2062 1385 2211 1440; x_wconf 89' lang='lat' dir='ltr'><strong>dotio</strong></span> <span class='ocrx_word' id='word_1_477' title='bbox 2239 1403 2271 1443; x_wconf 91' lang='lat' dir='ltr'><strong>a</strong></span> <span class='ocrx_word' id='word_1_478' title='bbox 2302 1389 2458 1444; x_wconf 89' lang='lat' dir='ltr'><strong>vobis</strong></span> <span class='ocrx_word' id='word_1_479' title='bbox 2481 1392 2745 1462; x_wconf 77' lang='lat' dir='ltr'><strong>deiectus,</strong></span> <span class='ocrx_word' id='word_1_480' title='bbox 2782 1410 2906 1451; x_wconf 93' lang='lat' dir='ltr'><strong>cum</strong></span> <span class='ocrx_word' id='word_1_481' title='bbox 2952 1397 3131 1467; x_wconf 73' lang='lat' dir='ltr'><strong>pomis</strong></span> <span class='ocrx_word' id='word_1_482' title='bbox 3177 1398 3317 1465; x_wconf 89' lang='lat' dir='ltr'><strong>aliis,</strong></span> <span class='ocrx_word' id='word_1_483' title='bbox 3371 1402 3644 1474; x_wconf 88' lang='lat' dir='ltr'><strong>reliquum</strong></span> 
     </span>
    </p>
   </div>
   <div class='ocr_carea' id='block_1_73' title="bbox 2061 1482 3641 1567">
    <p class='ocr_par' dir='ltr' id='par_1_73' title="bbox 2061 1482 3641 1567">
     <span class='ocr_line' id='line_1_73' title="bbox 2061 1482 3641 1567; baseline 0.013 -31"><span class='ocrx_word' id='word_1_484' title='bbox 2061 1482 2187 1539; x_wconf 71' lang='lat' dir='ltr'><strong>vita:</strong></span> <span class='ocrx_word' id='word_1_485' title='bbox 2210 1500 2322 1541; x_wconf 65' lang='lat' dir='ltr'><strong>suae</strong></span> <span class='ocrx_word' id='word_1_486' title='bbox 2346 1494 2563 1559; x_wconf 85' lang='lat' dir='ltr'><strong>tempus</strong></span> <span class='ocrx_word' id='word_1_487' title='bbox 2585 1490 2766 1563; x_wconf 80' lang='lat' dir='ltr'><strong>exiget</strong></span> <span class='ocrx_word' id='word_1_488' title='bbox 2789 1533 2805 1559; x_wconf 91' lang='lat'><strong>,</strong></span> <span class='ocrx_word' id='word_1_489' title='bbox 2835 1493 3187 1565; x_wconf 90' lang='lat' dir='ltr'><strong>divinamque</strong></span> <span class='ocrx_word' id='word_1_490' title='bbox 3236 1497 3441 1567; x_wconf 88' lang='lat' dir='ltr'><strong>pariter</strong></span> <span class='ocrx_word' id='word_1_491' title='bbox 3475 1500 3641 1555; x_wconf 88' lang='lat' dir='ltr'><strong>ultio-</strong></span> 
     </span>
    </p>
   </div>
   <div class='ocr_carea' id='block_1_74' title="bbox 2058 1587 3639 1663">
    <p class='ocr_par' dir='ltr' id='par_1_74' title="bbox 2058 1587 3639 1663">
     <span class='ocr_line' id='line_1_74' title="bbox 2058 1587 3639 1663; baseline 0.012 -29"><span class='ocrx_word' id='word_1_492' title='bbox 2058 1595 2187 1634; x_wconf 89' lang='lat' dir='ltr'><strong>nem</strong></span> <span class='ocrx_word' id='word_1_493' title='bbox 2224 1592 2413 1652; x_wconf 88' lang='lat' dir='ltr'><strong>postea</strong></span> <span class='ocrx_word' id='word_1_494' title='bbox 2440 1587 2773 1656; x_wconf 82' lang='lat' dir='ltr'><strong>experietur,</strong></span> <span class='ocrx_word' id='word_1_495' title='bbox 2806 1600 3095 1660; x_wconf 86' lang='lat' dir='ltr'><strong>propterea</strong></span> <span class='ocrx_word' id='word_1_496' title='bbox 3128 1593 3273 1663; x_wconf 88' lang='lat' dir='ltr'><strong>quod</strong></span> <span class='ocrx_word' id='word_1_497' title='bbox 3320 1610 3408 1650; x_wconf 90' lang='lat' dir='ltr'><strong>res</strong></span> <span class='ocrx_word' id='word_1_498' title='bbox 3436 1596 3639 1652; x_wconf 86' lang='lat' dir='ltr'><strong>decen-</strong></span> 
     </span>
    </p>
   </div>
   <div class='ocr_carea' id='block_1_75' title="bbox 2061 1678 3634 1764">
    <p class='ocr_par' dir='ltr' id='par_1_75' title="bbox 2061 1678 3634 1764">
     <span class='ocr_line' id='line_1_75' title="bbox 2061 1678 3634 1764; baseline 0.011 -32"><span class='ocrx_word' id='word_1_499' title='bbox 2061 1686 2142 1732; x_wconf 87' lang='lat' dir='ltr'><strong>tes</strong></span> <span class='ocrx_word' id='word_1_500' title='bbox 2173 1678 2492 1737; x_wconf 89' lang='lat' dir='ltr'><strong>indecenter</strong></span> <span class='ocrx_word' id='word_1_501' title='bbox 2529 1686 3027 1744; x_wconf 89' lang='lat' dir='ltr'><strong>commaculaverit.</strong></span> <span class='ocrx_word' id='word_1_502' title='bbox 3074 1689 3392 1761; x_wconf 87' lang='lat' dir='ltr'><strong>Dignaberis</strong></span> <span class='ocrx_word' id='word_1_503' title='bbox 3419 1690 3634 1764; x_wconf 84' lang='lat' dir='ltr'><strong>itaque,</strong></span> 
     </span>
    </p>
   </div>
   <div class='ocr_carea' id='block_1_76' title="bbox 2056 1776 3638 1862">
    <p class='ocr_par' dir='ltr' id='par_1_76' title="bbox 2056 1776 3638 1862">
     <span class='ocr_line' id='line_1_76' title="bbox 2056 1776 3638 1862; baseline 0.011 -30"><span class='ocrx_word' id='word_1_504' title='bbox 2056 1776 2343 1835; x_wconf 89' lang='lat' dir='ltr'><strong>benedicte</strong></span> <span class='ocrx_word' id='word_1_505' title='bbox 2368 1782 2549 1849; x_wconf 89' lang='lat' dir='ltr'><strong>Pater,</strong></span> <span class='ocrx_word' id='word_1_506' title='bbox 2583 1785 2652 1840; x_wconf 86' lang='lat' dir='ltr'><strong>ad</strong></span> <span class='ocrx_word' id='word_1_507' title='bbox 2682 1786 2972 1858; x_wconf 85' lang='lat' dir='ltr'><strong>episcopos</strong></span> <span class='ocrx_word' id='word_1_508' title='bbox 3022 1788 3081 1843; x_wconf 88' lang='lat' dir='ltr'><strong>in</strong></span> <span class='ocrx_word' id='word_1_509' title='bbox 3129 1791 3359 1862; x_wconf 75' lang='lat' dir='ltr'><strong>singulis</strong></span> <span class='ocrx_word' id='word_1_510' title='bbox 3409 1793 3638 1852; x_wconf 83' lang='lat' dir='ltr'><strong>urbibus</strong></span> 
     </span>
    </p>
   </div>
   <div class='ocr_carea' id='block_1_77' title="bbox 2055 1875 3634 1958">
    <p class='ocr_par' dir='ltr' id='par_1_77' title="bbox 2055 1875 3634 1958">
     <span class='ocr_line' id='line_1_77' title="bbox 2055 1875 3634 1958; baseline 0.012 -29"><span class='ocrx_word' id='word_1_511' title='bbox 2055 1875 2121 1930; x_wconf 91' lang='lat' dir='ltr'><strong>de</strong></span> <span class='ocrx_word' id='word_1_512' title='bbox 2149 1891 2300 1932; x_wconf 90' lang='lat' dir='ltr'><strong>more</strong></span> <span class='ocrx_word' id='word_1_513' title='bbox 2342 1877 2605 1949; x_wconf 79' lang='lat' dir='ltr'><strong>degentes</strong></span> <span class='ocrx_word' id='word_1_514' title='bbox 2658 1883 2918 1949; x_wconf 88' lang='lat' dir='ltr'><strong>scribere,</strong></span> <span class='ocrx_word' id='word_1_515' title='bbox 2953 1892 3014 1940; x_wconf 90' lang='lat' dir='ltr'><strong>ut</strong></span> <span class='ocrx_word' id='word_1_516' title='bbox 3063 1887 3204 1942; x_wconf 87' lang='lat' dir='ltr'><strong>istuc</strong></span> <span class='ocrx_word' id='word_1_517' title='bbox 3263 1890 3634 1958; x_wconf 87' lang='lat' dir='ltr'><strong>conveniant,</strong></span> 
     </span>
    </p>
   </div>
   <div class='ocr_carea' id='block_1_78' title="bbox 2054 1981 3635 2063">
    <p class='ocr_par' dir='ltr' id='par_1_78' title="bbox 2054 1981 3635 2063">
     <span class='ocr_line' id='line_1_78' title="bbox 2054 1981 3635 2063; baseline 0.013 -32"><span class='ocrx_word' id='word_1_518' title='bbox 2054 1993 2161 2033; x_wconf 88' lang='lat' dir='ltr'><strong>una</strong></span> <span class='ocrx_word' id='word_1_519' title='bbox 2187 1994 2314 2034; x_wconf 91' lang='lat' dir='ltr'><strong>cum</strong></span> <span class='ocrx_word' id='word_1_520' title='bbox 2348 1981 2487 2048; x_wconf 94' lang='lat' dir='ltr'><strong>illis,</strong></span> <span class='ocrx_word' id='word_1_521' title='bbox 2528 1999 2665 2053; x_wconf 91' lang='lat' dir='ltr'><strong>quos</strong></span> <span class='ocrx_word' id='word_1_522' title='bbox 2718 1993 2777 2041; x_wconf 95' lang='lat' dir='ltr'><strong>tu</strong></span> <span class='ocrx_word' id='word_1_523' title='bbox 2833 1988 3183 2058; x_wconf 88' lang='lat' dir='ltr'><strong>deputaveris</strong></span> <span class='ocrx_word' id='word_1_524' title='bbox 3234 1992 3427 2063; x_wconf 84' lang='lat' dir='ltr'><strong>legatis</strong></span> <span class='ocrx_word' id='word_1_525' title='bbox 3479 1996 3635 2063; x_wconf 80' lang='lat' dir='ltr'><strong>tuis;</strong></span> 
     </span>
    </p>
   </div>
   <div class='ocr_carea' id='block_1_79' title="bbox 2050 2082 3631 2164">
    <p class='ocr_par' dir='ltr' id='par_1_79' title="bbox 2050 2082 3631 2164">
     <span class='ocr_line' id='line_1_79' title="bbox 2050 2082 3631 2164; baseline 0.013 -32"><span class='ocrx_word' id='word_1_526' title='bbox 2050 2093 2229 2150; x_wconf 91' lang='lat' dir='ltr'><strong>neque</strong></span> <span class='ocrx_word' id='word_1_527' title='bbox 2260 2082 2410 2136; x_wconf 87' lang='lat' dir='ltr'><strong>enim</strong></span> <span class='ocrx_word' id='word_1_528' title='bbox 2452 2083 2598 2141; x_wconf 89' lang='lat' dir='ltr'><strong>hanc</strong></span> <span class='ocrx_word' id='word_1_529' title='bbox 2622 2101 2738 2141; x_wconf 91' lang='lat' dir='ltr'><strong>rem</strong></span> <span class='ocrx_word' id='word_1_530' title='bbox 2782 2087 3248 2147; x_wconf 86' lang='lat' dir='ltr'><strong>inconsideratam</strong></span> <span class='ocrx_word' id='word_1_531' title='bbox 3277 2103 3441 2164; x_wconf 88' lang='lat' dir='ltr'><strong>atque</strong></span> <span class='ocrx_word' id='word_1_532' title='bbox 3470 2095 3631 2152; x_wconf 83' lang='lat' dir='ltr'><strong>inex-</strong></span> 
     </span>
    </p>
   </div>
   <div class='ocr_carea' id='block_1_80' title="bbox 2050 2180 3635 2265">
    <p class='ocr_par' dir='ltr' id='par_1_80' title="bbox 2050 2180 3635 2265">
     <span class='ocr_line' id='line_1_80' title="bbox 2050 2180 3635 2265; baseline 0.013 -32"><span class='ocrx_word' id='word_1_533' title='bbox 2050 2180 2317 2250; x_wconf 89' lang='lat' dir='ltr'><strong>ploratam</strong></span> <span class='ocrx_word' id='word_1_534' title='bbox 2340 2198 2461 2238; x_wconf 88' lang='lat' dir='ltr'><strong>esse</strong></span> <span class='ocrx_word' id='word_1_535' title='bbox 2488 2187 2780 2256; x_wconf 89' lang='lat' dir='ltr'><strong>patiemur.</strong></span> <span class='ocrx_word' id='word_1_536' title='bbox 2818 2209 2837 2239; x_wconf 77' lang='grc' dir='ltr'><strong>ι</strong></span> <span class='ocrx_word' id='word_1_537' title='bbox 2873 2189 3049 2245; x_wconf 80' lang='lat' dir='ltr'><strong>Fratri</strong></span> <span class='ocrx_word' id='word_1_538' title='bbox 3085 2208 3302 2265; x_wconf 92' lang='lat' dir='ltr'><strong>quoque</strong></span> <span class='ocrx_word' id='word_1_539' title='bbox 3323 2211 3423 2252; x_wconf 89' lang='lat' dir='ltr'><strong>suo</strong></span> <span class='ocrx_word' id='word_1_540' title='bbox 3446 2197 3635 2253; x_wconf 82' lang='lat' dir='ltr'><strong>Hono-</strong></span> 
     </span>
    </p>
   </div>
   <div class='ocr_carea' id='block_1_81' title="bbox 2049 2282 3632 2367">
    <p class='ocr_par' dir='ltr' id='par_1_81' title="bbox 2049 2282 3632 2367">
     <span class='ocr_line' id='line_1_81' title="bbox 2049 2282 3632 2367; baseline 0.013 -31"><span class='ocrx_word' id='word_1_541' title='bbox 2049 2282 2136 2336; x_wconf 89' lang='lat' dir='ltr'><strong>rio</strong></span> <span class='ocrx_word' id='word_1_542' title='bbox 2188 2282 2374 2337; x_wconf 85' lang='lat' dir='ltr'><strong>scribit</strong></span> <span class='ocrx_word' id='word_1_543' title='bbox 2404 2285 2671 2343; x_wconf 84' lang='lat' dir='ltr'><strong>Arcadius</strong></span> <span class='ocrx_word' id='word_1_544' title='bbox 2719 2290 2838 2346; x_wconf 68' lang='lat' dir='ltr'><strong>haec</strong></span> <span class='ocrx_word' id='word_1_545' title='bbox 2871 2308 2885 2346; x_wconf 89' lang='lat'><strong><em>:</em></strong></span> <span class='ocrx_word' id='word_1_546' title='bbox 2922 2314 2940 2345; x_wconf 74' lang='grc' dir='ltr'><strong>ε</strong></span> <span class='ocrx_word' id='word_1_547' title='bbox 2970 2291 3423 2367; x_wconf 83' lang='lat' dir='ltr'><strong>Quandoquidem</strong></span> <span class='ocrx_word' id='word_1_548' title='bbox 3469 2301 3632 2356; x_wconf 79' lang='lat' dir='ltr'><strong>nobis</strong></span> 
     </span>
    </p>
   </div>
   <div class='ocr_carea' id='block_1_82' title="bbox 2047 2383 3632 2472">
    <p class='ocr_par' dir='ltr' id='par_1_82' title="bbox 2047 2383 3632 2472">
     <span class='ocr_line' id='line_1_82' title="bbox 2047 2383 3632 2472; baseline 0.013 -35"><span class='ocrx_word' id='word_1_549' title='bbox 2047 2383 2188 2438; x_wconf 89' lang='lat' dir='ltr'><strong>circa</strong></span> <span class='ocrx_word' id='word_1_550' title='bbox 2214 2400 2302 2441; x_wconf 89' lang='lat' dir='ltr'><strong>res</strong></span> <span class='ocrx_word' id='word_1_551' title='bbox 2322 2386 2561 2458; x_wconf 88' lang='lat' dir='ltr'><strong>imperii,</strong></span> <span class='ocrx_word' id='word_1_552' title='bbox 2593 2398 2654 2445; x_wconf 89' lang='lat' dir='ltr'><strong>ut</strong></span> <span class='ocrx_word' id='word_1_553' title='bbox 2677 2400 2830 2463; x_wconf 91' lang='lat' dir='ltr'><strong>puto,</strong></span> <span class='ocrx_word' id='word_1_554' title='bbox 2856 2396 3158 2465; x_wconf 87' lang='lat' dir='ltr'><strong>occupatis,</strong></span> <span class='ocrx_word' id='word_1_555' title='bbox 3191 2397 3327 2453; x_wconf 91' lang='lat' dir='ltr'><strong>clam</strong></span> <span class='ocrx_word' id='word_1_556' title='bbox 3353 2399 3632 2472; x_wconf 83' lang='lat' dir='ltr'><strong>Theophi-</strong></span> 
     </span>
    </p>
   </div>
   <div class='ocr_carea' id='block_1_83' title="bbox 2046 2485 3629 2565">
    <p class='ocr_par' dir='ltr' id='par_1_83' title="bbox 2046 2485 3629 2565">
     <span class='ocr_line' id='line_1_83' title="bbox 2046 2485 3629 2565; baseline 0.012 -25"><span class='ocrx_word' id='word_1_557' title='bbox 2046 2485 2131 2541; x_wconf 93' lang='lat' dir='ltr'><strong>lus</strong></span> <span class='ocrx_word' id='word_1_558' title='bbox 2160 2503 2298 2559; x_wconf 87' lang='lat' dir='ltr'><strong>papa</strong></span> <span class='ocrx_word' id='word_1_559' title='bbox 2326 2490 2590 2546; x_wconf 90' lang='lat' dir='ltr'><strong>honorem</strong></span> <span class='ocrx_word' id='word_1_560' title='bbox 2614 2492 2864 2550; x_wconf 88' lang='lat' dir='ltr'><strong>deterere</strong></span> <span class='ocrx_word' id='word_1_561' title='bbox 2892 2505 3122 2554; x_wconf 82' lang='lat' dir='ltr'><strong>conatus</strong></span> <span class='ocrx_word' id='word_1_562' title='bbox 3149 2507 3254 2565; x_wconf 89' lang='lat' dir='ltr'><strong>est,</strong></span> <span class='ocrx_word' id='word_1_563' title='bbox 3286 2510 3443 2556; x_wconf 88' lang='lat' dir='ltr'><strong>curet</strong></span> <span class='ocrx_word' id='word_1_564' title='bbox 3470 2503 3629 2558; x_wconf 81' lang='lat' dir='ltr'><strong>beni-</strong></span> 
     </span>
    </p>
   </div>
   <div class='ocr_carea' id='block_1_84' title="bbox 2045 2590 3628 2669">
    <p class='ocr_par' dir='ltr' id='par_1_84' title="bbox 2045 2590 3628 2669">
     <span class='ocr_line' id='line_1_84' title="bbox 2045 2590 3628 2669; baseline 0.011 -26"><span class='ocrx_word' id='word_1_565' title='bbox 2045 2590 2166 2644; x_wconf 87' lang='lat' dir='ltr'><strong>vola</strong></span> <span class='ocrx_word' id='word_1_566' title='bbox 2241 2600 2331 2646; x_wconf 90' lang='lat' dir='ltr'><strong>tua</strong></span> <span class='ocrx_word' id='word_1_567' title='bbox 2406 2592 2718 2650; x_wconf 83' lang='lat' dir='ltr'><strong>fraternitas</strong></span> <span class='ocrx_word' id='word_1_568' title='bbox 2784 2613 3040 2669; x_wconf 88' lang='lat' dir='ltr'><strong>magnum</strong></span> <span class='ocrx_word' id='word_1_569' title='bbox 3107 2602 3489 2659; x_wconf 82' lang='lat' dir='ltr'><strong>innocentium</strong></span> <span class='ocrx_word' id='word_1_570' title='bbox 3538 2622 3628 2661; x_wconf 87' lang='lat' dir='ltr'><strong>ro-</strong></span> 
     </span>
    </p>
   </div>
   <div class='ocr_carea' id='block_1_85' title="bbox 2043 2699 3625 2769">
    <p class='ocr_par' dir='ltr' id='par_1_85' title="bbox 2043 2699 3625 2769">
     <span class='ocr_line' id='line_1_85' title="bbox 2043 2699 3625 2769; baseline 0.012 -25"><span class='ocrx_word' id='word_1_571' title='bbox 2043 2705 2199 2761; x_wconf 88' lang='lat' dir='ltr'><strong>gare,</strong></span> <span class='ocrx_word' id='word_1_572' title='bbox 2234 2702 2295 2747; x_wconf 91' lang='lat' dir='ltr'><strong>ut</strong></span> <span class='ocrx_word' id='word_1_573' title='bbox 2334 2704 2631 2751; x_wconf 88' lang='lat' dir='ltr'><strong>convocata</strong></span> <span class='ocrx_word' id='word_1_574' title='bbox 2688 2699 2894 2769; x_wconf 87' lang='lat' dir='ltr'><strong>synodo</strong></span> <span class='ocrx_word' id='word_1_575' title='bbox 2949 2699 3133 2757; x_wconf 88' lang='lat' dir='ltr'><strong>ﬁdeles</strong></span> <span class='ocrx_word' id='word_1_576' title='bbox 3185 2718 3313 2759; x_wconf 89' lang='lat' dir='ltr'><strong>suos</strong></span> <span class='ocrx_word' id='word_1_577' title='bbox 3369 2704 3625 2764; x_wconf 79' lang='lat' dir='ltr'><strong>ofﬁciales</strong></span> 
     </span>
    </p>
   </div>
   <div class='ocr_carea' id='block_1_86' title="bbox 2042 2791 2719 2866">
    <p class='ocr_par' dir='ltr' id='par_1_86' title="bbox 2042 2791 2719 2866">
     <span class='ocr_line' id='line_1_86' title="bbox 2042 2791 2719 2866; baseline 0.004 -21"><span class='ocrx_word' id='word_1_578' title='bbox 2042 2791 2386 2849; x_wconf 85' lang='lat' dir='ltr'><strong>laudabiliter</strong></span> <span class='ocrx_word' id='word_1_579' title='bbox 2418 2795 2660 2866; x_wconf 89' lang='lat' dir='ltr'><strong>deputet.</strong></span> <span class='ocrx_word' id='word_1_580' title='bbox 2700 2817 2719 2848; x_wconf 75' lang='grc' dir='ltr'><strong><em>ι</em></strong></span> 
     </span>
    </p>
   </div>
   <div class='ocr_carea' id='block_1_87' title="bbox 2115 2896 3622 2968">
    <p class='ocr_par' dir='ltr' id='par_1_87' title="bbox 2115 2896 3622 2968">
     <span class='ocr_line' id='line_1_87' title="bbox 2115 2896 3622 2968; baseline 0.013 -19"><span class='ocrx_word' id='word_1_581' title='bbox 2115 2897 2199 2951; x_wconf 71' lang='grc'><strong>14.</strong></span> <span class='ocrx_word' id='word_1_582' title='bbox 2232 2896 2433 2953; x_wconf 84' lang='lat' dir='ltr'><strong>Scribit</strong></span> <span class='ocrx_word' id='word_1_583' title='bbox 2472 2900 2638 2955; x_wconf 87' lang='lat' dir='ltr'><strong>etiam</strong></span> <span class='ocrx_word' id='word_1_584' title='bbox 2682 2900 3069 2959; x_wconf 79' lang='lat' dir='ltr'><strong>Alexandriam</strong></span> <span class='ocrx_word' id='word_1_585' title='bbox 3115 2905 3341 2962; x_wconf 86' lang='lat' dir='ltr'><strong>Nicolao</strong></span> <span class='ocrx_word' id='word_1_586' title='bbox 3388 2910 3513 2966; x_wconf 89' lang='lat' dir='ltr'><strong>duci</strong></span> <span class='ocrx_word' id='word_1_587' title='bbox 3566 2925 3622 2968; x_wconf 89' lang='lat' dir='ltr'><strong>et</strong></span> 
     </span>
    </p>
   </div>
   <div class='ocr_carea' id='block_1_88' title="bbox 2039 3000 3625 3079">
    <p class='ocr_par' dir='ltr' id='par_1_88' title="bbox 2039 3000 3625 3079">
     <span class='ocr_line' id='line_1_88' title="bbox 2039 3000 3625 3079; baseline 0.012 -28"><span class='ocrx_word' id='word_1_588' title='bbox 2039 3000 2326 3068; x_wconf 86' lang='lat' dir='ltr'><strong>augustali,</strong></span> <span class='ocrx_word' id='word_1_589' title='bbox 2361 3009 2650 3073; x_wconf 85' lang='lat' dir='ltr'><strong>utramque</strong></span> <span class='ocrx_word' id='word_1_590' title='bbox 2679 3002 2999 3075; x_wconf 89' lang='lat' dir='ltr'><strong>dignitatem</strong></span> <span class='ocrx_word' id='word_1_591' title='bbox 3035 3009 3284 3079; x_wconf 69' lang='lat' dir='ltr'><strong>tenenti:</strong></span> <span class='ocrx_word' id='word_1_592' title='bbox 3350 3031 3370 3064; x_wconf 70' lang='grc' dir='ltr'><strong><em>α</em></strong></span> <span class='ocrx_word' id='word_1_593' title='bbox 3406 3012 3524 3068; x_wconf 85' lang='lat' dir='ltr'><strong>Non</strong></span> <span class='ocrx_word' id='word_1_594' title='bbox 3570 3025 3625 3071; x_wconf 86' lang='lat' dir='ltr'><strong>to</strong></span> 
     </span>
    </p>
   </div>
   <div class='ocr_carea' id='block_1_89' title="bbox 2038 3102 3623 3185">
    <p class='ocr_par' dir='ltr' id='par_1_89' title="bbox 2038 3102 3623 3185">
     <span class='ocr_line' id='line_1_89' title="bbox 2038 3102 3623 3185; baseline 0.011 -32"><span class='ocrx_word' id='word_1_595' title='bbox 2038 3116 2264 3169; x_wconf 86' lang='lat' dir='ltr'><strong>prorsus</strong></span> <span class='ocrx_word' id='word_1_596' title='bbox 2288 3102 2438 3167; x_wconf 87' lang='lat' dir='ltr'><strong>latet,</strong></span> <span class='ocrx_word' id='word_1_597' title='bbox 2471 3105 2618 3173; x_wconf 94' lang='lat' dir='ltr'><strong>quod</strong></span> <span class='ocrx_word' id='word_1_598' title='bbox 2646 3106 2990 3175; x_wconf 85' lang='lat' dir='ltr'><strong>superiorum</strong></span> <span class='ocrx_word' id='word_1_599' title='bbox 3022 3108 3329 3165; x_wconf 90' lang='lat' dir='ltr'><strong>antistitum</strong></span> <span class='ocrx_word' id='word_1_600' title='bbox 3379 3117 3623 3185; x_wconf 89' lang='lat' dir='ltr'><strong>tyrannis</strong></span> 
     </span>
    </p>
   </div>
   <div class='ocr_carea' id='block_1_90' title="bbox 2037 3205 3622 3282">
    <p class='ocr_par' dir='ltr' id='par_1_90' title="bbox 2037 3205 3622 3282">
     <span class='ocr_line' id='line_1_90' title="bbox 2037 3205 3622 3282; baseline 0.01 -26"><span class='ocrx_word' id='word_1_601' title='bbox 2037 3213 2200 3274; x_wconf 77' lang='lat' dir='ltr'><strong>atque</strong></span> <span class='ocrx_word' id='word_1_602' title='bbox 2229 3205 2452 3260; x_wconf 86' lang='lat' dir='ltr'><strong>audacia</strong></span> <span class='ocrx_word' id='word_1_603' title='bbox 2508 3207 2652 3261; x_wconf 88' lang='lat' dir='ltr'><strong>vires</strong></span> <span class='ocrx_word' id='word_1_604' title='bbox 2681 3207 2896 3277; x_wconf 86' lang='lat' dir='ltr'><strong>imperii</strong></span> <span class='ocrx_word' id='word_1_605' title='bbox 2950 3208 3143 3282; x_wconf 84' lang='lat' dir='ltr'><strong>fregit,</strong></span> <span class='ocrx_word' id='word_1_606' title='bbox 3201 3220 3257 3267; x_wconf 91' lang='lat' dir='ltr'><strong>et</strong></span> <span class='ocrx_word' id='word_1_607' title='bbox 3314 3214 3371 3269; x_wconf 90' lang='lat' dir='ltr'><strong>in</strong></span> <span class='ocrx_word' id='word_1_608' title='bbox 3427 3232 3622 3272; x_wconf 88' lang='lat' dir='ltr'><strong>omnes</strong></span> 
     </span>
    </p>
   </div>
   <div class='ocr_carea' id='block_1_91' title="bbox 2037 3311 3620 3395">
    <p class='ocr_par' dir='ltr' id='par_1_91' title="bbox 2037 3311 3620 3395">
     <span class='ocr_line' id='line_1_91' title="bbox 2037 3311 3620 3395; baseline 0.01 -34"><span class='ocrx_word' id='word_1_609' title='bbox 2037 3315 2224 3378; x_wconf 88' lang='lat' dir='ltr'><strong>gentes</strong></span> <span class='ocrx_word' id='word_1_610' title='bbox 2252 3317 2545 3380; x_wconf 80' lang='lat' dir='ltr'><strong>propagata</strong></span> <span class='ocrx_word' id='word_1_611' title='bbox 2575 3320 2678 3366; x_wconf 89' lang='lat' dir='ltr'><strong>est.</strong></span> <span class='ocrx_word' id='word_1_612' title='bbox 2712 3311 3035 3382; x_wconf 84' lang='lat' dir='ltr'><strong>Hujusmodi</strong></span> <span class='ocrx_word' id='word_1_613' title='bbox 3065 3314 3270 3395; x_wconf 88' lang='lat' dir='ltr'><strong>aliquid</strong></span> <span class='ocrx_word' id='word_1_614' title='bbox 3297 3332 3446 3375; x_wconf 90' lang='lat' dir='ltr'><strong>nunc</strong></span> <span class='ocrx_word' id='word_1_615' title='bbox 3481 3335 3620 3390; x_wconf 87' lang='lat' dir='ltr'><strong>quo-</strong></span> 
     </span>
    </p>
   </div>
   <div class='ocr_carea' id='block_1_92' title="bbox 2035 3411 3617 3485">
    <p class='ocr_par' dir='ltr' id='par_1_92' title="bbox 2035 3411 3617 3485">
     <span class='ocr_line' id='line_1_92' title="bbox 2035 3411 3617 3485; baseline 0.008 -21"><span class='ocrx_word' id='word_1_616' title='bbox 2035 3426 2142 3479; x_wconf 88' lang='lat' dir='ltr'><strong>que</strong></span> <span class='ocrx_word' id='word_1_617' title='bbox 2189 3411 2438 3465; x_wconf 88' lang='lat' dir='ltr'><strong>evenisse</strong></span> <span class='ocrx_word' id='word_1_618' title='bbox 2499 3411 2822 3479; x_wconf 90' lang='lat' dir='ltr'><strong>cernimus;</strong></span> <span class='ocrx_word' id='word_1_619' title='bbox 2881 3429 3061 3485; x_wconf 89' lang='lat' dir='ltr'><strong>neque</strong></span> <span class='ocrx_word' id='word_1_620' title='bbox 3118 3419 3267 3472; x_wconf 88' lang='lat' dir='ltr'><strong>enim</strong></span> <span class='ocrx_word' id='word_1_621' title='bbox 3315 3420 3617 3476; x_wconf 85' lang='lat' dir='ltr'><strong>tacebimus</strong></span> 
     </span>
    </p>
   </div>
   <div class='ocr_carea' id='block_1_93' title="bbox 2034 3514 3616 3596">
    <p class='ocr_par' dir='ltr' id='par_1_93' title="bbox 2034 3514 3616 3596">
     <span class='ocr_line' id='line_1_93' title="bbox 2034 3514 3616 3596; baseline 0.009 -28"><span class='ocrx_word' id='word_1_622' title='bbox 2034 3529 2214 3568; x_wconf 90' lang='lat' dir='ltr'><strong>coram</strong></span> <span class='ocrx_word' id='word_1_623' title='bbox 2244 3514 2380 3569; x_wconf 92' lang='lat' dir='ltr'><strong>adeo</strong></span> <span class='ocrx_word' id='word_1_624' title='bbox 2409 3523 2689 3571; x_wconf 89' lang='lat' dir='ltr'><strong>crescente</strong></span> <span class='ocrx_word' id='word_1_625' title='bbox 2714 3518 2858 3587; x_wconf 89' lang='lat' dir='ltr'><strong>apud</strong></span> <span class='ocrx_word' id='word_1_626' title='bbox 2914 3527 2968 3573; x_wconf 91' lang='lat' dir='ltr'><strong>te</strong></span> <span class='ocrx_word' id='word_1_627' title='bbox 3015 3521 3159 3576; x_wconf 85' lang='lat' dir='ltr'><strong>malo</strong></span> <span class='ocrx_word' id='word_1_628' title='bbox 3213 3530 3270 3577; x_wconf 92' lang='lat' dir='ltr'><strong>et</strong></span> <span class='ocrx_word' id='word_1_629' title='bbox 3326 3523 3616 3596; x_wconf 87' lang='lat' dir='ltr'><strong>imperium</strong></span> 
     </span>
    </p>
   </div>
   <div class='ocr_carea' id='block_1_94' title="bbox 2032 3617 3614 3694">
    <p class='ocr_par' dir='ltr' id='par_1_94' title="bbox 2032 3617 3614 3694">
     <span class='ocr_line' id='line_1_94' title="bbox 2032 3617 3614 3694; baseline 0.009 -23"><span class='ocrx_word' id='word_1_630' title='bbox 2032 3617 2448 3673; x_wconf 72' lang='lat' dir='ltr'><strong>dehonestanté.</strong></span> <span class='ocrx_word' id='word_1_631' title='bbox 2479 3618 2607 3675; x_wconf 65' lang='lat' dir='ltr'><strong>Haec</strong></span> <span class='ocrx_word' id='word_1_632' title='bbox 2635 3621 2704 3676; x_wconf 91' lang='lat' dir='ltr'><strong>ad</strong></span> <span class='ocrx_word' id='word_1_633' title='bbox 2738 3628 2793 3677; x_wconf 87' lang='lat' dir='ltr'><strong>te</strong></span> <span class='ocrx_word' id='word_1_634' title='bbox 2836 3622 3145 3691; x_wconf 91' lang='lat' dir='ltr'><strong>scribimus,</strong></span> <span class='ocrx_word' id='word_1_635' title='bbox 3183 3627 3310 3694; x_wconf 89' lang='lat' dir='ltr'><strong>quia</strong></span> <span class='ocrx_word' id='word_1_636' title='bbox 3354 3628 3477 3684; x_wconf 87' lang='lat' dir='ltr'><strong>istic</strong></span> <span class='ocrx_word' id='word_1_637' title='bbox 3508 3647 3614 3685; x_wconf 87' lang='lat' dir='ltr'><strong>na-</strong></span> 
     </span>
    </p>
   </div>
   <div class='ocr_carea' id='block_1_95' title="bbox 2032 3721 3615 3796">
    <p class='ocr_par' dir='ltr' id='par_1_95' title="bbox 2032 3721 3615 3796">
     <span class='ocr_line' id='line_1_95' title="bbox 2032 3721 3615 3796; baseline 0.009 -22"><span class='ocrx_word' id='word_1_638' title='bbox 2032 3728 2147 3775; x_wconf 91' lang='lat' dir='ltr'><strong>stro</strong></span> <span class='ocrx_word' id='word_1_639' title='bbox 2175 3721 2397 3776; x_wconf 90' lang='lat' dir='ltr'><strong>nomine</strong></span> <span class='ocrx_word' id='word_1_640' title='bbox 2426 3730 2752 3793; x_wconf 87' lang='lat' dir='ltr'><strong>potestatem</strong></span> <span class='ocrx_word' id='word_1_641' title='bbox 2785 3725 3039 3796; x_wconf 86' lang='lat' dir='ltr'><strong>viresque</strong></span> <span class='ocrx_word' id='word_1_642' title='bbox 3072 3736 3286 3794; x_wconf 82' lang='lat' dir='ltr'><strong>tenens,</strong></span> <span class='ocrx_word' id='word_1_643' title='bbox 3322 3747 3424 3786; x_wconf 87' lang='lat' dir='ltr'><strong>nos</strong></span> <span class='ocrx_word' id='word_1_644' title='bbox 3455 3734 3615 3790; x_wconf 89' lang='lat' dir='ltr'><strong>mini-</strong></span> 
     </span>
    </p>
   </div>
   <div class='ocr_carea' id='block_1_96' title="bbox 2029 3823 3612 3897">
    <p class='ocr_par' dir='ltr' id='par_1_96' title="bbox 2029 3823 3612 3897">
     <span class='ocr_line' id='line_1_96' title="bbox 2029 3823 3612 3897; baseline 0.009 -20"><span class='ocrx_word' id='word_1_645' title='bbox 2029 3838 2118 3878; x_wconf 90' lang='lat' dir='ltr'><strong>me</strong></span> <span class='ocrx_word' id='word_1_646' title='bbox 2146 3823 2346 3879; x_wconf 89' lang='lat' dir='ltr'><strong>imitari</strong></span> <span class='ocrx_word' id='word_1_647' title='bbox 2373 3824 2611 3890; x_wconf 86' lang='lat' dir='ltr'><strong>videris;</strong></span> <span class='ocrx_word' id='word_1_648' title='bbox 2665 3826 2764 3881; x_wconf 92' lang='lat' dir='ltr'><strong>sed</strong></span> <span class='ocrx_word' id='word_1_649' title='bbox 2818 3827 2975 3883; x_wconf 85' lang='lat' dir='ltr'><strong>donis</strong></span> <span class='ocrx_word' id='word_1_650' title='bbox 3034 3828 3289 3897; x_wconf 87' lang='lat' dir='ltr'><strong>inhians,</strong></span> <span class='ocrx_word' id='word_1_651' title='bbox 3353 3835 3612 3892; x_wconf 89' lang='lat' dir='ltr'><strong>mandata</strong></span> 
     </span>
    </p>
   </div>
   <div class='ocr_carea' id='block_1_97' title="bbox 2029 3924 3612 4007">
    <p class='ocr_par' dir='ltr' id='par_1_97' title="bbox 2029 3924 3612 4007">
     <span class='ocr_line' id='line_1_97' title="bbox 2029 3924 3612 4007; baseline 0.009 -31"><span class='ocrx_word' id='word_1_652' title='bbox 2029 3938 2149 3977; x_wconf 90' lang='lat' dir='ltr'><strong>mea</strong></span> <span class='ocrx_word' id='word_1_653' title='bbox 2178 3924 2506 3994; x_wconf 85' lang='lat' dir='ltr'><strong>aspernaris,</strong></span> <span class='ocrx_word' id='word_1_654' title='bbox 2540 3933 2596 3980; x_wconf 87' lang='lat' dir='ltr'><strong>et</strong></span> <span class='ocrx_word' id='word_1_655' title='bbox 2622 3935 2868 3981; x_wconf 89' lang='lat' dir='ltr'><strong>nostram</strong></span> <span class='ocrx_word' id='word_1_656' title='bbox 2890 3943 3110 3984; x_wconf 89' lang='lat' dir='ltr'><strong>omnem</strong></span> <span class='ocrx_word' id='word_1_657' title='bbox 3139 3930 3407 3989; x_wconf 88' lang='lat' dir='ltr'><strong>illustrem</strong></span> <span class='ocrx_word' id='word_1_658' title='bbox 3439 3935 3612 4007; x_wconf 86' lang='lat' dir='ltr'><strong>digni-</strong></span> 
     </span>
    </p>
   </div>
   <div class='ocr_carea' id='block_1_98' title="bbox 2029 4024 3607 4104">
    <p class='ocr_par' dir='ltr' id='par_1_98' title="bbox 2029 4024 3607 4104">
     <span class='ocr_line' id='line_1_98' title="bbox 2029 4024 3607 4104; baseline 0.01 -26"><span class='ocrx_word' id='word_1_659' title='bbox 2029 4032 2196 4078; x_wconf 90' lang='lat' dir='ltr'><strong>tatem</strong></span> <span class='ocrx_word' id='word_1_660' title='bbox 2225 4024 2379 4081; x_wconf 83' lang='lat' dir='ltr'><strong>ﬂocci</strong></span> <span class='ocrx_word' id='word_1_661' title='bbox 2416 4025 2569 4081; x_wconf 84' lang='lat' dir='ltr'><strong>facis.</strong></span> <span class='ocrx_word' id='word_1_662' title='bbox 2621 4026 2987 4093; x_wconf 85' lang='lat' dir='ltr'><strong>Quamobrem</strong></span> <span class='ocrx_word' id='word_1_663' title='bbox 3037 4030 3463 4104; x_wconf 85' lang='lat' dir='ltr'><strong>indignationem</strong></span> <span class='ocrx_word' id='word_1_664' title='bbox 3504 4052 3607 4093; x_wconf 92' lang='lat' dir='ltr'><strong>no-</strong></span> 
     </span>
    </p>
   </div>
   <div class='ocr_carea' id='block_1_99' title="bbox 2026 4130 3606 4202">
    <p class='ocr_par' dir='ltr' id='par_1_99' title="bbox 2026 4130 3606 4202">
     <span class='ocr_line' id='line_1_99' title="bbox 2026 4130 3606 4202; baseline 0.008 -19"><span class='ocrx_word' id='word_1_665' title='bbox 2026 4137 2195 4184; x_wconf 90' lang='lat' dir='ltr'><strong>stram</strong></span> <span class='ocrx_word' id='word_1_666' title='bbox 2236 4146 2346 4185; x_wconf 92' lang='lat' dir='ltr'><strong>non</strong></span> <span class='ocrx_word' id='word_1_667' title='bbox 2378 4130 2624 4201; x_wconf 81' lang='lat' dir='ltr'><strong>effugies,</strong></span> <span class='ocrx_word' id='word_1_668' title='bbox 2657 4139 2846 4201; x_wconf 92' lang='lat' dir='ltr'><strong>utpote</strong></span> <span class='ocrx_word' id='word_1_669' title='bbox 2879 4132 2973 4202; x_wconf 92' lang='lat' dir='ltr'><strong>qui</strong></span> <span class='ocrx_word' id='word_1_670' title='bbox 3017 4132 3457 4192; x_wconf 90' lang='lat' dir='ltr'><strong>sublimissimam</strong></span> <span class='ocrx_word' id='word_1_671' title='bbox 3503 4155 3606 4195; x_wconf 85' lang='lat' dir='ltr'><strong>no-</strong></span> 
     </span>
    </p>
   </div>
   <div class='ocr_carea' id='block_1_100' title="bbox 2023 4233 3609 4305">
    <p class='ocr_par' dir='ltr' id='par_1_100' title="bbox 2023 4233 3609 4305">
     <span class='ocr_line' id='line_1_100' title="bbox 2023 4233 3609 4305; baseline 0.008 -17"><span class='ocrx_word' id='word_1_672' title='bbox 2023 4242 2190 4288; x_wconf 89' lang='lat' dir='ltr'><strong>stram</strong></span> <span class='ocrx_word' id='word_1_673' title='bbox 2222 4233 2650 4305; x_wconf 89' lang='lat' dir='ltr'><strong>magnitudinem</strong></span> <span class='ocrx_word' id='word_1_674' title='bbox 2678 4234 2832 4304; x_wconf 91' lang='lat' dir='ltr'><strong>pensi</strong></span> <span class='ocrx_word' id='word_1_675' title='bbox 2857 4251 2969 4290; x_wconf 89' lang='lat' dir='ltr'><strong>non</strong></span> <span class='ocrx_word' id='word_1_676' title='bbox 2995 4236 3275 4296; x_wconf 82' lang='lat' dir='ltr'><strong>habueris.</strong></span> <span class='ocrx_word' id='word_1_677' title='bbox 3316 4238 3510 4296; x_wconf 89' lang='lat' dir='ltr'><strong>Statim</strong></span> <span class='ocrx_word' id='word_1_678' title='bbox 3540 4256 3609 4300; x_wconf 86' lang='lat' dir='ltr'><strong>ac</strong></span> 
     </span>
    </p>
   </div>
   <div class='ocr_carea' id='block_1_101' title="bbox 2023 4335 3603 4413">
    <p class='ocr_par' dir='ltr' id='par_1_101' title="bbox 2023 4335 3603 4413">
     <span class='ocr_line' id='line_1_101' title="bbox 2023 4335 3603 4413; baseline 0.006 -24"><span class='ocrx_word' id='word_1_679' title='bbox 2023 4335 2186 4406; x_wconf 88' lang='lat' dir='ltr'><strong>igitur</strong></span> <span class='ocrx_word' id='word_1_680' title='bbox 2218 4350 2398 4390; x_wconf 86' lang='lat' dir='ltr'><strong>sacras</strong></span> <span class='ocrx_word' id='word_1_681' title='bbox 2425 4350 2490 4391; x_wconf 90' lang='lat' dir='ltr'><strong>ac</strong></span> <span class='ocrx_word' id='word_1_682' title='bbox 2540 4336 2881 4391; x_wconf 88' lang='lat' dir='ltr'><strong>venerabiles</strong></span> <span class='ocrx_word' id='word_1_683' title='bbox 2909 4338 3119 4393; x_wconf 90' lang='lat' dir='ltr'><strong>litteras</strong></span> <span class='ocrx_word' id='word_1_684' title='bbox 3174 4349 3409 4406; x_wconf 90' lang='lat' dir='ltr'><strong>nostras,</strong></span> <span class='ocrx_word' id='word_1_685' title='bbox 3467 4358 3603 4413; x_wconf 91' lang='lat' dir='ltr'><strong>quas</strong></span> 
     </span>
    </p>
   </div>
   <div class='ocr_carea' id='block_1_102' title="bbox 2019 4435 3600 4508">
    <p class='ocr_par' dir='ltr' id='par_1_102' title="bbox 2019 4435 3600 4508">
     <span class='ocr_line' id='line_1_102' title="bbox 2019 4435 3600 4508; baseline 0.006 -19"><span class='ocrx_word' id='word_1_686' title='bbox 2019 4436 2247 4491; x_wconf 89' lang='lat' dir='ltr'><strong>devotus</strong></span> <span class='ocrx_word' id='word_1_687' title='bbox 2276 4435 2474 4490; x_wconf 92' lang='lat' dir='ltr'><strong>Bassus</strong></span> <span class='ocrx_word' id='word_1_688' title='bbox 2507 4435 2705 4502; x_wconf 87' lang='lat' dir='ltr'><strong>tradet,</strong></span> <span class='ocrx_word' id='word_1_689' title='bbox 2736 4438 3032 4508; x_wconf 88' lang='lat' dir='ltr'><strong>acceperis,</strong></span> <span class='ocrx_word' id='word_1_690' title='bbox 3063 4439 3211 4493; x_wconf 89' lang='lat' dir='ltr'><strong>nulla</strong></span> <span class='ocrx_word' id='word_1_691' title='bbox 3245 4457 3397 4497; x_wconf 91' lang='lat' dir='ltr'><strong>mora</strong></span> <span class='ocrx_word' id='word_1_692' title='bbox 3424 4442 3600 4498; x_wconf 90' lang='lat' dir='ltr'><strong>inter-</strong></span> 
     </span>
    </p>
   </div>
   <div class='ocr_carea' id='block_1_103' title="bbox 2018 4539 3600 4614">
    <p class='ocr_par' dir='ltr' id='par_1_103' title="bbox 2018 4539 3600 4614">
     <span class='ocr_line' id='line_1_103' title="bbox 2018 4539 3600 4614; baseline 0.004 -19"><span class='ocrx_word' id='word_1_693' title='bbox 2018 4540 2217 4611; x_wconf 86' lang='lat' dir='ltr'><strong>posita,</strong></span> <span class='ocrx_word' id='word_1_694' title='bbox 2251 4539 2477 4599; x_wconf 91' lang='lat' dir='ltr'><strong>omnino</strong></span> <span class='ocrx_word' id='word_1_695' title='bbox 2532 4548 2695 4609; x_wconf 90' lang='lat' dir='ltr'><strong>prout</strong></span> <span class='ocrx_word' id='word_1_696' title='bbox 2750 4539 2849 4594; x_wconf 87' lang='lat' dir='ltr'><strong>tibi</strong></span> <span class='ocrx_word' id='word_1_697' title='bbox 2881 4540 3174 4608; x_wconf 82' lang='lat' dir='ltr'><strong>scribitur,</strong></span> <span class='ocrx_word' id='word_1_698' title='bbox 3232 4543 3438 4614; x_wconf 89' lang='lat' dir='ltr'><strong>absque</strong></span> <span class='ocrx_word' id='word_1_699' title='bbox 3490 4547 3600 4603; x_wconf 88' lang='lat' dir='ltr'><strong>ulla</strong></span> 
     </span>
    </p>
   </div>
   <div class='ocr_carea' id='block_1_104' title="bbox 2017 4635 3598 4707">
    <p class='ocr_par' dir='ltr' id='par_1_104' title="bbox 2017 4635 3598 4707">
     <span class='ocr_line' id='line_1_104' title="bbox 2017 4635 3598 4707; baseline 0.006 -20"><span class='ocrx_word' id='word_1_700' title='bbox 2017 4635 2370 4707; x_wconf 86' lang='lat' dir='ltr'><strong>indulgentia,</strong></span> <span class='ocrx_word' id='word_1_701' title='bbox 2403 4635 2763 4705; x_wconf 90' lang='lat' dir='ltr'><strong>Theophilum</strong></span> <span class='ocrx_word' id='word_1_702' title='bbox 2792 4642 3051 4706; x_wconf 90' lang='lat' dir='ltr'><strong>tanquam</strong></span> <span class='ocrx_word' id='word_1_703' title='bbox 3082 4653 3236 4692; x_wconf 90' lang='lat' dir='ltr'><strong>reum</strong></span> <span class='ocrx_word' id='word_1_704' title='bbox 3270 4638 3379 4695; x_wconf 91' lang='lat' dir='ltr'><strong>huc</strong></span> <span class='ocrx_word' id='word_1_705' title='bbox 3418 4650 3598 4697; x_wconf 88' lang='lat' dir='ltr'><strong>trans-</strong></span> 
     </span>
    </p>
   </div>
   <div class='ocr_carea' id='block_1_105' title="bbox 2014 4734 3597 4804">
    <p class='ocr_par' dir='ltr' id='par_1_105' title="bbox 2014 4734 3597 4804">
     <span class='ocr_line' id='line_1_105' title="bbox 2014 4734 3597 4804; baseline 0.005 -17"><span class='ocrx_word' id='word_1_706' title='bbox 2014 4735 2217 4799; x_wconf 90' lang='lat' dir='ltr'><strong>mittes,</strong></span> <span class='ocrx_word' id='word_1_707' title='bbox 2249 4734 2458 4788; x_wconf 92' lang='lat' dir='ltr'><strong>nullum</strong></span> <span class='ocrx_word' id='word_1_708' title='bbox 2486 4734 2588 4804; x_wconf 91' lang='lat' dir='ltr'><strong>ipsi</strong></span> <span class='ocrx_word' id='word_1_709' title='bbox 2650 4734 2913 4789; x_wconf 90' lang='lat' dir='ltr'><strong>honorem</strong></span> <span class='ocrx_word' id='word_1_710' title='bbox 2944 4743 3039 4789; x_wconf 88' lang='lat' dir='ltr'><strong>aut</strong></span> <span class='ocrx_word' id='word_1_711' title='bbox 3091 4737 3382 4792; x_wconf 90' lang='lat' dir='ltr'><strong>comitatus</strong></span> <span class='ocrx_word' id='word_1_712' title='bbox 3432 4739 3597 4795; x_wconf 82' lang='lat' dir='ltr'><strong>obse-</strong></span> 
     </span>
    </p>
   </div>
   <div class='ocr_carea' id='block_1_106' title="bbox 2012 4830 3597 4903">
    <p class='ocr_par' dir='ltr' id='par_1_106' title="bbox 2012 4830 3597 4903">
     <span class='ocr_line' id='line_1_106' title="bbox 2012 4830 3597 4903; baseline 0.004 -15"><span class='ocrx_word' id='word_1_713' title='bbox 2012 4834 2200 4903; x_wconf 90' lang='lat' dir='ltr'><strong>quium</strong></span> <span class='ocrx_word' id='word_1_714' title='bbox 2230 4834 2519 4888; x_wconf 85' lang='lat' dir='ltr'><strong>adhibens.</strong></span> <span class='ocrx_word' id='word_1_715' title='bbox 2569 4830 2852 4902; x_wconf 80' lang='lat' dir='ltr'><strong>Velimque</strong></span> <span class='ocrx_word' id='word_1_716' title='bbox 2905 4833 3065 4900; x_wconf 87' lang='lat' dir='ltr'><strong>scias,</strong></span> <span class='ocrx_word' id='word_1_717' title='bbox 3120 4834 3265 4903; x_wconf 90' lang='lat' dir='ltr'><strong>quod</strong></span> <span class='ocrx_word' id='word_1_718' title='bbox 3317 4835 3420 4889; x_wconf 90' lang='lat' dir='ltr'><strong>nisi</strong></span> <span class='ocrx_word' id='word_1_719' title='bbox 3477 4837 3597 4895; x_wconf 70' lang='lat' dir='ltr'><strong>hmc</strong></span> 
     </span>
    </p>
   </div>
   <div class='ocr_carea' id='block_1_107' title="bbox 2010 4929 3595 5003">
    <p class='ocr_par' dir='ltr' id='par_1_107' title="bbox 2010 4929 3595 5003">
     <span class='ocr_line' id='line_1_107' title="bbox 2010 4929 3595 5003; baseline 0.003 -19"><span class='ocrx_word' id='word_1_720' title='bbox 2010 4944 2271 4999; x_wconf 89' lang='lat' dir='ltr'><strong>perquam</strong></span> <span class='ocrx_word' id='word_1_721' title='bbox 2297 4937 2549 4984; x_wconf 89' lang='lat' dir='ltr'><strong>accurate</strong></span> <span class='ocrx_word' id='word_1_722' title='bbox 2577 4929 2858 4998; x_wconf 88' lang='lat' dir='ltr'><strong>multoque</strong></span> <span class='ocrx_word' id='word_1_723' title='bbox 2887 4944 3012 4983; x_wconf 92' lang='lat' dir='ltr'><strong>cum</strong></span> <span class='ocrx_word' id='word_1_724' title='bbox 3046 4938 3195 4985; x_wconf 88' lang='lat' dir='ltr'><strong>metu</strong></span> <span class='ocrx_word' id='word_1_725' title='bbox 3238 4946 3484 5003; x_wconf 86' lang='lat' dir='ltr'><strong>peragas,</strong></span> <span class='ocrx_word' id='word_1_726' title='bbox 3524 4934 3595 4989; x_wconf 88' lang='lat' dir='ltr'><strong>de</strong></span> 
     </span>
    </p>
   </div>
   <div class='ocr_carea' id='block_1_108' title="bbox 2011 5025 3592 5097">
    <p class='ocr_par' dir='ltr' id='par_1_108' title="bbox 2011 5025 3592 5097">
     <span class='ocr_line' id='line_1_108' title="bbox 2011 5025 3592 5097; baseline 0.003 -17"><span class='ocrx_word' id='word_1_727' title='bbox 2011 5028 2122 5097; x_wconf 91' lang='lat' dir='ltr'><strong>ipsa</strong></span> <span class='ocrx_word' id='word_1_728' title='bbox 2156 5027 2262 5081; x_wconf 85' lang='lat' dir='ltr'><strong>vita</strong></span> <span class='ocrx_word' id='word_1_729' title='bbox 2297 5036 2385 5081; x_wconf 90' lang='lat' dir='ltr'><strong>tua</strong></span> <span class='ocrx_word' id='word_1_730' title='bbox 2414 5042 2479 5081; x_wconf 84' lang='lat' dir='ltr'><strong>ac</strong></span> <span class='ocrx_word' id='word_1_731' title='bbox 2509 5025 2685 5081; x_wconf 88' lang='lat' dir='ltr'><strong>salute</strong></span> <span class='ocrx_word' id='word_1_732' title='bbox 2707 5027 3121 5097; x_wconf 83' lang='lat' dir='ltr'><strong>periclitaberis.</strong></span> <span class='ocrx_word' id='word_1_733' title='bbox 3156 5027 3296 5083; x_wconf 90' lang='lat' dir='ltr'><strong>Tum</strong></span> <span class='ocrx_word' id='word_1_734' title='bbox 3325 5038 3381 5083; x_wconf 91' lang='lat' dir='ltr'><strong>et</strong></span> <span class='ocrx_word' id='word_1_735' title='bbox 3408 5030 3592 5085; x_wconf 90' lang='lat' dir='ltr'><strong>Theo-</strong></span> 
     </span>
    </p>
   </div>
   <div class='ocr_carea' id='block_1_109' title="bbox 2005 5123 3586 5197">
    <p class='ocr_par' dir='ltr' id='par_1_109' title="bbox 2005 5123 3586 5197">
     <span class='ocr_line' id='line_1_109' title="bbox 2005 5123 3586 5197; baseline 0.002 -18"><span class='ocrx_word' id='word_1_736' title='bbox 2005 5126 2141 5197; x_wconf 89' lang='lat' dir='ltr'><strong>phili</strong></span> <span class='ocrx_word' id='word_1_737' title='bbox 2182 5133 2527 5181; x_wconf 88' lang='lat' dir='ltr'><strong>accusatores</strong></span> <span class='ocrx_word' id='word_1_738' title='bbox 2552 5163 2568 5189; x_wconf 90' lang='lat'><strong>,</strong></span> <span class='ocrx_word' id='word_1_739' title='bbox 2615 5125 2732 5178; x_wconf 87' lang='lat' dir='ltr'><strong>sive</strong></span> <span class='ocrx_word' id='word_1_740' title='bbox 2790 5123 3032 5195; x_wconf 88' lang='lat' dir='ltr'><strong>episcopi</strong></span> <span class='ocrx_word' id='word_1_741' title='bbox 3077 5124 3189 5179; x_wconf 86' lang='lat' dir='ltr'><strong>sint</strong></span> <span class='ocrx_word' id='word_1_742' title='bbox 3225 5125 3341 5181; x_wconf 83' lang='lat' dir='ltr'><strong>sive</strong></span> <span class='ocrx_word' id='word_1_743' title='bbox 3381 5127 3586 5193; x_wconf 90' lang='lat' dir='ltr'><strong>clerici,</strong></span> 
     </span>
    </p>
   </div>
   <div class='ocr_carea' id='block_1_110' title="bbox 2004 5222 3588 5296">
    <p class='ocr_par' dir='ltr' id='par_1_110' title="bbox 2004 5222 3588 5296">
     <span class='ocr_line' id='line_1_110' title="bbox 2004 5222 3588 5296; baseline 0.001 -18"><span class='ocrx_word' id='word_1_744' title='bbox 2004 5240 2128 5279; x_wconf 92' lang='lat' dir='ltr'><strong>cum</strong></span> <span class='ocrx_word' id='word_1_745' title='bbox 2162 5223 2460 5291; x_wconf 89' lang='lat' dir='ltr'><strong>Theodote,</strong></span> <span class='ocrx_word' id='word_1_746' title='bbox 2497 5223 2565 5279; x_wconf 91' lang='lat' dir='ltr'><strong>ad</strong></span> <span class='ocrx_word' id='word_1_747' title='bbox 2592 5239 2692 5278; x_wconf 91' lang='lat' dir='ltr'><strong>nos</strong></span> <span class='ocrx_word' id='word_1_748' title='bbox 2720 5223 2915 5285; x_wconf 84' lang='lat' dir='ltr'><strong>mitte;</strong></span> <span class='ocrx_word' id='word_1_749' title='bbox 2946 5238 3074 5277; x_wconf 89' lang='lat' dir='ltr'><strong>nam</strong></span> <span class='ocrx_word' id='word_1_750' title='bbox 3100 5222 3254 5293; x_wconf 85' lang='lat' dir='ltr'><strong>juxta</strong></span> <span class='ocrx_word' id='word_1_751' title='bbox 3284 5222 3383 5278; x_wconf 91' lang='lat' dir='ltr'><strong>Dei</strong></span> <span class='ocrx_word' id='word_1_752' title='bbox 3415 5222 3588 5296; x_wconf 85' lang='lat' dir='ltr'><strong>legem</strong></span> 
     </span>
    </p>
   </div>
   <div class='ocr_carea' id='block_1_111' title="bbox 2002 5320 3587 5393">
    <p class='ocr_par' dir='ltr' id='par_1_111' title="bbox 2002 5320 3587 5393">
     <span class='ocr_line' id='line_1_111' title="bbox 2002 5320 3587 5393; baseline 0.001 -17"><span class='ocrx_word' id='word_1_753' title='bbox 2002 5329 2187 5377; x_wconf 85' lang='lat' dir='ltr'><strong>coacta</strong></span> <span class='ocrx_word' id='word_1_754' title='bbox 2214 5322 2469 5392; x_wconf 91' lang='lat' dir='ltr'><strong>synodus,</strong></span> <span class='ocrx_word' id='word_1_755' title='bbox 2503 5322 2590 5375; x_wconf 92' lang='lat' dir='ltr'><strong>his</strong></span> <span class='ocrx_word' id='word_1_756' title='bbox 2617 5321 2872 5376; x_wconf 86' lang='lat' dir='ltr'><strong>omnibus</strong></span> <span class='ocrx_word' id='word_1_757' title='bbox 2911 5321 3214 5381; x_wconf 82' lang='lat' dir='ltr'><strong>ventilatis,</strong></span> <span class='ocrx_word' id='word_1_758' title='bbox 3271 5320 3494 5393; x_wconf 89' lang='lat' dir='ltr'><strong>dignum</strong></span> <span class='ocrx_word' id='word_1_759' title='bbox 3528 5338 3587 5377; x_wconf 89' lang='lat' dir='ltr'><strong>se</strong></span> 
     </span>
    </p>
   </div>
   <div class='ocr_carea' id='block_1_112' title="bbox 2000 5419 3583 5493">
    <p class='ocr_par' dir='ltr' id='par_1_112' title="bbox 2000 5419 3583 5493">
     <span class='ocr_line' id='line_1_112' title="bbox 2000 5419 3583 5493; baseline 0 -19"><span class='ocrx_word' id='word_1_760' title='bbox 2000 5421 2116 5492; x_wconf 89' lang='lat' dir='ltr'><strong>ipsa</strong></span> <span class='ocrx_word' id='word_1_761' title='bbox 2158 5419 2425 5491; x_wconf 90' lang='lat' dir='ltr'><strong>judicium</strong></span> <span class='ocrx_word' id='word_1_762' title='bbox 2476 5420 2624 5490; x_wconf 90' lang='lat' dir='ltr'><strong>juste</strong></span> <span class='ocrx_word' id='word_1_763' title='bbox 2688 5420 3084 5490; x_wconf 86' lang='lat' dir='ltr'><strong>pronuntiabit.</strong></span> <span class='ocrx_word' id='word_1_764' title='bbox 3159 5439 3178 5472; x_wconf 84' lang='grc'><strong>›</strong></span> <span class='ocrx_word' id='word_1_765' title='bbox 3232 5420 3396 5476; x_wconf 82' lang='lat' dir='ltr'><strong>Missa</strong></span> <span class='ocrx_word' id='word_1_766' title='bbox 3454 5433 3583 5493; x_wconf 70' lang='lat' dir='ltr'><strong>sunt</strong></span> 
     </span>
    </p>
   </div>
   <div class='ocr_carea' id='block_1_113' title="bbox 1999 5515 3581 5589">
    <p class='ocr_par' dir='ltr' id='par_1_113' title="bbox 1999 5515 3581 5589">
     <span class='ocr_line' id='line_1_113' title="bbox 1999 5515 3581 5589; baseline -0.001 -16"><span class='ocrx_word' id='word_1_767' title='bbox 1999 5519 2164 5573; x_wconf 91' lang='lat' dir='ltr'><strong>ctiam</strong></span> <span class='ocrx_word' id='word_1_768' title='bbox 2186 5517 2239 5570; x_wconf 89' lang='lat' dir='ltr'><strong>in</strong></span> <span class='ocrx_word' id='word_1_769' title='bbox 2272 5515 2584 5586; x_wconf 90' lang='lat' dir='ltr'><strong>provincias</strong></span> <span class='ocrx_word' id='word_1_770' title='bbox 2607 5530 2801 5571; x_wconf 90' lang='lat' dir='ltr'><strong>omnes</strong></span> <span class='ocrx_word' id='word_1_771' title='bbox 2828 5516 3242 5572; x_wconf 89' lang='lat' dir='ltr'><strong>commonitoria</strong></span> <span class='ocrx_word' id='word_1_772' title='bbox 3281 5517 3350 5573; x_wconf 89' lang='lat' dir='ltr'><strong>ad</strong></span> <span class='ocrx_word' id='word_1_773' title='bbox 3398 5518 3581 5589; x_wconf 73' lang='lat' dir='ltr'><strong>regio~</strong></span> 
     </span>
    </p>
   </div>
   <div class='ocr_carea' id='block_1_114' title="bbox 1996 5613 3580 5685">
    <p class='ocr_par' dir='ltr' id='par_1_114' title="bbox 1996 5613 3580 5685">
     <span class='ocr_line' id='line_1_114' title="bbox 1996 5613 3580 5685; baseline 0 -14"><span class='ocrx_word' id='word_1_774' title='bbox 1996 5630 2129 5685; x_wconf 83' lang='lat' dir='ltr'><strong>pum</strong></span> <span class='ocrx_word' id='word_1_775' title='bbox 2159 5613 2462 5684; x_wconf 86' lang='lat' dir='ltr'><strong>episcopos,</strong></span> <span class='ocrx_word' id='word_1_776' title='bbox 2496 5620 2559 5667; x_wconf 93' lang='lat' dir='ltr'><strong>ut</strong></span> <span class='ocrx_word' id='word_1_777' title='bbox 2582 5613 2653 5668; x_wconf 89' lang='lat' dir='ltr'><strong>ad</strong></span> <span class='ocrx_word' id='word_1_778' title='bbox 2694 5613 3053 5683; x_wconf 90' lang='lat' dir='ltr'><strong>judicaudum</strong></span> <span class='ocrx_word' id='word_1_779' title='bbox 3097 5615 3251 5685; x_wconf 84' lang='lat' dir='ltr'><strong>juxta</strong></span> <span class='ocrx_word' id='word_1_780' title='bbox 3292 5623 3580 5671; x_wconf 86' lang='lat' dir='ltr'><strong>accusato-</strong></span> 
     </span>
    </p>
   </div>
   <div class='ocr_carea' id='block_1_115' title="bbox 1995 5711 3008 5784">
    <p class='ocr_par' dir='ltr' id='par_1_115' title="bbox 1995 5711 3008 5784">
     <span class='ocr_line' id='line_1_115' title="bbox 1995 5711 3008 5784; baseline -0.005 -13"><span class='ocrx_word' id='word_1_781' title='bbox 1995 5733 2115 5772; x_wconf 86' lang='lat' dir='ltr'><strong>rum</strong></span> <span class='ocrx_word' id='word_1_782' title='bbox 2144 5711 2607 5784; x_wconf 74' lang='lat' dir='ltr'><strong>expostulationes</strong></span> <span class='ocrx_word' id='word_1_783' title='bbox 2631 5714 3008 5769; x_wconf 88' lang='lat' dir='ltr'><strong>convenirent.</strong></span> 
     </span>
    </p>
   </div>
  </div>
