4114 6392
477 371 625 417 ιινιι

550 484 632 532 ιε’.
675 476 736 532 '0
770 476 829 531 δέ
877 478 977 550 τῆς
1035 478 1365 551 ’Δντιοχείας
1409 478 1710 541 ἐπίσκοπος
1756 476 1955 546 νοήσας
2001 468 2063 523 1:6

480 559 856 633 μελετώμενον
906 561 1013 616 ὑπὸ
1058 562 1159 634 τῆς
1208 561 1505 627 Εὐδοξίας,
1550 560 1686 615 διότι
1735 562 1941 631 ἐνεῖχεν
1987 556 2065 629 τῷ

430 703 434 707 4
493 644 716 717 Ἰωάννῃ
761 644 1091 718 ἑλεγχομένη
1135 647 1267 717 παρ’
1311 647 1515 710 αὐτοῦ,
1565 643 1751 707 καθὼς
1798 642 2065 715 Ἡρωδιὰς

481 729 590 783 ὑπὸ
634 729 881 786 Ἰωάννου
926 730 1022 785 τοῦ
1055 731 1364 786 Βαπτιστοῦ
1397 731 1657 802 ἠλέγχετο
1687 730 1805 803 ἅμα
1849 728 2062 802 Ἡρώδῃ

394 825 403 831 ·
479 814 559 886 τῷ
582 815 789 888 ταύτην
824 818 1061 889 γήμαντι
1094 816 1232 889 μετά
1257 817 1544 871 συνουσίαν
1572 817 1669 871 τοῦ
1702 816 1936 887 ἀδελφοῦ
1966 818 2066 871 αὐ-

480 898 609 964 τοῦ,
654 899 839 965 καθὼς
883 903 953 955 ἐν
994 900 1345 970 Εὐαγγελίοις
1394 900 1636 970 λέγεται.
1682 901 1909 969 Γέγονεν
1952 899 2061 970 γάρ

478 981 690 1036 τοιοῦτο
722 983 923 1055 μεταξὺ
966 983 1211 1038 Ἰωάννου
1263 986 1359 1038 καὶ⁴
1387 984 1487 1056 τῆς
1530 982 1791 1051 Εὐδοξίας
1812 1000 1827 1016 ο
1854 983 2061 1055 Συνέϐη

478 1067 592 1143 γὰρ
623 1068 876 1136 γενέσθαι
904 1067 1001 1140 τὴν
1027 1068 1270 1139 βασιλίδα
1299 1070 1427 1141 περὶ
1456 1069 1547 1122 τὸν
1582 1067 1860 1139 βασιλικὸν
1885 1068 2064 1138 ἀμπε-

480 1151 648 1217 λῶνα,
684 1149 944 1206 εἰσελθεῖν
971 1152 1139 1225 αὐτὴν
1166 1154 1247 1216 εἰς
1279 1152 1578 1224 ἀμπελῶνα
1603 1150 1863 1222 γυναικὸς
1887 1152 2065 1223 χήρας

482 1233 850 1306 πλησιάζοντα
886 1234 981 1289 τοῦ
1030 1236 1232 1306 ἐαυτῆς
1262 1235 1620 1307 ἀμπελῶνος,
1656 1234 1765 1289 εἴτε
1801 1233 2065 1298 ἑκουσίως

481 1320 593 1372 εἴτε
622 1320 893 1384 ἀκουσίως
918 1362 932 1385 ,
977 1320 1073 1374 καὶ
1109 1320 1271 1391 κόψαι
1304 1323 1601 1393 σταφυλήν.
1642 1318 1983 1393 Προεϐάλετο
2007 1318 2064 1373 66

481 1403 643 1475 αῦτη·
675 1421 694 1454 ι
722 1405 858 1457 Κατ’
878 1404 1105 1474 ἄγνοιαν
1125 1404 1394 1475 εἰσῆλθον,
1420 1406 1605 1475 φησιν,
1634 1406 1729 1459 καὶ
1753 1405 1815 1458 οὐ
1840 1404 2063 1459 δύναται

480 1486 662 1541 οὐκέτι
710 1486 1041 1566 ἀποδοθῆναι
1094 1490 1159 1561 τῇ
1214 1488 1380 1561 κυρίᾳ
1434 1486 1601 1542 αὐτοῦ
1628 1528 1643 1553 ,
1694 1488 1832 1545 ἀλλά
1861 1488 2063 1561 ,δίδωμι

480 1571 783 1642 ἀμπελῶνα
814 1571 931 1626 ἀντ’
966 1571 1133 1626 αὐτοῦ
1165 1572 1385 1627 πλείονα
1413 1573 1509 1628 καὶ
1534 1571 1788 1643 κρείττω.
1827 1592 1845 1626 ι
1904 1573 1969 1626 Ἠ
2006 1572 2064 1626 δέ

479 1648 628 1727 χήρα
658 1657 719 1710 οὐ
750 1657 1076 1725 κατεδέξατο
1095 1698 1110 1723 ,
1137 1657 1273 1711 ἀλλὰ
1306 1658 1646 1729 προσέπεσεν
1680 1657 1759 1729 τῷ
1817 1657 2061 1732 Ἰωάννῃ,

478 1739 630 1805 ὅπως
654 1740 890 1813 ἀποδοθῇ
924 1742 1062 1812 αὐτῇ
1090 1742 1119 1795 6
1152 1740 1414 1813 ἀμπελὼν
1444 1742 1638 1813 αὐτῆς.
1674 1741 2067 1815 Παραγενόμε-

479 1841 570 1888 νος
601 1826 711 1880 δέό
753 1825 1007 1899 Ἰωάννης
1048 1825 1184 1897 πρὸς
1221 1825 1320 1898 τὴν
1370 1825 1651 1897 βασιλίδα,
1698 1827 1845 1895 λέγει
1886 1827 2060 1898 αὐτῇ·

484 1930 505 1964 ι
546 1909 901 1983 Οἰκτείρησον
944 1911 1045 1982 τὴν
1076 1911 1276 1981 χήραν,
1305 1912 1400 1963 καὶ
1444 1910 1642 1975 ἀπόδος
1672 1912 1810 1983 αὐτῇ
1838 1909 1931 1965 τὸν
1959 1911 2067 1980 ἀμ-

478 1995 720 2052 πελῶνα.
756 2013 775 2047 ι
829 1995 895 2048 Ἢ
934 1994 994 2048 δέ
1036 2008 1233 2066 φησιν’
1283 2012 1304 2047 ι
1348 1994 1533 2066 Νόμος
1573 1994 1849 2066 βασιλικός
1896 1996 2064 2059 ἐστιν,

479 2078 616 2133 ὅπου
646 2077 999 2150 εἰσέλθωμεν,
1049 2080 1147 2132 καὶ
1184 2080 1250 2132 ἐκ
1278 2077 1372 2133 τοῦ
1407 2078 1620 2151 καρποῦ
1647 2077 1916 2151 ἁψώμεθα
1936 2119 1952 2145 ,
1992 2077 2069 2150 μὴ

482 2162 737 2231 γενέσθαι
766 2162 958 2235 ἑτέρῳ,
992 2162 1107 2216 ἀλλ’
1147 2162 1182 2233 ἢ
1207 2163 1320 2227 τοῖς
1352 2161 1697 2233 βασιλεῦσιν·
1741 2162 1858 2217 ἀντ’
1900 2161 2066 2216 αὐτοῦ

480 2248 540 2302 δέ
571 2246 869 2320 ἀμπελῶνα
897 2245 1055 2301 ἀλλον
1080 2241 1190 2300 οἷον
1217 2244 1349 2319 θέλῃ
1381 2245 1614 2301 λαϐέτω.
1658 2266 1677 2299 ι
1711 2246 1881 2301 Πάλιν
1907 2240 2001 2299 οὖν
2031 2247 2065 2317 ή

480 2334 627 2404 χήρα
653 2331 857 2395 κόπους
887 2332 1147 2402 παρεῖχεν
1176 2328 1253 2399 τῷ
1291 2329 1511 2402 Ἰωάννῃ
1533 2371 1548 2394 ,
1584 2330 1661 2395 ὡς
1697 2328 1981 2400 δυναμένῳ
2013 2346 2066 2381 τι

481 2415 635 2487 παρὰ
679 2417 778 2487 τῆς
822 2414 1112 2486 βασιλίδος.
1161 2415 1272 2469 Καὶ
1306 2414 1652 2485 ἐνοχλοῦντος
1708 2416 1954 2470 Ἰωάννου
1998 2417 2064 2486 τῇ

480 2499 742 2571 Εὐδοξίᾳ,
778 2499 911 2555 ποτὲ
948 2499 1045 2571 μὲν
1091 2498 1540 2570 παρακαλοῦντος
1581 2500 1753 2570 αὐτὴν
1774 2538 1789 2564 ,
1827 2499 1959 2554 ποτὲ
2008 2500 2065 2553 δέ

482 2584 580 2637 καὶ
611 2583 992 2658 παραϐολικῶς
1034 2583 1412 2648 νουθετοῦντος
1442 2587 1521 2654 (α)
1555 2585 1745 2656 αὐτὴν,
1790 2586 1892 2639 οὐκ
1934 2585 2065 2656 ἠδυ-

483 2669 619 2741 νήθη
648 2670 920 2724 ἐκσπάσαι
960 2669 1053 2723 τὸν
1080 2669 1381 2741 ἀμπελῶνα
1411 2671 1510 2741 τῆς
1538 2670 1796 2739 γυναικὸς
1833 2670 1928 2723 ἀπ’
1968 2670 2065 2723 αὐ-

480 2753 602 2825 τῆς.
649 2754 736 2807 Ἐν
778 2756 876 2826 μιᾷ
923 2749 1017 2807 οὖν
1053 2753 1161 2808 τῶν
1207 2753 1431 2825 ήμερῶν
1474 2754 1920 2825 παραγενομένου
1965 2754 2061 2808 τοῦ

480 2838 731 2894 Ἰωάννου
757 2838 893 2911 πρὸς
917 2839 1087 2910 αὐτὴν
1116 2843 1243 2911 περὶ
1278 2837 1468 2893 τούτου
1485 2878 1501 2903 ,
1529 2839 1741 2893 κελεύει
1764 2843 1877 2904 τοῖς
1903 2839 2028 2911 δορυ
2045 2869 2061 2882 ο

482 2922 670 2994 φόροις
694 2923 864 2994 αὐτῆς
888 2925 1098 2977 κλεῖσαι
1125 2923 1218 2986 τὰς
1245 2922 1415 2995 θύρας
1444 2922 1752 2996 ἔμπροσθεν
1787 2925 2057 2990 Ἰωάννου,

480 2998 630 3073 ὅπως
666 3008 741 3080 μὴ
772 3007 989 3080 εἰσέλθῃ
1037 3011 1130 3062 καὶ
1168 3008 1374 3080 λαλήσῃ
1413 3010 1575 3081 αὐτῇ.
1610 3008 1668 3061 '0
1712 3008 1770 3061 66
1808 3008 2061 3081 Ἰωάννης

480 3092 994 3167 προσκαλεσάμενος
1033 3090 1125 3145 τὸν
1156 3091 1393 3164 ἄρχοντα
1432 3092 1531 3162 τῆς
1557 3092 1884 3163 ἐκκλησίας,
1916 3109 2061 3164 παρ-

477 3178 729 3250 ήγγειλεν
752 3176 904 3248 αὐτῷ
935 3176 1108 3247 λέγων
1126 3193 1139 3207 ⁸
1167 3199 1190 3233 ι
1222 3172 1406 3232 ”Οτ’ἂν
1427 3174 1601 3245 ἐλθηή
1634 3176 1857 3243 Εὐδοξία
1887 3178 2061 3231 είσελ-

479 3262 593 3316 θεῖν
621 3265 702 3327 εἰς
730 3262 826 3333 τὴν
852 3261 1170 3333 ἐκκλησίαν,
1199 3262 1412 3315 κλεῖσον
1434 3260 1745 3333 ἔμπροσθεν
1771 3263 1939 3334 αὐτῆς
1961 3265 2061 3329 τὰς

478 3345 671 3419 θύρας,
707 3348 801 3401 καὶ
848 3347 1001 3401 εἰπὸν
1040 3348 1218 3417 αὐτῇέ
1283 3337 1531 3410 Ἰωάννης
1613 3347 1770 3401 τοῦτο
1799 3348 2062 3419 προσέτα-

480 3431 589 3497 ξεν.
622 3452 642 3484 ι
668 3432 780 3486 Καὶ
805 3432 913 3486 ἀπὸ
943 3431 1064 3485 τότε
1092 3430 1306 3502 ηὐξήθη
1335 3431 1571 3503 στερεῶς
1596 3433 1628 3502 ἡ
1650 3431 1817 3503 λέσχη
1850 3434 2057 3504 μεταξὺ

473 3511 723 3570 Ἰωάννου
753 3518 849 3570 καὶ¹
879 3516 1154 3582 Εὐδοξίας.

550 3605 653 3684 ιςίο
678 3618 849 3682 Εἰδὼς
880 3616 974 3674 οὖν
1001 3623 1030 3674 ὁ
1054 3619 1358 3691 καλόγηρος
1383 3622 1411 3674 6
1451 3621 1728 3691 Ἀντιόχου
1761 3622 2060 3685 ἐπίσκοπος

474 3704 575 3774 τὴν
600 3703 816 3774 ἐνέδραν
854 3703 1025 3773 αὐτῆς
1078 3705 1277 3777 σκευὴν
1308 3706 1568 3777 ποιούσης
1598 3704 1741 3759 κατά
1784 3705 2057 3769 Ἰωάννου,

475 3788 915 3859 προσεποιήσατο
953 3786 1256 3854 ἀσθένειαν,
1303 3790 1397 3842 καὶ
1442 3790 1503 3842 τὺ
1535 3789 1715 3859 γῆρας
1758 3790 2060 3861 ἀρρωστεῖν

475 3872 642 3926 αὐτὸν
694 3870 755 3937 ἐξ
796 3873 1143 3944 ἀμφοτέρων,
1196 3874 1359 3937 αὐτὸς
1408 3874 1507 3943 μέν
1549 3875 1909 3946 παραιτηθεὶς
1958 3875 2059 3927 οὐκ

473 3950 660 4025 ἦλθεν,
688 3955 897 4027 πέμπει
933 3956 990 4008 66
1019 3956 1410 4029 τοποτηροῦντι
1445 3957 1605 4010 αὐτὸν
1640 3958 1803 4011 πέντε
1840 3960 2059 4011 ἐπισκό-

473 4053 646 4103 πους,
708 4038 1010 4109 Ἀπαμείας
1048 4040 1326 4110 Διογένην,
1356 4041 1584 4112 Βεροίας
1628 4041 1905 4096 Ἀκάκιον.
1948 4042 2057 4095 Εὐ-

474 4121 840 4192 καιρήσαντος
877 4122 934 4174 δέ
965 4122 1415 4194 Σευηριανοῦλτοῦ
1444 4124 1702 4178 Γαϐάλων
1734 4126 2054 4191 ἐπισκόπου,

472 4202 571 4256 καὶ
617 4205 909 4276 χρῄζοντος
957 4210 1037 4271 εἰς
1080 4206 1142 4259 τὸ
1186 4208 1511 4278 κωμητάτον
1559 4208 1637 4271 ώς
1689 4209 2053 4277 λογιωτάτου,

472 4288 655 4358 ᾐτεῖτο
678 4290 775 4359 .(b)
831 4292 1054 4362 ποιῆσαι
1109 4292 1240 4345 αὐτὸ
1289 4294 1657 4364 Σαμουσατῶν
1710 4293 2052 4366 Γέμμουλον,

473 4370 696 4440 Ἐδέσης
725 4374 1005 4430 Θεοδόσιον
1026 4393 1041 4408 ·
1086 4371 1253 4447 ἦλθεν
1283 4377 1341 4431 δέ
1376 4379 1472 4431 καὶ
1522 4380 1724 4443 Λεονᾶς
1759 4380 2057 4444 ἐπίσκοπος

485 4456 769 4531 ’Δγκύρων
815 4461 909 4513 καί
956 4460 1119 4533 αὐτὸς
1163 4462 1303 4533 ἔχων
1361 4462 1504 4517 κατά
1568 4465 1813 4519 Ἰωάννου
1836 4483 1849 4496 ·
1908 4458 2053 4519 οὗτοι

472 4541 675 4606 πάντες
700 4543 775 4607 ώς
795 4544 903 4597 ἀπὸ
937 4545 1241 4613 συντάξεως
1263 4547 1450 4619 ἐχθροί
1487 4549 1755 4602 Ἰωάννου.
1787 4549 2054 4614 Νικόλαος

470 4628 528 4682 δὲ
556 4630 585 4682 6
623 4628 806 4700 ἄρχων
851 4630 1080 4698 ἐνέγκας
1125 4633 1218 4686 τὸν
1250 4632 1526 4702 Θεόφιλον,
1572 4633 1866 4704 ἠπείλησεν
1903 4634 2054 4706 αὐτῷ

467 4710 546 4776 ὡς
572 4712 641 4767 τὰ
669 4713 925 4783 ἑλληνικά
954 4716 1210 4787 χρήματα
1234 4716 1624 4787 διαρπάζοντα,
1653 4719 1882 4792 κείμενα
1904 4719 2055 4790 αὐτῷ

471 4796 658 4865 (κατά)
692 4798 793 4869 τὴν
823 4799 1071 4853 κέλευσιν
1112 4800 1206 4853 τοῦ
1260 4800 1545 4870 βασιλέως.
1602 4804 1659 4856 '0
1695 4803 1752 4856 66
1795 4804 2053 4875 Θεόφιλος

390 4888 396 4893 ’
467 4880 556 4936 διά
592 4882 868 4959 Γεωργίου
910 4882 1005 4938 τοῦ
1044 4885 1362 4955 ἀδελφιδοῦς
1400 4884 1565 4940 αὐτοῦ
1611 4887 1708 4941 τοῦ
1753 4888 2049 4959 ἄρχοντος,

465 4964 682 5036 πλήσας
730 4968 801 5020 τὰ
853 4967 1143 5039 βαλλάντια
1199 4970 1563 5042 ἀμφοτέρων,
1622 4972 1779 5044 ἔσχεν
1830 4975 2047 5045 ἀνοχὴν,

462 5047 628 5120 ἄχρις
657 5049 726 5104 ἂν
751 5050 822 5105 τὰ
851 5051 1151 5126 κελλαρικά
1176 5053 1455 5122 Αἰγύπτου
1518 5055 1612 5109 καὶ
1640 5057 1926 5129 ἡδύσματα
1952 5060 2051 5113 Ἰν-

462 5131 583 5195 δίας
608 5132 960 5205 ὠνησάμενος
980 5175 994 5199 ,
1042 5138 1125 5199 εἰς
1155 5136 1316 5190 πλοῖα
1345 5137 1630 5193 ἐνεϐάλετο
1649 5180 1664 5204 ,
1700 5141 1796 5194 σὺν
1836 5142 2051 5195 ἐπισκό-

463 5232 590 5281 ποις
622 5218 716 5272 καὶ
744 5219 1136 5291 πρεσϐυτέροις
1171 5221 1267 5274 καὶ
1290 5221 1562 5287 διακόνοις
1592 5226 1820 5288 καὶτοῖς
1841 5224 2048 5290 λοιποῖς

464 5302 523 5354 ἐν
559 5300 704 5373 ὄχλῳ
743 5304 913 5375 ἰκανῷ
935 5320 951 5337 ⁶
994 5306 1087 5359 καὶ
1128 5305 1303 5370 οὕτως
1334 5307 1597 5361 ἔπλευσεν
1627 5308 1811 5380 φόρτῳ
1844 5309 2040 5382 πολλῷ.

537 5401 623 5474 (f.
653 5403 721 5458 72
742 5404 797 5475 6)
848 5404 933 5470 ιζ’.
980 5405 1047 5459 Ἦ
1073 5400 1168 5460 οῦν
1204 5406 1433 5472 Εὐδοξία
1464 5408 1556 5462 τὸν
1579 5408 1775 5487 λιμένα
1803 5414 2045 5489 φρουρή-

536 5580 616 5668 (_a)
646 5581 1269 5668 .C06.J660005v06y60;.
1330 5589 1500 5647 Porro
1556 5593 1648 5649 hic
1694 5595 2044 5668 cogitandum

466 5662 601 5727 90:0
629 5652 709 5727 d_9_
722 5653 958 5727 Nalhapi
978 5658 1268 5727 iparabola.

523 5722 626 5850 Jb;
646 5722 747 5778 Hic
785 5734 840 5779 et
863 5722 1187 5809 alibfcpdex
1220 5732 1516 5789 mendosus
1558 5734 2045 5809 reformandusque

560 5812 589 5847 ε
630 5802 770 5850 amr.
803 5806 899 5850 aut
927 5796 1060 5850 mlh:
1083 5808 1232 5850 certe
1266 5802 1535 5850 obscurus
1576 5813 1706 5850 mm

468 5794 770 5861 videbatur,
803 5806 899 5852 au:
927 5796 1060 5853 mihi
1083 5808 1232 5856 certe
1266 5802 1535 5861 obscurus
1576 5813 1707 5863 erat.

1653 350 2006 412 THEODOBI
2038 348 2583 409 TBIMITHUNTINI

3579 373 3754 416 ιινηι

2173 485 2313 523 σασα
2345 469 2434 523 διά
2462 469 2741 542 Μαριανοῦ
2768 469 2864 524 τοῦ
2895 469 3213 543 μειζοτέρου
3244 471 3438 543 αὐτῆς,
3472 471 3565 526 καὶ
3612 472 3752 543 φθά-

2169 576 2366 625 σαντας
2389 562 2518 625 τοὺς
2544 560 2928 633 τοποτηρητάς
2967 560 3313 615 Ἰννοκεντίου
3364 560 3455 615 διά
3487 558 3588 632 τὴν
3624 559 3752 615 66v-

2164 652 2302 718 o60v,
2346 652 2664 707 ἀπέσπασεν
2701 652 2796 706 ἀπ’
2824 649 3005 705 αὐτῶν
3047 650 3116 704 τά
3151 650 3490 721 γράμματα,
3532 649 3629 703 καὶ
3671 649 3754 712 είς

2165 739 2408 813 φρουρὰν
2449 740 2869 803 κατακλείστους
2907 740 2966 793 ἐν
3010 740 3124 801 τοῖς
3155 737 3485 809 Θρακησίοις
3528 736 3753 808 μέρεσιν

2164 830 2423 900 ἐποίησεν
2462 832 2521 884 ἐν
2565 829 2999 901 παραθαλασσίῳ
3046 825 3370 898 καλουμένῳ
3416 824 3657 895 Ἀθύρων
3690 825 3751 877 ἐν

2164 917 2334 988 πολλῇ
2365 919 2658 991 ἀσφαλείᾳ.
2690 918 2918 973 Πάντων
2952 914 3278 987 φθασάντων
3322 916 3422 986 τὴν
3452 915 3748 967 Κωνσταν-

2163 1007 2308 1060 τίνου
2343 1008 2526 1073 πόλιν,
2578 1006 2814 1078 οὐδαμοῦ
2853 1008 2901 1061 οἰ
2938 1004 3307 1077 τοποτηρηταὶ
3353 1004 3451 1075 τῆς
3500 1000 3743 1072 Ῥώμης·

2163 1096 2281 1151 ἀλλ’
2312 1098 2431 1151 οὐδὲ
2470 1096 2746 1167 Θεόφιλος,
2781 1100 2831 1151 εἰ
2860 1097 2935 1169 μὴ
2957 1096 3057 1166 ὀψέ
3084 1113 3237 1151 ποτε.
3278 1096 3337 1148 '0
3371 1093 3466 1148 οῦν
3494 1079 3752 1164 βασιλεὺς

2138 1206 2147 1215 ·
2177 1185 2458 1257 ’Δρκάδιος
2488 1186 2589 1240 οὐκ
2619 1185 2877 1256 ἠνέσχετο
2909 1183 3047 1248 ὅλως
3081 1185 3364 1255 συντυχεῖν
3394 1181 3640 1252 Θεοφίλῳ
3663 1196 3679 1211 ⁶
3709 1180 3747 1248 ἠ

2162 1273 2219 1328 δέ
2250 1271 2477 1340 Εὐδοξία
2507 1272 2974 1346 μεταστειλαμένη
3000 1272 3259 1342 Θεόφιλον
3286 1274 3380 1326 καὶ
3404 1272 3531 1335 τοὺς
3556 1270 3750 1334 ἀλλους

2164 1364 2520 1429 ἐπισκόπους,
2559 1358 2728 1436 ηὗρεν
2772 1363 2985 1427 πάντας
3030 1360 3302 1431 διψῶντας
3348 1361 3447 1433 τὴν
3496 1360 3748 1415 Ἰωάννου

2163 1451 2475 1525 ἐπιϐουλὴν,
2527 1452 2624 1506 καί
2662 1452 2872 1515 πάντας
2912 1450 3252 1522 ἠσφαλίσατο
3289 1449 3503 1521 δώροις.
3558 1449 3619 1503 '0
3653 1444 3749 1503 οὖν

2163 1540 2419 1612 Ἰωάννης
2443 1539 2787 1612 νεωτερικῶς
2833 1538 3090 1611 πράττων
3128 1534 3437 1609 ἐξηγήσατο
3469 1537 3613 1592 κατά
3636 1537 3748 1591 τῶν

2165 1629 2478 1683 ἐπισκόπων
2512 1627 2637 1683 τινὰ
2664 1626 2836 1691 οὕτως
2865 1626 3085 1697 ἔχοντα’
3117 1646 3135 1677 ι
3156 1626 3493 1695 Συναγάγετε
3513 1625 3648 1698 πρός
3678 1641 3747 1696 με

2165 1719 2291 1781 τοὺς
2327 1718 2490 1787 ἱερεῖς
2516 1716 2617 1786 τῆς
2642 1715 2905 1787 αἰσχύνης
2930 1713 3209 1777 ἐσθίοντας
3238 1713 3520 1785 τράπεζαν
3578 1714 3747 1778 Ἰεζά-

2167 1806 2281 1869 ϐελ,
2320 1807 2405 1860 ῖνα
2435 1806 2574 1860 εἴπω
2613 1806 2798 1869 αὐτοῖς
2821 1820 2835 1835 ⁸
2890 1805 3045 1870 Ἕως
3078 1804 3225 1857 πότε
3278 1802 3603 1872 χωλανεῒτε
3652 1804 3746 1857 ἐπ’

2167 1894 2523 1965 ἀμφοτέραις
2567 1893 2700 1961 ταῖς
2737 1895 2970 1965 ίγνύαις
3007 1889 3210 1963 ὑμῶν;
3242 1894 3315 1946 Εἰ
3359 1890 3531 1947 ἐστιν
3582 1893 3747 1957 Θεὸς,

2168 1984 2495 2050 πορεύεσθε
2537 1982 2729 2036 ὀπίσω
2761 1979 2979 2035 αὐτοῦ’
3010 1980 3141 2034 εἰδὲ
3165 1982 3200 2051 ή
3238 1978 3485 2053 τράπεζα
3510 1979 3748 2046 Ἰεζάϐελ

2167 2077 2305 2147 αὐτὴ
2338 2076 2490 2143 Θεὸς,
2533 2076 2797 2145 φαγόντες
2828 2073 3145 2145 ἐξεμέσατε.
3189 2096 3209 2128 ο
3260 2075 3324 2127 Ol
3367 2074 3424 2128 δὲ
3459 2074 3748 2129 ἐπίσκοποι

2168 2169 2448 2223 ἐπέδωκαν
2474 2167 2554 2240 τῷ
2588 2168 2897 2239 βασιλεῖτά
2940 2168 3033 2221 ῖσα
3063 2170 3163 2231 τῆς
3206 2166 3522 2238 ἐξηγήσεως
3568 2165 3749 2219 Ἰωάν-

2167 2274 2281 2320 νου,
2319 2258 2413 2311 καὶ
2452 2256 2696 2329 ἐλυπήθη
2737 2255 2829 2311 διά
2874 2255 2973 2329 τὴν
3018 2255 3277 2322 Εὐδοξίαν
3327 2256 3600 2328 μεγάλως.
3637 2257 3750 2311 Καὶ

2167 2346 2326 2412 εὐθὺς
2355 2347 2497 2403 κατὰ
2535 2348 2794 2419 Θεοφίλου
2839 2348 3089 2420 Ἰωάννης
3135 2349 3397 2420 ἐξήγησιν
3425 2350 3745 2420 ἀπεφήνατο

2165 2438 2338 2502 οὕτως
2363 2438 2537 2509 λέγων
2559 2454 2572 2467 ’
2631 2457 2650 2491 ι
2687 2439 2783 2503 Τίς
2804 2440 2948 2493 ’ποτε
2997 2439 3107 2493 τῶν
3149 2440 3462 2508 Αἰγυπτίων
3503 2439 3747 2510 θεόφιλος

2166 2532 2415 2601 ἐγένετο;
2465 2532 2551 2596 τίς
2580 2531 2639 2586 δέ
2686 2532 2793 2586 τῶν
2831 2531 3094 2602 θεοφίλων
3138 2530 3237 2604 τὴν
3282 2532 3525 2605 μυσεράν
3567 2533 3747 2587 αὐτῶν

2164 2623 2406 2691 εὐδοξίαν
2485 2622 2546 2675 οὐ
2635 2624 3011 2696 βδελύσσεται;
3046 2643 3065 2676 ›
3101 2620 3236 2678 Εἶτα
3267 2625 3358 2677 καὶ
3386 2624 3557 2696 αὐτὴν
3581 2624 3748 2679 πάλιν

2162 2713 2488 2769 ἐπιδιδοῦσιν
2533 2713 2611 2787 τῷ
2656 2714 2894 2786 βασιλεῖ·
2947 2714 3041 2767 καὶ
3091 2714 3357 2786 μετετέθη
3401 2714 3436 2787 ή
3485 2714 3743 2785 Θεοφίλου

2161 2808 2537 2877 ἀγανάκτησις
2562 2809 2642 2871 είς
2670 2807 2944 2880 Ἰωάννην.

2235 2899 2325 2972 ιη’.
2355 2900 2489 2954 Τότε
2532 2898 2710 2954 λαϐὼν
2745 2902 2774 2954 6
2834 2901 3083 2972 Ἰωάννης
3129 2900 3222 2955 δύο
3261 2899 3370 2954 τῶν
3409 2898 3742 2971 διωχθέντων

2164 2991 2434 3064 μοναχῶν,
2465 2993 2751 3063 Διόσκορον
2778 2994 2873 3047 καὶ
2914 2992 3150 3063 Ἰέρακα,
3169 2993 3296 3057 τοὺς
3322 2993 3617 3064 τροχαλούς
3642 2993 3741 3045 σύ-

2158 3086 2289 3153 τῶν,
2322 3085 2724 3156 ἐχειροτόνησεν
2749 3087 2944 3149 αὐτοὺς
2978 3084 3401 3158 πρεσϐυτέρους,
3429 3085 3578 3147 ὅπως
3605 3082 3740 3137 αὐθ-

2160 3179 2392 3251 αιρέτως
2429 3179 2499 3234 τά
2535 3179 2678 3233 κατὰ
2723 3178 2981 3249 Θεοφίλου
3012 3179 3316 3245 διδάξουσιν
3347 3178 3447 3250 τὴν
3495 3176 3732 3231 σύνοδον.

2172 3272 2236 3324 'H
2265 3271 2323 3325 66
2352 3270 2577 3335 Εὐδοξία
2619 3271 2858 3325 λαϐοῦσα
2903 3271 3166 3340 Θεοδότην
3189 3312 3204 3336 ,
3230 3273 3265 3342 ἢ
3303 3269 3372 3324 τά
3419 3268 3562 3343 χίλια
3591 3269 3743 3340 νομί-

2162 3381 2344 3433 σματα
2391 3363 2622 3418 δέδωκεν
2666 3363 2744 3434 τῷ
2772 3364 2916 3436 άϐϐᾷ
2960 3364 3213 3436 Ἰσιδώρῳ
3244 3363 3323 3433 τῷ
3365 3362 3739 3435 πρεσϐυτέρῳ,

2159 3454 2364 3525 ταύτην
2393 3453 2749 3526 Κλημεντίνῳ
2771 3454 2851 3525 τῷ
2883 3455 3109 3525 ἐπάρχῳ
3138 3453 3236 3523 τῆς
3277 3452 3484 3516 πόλεως
3515 3451 3742 3506 δέδωκεν

2161 3546 2240 3609 εἰς
2272 3530 2468 3615 γάμον,
2488 3545 2727 3609 καὶτοὺς
2752 3543 3085 3606 ἐπισκόπους
3102 3544 3382 3611 Αἰγύπτου
3414 3543 3510 3597 καὶ
3537 3541 3743 3612 Λιϐύης

2161 3638 2256 3691 καί
2290 3639 2417 3700 τοὺς
2449 3636 2744 3708 κληρικούς
2774 3634 2868 3689 τοῦ
2913 3636 3110 3708 μέρους
3161 3634 3428 3707 Ἰσιδώρου
3473 3634 3744 3700 ἐνέγκασα

2159 3729 2351 3802 δώροις
2379 3728 2611 3801 ἐπλησεν
2629 3744 2643 3757 °
2671 3728 2764 3782 καὶ
2792 3729 2920 3792 τοὺς
2951 3729 3050 3799 μέν
3087 3727 3404 3791 πεισθέντας
3437 3729 3574 3798 αὐτῇ
3601 3725 3743 3781 κατά

2158 3823 2219 3876 τὸ
2238 3821 2495 3876 παλάτιον
2523 3820 2753 3875 δέδωκεν
2779 3820 3237 3893 μετεωρίζεσθαι·
3262 3821 3389 3884 τοὺς
3420 3820 3478 3873 δέ
3512 3820 3586 3891 μὴ
3614 3836 3740 3872 πει-

2162 3913 2383 3977 σθέντας
2407 3914 2569 3985 αὐτῇ,
2600 3915 2657 3966 ἐν
2692 3912 3059 3984 Θεσσαλονίκῃ
3092 3911 3371 3983 ἐξώρισεν.
3420 3913 3527 3965 Καὶ
3555 3910 3741 3965 πολλοὶ

2158 4006 2444 4059 ἐπίσκοποι
2471 4005 2565 4059 καὶ
2608 4005 2832 4076 μοναχοί
2867 4004 2960 4057 καὶ
2994 4004 3247 4074 κληρικοὶ
3287 4000 3646 4075 πρεσϐύτεροί
3679 4020 3741 4056 τε

2158 4098 2252 4152 καὶ
2275 4098 2532 4160 διάκονοι,
2557 4098 2617 4150 οὐ
2654 4098 2763 4167 μὴν
2789 4095 2924 4149 ἀλλὰ
2954 4096 3049 4149 καί
3079 4093 3336 4166 παρθένοι
3365 4094 3459 4148 καὶ
3485 4097 3740 4164 γυναῖκες

2156 4189 2551 4262 κοσμιώταται,
2582 4191 2683 4260 ὅση
2714 4187 2780 4243 ἂν
2812 4190 3108 4260 ηὑρίσκετο
3127 4187 3440 4250 κοινωνικὸς
3467 4187 3736 4249 Ἰωάννου,

2156 4283 2357 4354 πολλὴν
2396 4282 2619 4354 ἄθλησιν
2650 4282 2952 4353 ὑπέμειναν
2982 4280 3324 4354 παθημάτων
3349 4297 3363 4312 ·
3398 4281 3493 4335 καὶ
3520 4276 3589 4351 ἦν
3619 4279 3742 4334 σθέ-

2158 4394 2246 4438 νος
2280 4376 2425 4444 ίδεῖν,
2463 4376 2556 4428 καὶ
2591 4375 2829 4439 ἀκούειν,
2855 4374 2950 4428 καὶ
2979 4372 3244 4445 θρηνῆσαι
3268 4373 3406 4446 ὐπέρ
3426 4372 3535 4426 τῶν
3566 4372 3742 4436 οῦτως

2155 4467 2357 4533 ἀδίκως
2411 4468 3021 4537 καταδυναστευομένων
3077 4465 3186 4519 τῶν
3251 4464 3591 4533 ἀγαπώντων
3649 4465 3739 4518 τὸν

2156 4563 2428 4634 Ἰωάννην,
2450 4562 2780 4625 ἐπισκόπους
2802 4560 2894 4613 καὶ
2926 4559 3331 4632 πρεσϐυτέρους
3350 4558 3446 4611 σὺν
3471 4558 3739 4621 διακόνοις

2154 4656 2248 4711 καὶ
2280 4656 2561 4726 κληρικοῖς
2595 4654 2689 4706 καὶ
2734 4651 3092 4723 μονάζουσιν,
3127 4652 3183 4704 ἐν
3227 4649 3465 4723 ἐξορίαις
3503 4650 3607 4703 ὑπὸ
3645 4652 3740 4704 ἀν-

2155 4748 2279 4819 ελεη
2290 4744 2467 4819 μόνων
2489 4744 2792 4818 ἀνθρώπων
2816 4742 3305 4814 ἀπελαυνομένους.
3328 4743 3485 4807 Τινές
3527 4743 3585 4797 δὲ
3628 4743 3738 4797 τῶν

2156 4839 2515 4911 μοναζόντων,
2556 4838 2651 4893 καὶ
2679 4836 2937 4909 παρθένοι
2967 4835 3149 4896 καλῶς
3178 4839 3236 4889 ἐν
3264 4837 3496 4907 ἀσκήσει
3516 4834 3738 4908 διαπρέ-

2153 4950 2369 4997 πουσαι⁹
2400 4933 2679 5003 αἰκισμοῖς
2703 4930 2799 4984 κιπιί⁹
2827 4928 3080 5000 βασάνοις
3097 4927 3503 5000 παρεδιδοῦντο,
3533 4928 3739 4985 λαῖκῶν

2150 5042 2210 5079 τε
2249 5025 2306 5079 δέ
2350 5025 2445 5078 καὶ
2487 5020 2762 5092 γυναικῶν
2795 5019 3058 5084 εὐσεϐῶν,
3113 5022 3414 5092 χρημάτων
3454 5022 3737 5093 διαρπαγὴ

2151 5118 2455 5198 ἢπειλεῖτοι
2472 5116 2656 5170 Ταῦτα
2686 5115 2863 5169 πάντα
2892 5113 2999 5168 ὑπὸ
3024 5113 3284 5181 Εὐδοξίας
3322 5116 3417 5168 καὶ
3446 5115 3555 5169 τῶν
3575 5115 3737 5188 δορυ-

2150 5212 2334 5283 φόρων
2366 5209 2535 5280 αὐτῆς
2577 5208 2826 5279 ἐγένοντο
2859 5210 2939 5272 εἰς
2984 5205 3237 5278 Ἰωάννην
3270 5210 3365 5262 καὶ
3406 5209 3533 5273 τοὺς
3571 5207 3737 5264 αὐτοῦ

2149 5300 2458 5364 κοινωνούς.
2481 5302 2590 5354 Καὶ
2615 5299 2788 5364 οὕτως
2815 5300 3013 5371 συνέϐη
3046 5300 3135 5353 τὸν
3159 5302 3259 5371 μὲν
3283 5300 3542 5370 Θεόφιλον
3562 5302 3738 5356 ἀπαλ-

2147 5392 2403 5463 λαγῆναι,
2452 5394 2542 5447 τὸν
2578 5392 2635 5445 δέ
2661 5392 2920 5464 Ἰωάννην
2961 5392 3245 5463 ἐμπεσεῖν.
3289 5392 3349 5445 Ὀ
3376 5393 3434 5446 δέ
3477 5393 3737 5465 Ἰωάννης

2145 5488 2249 5541 οὐκ
2273 5485 2509 5540 ἐπαύετο
2540 5485 2648 5539 τῶν
2677 5478 2801 5539 κατέ
2818 5482 3076 5549 Εὐδοξίας
3111 5483 3324 5556 ὕϐρεων
3353 5485 3442 5538 ἐπ’
3468 5486 3737 5557 ἐκκλησίᾳ

2146 5582 2242 5635 καὶ
2259 5578 2494 5652 δημοσίᾳ
2516 5577 2912 5651 ἐξηγούμενος.’
2944 5576 3026 5650 (ε)
3057 5596 3076 5629 ι
3109 5576 3280 5631 Πάλιν
3315 5578 3587 5651 Ἡρωδιὰς
3610 5580 3736 5639 μαί-

2147 5691 2322 5739 νεται,
2349 5672 2509 5727 πάλιν
2536 5670 2775 5729 Ἰεζάϐελ
2808 5668 3060 5724 Ναϐουθέ
3099 5670 3193 5724 τὸν
3230 5670 3532 5739 ἀμπελῶνα
3581 5673 3735 5747 6:69-

2224 5811 2303 5885 (ε)
2338 5808 2420 5869 ει.
2446 5810 2581 5880 Opp.
2611 5804 3005 5878 Chrysoslomi,
3030 5812 3070 5862 ι.
3102 5805 3238 5876 VIII,
3271 5808 3376 5867 col.
3410 5808 3531 5865 485.
