4114 6392
378 462 503 506 ιΣῙΧ

452 566 538 620 15.
607 561 908 618 Antiochia:
964 570 1147 614 autem
1205 560 1495 630 episcopus
1555 559 1777 614 rescivit
1832 558 1962 630 quid

376 658 665 714 moliretur
699 654 961 718 Eudoxia,
995 668 1115 723 qua:
1147 652 1345 706 Joanni
1379 653 1594 708 infensa
1642 662 1781 715 erat,
1833 667 1962 722 pro-

379 757 567 819 pterea
593 746 734 817 quod
766 746 1097 815 reprehensa
1135 744 1330 805 fuerat,
1364 745 1511 799 velut
1541 744 1670 797 olim
1700 743 1962 797 Herodias

377 854 412 895 a
454 839 665 893 Joanne
694 836 958 907 Baptista,
990 850 1095 889 una
1150 851 1272 889 cum
1328 834 1543 889 Herode
1581 834 1673 904 qui
1708 834 1853 887 illam
1887 834 1963 887 in-

381 938 530 984 ceste
556 930 659 984 sibi
690 930 1116 998 desponsaverat
1147 944 1267 997 quae
1298 944 1420 982 cum
1448 928 1615 982 fratre
1642 929 1764 999 ejus
1802 943 1961 997 copu-

383 1020 487 1075 lata
513 1021 711 1082 fuerat,
750 1030 810 1075 ut
847 1019 1045 1074 dicitur
1097 1020 1152 1073 in
1186 1020 1495 1089 Evangeliis
1548 1018 1760 1089 (Marc.
1792 1035 1865 1081 vi,
1896 1020 1960 1071 I7

383 1128 501 1182 sqq.
522 1116 561 1175 ἶι.
595 1112 720 1166 Haec
750 1120 931 1166 autem
962 1112 1065 1165 fuit
1094 1126 1254 1165 causa
1285 1110 1498 1165 discidii
1530 1110 1671 1163 inter
1696 1110 1959 1163 Joannem

382 1215 438 1258 et
470 1205 766 1259 Eudoxiam
793 1224 804 1256 :
834 1204 1073 1275 Contigit
1100 1204 1245 1257 enim
1278 1213 1336 1257 ut
1357 1203 1687 1272 imperatrix,
1715 1203 1770 1255 in
1810 1202 1956 1273 regia
1992 1216 2002 1225 '

381 1298 541 1351 vinea
570 1297 871 1361 diversans,
902 1297 959 1350 in
1005 1297 1217 1351 vineam
1246 1296 1463 1351 feminae
1489 1295 1665 1350 viduae
1710 1296 1960 1365 ingrede-

381 1399 533 1445 retur
561 1406 673 1444 suae
700 1390 933 1459 propriae
967 1388 1287 1459 proximam,
1332 1388 1447 1441 sive
1495 1388 1600 1442 hoc
1636 1396 1831 1457 sponte
1876 1387 1959 1441 fe-

380 1484 517 1539 cerit
552 1483 666 1538 sive
700 1497 850 1547 casu,
888 1489 944 1536 et
979 1497 1139 1535 uvam
1170 1481 1296 1537 inde
1346 1481 1686 1551 praeciderat.
1725 1482 1795 1535 Et
1842 1481 1958 1552 ipsa

380 1576 599 1643 quidem
629 1575 846 1629 aiebat:
884 1593 903 1625 ‹
944 1573 1244 1628 Inscienter
1277 1573 1385 1628 huc
1412 1588 1531 1627 sum
1563 1572 1829 1643 ingressa,
1862 1572 1958 1627 sed

381 1676 561 1721 tamen
594 1667 752 1720 vinea
782 1664 1018 1720 dominae
1047 1660 1167 1720 sua:
1184 1664 1443 1735 deinceps
1485 1664 1672 1735 nequit
1704 1665 1914 1720 restitui
1942 1682 1955 1730 ;

380 1758 475 1812 sed
505 1756 663 1811 aliam
688 1773 787 1827 pro
815 1757 902 1810 illa
920 1756 1059 1811 dabo
1083 1756 1401 1827 ampliorem
1429 1764 1591 1826 atque
1612 1756 1915 1811 meliorem.
1932 1776 1949 1807 ι

383 1848 766 1903 Verumtamen
802 1847 966 1903 vidua
1021 1864 1131 1903 non
1190 1848 1409 1903 admisit
1452 1848 1806 1913 oblationem,
1861 1850 1957 1905 sed

342 1939 642 1994 ‘Joannem
683 1940 959 2005 exoravit,
996 1946 1056 1994 ut
1088 1938 1201 1994 'sibi
1245 1939 1403 1994 vinea
1463 1954 1561 1994 sua
1613 1940 1951 1996 redderetur.

381 2031 533 2085 Tunc
553 2030 792 2085 Joannes
830 2032 1161 2102 imperatrici
1197 2039 1481 2087 conventae
1529 2032 1747 2087 aiebat:
1793 2053 1812 2085 ‹
1854 2032 1955 2087 Mi-

379 2138 562 2177 serere
590 2122 784 2187 viduaa,
809 2124 967 2193 eique
988 2123 1201 2177 vineam
1229 2123 1475 2177 restitue.
1499 2141 1517 2172 ι
1538 2122 1607 2176 At
1636 2123 1725 2177 illa
1752 2141 1763 2176 :
1798 2146 1814 2174 ι
1848 2124 1956 2177 Lex

378 2223 480 2277 est,
518 2232 535 2265 ›
576 2214 768 2285 inquit,
802 2235 819 2266 ι
852 2215 999 2286 regia
1030 2223 1110 2276 ut,
1135 2229 1245 2283 quo
1268 2230 1370 2269 nos
1398 2214 1779 2269 intraverimus
1795 2223 1957 2284 atque

377 2306 615 2361 indidem
646 2306 881 2361 fructum
913 2306 1299 2375 carpserimus,
1328 2307 1479 2360 locus
1511 2307 1599 2361 ille
1626 2308 1773 2362 haud
1817 2308 1956 2361 alte-

376 2398 490 2451 rius
518 2414 678 2467 quam
724 2413 911 2468 regum
975 2401 1061 2452 sit.
1128 2398 1383 2453 Attamen
1433 2414 1531 2468 pro
1599 2400 1686 2452 illa
1742 2400 1953 2454 vincam

374 2487 674 2555 quamlibet
703 2486 805 2540 sibi
836 2488 1050 2541 habeat.
1093 2506 1109 2536 ι
1140 2488 1327 2542 Denuo
1355 2488 1520 2558 igitur
1546 2488 1704 2542 vidua
1729 2490 1954 2543 molesta

373 2577 567 2632 Joanni
610 2587 747 2642 erat,
773 2578 925 2648 quasi
952 2578 1156 2647 aliquid
1187 2579 1254 2632 ah
1287 2578 1631 2648 imperatrice
1665 2580 1955 2646 impetrare

377 2668 595 2721 valenti.
653 2668 898 2738 Cumque
953 2669 1044 2723 hic
1092 2668 1356 2738 fatigaret
1411 2668 1749 2733 Eudoxiam,
1808 2685 1957 2725 nunc

374 2776 558 2823 orans,
587 2775 735 2814 nunc
762 2760 924 2813 etiam
953 2774 1074 2813 cum
1122 2759 1377 2828 parabola
1432 2759 1754 2824 admonens,
1810 2775 1956 2813 nun-

374 2867 538 2923 quam
571 2852 819 2905 mulieris
850 2851 1063 2905 vineam
1090 2853 1162 2906 ab
1198 2852 1544 2921 imperatrice
1571 2852 1741 2905 valuit
1771 2863 1957 2907 extor-

374 2959 562 3014 quere.
600 2944 741 3014 Ergo
773 2945 859 2997 die
888 2945 1142 3013 quadam,
1178 2944 1503 2997 adveniente
1532 2944 1600 2998 ad
1627 2960 1745 2998 eam
1792 2945 1955 3013 hujus

376 3036 451 3089 rei
492 3052 654 3090 causa
679 3036 909 3101 Joanne,
966 3036 1077 3105 ipsa
1123 3036 1477 3105 stipatoribus
1514 3037 1627 3089 suis
1679 3036 1956 3090 mandavit

376 3137 437 3180 ut
479 3127 623 3181 fores
651 3127 912 3182 adversus
946 3127 1213 3181 Joannem
1251 3127 1627 3190 oecluderent,
1662 3128 1954 3195 quominus

373 3220 441 3273 ad
470 3219 799 3289 loquendum
825 3221 1215 3292 ingrederetur.
1249 3219 1486 3273 Joannes
1509 3230 1691 3274 autem
1714 3219 1952 3273 vicissim

375 3320 567 3365 vocato
592 3311 656 3365 ad
698 3327 757 3365 se
779 3313 1025 3367 ecclesiae
1055 3314 1347 3382 praeposito
1394 3312 1672 3365 mandavit
1723 3311 1910 3365 dicens
1938 3331 1948 3363 :

379 3420 396 3450 ι
431 3401 567 3453 Cum
596 3402 805 3455 venerit
830 3402 1089 3467 Eudoxia,
1118 3412 1178 3455 ut
1201 3403 1251 3455 iu
1278 3401 1567 3455 ecclesiam
1595 3401 1950 3472 ingrediatur,

373 3492 457 3545 fac
491 3493 686 3561 januas
715 3509 898 3547 coram
938 3494 1193 3549 occludas
1235 3494 1503 3549 dicendo:
1549 3514 1566 3544 ι
1607 3493 1844 3548 Joannes
1877 3494 1949 3548 ita

374 3584 667 3638 mandavit.
706 3603 724 3634 ι
778 3586 953 3654 Atque
984 3586 1177 3639 exinde
1218 3586 1363 3639 aucti
1420 3585 1571 3639 fuere
1624 3601 1949 3657 magnopere

372 3674 515 3728 inter
537 3676 799 3732 Joannem
828 3687 882 3732 et
902 3679 1201 3733 Eudoxiam
1247 3679 1563 3732 rumusculi.

446 3768 530 3823 16.
567 3769 754 3824 Sciens
787 3770 967 3838 itaque
994 3770 1298 3825 Antiochia:
1329 3771 1485 3825 valde
1525 3786 1690 3824 senex
1735 3772 1950 3841 episco-

371 3876 475 3931 pus
521 3862 776 3915 Eudoxize
815 3862 1035 3916 insidias
1076 3870 1131 3915 et
1172 3862 1451 3915 molimina
1496 3863 1756 3917 adversus
1784 3864 1951 3917 Joan-

370 3966 518 4014 nem,
552 3952 824 4007 simulavit
851 3954 1245 4017 inﬁrmitatem,
1283 3954 1552 4023 simulque
1582 3956 1735 4009 senio
1778 3966 1951 4010 semet

370 4047 646 4100 excusavit
667 4046 959 4116 quominus
986 4047 1050 4100 ad
1086 4047 1276 4101 urbem
1307 4048 1540 4111 veniret,
1578 4049 1673 4102 sed
1704 4065 1827 4102 cum
1869 4050 1949 4104 le-

370 4147 495 4209 gato
528 4154 627 4192 suo
656 4140 804 4195 misit
835 4140 1078 4210 quinque
1109 4142 1417 4212 episcopos,
1463 4143 1761 4214 Diogenem
1803 4144 1948 4214 Apa-

370 4246 539 4293 meae,
593 4232 849 4286 Acacium
908 4232 1131 4288 Berceae.
1175 4233 1347 4304 Capto
1398 4244 1579 4289 autem
1642 4245 1949 4305 opportuno

371 4333 614 4393 tempore
648 4324 977 4379 Severianus
1032 4326 1357 4381 Gabalorum
1419 4327 1727 4397 episcopus,
1787 4337 1841 4383 et
1894 4329 1947 4382 in

369 4415 491 4469 aula
523 4416 667 4471 utilis
706 4417 776 4471 ob
803 4433 956 4471 suam
990 4417 1333 4487 sapientiam,
1382 4419 1677 4487 postulavit
1709 4428 1768 4472 ut
1806 4420 1946 4473 idem

370 4509 611 4565 facerent
684 4509 1090 4565 Samosatorum
1144 4512 1436 4580 episcopus
1500 4511 1838 4577 Gemmulus,
1896 4520 1950 4564 ct

372 4602 588 4658 Edessa:
631 4603 992 4658 Theodosius.
1045 4603 1208 4657 Venit
1256 4604 1417 4659 etiam
1466 4604 1677 4658 Leonas
1724 4603 1949 4674 Ancyrre

371 4693 659 4763 episcopus
686 4695 801 4766 ipse
830 4710 1047 4763 quoque
1075 4694 1269 4749 Joanni
1305 4694 1536 4748 infestus
1564 4712 1577 4759 ;
1608 4695 1662 4748 hi
1689 4694 1946 4748 nimirum

368 4800 577 4849 omnes,
604 4792 857 4855 tanquam
896 4802 960 4839 ex
991 4796 1294 4856 compacto,
1331 4787 1535 4841 inimici
1585 4795 1740 4841 erant
1781 4787 1948 4841 Joan-

368 4878 473 4932 nis.
500 4877 751 4933 Nicolaus
777 4895 907 4933 vero
933 4879 1223 4949 praefectus
1257 4880 1347 4948 qui
1381 4879 1743 4949 Theophilum
1774 4880 1947 4933 addu-

366 4969 541 5031 cebat,
580 4972 963 5025 interminatus
1014 4972 1063 5025 ei
1098 4982 1202 5033 est,
1244 4970 1386 5041 quod
1445 4972 1727 5042 gentilium
1778 4988 1947 5041 pecu-

367 5059 515 5112 niam
545 5060 881 5130 diripuisset,
923 5079 1042 5132 quae
1068 5063 1170 5133 ipsi
1206 5063 1463 5117 mandato
1486 5063 1632 5133 regio
1658 5063 1947 5117 commissa

367 5148 561 5203 fuerat.
602 5150 673 5206 At
702 5152 1041 5221 Theophilus
1092 5169 1189 5223 per
1249 5152 1541 5225 Georgium
1580 5152 1823 5223 praefecti
1881 5170 1945 5207 ex

366 5257 551 5296 sorore
577 5254 853 5314 nepotem,
898 5246 1117 5315 impleta
1158 5245 1371 5314 utrique
1405 5261 1688 5308 crumena,
1733 5244 1947 5299 dilatio-

366 5348 491 5387 nem
522 5336 778 5401 obtinuit,
807 5338 981 5392 donec
1006 5338 1219 5409 .lEgypti
1252 5338 1602 5393 cellarienses
1645 5338 1858 5407 species
1891 5345 1946 5391 et

367 5425 536 5483 Indiae
561 5431 877 5485 condituras
902 5442 1197 5495 coemeret,
1232 5432 1431 5501 quibus
1478 5446 1645 5486 naves
1668 5430 1943 5495 oneravit,

368 5534 490 5573 cum
520 5522 791 5594 episcopis
813 5534 867 5578 et
890 5525 1220 5595 presbyteris
1245 5539 1308 5578 ac
1340 5523 1587 5578 diaconis
1617 5530 1779 5593 atque
1809 5523 1946 5577 alio-

368 5623 485 5663 rum
517 5614 674 5668 turba
706 5616 872 5670 multa
899 5633 912 5682 ;
946 5625 1109 5686 atque
1139 5616 1212 5669 ita
1236 5615 1385 5686 gravi
1413 5630 1537 5669 cum
1590 5612 1807 5668 sarcina
1840 5628 1945 5666 na-
2000 5672 2005 5675 Α

369 5706 590 5777 vigavit.

1180 445 1268 499 DE
1314 442 1475 501 VITA
1510 443 1597 498 ET
1634 444 1903 499 EXSILIO
1945 443 2002 498 S.
2043 442 2327 499 JOANNIS
2367 444 2873 501 CHRYSOSTOMI.

3528 462 3638 505 LXXI

2137 558 2223 611 17.
2261 557 2329 611 At
2352 557 2591 613 Eudoxia
2616 566 2835 629 portum
2863 557 3177 612 custodiens
3206 573 3301 627 per
3334 557 3638 615 Marianum

2065 650 2258 705 domus
2290 665 2401 705 suae
2432 650 2768 720 praefectum,
2800 650 3103 705 Innocentii
3139 651 3343 721 legatos
3388 650 3457 705 ad
3508 666 3605 720 syn

2063 743 2225 797 odum
2257 743 2559 810 venientes,
2604 753 2726 813 post
2762 752 2978 813 ereptas
3010 743 3074 797 iis
3108 743 3383 812 epistolas,
3422 758 3642 797 carcere

2063 838 2330 892 conclusit
2350 837 2404 891 in
2430 838 2673 892 Thracia:
2723 838 2967 907 partibus
2990 878 3004 901 ,
3038 836 3095 889 in
3147 850 3271 889 arce
3309 835 3642 907 Athyrorum

2064 930 2335 984 maritima
2365 946 2487 985 cum
2522 930 2775 1000 prtesidio
2808 928 3001 983 valido.
3029 928 3148 994 Quo
3186 927 3388 983 factum
3438 938 3542 991 est,
3579 938 3640 983 ut

2062 1022 2275 1076 cunctis
2300 1022 2769 1092 Constantinopoli
2800 1024 2911 1092 jam
2940 1022 3322 1091 prmsentibus,
3368 1037 3639 1091 nusquam

2063 1113 2220 1183 legati
2254 1131 2404 1184 papa:
2444 1114 2669 1169 Romani
2699 1122 3025 1184 apparerent
3057 1131 3070 1176 ;
3132 1112 3225 1167 sed
3291 1127 3470 1181 neque
3530 1114 3637 1166 nisi

2062 1208 2217 1261 valde
2270 1222 2390 1261 sero
2443 1208 2799 1277 Theophilus.
2860 1206 2978 1260 Jam
3022 1205 3287 1260 Arcadius
3339 1206 3639 1276 imperator

2063 1298 2425 1368 Theophilum
2452 1296 2554 1351 sibi
2579 1298 2635 1351 in
2666 1306 3021 1366 conspectum
3058 1296 3245 1350 venire
3273 1311 3498 1365 prorsus
3525 1312 3638 1351 non

2062 1398 2145 1444 est
2170 1405 2379 1460 passus.
2412 1389 2516 1444 Sed
2545 1389 2808 1455 Eudoxia,
2839 1389 3111 1459 appellato
3140 1389 3206 1442 ad
3250 1404 3309 1442 se
3336 1388 3637 1459 Theophilo

2061 1482 2307 1549 aliisque,
2354 1480 2621 1550 comperit
2651 1496 2841 1535 omnes
2890 1481 3084 1536 Joanni
3127 1481 3407 1536 infensos:
3457 1483 3638 1552 itaque

2061 1582 2115 1628 et
2152 1588 2343 1627 omnes
2375 1572 2532 1627 donis
2565 1571 2670 1627 sibi
2718 1573 2977 1628 devinxit.
3021 1573 3189 1628 Porro
3215 1573 3450 1629 Joannes
3495 1590 3639 1645 pene

2055 1663 2368 1733 juveniliter
2409 1677 2468 1718 se
2499 1678 2727 1733 gerens,
2764 1674 2954 1719 contra
3010 1665 3292 1736 episcopos
3348 1666 3465 1720 haec
3522 1666 3638 1720 fere

2060 1754 2381 1809 dictitabat:
2431 1773 2450 1806 ‹
2504 1754 2846 1826 Congregate
2885 1757 2951 1811 ad
3006 1773 3095 1813 me
3136 1758 3444 1813 sacerdotes
3482 1758 3637 1828 igno—

2060 1849 2264 1913 minim,
2317 1846 2413 1918 qui
2444 1848 2511 1903 de
2549 1847 2817 1902 Jezabelis
2853 1863 3041 1902 mensa
3082 1856 3395 1902 vescuntur.
3438 1848 3639 1912 Quous-
3702 1882 3707 1885 ι

2060 1958 2157 2011 que
2180 1941 2493 1995 claudicatis
2526 1942 2583 1993 in
2606 1941 2740 1993 duas
2776 1941 2998 2009 partes?
3030 1938 3088 1993 Si
3131 1950 3205 1993 est
3254 1940 3413 2005 Deus,
3459 1942 3638 2009 sequi-

2060 2034 2187 2085 mini
2215 2050 2332 2086 eum
2372 2032 2479 2099 (III
2509 2032 2635 2103 Reg.
2675 2048 2829 2099 xvnl,
2880 2032 2993 2102 21)
3034 2050 3047 2086 :
3096 2032 3182 2086 sin
3233 2033 3346 2102 ipsa
3371 2032 3639 2088 Jezabelis

2059 2140 2245 2178 mensa
2274 2122 2417 2179 Deus
2469 2132 2571 2187 est,
2625 2124 2895 2179 comedite
2938 2132 2993 2178 et
3039 2124 3259 2179 vomite.
3322 2143 3339 2174 ι
3396 2123 3465 2178 At
3507 2140 3638 2179 vero

2059 2216 2312 2286 episcopi
2359 2217 2634 2286 exemplar
2698 2215 2979 2271 concionis
3044 2216 3273 2271 Joannis
3322 2217 3638 2287 imperatori

2060 2309 2429 2375 tradiderunt,
2472 2308 2565 2378 qui
2607 2308 2661 2363 id
2710 2323 3041 2380 magnopere
3080 2318 3301 2379 propter
3340 2308 3638 2363 Eudoxiam

2057 2414 2197 2470 mgre
2256 2398 2397 2452 tulit.
2452 2397 2571 2452 Mox
2639 2397 2878 2453 Joannes
2947 2398 3209 2452 adversus
3272 2397 3639 2467 Theophilum

2057 2490 2376 2545 concionem
2410 2489 2669 2552 habebat,
2726 2488 2801 2541 ita
2841 2487 3066 2542 dicens:
3112 2507 3129 2538 ‹
3180 2485 3313 2552 Quis
3353 2487 3639 2559 ngyptius

2059 2583 2153 2637 Dei
2213 2592 2422 2637 amator
2478 2592 2561 2637 est
2632 2579 3081 2651 (theophilus)?
3141 2579 3276 2645 Quis
3339 2596 3505 2650 porro
3543 2581 3640 2634 Dei

2057 2685 2268 2728 amator
2303 2674 2321 2744 (
2351 2671 2707 2743 the0philus)
2745 2670 3121 2726 detestabilem
3165 2686 3354 2726 eorum
3408 2674 3639 2745 gloriam

2052 2762 2389 2849 leudoxiam)
2408 2762 2482 2833 (a)
2502 2778 2608 2817 non
2626 2763 2967 2817 abominatur
2991 2763 3014 2815 ?
3050 2782 3068 2815 ι
3090 2763 3265 2833 Atque
3308 2765 3448 2821 hanc
3476 2768 3639 2822 etiam

2058 2856 2373 2911 concionem
2408 2854 2722 2925 imperatori
2754 2854 3134 2920 tradiderunt;
3164 2872 3273 2925 quo
3299 2857 3504 2911 factum
3532 2868 3637 2924 est,

2058 2958 2119 3003 ut
2180 2946 2481 3019 indignatio
2539 2964 2569 3001 a
2619 2947 2923 3017 Theophila
2989 2948 3042 3001 in
3094 2948 3359 3005 Joannem
3418 2952 3638 3007 decide-

2057 3052 2159 3093 ret.

2130 3130 2214 3183 18.
2274 3130 2426 3182 Tunc
2457 3130 2696 3183 Joannes
2726 3131 2863 3184 duos
2891 3131 2957 3184 de
2988 3131 3424 3200 persecutionem
3464 3132 3637 3202 passis

2055 3223 2353 3283 monachis,
2402 3223 2719 3275 Dioscorum
2746 3233 2799 3275 et
2840 3222 3141 3286 lIieracem,
3174 3237 3359 3275 eorum
3388 3237 3637 3278 cursores

2059 3312 2456 3380 (periodeutas,
2491 3311 2842 3378 visitatores),
2876 3311 3148 3366 ordinavit
3175 3312 3540 3381 presbyteros,
3574 3324 3636 3368 ut

2055 3414 2254 3473 sponte
2284 3404 2499 3471 propria
2528 3404 2789 3473 synodum
2827 3404 2894 3456 de
2924 3403 3209 3472 Theophili
3244 3404 3407 3473 gestis
3438 3404 3635 3458 edoce-

2056 3502 2194 3549 rent.
2253 3497 2323 3548 At
2356 3494 2593 3548 Eudoxia
2639 3495 2998 3559 Theodotem,
3031 3511 3153 3563 qua:
3206 3495 3349 3548 mille
3383 3512 3637 3551 nummos

2053 3584 2234 3640 abbati
2280 3584 2488 3638 Isidoro
2548 3584 2805 3647 dederat,
2862 3584 3075 3637 tradidit
3128 3584 3183 3636 in
3234 3585 3636 3640 matrimonium

2052 3678 2397 3734 Clementino
2451 3677 2603 3731 urbis
2659 3676 2950 3745 praefecto,
3006 3676 3277 3746 simulque
3349 3679 3637 3747 episcopos

2054 3771 2271 3841 Egypti
2311 3779 2366 3823 et
2416 3768 2612 3839 Libyae,
2650 3784 2752 3822 nec
2782 3784 2889 3822 non
2926 3769 3153 3823 clericos
3182 3770 3272 3838 qui
3320 3770 3525 3824 Isidoro
3554 3770 3635 3825 fa-

2054 3863 2273 3925 vebant,
2310 3862 2378 3915 ad
2408 3876 2465 3914 se
2514 3860 2717 3916 accitos
2761 3860 2918 3915 donis
2963 3861 3259 3915 cumulavit
3308 3881 3321 3915 :
3371 3872 3634 3932 quotquot

2053 3964 2233 4007 autem
2262 3952 2362 4005 sibi
2387 3952 2648 4021 parebant
2676 3950 2730 4004 in
2761 3948 2957 4020 palatio
2982 3950 3170 4004 habuit
3189 3966 3312 4004 cum
3341 3951 3599 4020 dignitate
3619 3993 3632 4013 .

2054 4045 2371 4099 resistentes
2403 4058 2532 4096 vero
2564 4041 3296 4111 Thessalonicamrelegavit
3324 4061 3335 4094 :
3373 4043 3635 4111 multique

2055 4135 2313 4206 episcopi,
2337 4134 2611 4197 monachi,
2640 4134 2840 4197 clerici,
2862 4133 3161 4204 presbyteri
3205 4145 3368 4202 atque
3398 4134 3631 4197 diaconi,

2055 4244 2156 4283 nec
2186 4244 2293 4281 non
2328 4236 2383 4281 et
2408 4225 2645 4297 virgines
2668 4241 2731 4279 ac
2762 4236 3024 4279 matronze
3053 4225 3469 4286 honestissimae,
3497 4244 3633 4296 qua»

2052 4333 2268 4386 cunque
2300 4316 2353 4369 in
2386 4316 2633 4387 partibus
2662 4314 2889 4368 Joannis
2931 4324 3133 4378 essent,
3182 4316 3351 4369 multa
3386 4316 3631 4369 aﬂlictio-

2053 4427 2184 4465 num
2218 4408 2517 4464 certamina
2546 4407 2892 4476 pertulerunt
2921 4425 2933 4458 :
2970 4406 3337 4474 miserumque
3368 4414 3485 4459 erat
3510 4421 3634 4459 cer-

2054 4519 2182 4558 nere
2212 4512 2267 4557 et
2310 4502 2498 4555 audire
2547 4515 2609 4553 ac
2651 4499 2835 4553 dolere
2892 4498 2959 4552 de
3006 4497 3085 4551 sic
3133 4498 3315 4566 inique
3360 4497 3633 4566 oppressis

2050 4595 2276 4651 Joannis
2322 4594 2528 4657 amicis,
2563 4591 2835 4661 episcopis
2869 4601 2925 4645 et
2975 4591 3329 4662 presbyteris,
3368 4606 3494 4645 cum
3525 4590 3635 4644 dia-

2051 4689 2223 4755 conis,
2282 4688 2494 4743 clericis
2539 4702 2601 4741 ac
2632 4685 2934 4747 monachis,
2974 4700 3110 4754 quos
3140 4685 3194 4736 in
3230 4684 3479 4736 exsilium
3505 4698 3633 4736 cru-

2052 4784 2201 4838 deles
2232 4782 2482 4837 homines
2508 4779 2889 4833 extrudebant.
2908 4776 3136 4841 Quidam
3164 4776 3273 4829 imo
3296 4776 3545 4829 monachi
3570 4792 3634 4829 ac

2051 4876 2290 4945 virgines
2319 4872 2555 4927 ascetico
2596 4870 2722 4925 vitae
2762 4886 2959 4940 genere
3008 4870 3263 4930 illustres,
3300 4866 3634 4921 cruciatibus

2051 4984 2114 5021 ac
2144 4965 2430 5021 tormentis
2461 4964 2851 5026 multabantur,
2886 4961 3035 5015 laicis
3058 4961 3277 5014 demum
3309 4959 3521 5029 piisque
3550 4961 3634 5014 fe-

2051 5059 2214 5113 minis
2244 5059 2512 5112 bonorum
2543 5055 2777 5125 direptio
2806 5052 3252 5108 denuntiabatur.
3298 5050 3421 5105 Haec
3450 5051 3633 5104 omnia

2051 5152 2119 5206 ab
2147 5149 2388 5206 Eudoxia
2420 5156 2476 5202 et
2507 5148 2829 5202 satellitibus
2852 5148 2970 5214 ejus
2989 5154 3176 5200 contra
3201 5144 3466 5198 Joannem
3485 5146 3635 5211 ejus-

2049 5260 2155 5315 que
2185 5242 2428 5297 fautores
2462 5240 2687 5295 fiebant.
2718 5237 2896 5309 Atque
2926 5239 3000 5292 ita
3028 5237 3335 5303 eveniebat,
3368 5245 3428 5291 ut
3451 5236 3634 5291 Theo-

2049 5337 2231 5407 philus
2266 5334 2658 5398 absolveretur,
2689 5332 2930 5386 Joannes
2979 5339 3160 5385 autem
3188 5345 3351 5384 causa
3386 5330 3628 5384 caderet.

2049 5429 2148 5483 Hic
2186 5438 2369 5483 tamen
2419 5425 2639 5480 interim
2669 5439 2700 5478 a
2745 5422 3009 5478 conviciis
3037 5421 3299 5477 adversus
3332 5420 3633 5475 Eudoxiam

2049 5536 2158 5575 non
2189 5518 2474 5575 desinebat
2501 5517 2556 5571 in
2580 5515 2807 5571 ecclesia
2838 5522 2893 5569 et
2926 5514 3144 5584 publice
3173 5514 3401 5583 loquens
3436 5532 3447 5565 :
3492 5531 3510 5563 ι
3548 5512 3629 5565 Ειι

2047 5628 2239 5667 rursus
2286 5610 2552 5666 Ilerodias
2595 5608 2746 5674 furit,
2797 5622 2988 5661 rursus
3024 5606 3244 5663 Jezabel
3272 5604 3511 5659 Nabuthi
3551 5604 3630 5656 vi-

2047 5721 2205 5761 neam
2234 5720 2425 5776 rapere
2455 5702 2588 5757 vult.
2623 5722 2641 5753 ›
2670 5702 2739 5757 Et
2768 5701 2981 5757 denuo:
3017 5718 3037 5754 ι
3071 5699 3264 5756 Nonne
3289 5698 3377 5753 odi
3405 5696 3628 5768 gloriam

440 5841 787 5917 (alLudcbat
841 5844 1261 5917 Chrysoslomus
1316 5845 1428 5911 hic,
1494 5853 1548 5900 ct
1590 5851 1798 5913 postea,
1850 5841 1906 5896 in
1960 5844 2227 5917 ambiguis
2274 5842 2552 5899 vocabulis
2604 5842 2850 5913 Oed-gelo;
2899 5850 2953 5898 et
3001 5839 3280 5911 Θεόφιλος,
3329 5836 3542 5904 εὐδοξία
3572 5844 3627 5894 et

368 5908 610 5980 Εὑόοξία.
