4114 6392
433 412 556 451 LXXI

434 510 603 567 πᾶσαι
637 506 906 581 βούλεται.
927 520 945 554 ι
974 501 1084 557 Καὶ
1110 501 1271 555 πάλιν
1296 498 1481 566 ἔλεγεν
1502 509 1516 523 ’
1559 512 1577 546 ι
1600 492 1737 565 Ούχὶ
1777 490 2019 581 ἐμίσησα

438 602 531 673 τὴν
562 576 840 664 εὐδοξίαν,
882 594 1149 666 ἠγάπησα
1190 591 1248 645 δέ
1289 590 1390 661 τὴν
1435 584 1691 651 ἀδοξίαν;
1722 602 1741 635 ι
1786 582 1900 637 Καὶ
1951 576 2020 653 ῆν

437 693 575 764 αὕτη
601 690 696 745 τοῦ
724 689 987 760 βασιλέως
1023 682 1387 754 δυνατωτέρα.

510 785 594 839 ιϐ’,
631 785 693 836 υι
735 781 793 836 δὲ
835 781 1122 834 ἐπίσκοποι
1177 775 1432 839 Ἀκάκιος
1457 814 1473 840 ,
1541 771 1872 844 Σευηριανὸς
1927 768 2025 823 καὶ

442 876 749 950 Πορφύριος
771 873 865 928 καὶ
883 874 932 927 οἱ
952 872 1081 944 περὶ
1106 867 1272 923 αὐτοῦ
1306 864 1719 939 συμπλακέντες
1747 862 1819 935 (ἲ.
1851 862 1918 916 73
1961 861 2024 931 a)

443 969 703 1041 Θεοφίλῳ,
748 968 840 1022 καὶ
874 963 1230 1037 συναχθέντες
1252 958 1559 1033 προσῆλθον
1595 957 1673 1029 τῷ
1705 956 1915 1028 βασιλεῖ
1934 954 2027 1007 λέ-

444 1079 632 1134 γοντες
653 1079 668 1093 ν
703 1081 722 1113 ι
752 1059 997 1113 Δέσποτα
1018 1098 1033 1124 ,
1086 1055 1196 1110 τῶν
1251 1051 1564 1126 προνομιῶν
1608 1048 2031 1121 φυλαττομένων

445 1155 542 1211 τοῦ
571 1151 833 1226 προέδρου
867 1148 966 1224 (α),
994 1147 1248 1203 κέλευσον
1295 1148 1443 1218 ἡμᾶς
1491 1143 1863 1215 συναχθέντας
1897 1141 2028 1194 ίδεῖν

448 1247 580 1318 περὶ
611 1243 704 1299 τοῦ
733 1242 1025 1304 ἐνεστῶτος
1057 1238 1404 1312 πράγματος,
1427 1236 1701 1290 δικαστῶν
1734 1235 1867 1305 ἡμῖν
1898 1232 2035 1286 διδο-

453 1338 651 1411 μένων,
678 1330 753 1391 ὦν
781 1335 876 1389 ἐὰν
906 1333 1117 1404 συνείδῃ
1147 1329 1443 1401 σεϐἀσμιόν
1475 1346 1568 1382 σου
1591 1328 1823 1399 κράτος·
1856 1328 1905 1380 oi
1926 1325 2035 1398 γὰρ

456 1430 677 1503 μοναχοὶ
726 1421 870 1482 οὗτοι
908 1427 957 1479 oi
1004 1424 1104 1489 τὰς
1155 1421 1544 1496 προσελεύσεις
1590 1421 1733 1474 κατά
1774 1418 2034 1488 Θεοφίλου

455 1524 784 1592 ποιούμενοι,
815 1518 910 1572 τοῦ
945 1517 1215 1588 δόγματός
1259 1518 1397 1569 εἰσιν
1433 1513 1528 1566 τοῦ
1556 1512 1896 1585 Ὡριγένους,
1945 1510 2038 1564 καὶ⁸

456 1614 562 1688 χρὴ
587 1613 783 1676 αὐτοὺς
811 1612 903 1665 ἐπὶ
931 1609 1148 1663 πάντων
1175 1606 1597 1678 δοκιμασθῆναι.
1631 1623 1649 1655 ι
1693 1602 1955 1672 Ἐνέγκας
1981 1601 2038 1655 δὲ

455 1705 652 1767 αὐτοὺς
677 1703 707 1755 6
743 1698 996 1773 βασιλεὺς
1038 1697 1231 1768 λάθρα,
1268 1693 1527 1756 ἐπιεικῶς
1559 1692 1736 1761 λέγει·
1766 1710 1784 1741 ι
1825 1690 2036 1752 Οἴδατε,

458 1796 725 1868 Πατέρες,
762 1795 843 1847 ὃτι
877 1791 1118 1859 ἀνέγνων
1160 1790 1223 1842 τὸ
1271 1788 1411 1857 Περὶ
1466 1784 1671 1857 ἀρχῶν
1710 1783 2039 1855 Ὠριγένους,

460 1890 556 1945 καὶ
578 1886 866 1958 ἐθαύμασα
889 1902 904 1951 ;
927 1902 945 1935 ι
964 1885 1027 1935 υἱ
1058 1882 1115 1935 δέ
1142 1882 1242 1934 οὐκ
1266 1877 1641 1950 ἀπεκρίθησαν
1665 1874 1814 1945 αὐτῷ
1835 1890 1915 1926 τι·
1949 1875 2044 1925 καὶ

461 1981 659 2038 αὐτίκα
679 1979 976 2032 ἀπένευσεν
998 1974 1216 2038 αὐτοὺς,
1246 1970 1440 2044 μικρὸν
1466 1967 1897 2030 σκανδαλισθείς.
1940 1964 2046 2018 Καὶ

461 2072 602 2127 οὕτω
644 2068 840 2140 συνέϐη
875 2068 937 2121 τὸ
980 2067 1101 2120 ὅλον
1148 2065 1243 2119 τοῦ
1298 2063 1627 2136 πράγματος
1675 2060 1923 2115 Ἰωάννου
1967 2059 2047 2121 είς

467 2163 736 2232 συσκευὴν
760 2159 972 2213 τελείαν
1011 2157 1283 2228 χωρῆσαι.
1322 2154 1455 2208 Τότε
1503 2157 1531 2208 6
1573 2152 1827 2224 βασιλεὺς
1861 2151 2049 2204 διαπο-

468 2253 727 2328 ρούμενος
755 2252 1002 2305 ἐλυπεῖτο
1032 2249 1120 2303 διά
1149 2244 1682 2318 τοὺςιτοποτηρητάς
1707 2242 1945 2315 Ῥώμης,
1976 2241 2050 2313 μὴ

470 2344 656 2418 μαθὼν
700 2344 819 2398 οἵαν
868 2341 1088 2415 μέθοδον
1142 2340 1460 2411 ὑπέμειναν.
1507 2337 1641 2391 Τότε
1678 2335 1888 2391 κελεύει
1925 2335 2051 2398 τοὺς

469 2437 743 2509 παρόντας
798 2435 1133 2496 ἐπισκόπους
1180 2431 1582 2502 συναγομένους
1639 2427 1936 2500 γυμνάζειν
1984 2428 2052 2481 τὰ

470 2527 811 2598 ἐπικείμενα,
856 2525 980 2588 δοὺς
1030 2524 1213 2586 αὐτοῖς
1258 2521 1476 2594 κριτὰς,
1519 2520 1771 2591 Ἦσύχιον
1818 2519 2054 2590 ἔπαρχον

471 2620 578 2674 τῶν
612 2619 772 2691 ἱερῶν
802 2616 1176 2688 πραιτωρίων,
1206 2614 1448 2678 καὶτοὺς
1479 2612 1588 2667 τῶν
1624 2611 1856 2684 πρώτων
1891 2628 2057 2683 πραι-

475 2711 731 2779 σεξάτους
765 2709 1105 2780 στρατηγοὺς
1137 2705 1438 2771 Μαξέντιον
1472 2705 1568 2760 καὶ
1601 2704 1886 2775 Διόδωρον,
1920 2702 2059 2773 μετὰ

408 2800 413 2804 ’
474 2804 570 2857 καὶ
599 2801 885 2856 Ἀκυλίνου
909 2800 1225 2873 κυέστορος,
1260 2799 1355 2853 καὶ
1388 2798 1692 2869 πατρικίων
1732 2796 1916 2850 τινῶν.
1950 2794 2062 2850 Καὶ

479 2895 800 2964 συνάγονται
820 2893 924 2959 ἔξω
953 2894 1051 2963 τῆς
1092 2893 1299 2956 πόλεως
1328 2894 1385 2944 ἐν
1415 2891 1761 2962 μοναστηρίῳ
1783 2889 2060 2961 Δωροθέου

476 2986 621 3049 τινὸς
649 2984 1071 3056 ἀρχιμανδρίτου
1102 2983 1341 3055 μεγάλου
1363 2982 1532 3046 ὅντως
1566 2982 1687 3036 καθ’
1718 2981 2026 3054 ὑπερϐολήν
2046 2998 2060 3012 ⁸

477 3078 573 3130 καὶ
603 3074 1026 3147 προτραπέντων
1055 3073 1164 3127 τῶν
1197 3072 1464 3127 δικαστῶν
1495 3072 1647 3142 παρά
1674 3072 1768 3126 τοῦ
1797 3073 2068 3143 ἀρχιμαν-

478 3168 660 3237 δρίτου
698 3168 917 3220 καθίσαι
948 3168 1004 3218 ἐν
1032 3165 1179 3237 αύτῷ
1211 3167 1305 3220 καὶ
1342 3165 1568 3232 δοξάσαι
1596 3165 1689 3219 τὸν
1715 3166 1901 3229 τόπον,
1943 3166 2067 3218 ἀντ’

481 3259 697 3329 ἐλέγετο
753 3259 903 3331 αύτῷ
954 3260 1104 3334 παρὰ
1134 3259 1243 3313 τῶν
1278 3259 1482 3331 κριτῶν
1506 3259 1824 3329 φασκόντων
1845 3297 1860 3322 ,
1893 3259 1975 3312 ὅτι
1998 3258 2068 3311 -αί

485 3349 690 3406 σύνοδοι
714 3353 771 3404 ἐν
818 3349 1135 3421 ἐκκλησίαις
1168 3347 1489 3421 κροτοῦνται
1515 3348 1610 3402 καὶ
1632 3348 1754 3418 οὐχὶ
1797 3348 1855 3400 ἐν
1903 3363 2069 3416 μονα-

487 3445 752 3516 στηρίοις.

555 3543 624 3591 κ’.
671 3535 944 3598 Ἀκυλῖνος
979 3534 1226 3605 κυέστωρ
1260 3533 1362 3605 ἐφη
1384 3550 1397 3562 '
1442 3554 1460 3585 ‹
1489 3535 1721 3587 Μεσῖται
1753 3532 2073 3602 ἀμφιϐόλων

485 3629 647 3682 τινῶν
692 3628 1116 3699 προετράπημεν
1152 3626 1440 3694 γενέσθαι’
1488 3625 1591 3679 πού
1638 3626 1699 3679 τὸ
1732 3625 1937 3694 πλῆθος
1966 3623 2074 3678 τῶν

487 3721 837 3786 ἐπισκόπων;
872 3719 973 3771 ποῦ
1018 3720 1067 3770 οί
1097 3719 1193 3788 τῆς
1228 3717 1607 3789 πρεσϐυτέρας
1653 3717 1875 3789 Ῥώμης
1924 3734 2080 3771 τοπο-

489 3815 763 3887 τηρηταί;
797 3813 968 3875 δντως
1013 3809 1221 3875 ἔδειξαν
1255 3809 1329 3881 μὴ
1375 3808 1677 3873 κανονικῶς
1724 3809 1757 3879 ἢ
1799 3807 2079 3879 ἐνθέσμως

493 3907 768 3961 συνελθεῖν
814 3907 1033 3970 αὐτοὺς,
1091 3902 1228 3958 ἀλλὰ
1275 3902 1420 3957 κατά
1476 3901 1778 3973 παράθεσίν
1832 3916 2015 3953 τινων.
2055 3918 2073 3949 ι

492 3999 750 4061 Ἀκὰκιος
781 3998 810 4049 6
851 3994 1080 4065 Βεροίας
1128 3993 1267 4065 ἔφη’
1311 4014 1329 4045 ι
1372 3994 1435 4047 Ἦ
1490 3993 1740 4064 θειοτάτη
1794 3990 2083 4060 Αύγούστα

494 4094 781 4173 ἐκέλευσεν
817 4091 916 4162 τὴν
953 4089 1218 4159 ἀκρόασιν
1262 4090 1498 4144 ἐνταῦθα
1535 4090 1811 4159 γενέσθαι,
1866 4089 1956 4143 διὰ
1982 4088 2082 4152 τὰς

492 4189 836 4262 διχοστασίας
895 4186 1163 4241 Ἰωάννου.
1202 4206 1219 4237 ι
1282 4187 1341 4240 Ὃ
1386 4186 1443 4240 δὲ
1486 4186 1735 4259 κυέστωρ
1767 4187 2082 4259 δριμυχοεὶς

495 4286 645 4355 λέγει
669 4301 683 4315 ο
722 4303 740 4337 ι
783 4284 850 4337 Τί
875 4283 1046 4350 δεῖξαι
1070 4282 1293 4355 έκρινας
1318 4282 1418 4353 τὴν
1446 4282 1765 4351 Αύγούσταν
1798 4283 2086 4335 ἀνακόλου-

498 4384 591 4439 θον
627 4383 1094 4454 έπιχειρήσασαν;
1134 4380 1210 4452 μὴ
1235 4380 1493 4452 Ἰωάννης
1545 4380 1707 4451 μόνος
1739 4380 1952 4452 ὑϐρίζει
1986 4385 2086 4452 τὴν

497 4479 814 4551 Αύγούσταν
835 4496 849 4544 ;
880 4477 996 4542 πῶς
1015 4478 1204 4532 λοιπὸν
1219 4476 1454 4531 ἐνταῦθα
1470 4477 1804 4548 κατηγορίαν
1828 4475 2087 4547 τοιαύτην

499 4576 893 4649 ἐνεστήσασθε;
919 4575 1029 4629 ἰδοὺ
1057 4574 1219 4638 αὐτὸς
1242 4575 1347 4643 πρὸ
1372 4574 1572 4638 παντὸς
1596 4574 1797 4647 τρόπου
1832 4574 2087 4646 πρόξενος

497 4675 599 4746 τῆς
629 4672 840 4745 ὕϐρεως
873 4671 1083 4738 ἐγένου.
1123 4690 1143 4721 ι
1211 4673 1271 4724 ’0
1323 4671 1382 4724 δέ
1420 4670 1854 4743 ἀρχιμανδρίτης
1909 4669 2084 4734 λέγει·

503 4769 762 4841 σἈληθές
789 4764 951 4832 εἶπας
970 4785 985 4801 ·
1056 4766 1273 4839 αὐτὴδέ
1307 4766 1447 4839 μετὰ
1465 4767 1621 4820 τοῦτο
1642 4769 1927 4838 ᾐτήσατο.»
1959 4768 2018 4821 '0
2033 4768 2089 4820 δὲ

498 4866 800 4929 Ἀκυλῖνος,
825 4866 946 4937 οὐχὶ
969 4865 1026 4920 δὲ
1046 4866 1123 4930 ώς
1148 4864 1411 4929 ἀκούσας,
1435 4866 1585 4933 λέγει
1601 4868 1714 4930 τοῖς
1737 4866 2058 4929 ἐπισκόποις
2074 4882 2087 4895 ο

505 4984 524 5013 ι
550 4962 723 5033 Χρεία
762 4964 1024 5033 παρεῖναι
1064 4962 1157 5016 τὸν
1202 4961 1479 5032 Ἰωάννην,
1527 4962 1669 5016 ὥστε
1711 4964 1804 5016 ἐπὶ
1833 4962 1998 5016 αὑτοῦ
2029 4963 2094 5016 τὸ

498 5061 619 5115 δλον
659 5059 960 5131 γυμνάσαι.
1000 5078 1019 5110 ι
1073 5059 1186 5113 Καὶ
1225 5057 1448 5131 δηλοῦσι
1497 5058 1576 5130 τῷ
1603 5060 1828 5133 Ἰωάννῃ
1870 5060 1960 5124 διά
1999 5061 2093 5115 δύο

501 5157 780 5230 κληρικῶν
809 5157 975 5212 αὐτοῦ
1006 5159 1097 5211 ὑπ’
1129 5156 1294 5212 αὐτοῦ
1330 5156 1709 5228 ἐκϐληθέντων
1752 5160 1851 5230 τῆς
1893 5160 2093 5233 ἐκκλη-

505 5254 648 5322 σίας,
673 5254 982 5327 ὑπαντῆσαι
1004 5256 1086 5319 είς
1113 5254 1175 5308 τὸ
1205 5253 1504 5326 συνέδριον.
1548 5255 1606 5307 Ὀ
1625 5253 1682 5307 δὲ
1723 5256 1975 5327 Ἰωάννης
2000 5258 2094 5309 ἀν-

501 5350 709 5421 τιδηλοῖ
739 5352 923 5415 αὐτοῖς
947 5351 1120 5405 ταῦτα
1138 5367 1152 5382 ο
1193 5370 1211 5402 ‹
1230 5351 1305 5404 Ού
1330 5353 1589 5422 κανοννκῇ
1623 5351 1916 5424 ἀκολουθίᾳ
1957 5354 2094 5423 χρᾶ-

507 5448 621 5513 σθε,
647 5448 737 5502 διά
765 5447 873 5503 τῶν
895 5446 1108 5520 ἐχθρῶν
1147 5446 1633 5519 μεταστελλόμενοί
1676 5466 1764 5519 με,
1791 5449 1880 5503 ἵνα
1910 5450 2002 5520 ἐχθ
2013 5450 2093 5520 po".

504 5546 594 5600 ἐπ’
642 5545 872 5618 ἐχθροὺς
911 5545 1185 5613 ἀγάγουσι
1238 5543 1512 5615 κριθῆναι.
1547 5563 1565 5595 ι
1619 5546 1898 5600 ’Λντεῖπον
1940 5547 1995 5599 δὲ
2040 5548 2091 5599 οί

581 5696 657 5767 (a)
696 5695 912 5753 Scilicet
952 5695 1212 5767 Romani!
1227 5695 1532 5767 pontiﬁcis,
1581 5696 1734 5765 cujus
1770 5697 1854 5766 ius
1901 5701 2093 5767 prasi-

508 5765 672 5850 dendi
718 5768 967 5850 cqnci‘l'iig
1014 5765 1514 5850 riec_:Theopliilus
1552 5783 1657 5850 ηερ
1705 5769 1795 5822 alii
1836 5765 2092 5850 ηερίςοορί

508 5839 800 5909 negabant.
862 5838 1079 5895 Videsis
1121 5836 1544 5893 Thomassinum
1592 5839 1813 5895 dissert.
1856 5836 1985 5906 V’ll;
2036 5836 2087 5895 in

1597 373 1952 435 THEODORI
1991 366 2525 447 TNMITHUNTINI

3563 369 3709 409 LXIII

2131 478 2271 557 μετὰ
2319 483 2565 538 Ἰωάννου
2621 477 2912 532 ἐπίσκοποι
2970 473 3114 528 κατά
3165 468 3425 557 Θεοφίλου
3447 483 3463 500 ⁶
3526 487 3546 521 ι
3568 465 3717 531 Ἔξω

2130 556 2286 635 ἔθους
2316 566 2528 623 τοιοῦτο
2555 565 2618 619 τὸ
2640 563 3008 625 ἅκανονίστως
3033 558 3324 613 καταλύειν
3349 556 3450 628 τὴν
3486 557 3715 626 Ἐκκλη-

2132 665 2275 729 σίαν,
2305 663 2481 735 ἤνπερ
2509 662 2539 714 6
2561 658 2767 730 Κύριος
2794 655 3220 728 περιεποιήσατο
3246 651 3325 723 τῷ
3344 651 3459 722 ἰδίῳ
3484 650 3712 722 αἵματι·

2132 756 2410 828 προσῆκεν
2428 749 2520 808 οὖν
2547 770 2607 808 σε
2637 751 2813 825 περᾷν
2843 749 2978 821 πρὸς
3011 748 3162 819 ἡμᾶς
3200 746 3282 809 είς
3314 745 3415 816 τὴν
3456 742 3722 814 εὐνομου-

2139 848 2306 920 μένην
2334 846 2509 909 πόλιν,
2536 845 2630 898 καὶ
2658 843 2734 915 μὴ
2768 838 3197 914 προσκαλεῖσθαι
3246 836 3337 891 τὸν
3358 834 3547 901 Ἀϐελ,
3577 833 3721 889 κατά

2134 942 2228 995 τὸν
2257 941 2420 996 Κάῖν.
2450 940 2523 993 Σὺ
2552 937 2662 1008 γὰρ
2692 936 2751 1002 ἐξ
2780 934 2898 998 ἐνὸς
2942 931 3204 1004 κλίματος
3253 925 3323 995 εί,
3363 929 3524 1000 ἡμεῖς
3566 927 3624 981 δέ
3656 928 3723 980 ἐκ

2137 1032 2431 1104 διαφόρων,
2458 1029 2555 1083 καὶ
2588 1029 2753 1099 ἐσμὲν
2786 1022 3196 1095 τεσσαράκοντα
3221 1019 3361 1074 ἐπτά
3395 1017 3724 1091 μητροπολῖ-

2139 1124 2362 1199 ται·
2400 1124 2496 1177 καὶ
2530 1121 2649 1174 δέον
2683 1121 2809 1184 τοὺς
2838 1117 3128 1179 ἐλάττονας
3173 1115 3279 1168 ὑπὸ
3314 1114 3423 1168 τῶν
3459 1113 3724 1167 πλειόνων

2106 1209 2115 1219 ’
2141 1220 2238 1274 καὶ
2267 1216 2538 1286 διαφόρων
2566 1211 2791 1275 τούτους
2821 1209 3099 1282 κριθῆναι.
3128 1208 3238 1260 Καὶ
3265 1208 3313 1260 εί
3356 1206 3456 1276 μὲν
3487 1205 3722 1271 ἀγνοεῖς,

2146 1308 2418 1382 μάνθανε·
2451 1306 2500 1359 εί
2530 1304 2587 1356 δὲ
2624 1303 2927 1372 τυραννεῖς,
2957 1298 3109 1353 οὐδὲν
3135 1297 3409 1368 ὠφελήσει
3453 1296 3513 1350 σέ
3540 1296 3573 1367 ἢ
3600 1294 3728 1358 τοὺς

2147 1399 2540 1471 συντυράννους
2581 1412 2674 1448 σου
2699 1394 2918 1446 Σατανᾶ
2946 1393 2980 1462 ἡ
3024 1390 3135 1461 βία.
3174 1409 3193 1442 ι
3239 1391 3300 1443 '0
3349 1389 3407 1443 δέ
3450 1387 3729 1449 Ἀκυλῖνος

2145 1490 2390 1565 δηλοῖτῷ
2419 1488 2644 1561 Ἰωάννῃ
2674 1484 2876 1540 ταῦτα’
2918 1503 2937 1535 ί
2980 1483 3106 1535 Ἐὰν
3159 1482 3232 1554 μὴ
3283 1479 3730 1552 παραγενομένου

2150 1605 2243 1642 σου
2269 1586 2490 1657 γνῶμεν
2519 1580 2842 1653 ἀμφοτέρων
2864 1577 2934 1630 τὰ
2966 1577 3206 1650 ῥήματα,
3228 1574 3303 1638 ώς
3337 1570 3733 1643 φυγοδικοῦντα

2148 1685 2176 1736 6
2198 1681 2362 1750 νόμος
2394 1677 2469 1748 (ί.
2496 1676 2567 1728 75
2590 1672 2656 1744 b)
2687 1669 3040 1740 κατακρίνεν
3075 1668 3125 1720 εί
3156 1666 3213 1719 δὲ
3242 1662 3735 1735 ύπαντήσης,πάν-

2148 1790 2257 1836 τως
2283 1775 2316 1843 ἠ
2341 1769 2521 1842 κρίσις
2543 1768 2669 1829 τοὺς
2695 1762 2880 1826 κακῶς
2909 1762 3045 1833 αὐτῇ
3082 1757 3554 1831 προσερχομένους
3579 1753 3734 1824 ἐλέγ-

2153 1866 2249 1934 ξει.
2291 1884 2310 1915 ι

2223 1966 2329 2014 κα’.
2358 1956 2468 2011 Καὶ
2504 1954 2570 2025 δὴ
2627 1950 2989 2023 παραγίνεται
3037 1949 3066 2001 ὁ
3121 1945 3374 2015 Ἰωάννης
3423 1942 3538 2013 μετ’
3577 1937 3738 2009 ὄχλου

2156 2050 2374 2107 πολλοῦ.
2399 2048 2509 2103 Καὶ
2532 2046 2822 2099 ἐκέλευσαν
2845 2045 2893 2095 οἱ
2921 2038 3178 2095 δικασταὶ
3205 2037 3302 2092 καὶ
3322 2037 3449 2099 τοὺς
3476 2032 3739 2101 Θεοφίλου

2156 2141 2534 2205 ἐκϐάλλεσθαι,
2570 2139 2665 2192 καὶ
2695 2137 2822 2199 τοὺς
2849 2134 3102 2188 Ἰωάννου
3127 2130 3202 2203 μὴ
3227 2126 3596 2201 είσέρχεσθαι·
3629 2125 3742 2194 ἀμ-

2160 2237 2287 2310 φοτέ
2296 2252 2420 2310 ρους
2456 2233 2514 2286 δέ
2536 2232 2680 2303 ἐχειν
2708 2227 2825 2302 μεθ’
2861 2226 3069 2280 ἐαυτῶν
3090 2225 3250 2277 πέντε
3278 2221 3380 2275 ἀνὰ
3402 2217 3738 2272 ἐπισκόπων.

2159 2332 2273 2387 Καὶ
2299 2332 2328 2383 6
2363 2324 2670 2398 σοφώτατος
2714 2320 2991 2384 Ἀκυλῖνος
3039 2319 3135 2373 σὺν
3171 2318 3284 2380 τοῖς
3317 2315 3574 2387 ἄρχουσιν
3606 2311 3741 2381 ἔφη’

2170 2442 2187 2473 ε
2211 2420 2545 2475 Είσιέτωσαν
2565 2419 2613 2471 οί
2645 2415 2989 2488 μονάζοντες,
3011 2411 3206 2474 οἵτινες
3233 2409 3332 2473 τὰς
3360 2405 3746 2479 προσελεύσεις

2165 2511 2495 2584 ποιήσασθαι
2525 2506 2801 2579 ζητοῦσιν.
2840 2524 2858 2556 ι
2898 2504 3011 2558 Καὶ
3044 2501 3294 2572 εἰσῆλθον
3348 2500 3465 2569 ἅμα
3501 2500 3613 2560 τοῖς
3652 2495 3750 2549 δύο

2168 2601 2560 2676 πρεσϐυτέροις
2578 2594 2658 2663 οἷς
2686 2597 2942 2667 Ἰωάννης
2971 2592 3406 2665 ἐχειροτόνησεν·
3438 2589 3533 2643 καὶ
3573 2587 3747 2641 ἀτενί-

2172 2713 2270 2760 σας
2299 2697 2377 2759 είς
2407 2692 2606 2755 αὐτοὺς
2648 2689 2924 2751 ’Λκυλῖνος
2958 2687 3231 2757 κυέστωρ,
3262 2685 3357 2737 καὶ
3382 2682 3639 2749 ἐπιγνοὺς
3661 2697 3751 2732 τεο

2168 2788 2344 2849 λείους
2376 2784 2572 2848 αὐτοὺς
2605 2777 2767 2847 εἶναι,
2797 2780 2875 2850 τῷ
2907 2777 3150 2848 Θεοφίλῳ
3187 2776 3290 2845 ἔφη
3309 2793 3321 2806 ο
3377 2796 3395 2826 ι
3425 2771 3496 2826 Ὠ
3536 2774 3749 2841 γενναῖε

2171 2876 2278 2930 τῶν
2299 2873 2635 2938 ἐπισκόπων,
2664 2871 2748 2935 τίς
2773 2872 2808 2942 ἡ
2837 2868 3005 2933 αἰτία,
3032 2868 3064 2939 ἢ
3092 2867 3145 2921 τί
3174 2867 3202 2920 δ
3248 2864 3660 2938 παρεσκεύασέν
3689 2879 3750 2914 σε

2172 2969 2311 3023 ὅπλα
2346 2965 2714 3039 στρατιωτικὰ
2741 2963 2975 3018 λαϐόντα
3007 2979 3064 3015 σε
3103 2959 3392 3033 ἐπιρρίψαι
3433 2959 3547 3021 τοῖς
3590 2955 3754 3027 μονά-

2176 3061 2358 3126 ζουσιν
2388 3058 2622 3123 τούτοις,
2652 3058 2748 3111 καὶ
2776 3054 3071 3109 σκυλεῦσαι
3099 3055 3193 3107 καὶ
3225 3050 3499 3122 βακλίζειν
3535 3048 3628 3101 καὶ
3658 3050 3754 3100 ἐκ-

2175 3152 2362 3218 διῶξαι
2391 3151 2508 3222 ἀμα
2540 3148 2796 3221 Ἰσιδώρῳ
2833 3147 2910 3218 τῷ
2946 3145 3305 3217 πρεσϐυτέρῳ
3340 3142 3417 3213 τῷ
3456 3143 3622 3205 ὅντως
3656 3158 3758 3194 πε..

2183 3244 2437 3317 ριϐοήτῳ,
2486 3242 2577 3294 τὸν
2612 3241 2706 3294 τοῦ
2743 3240 2879 3293 Θεοῦ
2937 3238 3103 3307 φόϐον
3155 3235 3467 3308 παριδόντα,
3517 3232 3759 3287 καὶτῶν

2178 3335 2451 3392 δεσποτῶν
2470 3335 2569 3407 τὴν
2603 3333 2947 3404 ἀπαρόρατον
2991 3331 3308 3400 ἐκδίκησινς
3352 3349 3370 3379 ι
3402 3327 3545 3400 Πρὸς
3584 3325 3762 3379 ταῦτα

2181 3428 2437 3499 Θεόφιλος
2485 3426 2624 3499 έφηο
2669 3446 2687 3478 ‹
2724 3426 2812 3489 Ὠς
2856 3426 3153 3495 αἱρετικοῖς
3204 3424 3299 3477 καὶ
3328 3422 3761 3492 κδιαστρέφουσιν

2181 3522 2281 3591 τὴν
2334 3518 2546 3592 ἐνορίαν
2598 3536 2699 3590 μου
2747 3517 3068 3589 ἐχρησάμην
3104 3517 3305 3578 αὐτοῖς.
3348 3534 3365 3566 ›
3412 3516 3472 3568 ὐ
3512 3514 3764 3584 κυέστωρ

2184 3614 2289 3685 ἔφη
2308 3628 2322 3644 ⁵
2361 3632 2380 3665 ι
2412 3612 2527 3666 Οὐκ
2558 3610 2749 3673 ἐλαϐες
2767 3611 2824 3663 ἐν
2857 3608 2957 3680 τῷ,
2987 3609 3096 3663 Τὸν
3121 3607 3420 3677 αἱρετικὸν
3452 3606 3769 3674 ἄνθρωπον

2178 3708 2329 3780 μετὰ
2350 3707 2499 3778 μίαν
2522 3705 2623 3759 καὶ
2646 3702 2935 3772 δευτέραν
2971 3701 3303 3756 νουθεσίαν
3336 3697 3626 3768 παραιτοῦ
3645 3714 3660 3729 ⁸
3702 3698 3765 3750 οὐ

2190 3803 2373 3875 μέντοι
2413 3799 2675 3863 τοιούτοις
2722 3796 2985 3869 περίϐαλε
3046 3795 3229 3857 πόνοις
3273 3794 3369 3846 καὶ
3410 3791 3770 3856 παντοδαποῖς

2188 3893 2377 3955 κακοῖς
2401 3907 2415 3957 ;
2442 3909 2461 3941 ι
2511 3890 2570 3942 '0
2596 3888 2653 3941 δὲ
2690 3886 2959 3958 φιμωθεὶς
2980 3886 3212 3956 ἔμεινεν.
3249 3881 3382 3937 Εἶτα
3411 3885 3507 3937 καὶ
3535 3885 3648 3946 τοῖς
3680 3900 3773 3953 μο-

2189 3984 2439 4050 νάζουσιν
2485 3982 2668 4051 λέγει·
2700 4001 2719 4034 ‹
2751 3980 3057 4042 Τοσαύταις
3104 3977 3457 4050 πειραθέντες
3500 3976 3772 4047 δαιμόνων

2192 4076 2540 4150 προσϐολαῖς,
2563 4075 2658 4130 νῦν
2683 4076 2775 4129 τὸν
2798 4077 2897 4146 τῆς
2919 4073 3215 4146 καρτερίας
3243 4070 3529 4139 ἐξελύσατε
3545 4070 3695 4124 τόνον
3719 4085 3767 4131 ;›

2193 4162 2255 4222 σι
2283 4168 2343 4222 δὲ
2368 4163 2548 4220 εἷπον·
2591 4186 2609 4218 ι
2646 4165 2709 4218 Ἦ
2739 4162 3106 4225 ἀνυπόστατος
3129 4161 3220 4231 βία
3248 4161 3492 4214 ἐκκλῖναι
3517 4160 3663 4230 ἡμᾶς
3678 4157 3775 4210 τοῦ

2194 4261 2458 4331 προτέρου
2482 4258 2685 4329 τρόπου
2707 4256 3045 4327 ἠνάγκασεν·
3086 4254 3310 4325 καὶγὰρ
3339 4251 3775 4323 τεσσαρακοστὸν

2196 4354 2314 4418 έτος
2342 4352 2720 4422 διετελέσαμεν
2754 4352 2813 4403 ἐν
2843 4351 2922 4402 ἐνὶ
2944 4349 3224 4419 οἰκήματι.
3258 4348 3333 4400 Οὐ
3372 4345 3476 4417 μὴν
3521 4343 3654 4397 ἀλλὰ
3682 4344 3777 4397 καί

2196 4447 2245 4499 οί
2275 4445 2537 4515 ἀοίδοιμοι
2567 4443 2807 4512 Πατέρες
2836 4442 3038 4513 Πέτρος
3066 4441 3159 4494 καὶ
3192 4439 3452 4510 Τιμόθεος
3498 4435 3779 4507 συντυχόν-

2195 4555 2287 4601 τες
2314 4541 2467 4609 ήμῖν,
2499 4539 2595 4591 καὶ
2626 4535 2862 4605 γνῶντές
2890 4551 3042 4596 τινας
3057 4532 3164 4586 τῶν
3192 4534 3290 4586 σὺν
3330 4533 3464 4601 ἡμῖν
3500 4528 3672 4583 ὁποῖοί
3708 4530 3779 4582 εί·

2200 4646 2305 4695 σιν,
2334 4628 2585 4699 οὐδαμῶς
2606 4630 2738 4699 ἡμῖν
2769 4626 3262 4696 ἀντωφθάλμησαν,
3302 4623 3437 4677 ἀλλὰ
3474 4623 3569 4675 καὶ
3614 4620 3781 4691 εύχάς

2199 4722 2455 4785 λαϐόντες
2480 4724 2608 4793 παρ’
2630 4723 2662 4792 ἠ
2671 4720 2787 4792 μῶν
2806 4720 2901 4773 καὶ
2916 4721 3246 4790 τιμήσαντες
3265 4717 3359 4769 καὶ
3385 4713 3782 4786 ύποστηρίζον-

2198 4832 2311 4879 τες,
2342 4814 2463 4867 κατ’
2485 4813 2664 4881 ὀλίγον
2687 4809 2975 4874 ἐπιστολὰς
3004 4808 3301 4879 ἐχάραττον
3335 4809 3467 4878 ἡμῖν
3507 4804 3647 4859 ὥστε
3694 4824 3784 4877 μι-

2205 4906 2539 4979 μνήσκεσθαι
2570 4904 2768 4959 αὐτῶν.
2809 4900 3242 4973 Παρακαλοῦμεν
3267 4897 3380 4961 οὖν,
3413 4898 3522 4951 εἴτε
3546 4899 3754 4968 ἐτυπτὴ
3776 4931 3789 4939 -

2202 5002 2374 5074 οημεν
2398 5041 2411 5064 ,
2457 5001 2565 5053 εἴτε
2614 4997 2969 5069 ἐδιώχθημεν,
3003 4993 3122 5067 Θεῷ
3158 4993 3591 5063 καταλείπομεν,
3624 4988 3786 5061 μόνον

2202 5091 2530 5163 χαρισθῆναι
2582 5091 2715 5162 ἡμῖν
2741 5089 2840 5158 τὴν
2886 5088 3016 5160 πρὶν
3068 5086 3357 5140 κατοικίαν
3387 5084 3568 5156 ἡμῶν,
3617 5084 3706 5137 ἴνα
3728 5084 3788 5136 ἐν

2201 5185 2339 5255 αύτῇ
2403 5183 2835 5253 μετανοήσαντες
2884 5178 3323 5251 ἀνακτησώμεθα
3364 5175 3611 5241 ἑαυτούς.
3654 5196 3671 5228 ι
3722 5173 3788 5231 Οἱ

2200 5273 2524 5346 ἐξοχώτατοι
2556 5272 2851 5344 στρατηγοὶ
2879 5271 2994 5341 ἅμα
3028 5269 3294 5339 Ἀκυλίνῳ
3314 5263 3474 5321 εἶπαν
3492 5283 3505 5296 ’
3544 5287 3563 5319 ε
3591 5266 3790 5327 Καλῶς

2203 5368 2440 5420 ποιεῖτεο
2466 5365 2778 5437 γέγραπται
2827 5363 2937 5435 γάρ
2963 5380 2976 5393 ·
3019 5362 3116 5427 Τίς
3171 5359 3331 5431 ἡμᾶς
3373 5360 3619 5430 χωρίσει
3671 5357 3793 5412 ἀπὸ

2204 5457 2318 5528 τῆς
2352 5458 2590 5528 ἀγάπης
2630 5456 2737 5527 τοῦ
2781 5456 3073 5524 Χριστοῦ;
3094 5454 3216 5507 ὅθεν
3247 5454 3368 5507 δέον
3400 5455 3790 5524 φρονήσαντες,

2201 5554 2267 5623 τῇ
2287 5552 2550 5625 παροικίᾳ
2568 5550 2777 5605 ἐαυτῶν
2803 5549 3039 5619 εὐλόγως
3066 5547 3414 5602 ἐπιϐήσεσθε.
3447 5566 3465 5597 ι
3488 5548 3597 5600 Καὶ
3623 5546 3795 5614 ἐπεμ-

2198 5706 2404 5831 de
2431 5706 2533 5762 hac
2562 5706 2678 5778 ipsa
2724 5706 2928 5779 synodo
2989 5705 3120 5776 agit,
3169 5720 3290 5776 quae
3339 5703 3443 5760 fuit
3495 5701 3563 5758 ad
3618 5699 3796 5767 ρυρτ.
