4114 6392
433 369 577 414 LXXV

430 470 541 542 ψαν
565 466 763 532 αὐτοὺς
784 465 920 540 πρὸς
952 465 1044 520 τὸν
1075 466 1298 539 βασιλέα
1325 467 1678 530 διδάσκοντας
1723 465 1914 520 ταῦτα.
1951 464 2011 516 '0

430 563 490 620 δέ
513 564 768 636 βασιλεὺς
783 562 1105 635 ὠφεληθεὶς,
1135 564 1226 618 καῖ
1250 561 1344 617 τοῦ
1366 565 1496 635 πρὶν
1519 562 1812 616 σκανδάλου
1842 562 2016 615 ἀπαλ-

432 657 644 728 λαγεὶς,
676 659 824 731 δῶρα
857 660 956 730 μὲν
980 659 1306 732 θελήσαντος
1335 660 1520 723 αὐτοῖς
1545 658 1748 721 δοῦναι,
1778 659 1879 711 οὐκ
1905 657 2017 710 ἐδέ-

436 757 595 824 ξαντο
614 775 628 788 ο
661 756 895 829 ἔγραψεν
925 758 983 812 δὲ
1012 759 1106 812 καὶ
1138 757 1214 828 τῷ
1246 758 1466 829 ἄρχοντι
1508 755 1577 809 τά
1619 755 1807 809 κελλία
1835 754 2016 809 αὑτῶν

433 854 809 924 οίκοδομῆσαι,
833 854 928 908 καὶ
955 853 1024 906 τά
1049 855 1188 927 πρὸς
1206 854 1304 926 τὴν
1334 853 1524 925 χρείαν
1562 852 1782 922 δοθῆναι
1811 850 2014 915 αὐτοῖς,

437 952 534 1006 καὶ
579 953 748 1005 οίκεῖν
784 946 1190 1023 ἀδιαστρόφως·
1237 951 1410 1005 ταῦτα
1461 951 1555 1006 καὶ
1601 950 1702 1022 τῆς
1748 949 2017 1021 βασιλίδος

437 1047 651 1119 παραθε
660 1047 849 1118 μένης.

508 1142 614 1214 κβ⁹.
656 1143 930 1207 Ἀκυλῖνος
973 1144 1032 1198 δέ
1069 1145 1322 1216 κυέστωρ
1367 1145 1504 1216 πρὸς
1536 1143 1791 1216 Ἰωάννην
1822 1137 1975 1196 εἶπεν
1998 1155 2012 1169 ·

446 1261 465 1294 ι
488 1241 603 1294 Οὐκ
629 1241 867 1311 ἤκουσας
886 1242 1078 1294 τούτου
1107 1241 1552 1313 κηρυσσομένου,
1587 1241 1697 1296 Τὸν
1726 1240 1874 1294 Θεὸν
1908 1255 2016 1307 φο-

441 1337 659 1402 ϐεῖσθε,
687 1337 796 1392 τὸν
821 1337 1088 1401 ,ϐασιλέα
1113 1337 1349 1406 τιμᾶτε;
1382 1338 1478 1401 Τίς
1505 1332 1598 1391 οὖν
1622 1339 1656 1407 ἡ
1678 1337 1824 1389 αἰτία
1861 1335 1927 1387 δι’
1951 1334 2016 1405 ἦν

439 1433 610 1496 οὕτως
637 1432 964 1504 κατεπαίρου
1019 1433 1119 1502 τῆς
1146 1432 1436 1505 θεόφρονος
1464 1431 1810 1503 Αύγούστης;
1847 1450 1866 1482 ι
1908 1430 2018 1483 Καὶ

439 1529 745 1600 ἀνέστησαν
777 1531 825 1581 οἱ
855 1529 981 1601 περὶ
1023 1529 1350 1600 Σευηριανὸν
1381 1529 1496 1600 ἅμα
1535 1532 1649 1597 τοῖς
1689 1529 1868 1590 ἄλλοις
1891 1526 2020 1596 κράε

439 1626 656 1690 ζοντες⁸
700 1627 853 1700 (Τῆς
878 1624 1192 1696 Αὑγούστης
1242 1625 1414 1681 πολλά
1469 1626 1537 1680 τά
1585 1626 1704 1696 ἐτη,
1765 1625 1860 1679 καὶ
1906 1622 2018 1676 τῶν

441 1723 652 1798 ἐχθρῶν
701 1723 870 1792 αὐτῆς
914 1723 979 1792 τῇ
1017 1723 1362 1792 Προκονήσῳ.
1394 1740 1414 1773 ι
1451 1713 1723 1779 Ἀκυλῖνος
1744 1720 1861 1791 ἅμα
1901 1722 2019 1782 τοῖς

440 1819 646 1884 λοιποῖς
686 1815 867 1873 εἶπεν·
893 1840 910 1869 ι
937 1820 1144 1889 Πρέπει
1174 1818 1300 1890 ὑμῖν
1332 1818 1430 1891 τὴν
1453 1818 1751 1890 ἱερωσύνην
1779 1818 2018 1872 ἀπείπα-

443 1921 589 1988 σθαι,
621 1922 714 1974 καὶ
741 1920 1110 1990 ἀποθεμένους
1132 1918 1202 1972 τά
1233 1919 1504 1990 ἱερατικά,
1529 1917 1800 1990 δημοτικὰ
1827 1917 2020 1971 ἀναλα-

444 2021 579 2089 ϐεῖν,
604 2024 699 2076 καὶ
731 2021 1052 2093 δημοτικαῖς
1097 2021 1399 2092 κεχρῆσθαι
1447 2024 1689 2090 φωναῖς;
1727 2039 1744 2070 ι
1780 2021 1875 2073 καὶ
1910 2021 2018 2073 οὐδ’

443 2099 617 2186 οὕτως·
641 2123 741 2176 οὐκ
770 2121 1053 2178 ἐπαύοντο.
1114 2121 1173 2173 '0
1211 2121 1268 2175 δὲ
1307 2121 1565 2190 Θεόφιλος
1609 2119 1791 2174 εἶπεν·
1845 2140 1864 2173 ι
1899 2120 2020 2176 Τῶν

375 2291 386 2303 '
442 2228 620 2282 ποδῶν
645 2226 798 2298 ὑμῶν
839 2225 1048 2296 δέομαι,
1097 2225 1217 2290 πῶς
1247 2219 1399 2289 οὗτος
1426 2225 1676 2280 καθεῖλεν
1708 2245 1796 2296 με,
1829 2224 2021 2297 μαθεῖν

441 2329 607 2384 θέλωο
647 2327 740 2381 καὶ
789 2329 918 2389 τοὺς
958 2325 1187 2398 ἐχθρούς
1223 2343 1323 2397 μου
1368 2328 1676 2398 αἱρετικοὺς
1713 2328 1873 2390 ὄντας
1904 2329 2023 2392 πῶς

442 2436 889 2506 ἐχειροτόνησεν;
928 2452 947 2484 ι
993 2434 1053 2486 '0
1101 2433 1350 2506 κυέστωρ
1395 2433 1496 2506 ἔφη
1521 2451 1536 2465 ο
1571 2455 1589 2486 ‹
1625 2436 1736 2505 Οὐχ
1777 2427 1930 2498 οὗτός
1962 2452 2022 2487 σε

443 2534 710 2597 καθεῖλεν,
747 2533 862 2588 ἀλλ’
909 2535 1263 2606 όΚορυφαῖος
1300 2533 1408 2587 τῶν
1437 2533 1752 2588 ἀποστόλων
1800 2533 1916 2603 ἅμα
1944 2535 2024 2606 τῷ

445 2637 668 2708 μεγάλῳ
714 2635 1076 2706 Ἰννοκεντίῳ·
1123 2636 1252 2706 περ)⁸
1282 2635 1340 2688 δέ
1363 2635 1470 2689 τῶν
1514 2636 2021 2707 χειροτονηθέντων,

443 2739 497 2792 τί
529 2739 1000 2810 φιλεγκλημονεῖς,
1043 2738 1203 2802 αὐτὸς
1237 2739 1302 2792 σὺ
1338 2737 1500 2792 πάθει
1542 2737 1873 2808 κατηγορίας
1913 2737 2026 2806 ἐχό-

447 2856 640 2912 μενος;
679 2859 698 2890 ν
730 2841 840 2894 Kal
869 2840 1029 2894 πάλιν
1069 2839 1324 2911 φοϐηθεὶς
1365 2838 1638 2910 ἐφιμώθη.
1672 2834 1807 2893 Εἶτα
1839 2839 2026 2908 λέγου-

447 2960 530 2996 σιν
550 2942 628 3014 τῷ
653 2941 723 3014 (ί.
754 2941 818 2996 74
845 2943 906 3010 a)
949 2944 1167 3015 Ἰωάννῃ
1191 2958 1203 2970 ·
1247 2961 1265 2994 ι
1299 2943 1577 3014 Προσήκει
1604 2959 1664 2995 σε
1697 2944 1810 3006 τοῖς
1832 2945 2027 3010 ἐπαγο-

449 3047 630 3117 μένοις
678 3065 760 3101 σοι
784 3045 1226 3117 ἀπολογήσασθαι
1262 3046 1355 3099 καὶ
1389 3045 1582 3112 δεῖξαι,
1610 3047 1753 3109 τίνος
1785 3046 1943 3118 χάριν
1967 3049 2023 3100 ai

445 3149 701 3204 τοσαῦται
726 3149 876 3220 παρά
906 3146 1001 3200 σοῦ
1027 3147 1326 3218 δυσφημίαι
1353 3147 1489 3200 κατά
1511 3148 1610 3217 τῆς
1633 3147 2025 3219 εὑκλεεστάτης

448 3248 715 3320 βασιλίδος
765 3247 1194 3321 περιηχήθησαν.
1248 3266 1271 3299 ι
1326 3247 1382 3300 Ὀ
1423 3246 1480 3300 δὲ
1531 3248 1784 3320 Ἰωάννης
1834 3244 2021 3302 εἶπεν

451 3371 469 3402 ι
500 3351 562 3404 El
606 3351 704 3422 μὲν
733 3352 814 3414 είς
835 3349 927 3404 τὸν
957 3349 1235 3418 Δεσπότην
1261 3366 1362 3420 μου
1389 3349 1623 3418 Χριστὸν
1643 3351 2020 3422 ἐδυσφήμησα,

445 3451 638 3504 ἐαυτὸν
669 3450 872 3503 ἐκδικεῖ
896 3465 910 3479 ⁸
942 3448 1072 3502 εἰδὲ
1109 3449 1237 3520 περ).
1277 3448 1564 3520 ἀνθρώπου
1590 3451 1756 3514 ἐστὶν,
1791 3451 2026 3521 μάλιστα

443 3551 502 3604 δὲ
555 3552 648 3605 καὶ¹
696 3552 824 3622 περὶ
877 3551 1155 3620 γυναικὸς,
1191 3548 1303 3618 ἐγὼ
1358 3551 1486 3621 περὶ
1537 3551 1727 3604 τούτου
1759 3552 1915 3621 λόγον
1961 3554 2022 3606 οὐ

445 3652 726 3722 ποιοῦμαι.
759 3671 778 3704 ι
805 3653 917 3706 Kal
958 3652 1198 3716 ἀναστὰς
1242 3652 1466 3724 ἐξῆλθεν
1489 3653 1890 3724 ἀναπολόγητος
1923 3653 2020 3723 (α).

446 3753 723 3816 Ἀκυλῖνος
752 3753 1001 3824 κυέστωρ
1025 3752 1173 3822 λέγει
1199 3769 1214 3783 ·
1235 3807 1252 3822 ,
1273 3773 1292 3804 ι
1333 3754 1478 3822 Ἐγὼ
1518 3755 1750 3817 κανόνας
1787 3755 1888 3807 οὐκ
1931 3756 2027 3808 ἀνρ-

443 3855 636 3923 έγνων·
658 3855 817 3924 ὑμεῖς
839 3853 1037 3917 οἴδατε,
1067 3853 1119 3906 τί
1139 3853 1416 3923 ὀφείλεται
1441 3856 1523 3920 είς
1550 3855 1712 3910 αὐτὸν
1744 3857 1967 3927 πρᾶξαι.
2001 3875 2018 3909 ι

443 3957 555 4010 Kal
584 3955 744 4019 εὐθὺς
766 3955 1096 4018 ἀναστάντες
1126 3955 1366 4026 ἐξῆλθον.

516 4063 620 4124 κγ’.
655 4055 766 4110 Kal
796 4055 1283 4110 συνεϐουλεύσαντο
1303 4057 1352 4110 οἱ
1377 4057 1503 4129 περὶ
1531 4055 1787 4126 Θεόφιλον
1818 4057 1912 4110 καὶ
1933 4055 2028 4110 τύ-

445 4175 618 4213 πωσιν
668 4157 739 4229 (b)
784 4157 859 4222 ὡς
912 4160 977 4212 ἐκ
1011 4158 1220 4213 πολλῶν
1269 4159 1586 4212 ἐπισκόπων
1629 4159 2022 4230 γεγενημένην,

443 4261 539 4315 καὶ
567 4259 778 4312 δίδωσιν
807 4259 977 4329 αὐτὴν
999 4259 1077 4330 τῷ
1106 4259 1330 4329 βασιλεῖ.
1376 4259 1433 4312 '0
1463 4258 1519 4311 δὲ
1549 4258 1610 4312 τὸ
1637 4261 1812 4330 κρῖμα
1841 4242 2027 4324 αὐτοῖς

443 4361 735 4432 ἐπιρρίψας
765 4355 936 4413 εἶπεν·
981 4380 999 4410 α
1038 4360 1127 4430 Τῷ
1159 4359 1382 4431 κρίματι
1413 4358 1588 4429 ὑμῶν,
1620 4359 1694 4422 ὡς
1728 4359 2022 4414 συνοίδατε⁹

443 4465 602 4534 ὑμεῖς
624 4461 841 4532 ὄψεσθε.
879 4480 897 4512 ι
935 4463 1045 4515 Kal
1072 4461 1290 4532 δηλοῦσι
1318 4460 1396 4532 τῷ
1445 4461 1668 4533 Ἰωάννῃ
1693 4461 1782 4514 διὰ
1810 4462 2028 4532 Μαρια-

443 4563 535 4617 νοῦ
566 4563 658 4616 τοῦ
685 4561 995 4633 μειζοτέρου
1025 4561 1124 4631 τῆς
1152 4560 1472 4631 βασιλίσσης
1500 4561 1594 4613 καὶ
1620 4560 1896 4633 κληρικῶν
1921 4563 2027 4616 τῶν

441 4667 575 4736 παρ’
623 4663 793 4717 αὑτοῦ
847 4661 1245 4732 ἐκϐληθέντων,
1303 4661 1397 4713 τοῦ
1435 4661 1670 4726 ἐξελθεῖν
1701 4663 1799 4732 τῆς
1829 4662 2028 4736 ἐκκλη-

445 4747 587 4830 σίας.
637 4766 693 4818 '0
713 4765 770 4818 δέ
791 4743 1063 4833 ἀντι-δηλοῖ
1085 4763 1268 4824 αὑτοῖς
1301 4761 1492 4815 ταῦτα’
1528 4782 1545 4813 ι
1588 4763 1729 4832 Ἐγὼ
1758 4763 1910 4835 παρὰ
1931 4764 2026 4817 τοῦ

444 4871 696 4940 Σωτῆρος
739 4865 976 4940 Χριστοῦ
1011 4865 1361 4933 ἐπιδέδεγμαι
1398 4863 1496 4933 τὴν
1542 4863 1890 4934 Ἐκκλησίαν,
1925 4864 2028 4919 καὶ·

444 4971 544 5023 οὐκ
578 4969 869 5041 ἐξέρχομαι
907 4965 1144 5039 ἐμαυτοῦ
1175 4966 1276 5033 (c),
1314 4965 1409 5018 ἐὰν
1442 4964 1516 5037 μὴ
1547 4964 1637 5036 βία
1662 4983 1728 5035 με
1760 4965 2023 5036 ἐξώσητε,

445 5076 531 5128 ἵνα
559 5074 666 5144 ἔχω
698 5074 991 5142 ἀπολογίαν
1017 5073 1216 5136 πᾶσαν,
1253 5072 1336 5124 ὅτι
1363 5071 1540 5141 ἥνπερ
1571 5072 1599 5124 0
1637 5069 1771 5134 Θεὸς
1799 5071 2027 5124 κατεπί-

446 5190 688 5240 στευσεν,
722 5176 858 5243 γυνή
901 5191 968 5244 με
1014 5171 1216 5243 ταύτης
1250 5171 1562 5242 ἐστέρησεν.
1600 5190 1617 5222 ι
1663 5171 1795 5224 Τότε
1836 5174 1864 5225 0
1904 5173 2026 5226 Ma-

445 5273 626 5346 ριανὸς
655 5272 745 5344 βίᾳ
777 5273 1006 5336 ἑλκύσας
1035 5272 1197 5326 αὑτὸν
1231 5269 1502 5334 ἐξέῦαλενο
1542 5271 1704 5336 εὐθὺς
1745 5273 1803 5326 δὲ
1841 5290 2024 5345 χειρο-

516 5526 594 5591 (α)
625 5524 735 5580 Cur
760 5523 1057 5578 Eudoxiam
1091 5521 1308 5592 publice
1337 5520 1538 5590 (tacito.
1560 5528 1740 5574 tamen
1773 5518 2020 5591 nomine)

445 5613 555 5653 non
590 5595 758 5650 semel
789 5594 1206 5663 reprehenderit
1228 5592 1669 5663 Chrysoslomus,
1707 5600 1932 5663 apparet
1958 5607 2022 5645 ex

443 5667 660 5739 cognita
701 5661 1085 5739 ιάριιέίιςείιιιῖυ⁸
1109 5679 1174 5718 ac
1217 5663 1473 5739 superba;
1493 5662 1719 5739 regine
1733 5661 1864 5715 vita.
1885 5661 2023 5739 _lmo

444 5731 687 5807 ejusdem
725 5731 792 5790 ad
825 5734 1184 5807 Epiphanium
1211 5731 1513 5807 _re'sp_onsio
1551 5741 1605 5786 et
1634 5731 1830 5807 minae,
1883 5731 2020 5786 infra

446 5801 755 5869 recitandae.
806 5801 942 5862 satis'
982 5805 1145 5861 etiam
1210 5801 1566 5875 irreligiosam
1617 5801 2014 5858 demonstrant.
2064 5882 2076 5886 _

1605 347 1954 406 THEODORI
1993 343 2528 404 TBIMITHUNTINI

3541 355 3701 399 LXXVI

2117 464 2360 520 τονοῦσιν
2389 467 2503 522 ἀντ’
2539 462 2702 518 αὑτοῦ
2743 464 2834 518 τὸν
2876 463 3162 536 ’Δρσάκιον
3193 460 3294 533 (Δ).
3322 461 3432 515 Kal
3461 461 3522 514 οὐ
3565 459 3703 532 μετὰ

2116 568 2251 623 πολὺ
2280 569 2370 624 διὰ
2411 569 2472 622 τὸ
2510 567 2919 640 ἀνοσιούρτημα
2955 568 3016 620 τὸ
3053 565 3250 628 ἀδίκως
3275 563 3522 641 πραχθὲν
3561 563 3704 617 κατὰ

2115 671 2210 725 τοῦ
2240 671 2470 734 δικαίου,
2509 670 2622 742 πῦρ
2668 672 2733 724 ἐκ
2771 669 2865 723 τοῦ
2896 667 3126 740 ούρανοῦ
3157 666 3323 720 πεσὸν
3365 665 3705 718 κατέκαυσεν

2117 771 2215 842 τὴν
2244 769 2539 841 ἐκκλησίαν
2569 769 2698 824 ἔνθα
2729 769 3028 840 κατέμενεν
3054 771 3082 821 0
3105 767 3398 828 ἐπίσκοπος
3427 763 3700 834 Ἰωάννης⁵

2117 875 2212 926 καὶ
2258 872 2552 944 διαδραμὸν
2595 872 2655 925 τὸ
2693 871 2804 941 πῦρ
2844 870 3072 934 πολλοὺς
3113 869 3310 931 τόπους
3357 866 3698 938 ἐνεπύρισεν.

2117 977 2227 1030 Kal
2264 976 2423 1040 εὐθὺς
2460 979 2492 1047 ἡ
2543 977 2696 1039 πόλις
2735 975 2826 1028 τὸν
2874 974 3160 1047 Ἀρσάκιον
3195 970 3435 1036 ἐδίωξεν,
3479 969 3573 1022 καὶ
3608 967 3701 1020 τὸν

2131 1077 2382 1148 Ἰωάννην
2415 1077 2646 1146 εἰσάγει,
2689 1075 2976 1138 νεύσαντος
3002 1073 3096 1127 τοῦ
3134 1071 3416 1144 βασιλέως.
3453 1069 3564 1123 Kal
3596 1069 3699 1122 πά-

2117 1177 2200 1231 λιν
2238 1177 2592 1248 συναχθέντες
2622 1177 2672 1230 οί
2703 1179 2830 1248 περὶ
2867 1174 3122 1245 Θεόφιλον
3152 1171 3586 1226 ἐνδιαϐάλλουσιν
3610 1169 3700 1248 τὸν

2132 1237 2696 1351 Ἰωάννηνὶλέγοντεςο
2735 1300 2754 1331 ‹
2778 1237 3042 1343 ⁸Βασιλεῖ),
3070 1277 3229 1346 ἡμεῖς
3262 1273 3444 1345 κρίσιν
3481 1237 3710 1342 dmi-‘9‘?"

2118 1381 2350 1452 νάμεθα,
2384 1382 2477 1435 καὶ
2501 1381 2708 1451 ὀφείλει
2734 1381 2906 1443 οὕτως
2933 1376 3205 1448 γενέσθαι*
3237 1377 3336 1444 τὴν
3367 1373 3475 1445 γὰρ
3497 1372 3700 1442 ἐκκλη-

2122 1481 2241 1535 σίαν
2270 1480 2410 1552 μετά
2438 1481 2758 1553 καθαίρεσιν
2781 1479 2942 1544 αὐτὸς
2977 1477 3314 1548 ἐνεπύρισεν.
3354 1493 3373 1524 ›
3414 1473 3524 1527 Kal
3557 1489 3699 1544 παρ-

2119 1582 2328 1648 ώξυναν
2346 1583 2436 1637 τὸν
2466 1582 2710 1654 βασιλέα,
2743 1582 2839 1635 xal
2863 1579 2997 1636 ἄλλα
3031 1578 3201 1631 πολλά
3228 1575 3700 1648 καταλαλήσαντες

2120 1685 2262 1740 κατά
2311 1685 2404 1739 τοῦ
2455 1685 2720 1739 Ἰωάννου.
2783 1686 2842 1738 '0
2886 1683 2942 1737 δὲ
2987 1682 3238 1753 βασιλεὺς
3284 1679 3452 1750 λέγει’
3490 1697 3508 1729 ι
3557 1675 3702 1744 Ἐγὼ

2118 1785 2294 1849 ἀθῶός
2326 1787 2439 1857 εἰμι
2461 1785 2554 1838 τοῦ
2583 1785 2848 1858 κρίματος
2877 1783 3086 1838 τούτου·
3115 1783 3274 1853 ὑμεῖς
3294 1779 3513 1850 ὄψεσθε,
3546 1777 3699 1847 ὑμῶν

2121 1888 2265 1940 ἐστιν
2295 1887 2356 1939 τὸ
2385 1889 2576 1958 κρῖμσν
2614 1890 2643 1941 ό
2692 1887 2824 1948 Θεὸς
2867 1887 2929 1940 τὸ
2983 1887 3158 1957 κρῖμα
3199 1881 3364 1936 αὐτοῦ
3407 1879 3568 1934 δώσει
3620 1881 3700 1942 είς

2119 1987 2218 2053 τὰς
2241 1989 2478 2058 κεφαλὰς
2509 1989 2683 2060 ὑμῶν.
2716 2009 2734 2042 ι
2766 1990 2876 2043 Kal
2897 1988 3048 2059 δηλοῖ
3072 1989 3100 2040 0
3131 1987 3383 2058 βασιλεὺς
3406 1983 3485 2054 τῷ
3527 1983 3705 2036 Ἰωάν-

2119 2108 2184 2162 νῃ
2221 2091 2412 2144 ταῦτα’
2461 2111 2478 2142 ι
2529 2091 2587 2144 '0
2613 2091 2771 2161 χορὸς
2797 2091 2904 2143 τῶν
2933 2089 3241 2160 λεγομένων
3274 2085 3462 2156 ἱερέων
3489 2083 3548 2136 τὸ
3576 2082 3704 2154 περὶ

2125 2193 2182 2245 σὲ
2219 2196 2393 2264 κρῖμα
2433 2194 2498 2263 τῇ
2537 2193 2744 2246 ἐαυτῶν
2785 2191 2994 2262 κεφαλῇ
3038 2189 3436 2244 ἐπεσπάσαντο·
3460 2183 3530 2237 τὰ
3559 2183 3702 2237 κατὰ

2122 2295 2346 2350 σεαυτὸν
2382 2290 2475 2350 οὖν
2513 2295 2592 2367 τῷ
2628 2294 2747 2367 Θεῷ
2780 2294 3129 2366 ἀναθέμενος,
3169 2290 3439 2363 ὑποχώρει
3479 2290 3580 2360 τῆς
3612 2291 3703 2343 ἐκ-

2121 2397 2371 2468 κλησίας.
2400 2417 2420 2450 ι

2193 2502 2290 2555 κδ’.
2323 2497 2430 2554 Ἦν
2469 2500 2525 2554 δὲ
2569 2503 2628 2553 ἐν
2673 2501 2864 2564 αὐταῖς
2899 2501 3017 2562 ταῖς
3052 2497 3289 2569 ἡμέραις
3335 2495 3429 2549 καὶ
3465 2497 3493 2548 ό
3527 2495 3702 2564 μέγας

2136 2605 2449 2676 Ἐπιφάνιος
2475 2609 2504 2660 0
2529 2605 2826 2669 ἐπίσκοπος
2850 2603 3233 2665 Κωνσταντίας
3264 2602 3360 2671 τῆς
3387 2599 3612 2670 Κύπρου
3642 2601 3702 2650 ἐν

2123 2707 2533 2760 Κωνσταντίνου
2562 2707 2731 2760 πόλει.
2749 2704 3041 2759 Καλέσασα
3076 2703 3234 2755 αὑτὸν
3265 2699 3510 2765 Εὑδοξία,
3549 2699 3702 2768 λέγει

2123 2808 2290 2878 αύτῷο
2334 2827 2352 2859 ι
2389 2808 2569 2878 Πάτερ
2619 2808 2788 2878 τίμιε,
2832 2809 2860 2860 0
2912 2805 3163 2874 Ἰωάννης
3213 2803 3490 2874 αἱρετικός
3530 2803 3699 2868 ἐστιν,

2123 2910 2216 2961 καί
2268 2909 2468 2972 πάντες
2521 2909 2928 2980 ὑπογράφουσιν
2980 2907 3060 2969 είς
3111 2905 3210 2976 τὴν
3257 2903 3469 2974 ἐξορίαν
3509 2903 3695 2956 αὺτοῦ·

2122 3010 2235 3063 ἀλλ’
2277 3010 2590 3082 ὑπόγραῲον
2623 3010 2715 3063 καὶ
2747 3009 2833 3062 σύ.
2872 3028 2890 3060 ι
2939 3008 2998 3061 '0
3037 3010 3093 3061 δέ
3119 3006 3247 3078 ἔφη·
3288 3028 3304 3058 ι
3345 3007 3407 3058 Ei
3448 3006 3702 3076 Ἰωάννης

2122 3111 2396 3183 αἱρετικός
2432 3115 2599 3176 ἐστιν,
2632 3109 2780 3176 ἄξιός
2829 3111 2976 3162 ἐστιν
3030 3106 3260 3180 ἐξορίας’
3317 3108 3365 3159 εἰ
3401 3105 3460 3159 δὲ
3513 3107 3697 3177 μήγε,

2123 3212 2259 3265 ἀλλὰ
2287 3212 2374 3266 διά
2407 3211 2562 3283 ὕϐριν
2590 3212 2694 3282 τῆς
2722 3211 2820 3282 σῆς
2860 3211 3110 3273 εὐκλείας
3146 3211 3179 3279 ἡ
3213 3207 3415 3280 ἐξορία,
3457 3206 3700 3276 συγγνώ-

2127 3332 2234 3386 μης
2261 3314 2438 3386 χρεία,
2468 3315 2544 3377 ὡς
2572 3315 2664 3368 καὶ
2694 3314 2849 3384 ὑμεῖς
2877 3313 3280 3384 ἁμαρτάνοντες
3316 3313 3396 3374 εἰς
3427 3312 3518 3364 τὸν
3542 3311 3702 3364 ἐπου-

2129 3417 2308 3487 ράνιον
2342 3415 2583 3486 βασιλέα.
2624 3434 2642 3465 ι
2690 3415 2752 3467 Ἦ
2793 3414 2850 3468 δὲ
2888 3413 3014 3482 ἔφη·
3052 3433 3071 3464 ι
3115 3412 3240 3466 Ἐἀν
3273 3412 3347 3483 μὴ
3381 3412 3700 3483 ὑπακούσῃς

2128 3535 2252 3588 μου,
2283 3518 2376 3570 καὶ
2405 3515 2745 3589 ὑπογράψῃς,
2787 3515 2967 3578 καθώς
2992 3514 3086 3568 καὶ
3111 3517 3160 3568 οἱ
3191 3515 3389 3580 λοιποὶ,
3416 3514 3578 3568 κλείω
3599 3514 3699 3578 τὰς

2127 3623 2440 3695 ἐκκλησίας,
2473 3624 2566 3678 καὶ
2595 3622 2794 3690 ἀνοίγω
2832 3622 2956 3685 τοὺς
3001 3622 3161 3685 ναοὺς
3200 3622 3306 3674 τῶν
3340 3621 3594 3685 εἰδώλων,
3631 3621 3698 3674 ῖνῗ

2124 3728 2240 3781 ἐκεῖ
2272 3725 2717 3798 προσκυνήσωσιν
2741 3723 2960 3788 πάντες.
2999 3743 3018 3776 ›
3057 3725 3113 3777 Ὁ
3144 3724 3200 3777 δὲ
3230 3723 3353 3795 ἔφη’
3393 3745 3411 3776 ι
3452 3724 3520 3778 Εἴ
3537 3742 3588 3778 τι
3618 3719 3699 3778 οἴ-

2123 3829 2220 3892 δας
2259 3829 2534 3899 συμφέρον
2577 3826 2677 3897 τῆς
2710 3827 2888 3898 ψυχῆς
2923 3843 3040 3892 σου,
3086 3827 3332 3899 ποίησον·
3382 3828 3429 3879 εί
3462 3825 3569 3898 γὰρ
3607 3827 3705 3880 καὶ

2125 3932 2326 3996 πάντες
2379 3932 2723 4003 ὑπέγραψαν,
2784 3931 3096 4002 Ἐπιφάνιος
3155 3933 3252 4003 οὐχ
3311 3933 3638 4003 ὑπογράφει.
3673 3949 3692 3982 ι

2125 4033 2235 4087 Kal
2263 4033 2604 4104 ἀπήγγειλαν
2651 4031 2731 4102 τῷ
2773 4033 2993 4105 Ἰωάννῃ
3020 4034 3100 4086 ὅτι
3129 4037 3222 4087 καὶ
3259 4034 3570 4104 Ἐπιφάνιος
3598 4033 3700 4085 ὑπ-

2127 4134 2395 4206 έγραψεν..
2417 4134 2527 4188 Kal
2558 4134 2708 4204 δηλοῖ
2733 4133 2809 4204 τῷ
2847 4134 3145 4206 Ἐςιιφανίῳ
3177 4133 3367 4196 οὕτως’
3394 4155 3412 4185 ι
3469 4134 3698 4202 Ἐπιφά-

2127 4151 2395 4206 εγραψεν..
2417 4151 2527 4188 nat
2558 4151 2704 4204 οηΛοι
2733 4151 2809 4204 τῳ
2852 4151 2901 4186 'r.
2954 4151 3145 4205 ιφανιῳ
3177 4151 3367 4196 ουτως⁸
3394 4155 3412 4185 ι
3475 4151 3698 4202 νιιπιφα-

2127 4257 2229 4304 νιε,
2258 4240 2351 4292 καὶ
2382 4239 2445 4292 σὺ
2466 4241 2545 4304 είς
2573 4239 2670 4310 τὴν
2691 4151 2947 4310 ἐξοριίαὶ
2933 4256 3032 4309 μου
3067 4239 3423 4310 ὑπέγραψας;
3458 4238 3698 4291 Γίνωσκε

2127 4345 2208 4397 ὅτι
2250 4345 2310 4397 οὑ
2354 4347 2428 4415 μὴ
2469 4343 2697 4416 καθίσῃς
2746 4345 2828 4397 ἔτι
2870 4348 2950 4408 είς
2985 4345 3076 4398 τὸν
3112 4345 3298 4415 θρόνον
3333 4362 3446 4399 σου.
3487 4365 3504 4398 ι
3546 4348 3605 4400 '0
3643 4347 3700 4400 δὲ

2128 4448 2399 4518 ἀντιδηλοῖ
2426 4447 2575 4518 αύτῷ
2611 4448 2802 4513 οὕτως·
2842 4471 2860 4500 ‹
2908 4449 3137 4520 ’Δθλητά
3184 4451 3276 4504 τοῦ
3308 4451 3542 4522 Χριστοῦ
3589 4453 3700 4506 Ἰω-

2128 4553 2282 4624 άννη,
2314 4553 2469 4622 δέρου
2501 4555 2594 4608 καὶ
2621 4555 2764 4608 νίκα·
2803 4555 2893 4609 τὸν
2931 4555 3037 4628 γάρ
3073 4556 3234 4610 τόπον
3271 4558 3328 4610 ὲν
3362 4551 3406 4627 ᾧ
3437 4557 3701 4631 προσέτα-

2131 4660 2226 4725 ξάν
2293 4677 2374 4713 σοι
2437 4661 2535 4732 τῆς
2572 4659 2783 4732 ἐξορίας
2829 4662 2898 4714 οὐ.
2942 4663 3015 4733 μὴ
3071 4663 3302 4735 φθάσῃς.
3340 4684 3356 4716 ι
3393 4664 3593 4730 Καθὼς
3640 4667 3699 4719 δὲ

2129 4766 2343 4837 εἴρηται
2402 4767 2552 4838 παρά
2617 4767 2726 4820 τῶν
2794 4768 3138 4841 ἀμφοτέρων,
3181 4771 3351 4835 οὕτως
3415 4775 3508 4827 καὶ
3571 4775 3696 4843 ἐγέ-

2128 4885 2270 4922 νετο.

2199 4978 2294 5026 κε’.
2328 4972 2458 5026 Τότε
2487 4973 2515 5024 ό
2549 4973 2799 5045 Ἰωάννης
2832 4977 3234 5048 συνταξάμενος
3259 4982 3370 5043 τοῖς
3398 4982 3701 5053 ἀγαπητοῖς

2128 5072 2291 5127 αὐτοῦ
2329 5075 2493 5128 πᾶσιν
2532 5076 2847 5140 ἐπισκόποις
2887 5095 2947 5130 τε
2977 5079 3070 5132 καὶ
3097 5080 3157 5150 (ί.
3195 5081 3262 5134 74
3293 5083 3368 5150 ο.)
3406 5083 3704 5154 πρεσϐυτέ-

2131 5193 2242 5247 ροις
2267 5177 2382 5248 ἅμα
2403 5176 2666 5242 διακόνοις
2691 5181 2784 5234 καὶ
2808 5182 3151 5251 μονάζουσιν,
3183 5186 3276 5239 καὶ
3299 5188 3410 5250 τοῖς
3435 5187 3701 5254 διακόνοις

2124 5279 2222 5349 τῆς
2249 5280 2561 5351 ἐκκλησίας,
2600 5283 2694 5336 καὶ
2724 5284 3109 5355 παρακαλέσας
3148 5287 3354 5351 πάντας
3404 5292 3470 5361 τῇ
3513 5291 3697 5364 διδαχῇ

2126 5519 2289 5600 Tum“
2317 5521 2372 5575 in
2411 5521 2624 5600 Georgii
2655 5531 2711 5578 et
2760 5524 3137 5600 Memphi-astte
3179 5527 3510 5600 biographiis
3553 5531 3696 5600 apud

2123 5589 2386 5668 §z_wilium
2420 5601 2460 5647 t.
2490 5589 2633 5668 νιιι,
2661 5589 2988 5668 pp_.205'et
3024 5599 3148 5659 404,
3191 5589 3434 5653 defendit
3472 5589 3603 5668 ipse.
3638 5617 3696 5654 se

2122 5660 2545 5731 Chrysostomus
2588 5660 2679 5718 ab_
2698 5660 2907 5733 objecta
2931 5667 3030 5720 sibi
3082 5669 3340 5722 adversus
3398 5660 3694 5724 Eudoxiam

2125 5733 2430 5804 παρρησίᾳ.
2461 5733 2824 5800 Quamobrem
2871 5737 2926 5789 in
2959 5738 3060 5791 hac
3105 5738 3402 5792 latrocinali
3446 5740 3692 5794 inimico-

2124 5818 2244 5860 rum
2275 5820 2493 5861 suorum
2522 5807 2724 5876 synodo
2755 5806 3022 5862 silendum
3065 5807 3164 5863 sibi
3192 5809 3372 5878 potius
3407 5809 3689 5878 judicavit,
