4114 6392
419 432 608 477 LXXVII

422 537 793 602 Miserumque
815 546 909 586 eos
925 534 991 589 ad
1013 532 1413 602 imperatorem,
1439 530 1579 585 facta
1606 528 1684 583 rei
1705 525 1999 583 relatione:

423 642 516 711 qui
555 639 686 695 boni
732 637 1053 700 consulens,
1101 635 1522 705 scandalumque
1560 634 1671 704 jam
1710 631 2000 695 omittens,

427 748 569 803 dona
601 746 668 799 iis
696 745 936 798 tribuere
957 743 1146 806 voluit,
1183 757 1304 811 qua
1338 757 1448 795 non
1473 740 1832 796 admiserunt.
1864 736 2007 791 Scri-

426 849 536 922 psit
567 848 789 917 insuper
809 845 1023 917 [Egypti
1054 845 1329 915 praefecto,
1362 852 1423 899 ut
1449 845 1664 899 illorum
1692 843 1855 898 cellas
1881 842 2006 897 aedi-

430 953 632 1017 liceret,
664 952 969 1005 necessaria
999 948 1389 1019 suppeditaret,
1424 956 1479 1004 et
1503 956 1564 1002 ut
1584 946 1753 1018 quieti
1786 936 2003 1002 habita;

430 1066 570 1112 rent.
600 1057 747 1111 Idem
778 1055 1016 1125 Augusta
1044 1070 1259 1125 quoque
1290 1054 1585 1109 mandavit.

495 1159 585 1214 22.
619 1157 758 1212 Tum
789 1158 1072 1227 Aquilinus
1106 1166 1341 1227 qumstor
1377 1156 1572 1211 Joanni
1600 1155 1774 1210 dixit:
1830 1173 1851 1207 ι
1884 1153 2006 1209 Non

427 1265 627 1321 audisti
659 1265 761 1317 hoc
780 1263 1060 1333 praedicari
1089 1282 1102 1317 :
1126 1263 1294 1317 Deum
1325 1263 1518 1327 timete,
1556 1278 1729 1333 regem
1755 1263 2007 1315 honorate

430 1370 481 1442 (l
507 1370 652 1425 Petr.
684 1370 737 1423 2.
773 1368 860 1439 17)
880 1368 903 1420 ?
925 1368 1183 1433 Quaenam
1215 1368 1378 1440 igitur
1404 1374 1459 1420 te
1492 1381 1653 1420 causa
1687 1365 1919 1435 impulit,
1948 1371 2005 1417 ut

429 1476 485 1531 in
521 1476 826 1548 religiosam
879 1474 1173 1545 Augustam
1220 1480 1503 1544 tantopere
1560 1471 1936 1526 invehereris?
1979 1490 1996 1521 ι

429 1581 585 1635 Tunc
634 1587 919 1650 surgentes
950 1578 1275 1633 Severianus
1322 1577 1522 1646 aliique
1574 1575 1945 1630 clamaverunt
1985 1593 1999 1628 :

434 1709 452 1738 c
466 1688 719 1758 Augustae
732 1686 931 1741 multos
943 1702 1135 1752 annos,
1149 1694 1203 1740 et
1215 1687 1452 1741 inimicis
1465 1686 1583 1756 ejus
1593 1684 1936 1739 Proconesus
1952 1684 1964 1736 !
1980 1702 1998 1733 ι

427 1790 715 1862 Aquilinus
741 1804 866 1845 cum
902 1790 1110 1844 caeteris
1139 1788 1273 1844 dixit
1305 1807 1318 1842 :
1356 1808 1373 1839 ‹
1407 1786 1644 1843 Decetne
1667 1802 1779 1851 vos,
1806 1785 2007 1840 omisso

429 1914 580 1955 more
608 1895 945 1960 sacerdotali,
976 1894 1172 1949 laicum
1217 1909 1515 1958 assumere,
1552 1900 1608 1947 et
1645 1891 1796 1946 laieis
1831 1891 2007 1945 excla-

429 2003 761 2061 mationibus
798 2000 915 2054 uti?
953 2019 971 2050 ι
1019 1999 1225 2053 Tamen
1267 2013 1336 2052 ne
1372 1997 1450 2051 sic
1492 1996 1710 2066 quidem
1759 1997 2007 2066 quiesce-

428 2111 578 2165 bant.
634 2105 970 2175 Theophilus
1008 2103 1144 2159 dixit
1193 2124 1203 2158 :
1248 2122 1264 2153 ι
1303 2100 1540 2171 Supplex
1579 2115 1705 2163 oro,
1739 2099 2007 2169 quomodo

430 2214 520 2270 hic
561 2228 648 2267 me
691 2211 1036 2281 deposuerit,
1080 2210 1220 2264 scire
1270 2207 1467 2270 velim,
1521 2214 1577 2261 et
1628 2220 1725 2260 cur
1762 2204 2008 2258 inimicos

429 2332 600 2382 meos,
658 2315 752 2385 qui
805 2320 934 2367 sunt
966 2312 1231 2375 haeretici,
1287 2308 1591 2365 sacerdotio
1638 2304 1947 2361 ornaverit?
1984 2323 2002 2355 ι

428 2422 678 2487 Quaestor
710 2418 846 2473 dixit
880 2434 894 2468 :
933 2436 951 2468 ι
987 2414 1337 2484 Nequaquam
1377 2413 1467 2467 hic
1499 2418 1551 2466 te
1598 2409 1881 2480 deposuit,
1915 2408 2010 2462 sed

430 2524 795 2596 apostolorum
832 2520 1096 2591 Princeps
1143 2534 1269 2574 cum
1308 2532 1506 2588 magno
1551 2516 1887 2571 Innocentio.
1934 2513 2010 2568 De

430 2631 693 2686 ordinatis
725 2638 908 2685 autem
936 2645 1033 2684 cur
1070 2626 1333 2698 quereris,
1366 2641 1491 2680 cum
1522 2633 1579 2677 tu
1614 2625 1730 2694 ipse
1761 2625 1815 2676 in
1846 2637 2005 2676 accu—

431 2740 640 2795 satione
673 2736 939 2792 verseris?
978 2753 996 2787 ι
1032 2734 1222 2790 Denuo
1262 2729 1602 2802 Theophilus
1634 2735 1783 2782 metu
1813 2727 2024 2781 obmuw

436 2845 556 2901 luit.
605 2843 809 2899 Deinde
851 2841 1038 2896 dicunt
1088 2837 1282 2894 Joanni
1320 2855 1332 2891 :
1377 2856 1395 2889 ‹
1450 2835 1615 2890 Decet
1672 2843 1724 2887 te
1782 2830 2010 2901 objectis

436 2949 765 3019 respondere
810 2961 873 3000 ac
912 2945 1304 3007 demonstrare,
1349 2956 1509 3011 quam
1547 2940 1618 2994 ob
1665 2954 1881 2994 causam
1932 2944 2013 2992 tot

437 3064 707 3122 tantaeque
757 3058 945 3105 contra
987 3047 1423 3120 gloriosissimam
1468 3044 1765 3117 Augustam
1812 3058 1875 3097 ex
1917 3058 2011 3097 ore

438 3171 533 3209 tuo
570 3153 912 3208 contumeliae
935 3150 1243 3206 sonuerint.
1281 3168 1299 3199 ι
1333 3149 1571 3203 Joannes
1617 3162 1748 3203 vero
1778 3146 1953 3216 inquit
1994 3163 2007 3198 :

446 3282 463 3314 ι
504 3262 765 3331 Equidem
798 3260 844 3314 si
881 3259 1141 3314 adversus
1186 3256 1473 3312 Dominum
1512 3270 1695 3309 meum
1734 3252 2012 3308 Christum

440 3367 579 3421 male
609 3365 808 3435 aliquid
836 3364 971 3429 dixi,
999 3363 1116 3434 ipse
1163 3370 1335 3418 semet
1379 3361 1689 3415 vindicabit.
1728 3359 1930 3414 Verum
1964 3358 2007 3412 si

439 3473 507 3527 de
536 3473 773 3536 homine,
806 3472 1184 3542 praecipueque
1213 3470 1257 3524 si
1282 3469 1347 3523 de
1369 3467 1567 3523 femina
1593 3466 1787 3537 agitur,
1814 3480 1914 3536 ego
1943 3464 2009 3519 de

443 3582 546 3636 hac
572 3596 628 3635 re
656 3580 818 3633 verba
842 3593 950 3632 non
982 3576 1193 3630 faciam.
1227 3592 1244 3624 ι
1280 3572 1733 3642 Consurgensque
1762 3583 2013 3640 egressus

440 3692 544 3747 est,
588 3683 732 3737 nulla
764 3682 906 3737 dicta
949 3678 1285 3735 defensione.
1328 3675 1612 3745 Aquilinus
1649 3679 1887 3744 quaestor
1928 3671 2013 3727 di-

445 3788 518 3841 xit
555 3806 568 3841 :
612 3806 628 3837 ‹
669 3788 779 3857 Ego
807 3799 1041 3839 canones
1071 3797 1181 3837 non
1215 3780 1354 3852 legi;
1388 3794 1486 3834 vos
1511 3778 1687 3833 videte
1719 3776 1849 3847 quid
1890 3792 2010 3847 erga

445 3896 593 3950 hunc
627 3891 891 3963 agendum
925 3889 1013 3944 sit.
1056 3907 1073 3939 ι
1114 3886 1415 3955 Statimque
1451 3889 1841 3954 consurgentes
1870 3881 2015 3952 judi-

443 4015 535 4055 ees
563 3998 827 4053 exierunt.

516 4105 606 4160 23.
636 4105 829 4159 Postea
869 4102 1175 4157 deliberans
1213 4115 1335 4154 cum
1366 4100 1478 4154 suis
1517 4098 1877 4168 Theophilus,
1903 4096 2016 4151 for-

448 4210 648 4262 mulam
678 4206 959 4263 sententite
997 4205 1299 4275 composuit
1332 4214 1584 4273 tanquam
1616 4220 1647 4257 a
1681 4203 1863 4257 multis
1898 4201 2016 4271 epi-

445 4313 623 4384 scopis
654 4313 807 4367 factte
827 4354 839 4373 ,
872 4320 926 4366 ct
956 4310 1264 4380 imperatori
1292 4310 1504 4364 obtulit.
1536 4309 1634 4362 llic
1663 4318 1844 4363 autem
1873 4308 2018 4377 judi-

447 4420 591 4475 cium
616 4420 671 4473 in
713 4419 830 4473 illos
859 4416 1111 4488 rejiciens
1141 4417 1256 4473 ait:
1295 4436 1315 4466 α
1350 4416 1549 4471 Judicii
1581 4415 1743 4469 vestri
1783 4430 1870 4468 res
1913 4422 2013 4477 est,

446 4536 606 4597 prout
639 4525 956 4586 censuistis;
990 4538 1087 4577 vos
1114 4522 1384 4577 videbitis.
1423 4540 1440 4572 ι
1470 4521 1606 4575 Tum
1636 4520 1828 4575 Joanni
1862 4521 2020 4591 signi-

449 4630 612 4684 ficant
639 4645 736 4699 per
768 4628 1083 4692 Marianum,
1115 4626 1206 4696 qui
1248 4633 1366 4680 erat
1403 4626 1545 4695 apud
1583 4624 1877 4696 Augustam
1919 4626 2018 4679 do—

448 4752 571 4790 mus
596 4735 900 4805 praefectus.
950 4742 1004 4787 et
1038 4750 1133 4804 per
1162 4734 1279 4787 illos
1319 4748 1349 4786 a
1387 4731 1595 4786 Joanne
1628 4732 1830 4801 ejectos
1858 4732 2020 4786 cleri-

449 4858 559 4905 cos,
592 4852 649 4895 ut
682 4841 747 4895 de
786 4839 1017 4895 ecclesia
1047 4838 1288 4893 decedat.
1321 4837 1391 4892 At
1426 4838 1512 4892 ille
1565 4836 1643 4892 sic
1677 4839 1953 4908 respondit
2003 4854 2017 4891 :

455 4966 475 4999 ε
512 4947 621 5017 Ego
652 4962 682 5000 a
709 4945 925 5001 Christo
958 4943 1234 4999 Salvatore
1264 4943 1559 4998 Ecclesiam
1595 4944 1807 5013 accepi,
1845 4960 2021 5014 neque

451 5063 645 5125 sponte
682 5052 902 5123 propria
936 5051 1193 5115 discedo,
1230 5050 1333 5104 nisi
1370 5065 1457 5105 me
1494 5050 1546 5104 vi
1587 5052 1899 5120 expellctis;
1963 5060 2023 5104 ut

452 5156 701 5211 videlicet
722 5155 824 5209 hac
852 5154 1073 5208 omnino
1090 5153 1403 5208 defensione
1434 5162 1573 5213 utar.
1595 5153 1736 5222 quod
1757 5169 1916 5223 quam
1941 5170 2025 5209 ec-

453 5258 671 5312 clesiam
714 5256 849 5317 mihi
886 5255 1132 5310 Christus
1161 5256 1459 5322 commisit,
1494 5272 1613 5311 eam
1651 5257 1783 5311 mihi
1830 5259 2024 5313 mulier

453 5364 671 5435 eripuit.
714 5383 731 5413 ι
767 5363 920 5417 Tunc
949 5360 1220 5414 Marianus
1246 5361 1297 5413 vi
1326 5371 1632 5431 correptum
1672 5362 1897 5416 ecclesia
1929 5378 2025 5416 ex-

456 5590 644 5652 prout"
668 5588 723 5633 et
781 5580 1045 5652 Dominus
1080 5578 1457 5652 Jesus‘coram
1511 5576 1714 5652 Caipha
1746 5594 1824 5652 ac!
1855 5578 2029 5652 Pilato

457 5650 567 5723 egit
600 5651 786 5723 (Marc.
834 5650 919 5711 M,
978 5650 1039 5723 (il
1077 5666 1088 5701 :
1131 5650 1216 5711 15,
1247 5650 1299 5717 5)
1323 5665 1336 5713 ;
1363 5650 1717 5723 nequeenim
1746 5650 2027 5723 subornati

458 5719 541 5775 vel
612 5719 753 5789 regia
789 5719 1125 5790 auctoritate
1178 5720 1425 5788 oppressi
1460 5719 1668 5788 judices
1728 5720 2027 5790 apologiam

459 5788 754 5863 ψιτηηιίβεε
782 5788 1329 5863 facileadmisissent.
1762 5788 1778 5790 -
1899 5788 1910 5790 ~
1958 5792 1965 5797 ο

533 5862 604 5930 (b)
644 5859 778 5913 Cod.
804 5858 1083 5914 τυποῦσιν.

1186 413 1275 469 DE
1311 413 1474 469 VITA
1512 412 1601 470 ET
1640 408 1917 467 EXSILIO
1959 406 2019 461 S.
2055 404 2342 468 JOANNIS
2380 412 2890 470 CHRYSOSTOMI.

3482 436 3687 483 ικινξιι

2113 528 2287 595 pulit;
2328 529 2617 601 statimque
2650 532 2768 586 loco
2803 532 2922 601 ejus
2963 532 3243 589 Arsacium
3275 535 3546 593 ordinant.
3579 538 3693 598 Nec

2112 635 2284 689 multo
2325 644 2480 706 post,
2514 647 2735 708 propter
2773 637 2975 708 injuste
3005 648 3275 710 patratum
3308 642 3572 699 adversus
3602 646 3694 716 ju-

2114 749 2257 794 stum
2290 741 2564 796 hominem
2612 744 2787 798 scelus
2809 786 2822 809 ,
2870 744 3009 815 ignis
3044 746 3183 800 cmlo
3222 745 3477 817 delapsus
3512 751 3691 808 eccle-

2114 843 2247 898 siam
2295 848 2680 913 concremavit,
2738 848 2831 903 ubi
2890 857 3046 904 antea
3106 851 3392 923 episcopus
3451 853 3692 913 Joannes

2113 951 2395 1017 manebat;
2428 962 2483 1008 et
2509 969 2633 1008 mox
2663 953 2883 1009 dilatata
2922 954 3137 1010 flamma
3167 958 3311 1014 aedes
3342 960 3540 1021 multas
3574 978 3690 1019 am-

2112 1055 2307 1111 bussit.
2337 1056 2637 1131 Statimque
2668 1061 2858 1117 civitas
2886 1059 3168 1119 Arsacium
3206 1065 3441 1136 expulit,
3477 1075 3551 1134 et,
3583 1068 3689 1124 im-

2112 1169 2361 1228 peratore
2395 1173 2691 1229 annuente,
2719 1164 2982 1227 Joannem
3030 1168 3261 1224 reduxit.
3307 1167 3561 1225 Sedenim
3591 1170 3691 1227 de-

2114 1280 2222 1318 nuo
2259 1267 2632 1336 conspirantes
2661 1284 2783 1324 cum
2824 1270 3125 1342 Theophilo
3154 1275 3396 1345 episcopi
3423 1275 3691 1343 Joannem

2113 1371 2382 1426 criminati
2428 1383 2556 1429 sunt
2586 1375 2828 1431 dicentes
2864 1395 2876 1430 :
2914 1398 2931 1430 (
2987 1378 3116 1445 Nos,
3149 1396 3183 1435 ο
3213 1369 3526 1451 imperator,
3560 1400 3691 1440 δεη-

2115 1477 2338 1531 tentiam
2380 1480 2735 1548 protulimus,
2779 1498 2940 1553 quam
2983 1486 3204 1555 exsequi
3258 1502 3481 1546 necesse
3532 1501 3617 1545 est
3673 1511 3686 1547 :

2113 1597 2346 1652 namque
2396 1593 2451 1638 et
2501 1586 2784 1641 ecclesiam
2838 1599 2959 1658 post
3008 1590 3401 1661 depositionem
3444 1596 3561 1666 ipse
3602 1597 3688 1650 in-

2112 1687 2425 1747 ﬂammavit.
2464 1708 2481 1740 ι
2514 1690 2937 1748 Concitaverunt
2958 1696 3137 1765 itaque
3164 1697 3489 1769 Augustum,
3519 1703 3687 1756 multa

2112 1810 2325 1865 quoque
2385 1796 2485 1851 alia
2538 1808 2727 1853 contra
2778 1798 3041 1855 Joannem
3090 1804 3462 1873 obloquentes.
3508 1806 3689 1873 Quare

2112 1898 2385 1972 Augustus
2413 1903 2583 1959 dixit:
2632 1924 2653 1956 ‹
2688 1906 2799 1977 Ego
2830 1907 3020 1977 judicii
3052 1910 3213 1980 hujus
3242 1909 3500 1968 immunis
3530 1929 3687 1979 sum;

2114 2022 2211 2061 vos
2236 2008 2515 2074 videbitis;
2538 2009 2802 2080 judicium
2831 2021 3068 2068 vestrum
3097 2023 3181 2069 est
3213 2034 3226 2070 :
3254 2016 3519 2085 judicium
3544 2022 3689 2090 quod

2115 2110 2181 2164 de
2216 2125 2281 2163 eo
2306 2109 2514 2177 feretis,
2541 2111 2595 2165 in
2623 2113 2797 2182 capita
2827 2123 3001 2168 vestra
3033 2115 3176 2171 Deus
3204 2127 3503 2176 convertet.
3547 2140 3566 2171 ι
3601 2121 3689 2176 Si-

2115 2209 2388 2279 gnificavit
2424 2221 2606 2267 autem
2647 2213 2842 2269 Joanni
2889 2216 3183 2286 imperator
3220 2220 3301 2276 sic
3355 2238 3368 2280 :
3427 2242 3446 2274 ‹
3503 2222 3690 2279 Coetus

2115 2316 2381 2370 dictorum
2411 2319 2751 2373 sacerdotum
2778 2321 3041 2390 judicium
3070 2323 3139 2378 de
3169 2332 3222 2378 te
3255 2325 3422 2381 latum
3447 2327 3503 2381 in
3528 2339 3692 2399 caput

2117 2436 2274 2475 suum
2305 2421 2596 2492 sponsione
2617 2434 2961 2494 receperunt.
2992 2426 3133 2497 Ergo
3153 2442 3241 2483 res
3274 2436 3394 2483 tuas
3415 2429 3527 2486 Deo
3549 2447 3691 2488 com-

2116 2527 2397 2592 mendans,
2431 2528 2500 2583 de
2527 2530 2757 2584 ecclesia
2784 2530 3083 2603 digredere.
3125 2551 3146 2584 ›

2138 2630 2274 2686 ’24.
2333 2633 2436 2688 Per
2489 2648 2583 2688 eos
2636 2633 2754 2689 dies
2810 2650 3037 2707 magnus
3091 2652 3306 2707 quoque
3355 2638 3693 2710 Epiphanius

2117 2739 2451 2795 Constantia:
2467 2740 2676 2812 Cypriae
2697 2741 2985 2811 episcopus
3011 2741 3477 2815 Constantinopoli
3502 2762 3691 2802 versa-

2118 2848 2277 2902 batur
2305 2866 2316 2899 :
2351 2862 2516 2917 quem
2546 2847 2615 2901 ad
2642 2862 2701 2901 se
2732 2856 2982 2901 vocatum
3003 2848 3245 2902 Eudoxia
3274 2850 3351 2903 sic
3373 2849 3536 2906 ail'ata
3560 2863 3645 2907 est
3671 2870 3688 2906 :

2125 2971 2142 3004 ‹
2179 2952 2339 3005 Pater
2370 2950 2669 3004 reverende
2688 2989 2702 3013 ,
2733 2948 2971 3005 Joannes
3000 2951 3289 3007 harreticus
3329 2962 3443 3020 est,
3477 2956 3692 3010 cuncti-

2118 3073 2223 3127 que
2252 3055 2440 3111 exsilio
2459 3058 2579 3127 ejus
2604 3056 2981 3122 subscribunt;
3015 3057 3207 3128 agesis,
3237 3068 3295 3112 tu
3320 3074 3534 3129 quoque
3565 3061 3693 3116 sub-

2120 3163 2312 3218 scribe.
2347 3181 2364 3213 ι
2394 3162 2486 3217 Ille
2508 3161 2583 3215 ait
2611 3181 2623 3215 :
2659 3180 2678 3212 ς
2709 3159 2766 3215 Si
2795 3160 3033 3216 Joannes
3054 3171 3138 3217 est
3162 3162 3468 3231 haereticus,
3496 3165 3694 3236 dignus

2119 3273 2308 3327 exsilio
2333 3278 2447 3337 est;
2479 3271 2563 3325 sin
2593 3286 2723 3324 vero
2752 3284 2927 3330 secus.
2960 3270 3054 3326 sed
3085 3271 3155 3326 ob
3182 3271 3424 3327 convicia
3454 3272 3505 3326 in
3541 3282 3691 3328 tuam

2120 3378 2459 3448 majestatem
2509 3377 2651 3431 dicta
2711 3375 3022 3430 decernitur
3072 3375 3356 3443 exsilium,
3412 3376 3692 3447 ignoscere

2119 3488 2352 3550 oportet,
2396 3479 2834 3549 quandoquidem
2870 3492 2967 3532 vos
2997 3468 3223 3547 iquoque
3267 3477 3528 3532 adversus
3578 3492 3692 3533 caa-

2120 3585 2309 3639 lestem
2348 3597 2531 3654 regem
2570 3582 2850 3651 peccastis.
2891 3598 2907 3631 ›
2955 3581 3047 3634 Illa
3077 3588 3258 3634 autem
3294 3580 3471 3637 dixit:
3518 3600 3538 3632 ‹
3575 3580 3691 3635 Nisi

2122 3687 2254 3741 mihi
2284 3684 2761 3757 obtemperaveris,
2790 3693 2846 3740 et
2870 3673 3023 3754 atque
3052 3700 3114 3739 ac
3143 3685 3324 3739 caeteri
3353 3685 3691 3753 subscripse-

2123 3790 2216 3855 ris,
2251 3805 2352 3860 ego
2384 3788 2637 3844 ecclesias
2669 3788 2968 3851 occludam,
3007 3798 3061 3842 et
3089 3788 3352 3843 idolorum
3381 3787 3575 3859 templa
3606 3804 3692 3843 τες

2123 3893 2348 3956 serabo,
2386 3901 2444 3946 ut
2484 3892 2557 3946 ibi
2598 3907 2788 3947 omnes
2821 3892 3065 3946 adorent.
3117 3910 3135 3942 ι
3191 3890 3495 3961 Respondit
3536 3891 3627 3947 ille
3675 3908 3691 3948 :

2131 4017 2148 4048 ι
2193 3997 2247 4051 Si
2272 3996 2398 4067 quid
2428 3998 2621 4050 animae
2654 4005 2759 4050 tuae
2782 3995 3122 4065 profuturum
3150 3994 3312 4054 nosti,
3343 3994 3407 4061 id~
3426 4010 3523 4067 age
3554 4010 3569 4047 :
3596 3996 3693 4050 sed

2124 4108 2290 4163 certe,
2328 4100 2428 4154 etsi
2458 4115 2647 4154 omnes
2677 4100 3036 4164 subscribant,
3070 4098 3408 4170 Epiphanius
3430 4114 3543 4154 non
3572 4099 3696 4155 sub-

2126 4205 2344 4260 scribet.
2386 4222 2404 4255 »
2438 4204 2661 4259 Interim
2700 4204 3006 4259 nuntiatum
3037 4213 3119 4259 est
3157 4203 3353 4259 Joanni
3394 4203 3539 4274 quod
3567 4203 3695 4275 Epi-

2125 4309 2357 4381 phanius
2390 4309 2828 4379 subscripsisset;
2867 4308 2959 4378 qui
3001 4309 3128 4363 huic
3170 4309 3245 4362 ita
3285 4306 3697 4379 signiﬁcandum

2126 4416 2334 4471 curavit
2380 4436 2393 4469 :
2442 4435 2460 4467 ‹
2510 4415 2795 4485 Epiphani,
2827 4428 2884 4479 tu
2914 4429 3128 4485 quoque
3175 4414 3364 4469 exsilio
3395 4430 3518 4470 meo
3563 4414 3697 4470 sub-

2129 4521 2423 4592 scripsisti?
2454 4519 2600 4575 Scito
2626 4520 2787 4590 igitur
2809 4561 2822 4585 ,
2853 4528 2905 4574 te
2934 4519 2988 4573 in
3023 4519 3150 4574 sede
3182 4528 3275 4573 tua
3314 4518 3545 4589 amplius
3586 4534 3697 4575 non

3402 4646 3420 4677 «
3479 4626 3699 4682 Athleta

2129 4733 2329 4788 Christi
2372 4732 2599 4797 Joanne,
2635 4732 2831 4786 luctam
2872 4740 3055 4802 patere
3100 4739 3156 4786 et
3197 4732 3355 4786 vince
3398 4750 3410 4785 :
3464 4747 3699 4803 namque

2129 4838 2195 4892 ad
2236 4837 2414 4892 locum
2465 4836 2562 4891 tibi
2611 4836 2799 4891 exsilio
2846 4846 2940 4891 tuo
2988 4836 3317 4891 destinatum
3360 4852 3469 4892 non
3510 4852 3701 4908 perve-

2130 4941 2263 4996 nies.
2322 4960 2341 4991 ›
2377 4941 2839 5007 Quemadmodum
2883 4949 3063 4997 autem
3115 4942 3183 4996 ab
3224 4952 3453 5013 utroque
3494 4944 3699 5012 dictum

2132 5048 2249 5113 fuit,
2284 5048 2355 5102 ita
2383 5027 2727 5102 adamussim.
2741 5047 2941 5103 evenit.

2129 4644 2423 4685 sessurum.
2470 4646 2488 4678 ι
2525 4626 2825 4697 Respondit
2853 4626 2903 4681 ei
2947 4626 3284 4697 Epiphanius
3332 4644 3343 4679 :

2200 5155 2289 5209 9.5.
2331 5154 2482 5208 Tunc
2515 5153 2752 5208 Joannes
2806 5152 3113 5208 valedicens
3148 5154 3360 5217 cunctis
3398 5154 3478 5221 sui
3514 5172 3701 5209 aman-

2134 5256 2278 5313 tibus
2305 5258 2573 5328 episcopis
2592 5299 2607 5323 ,
2644 5267 2700 5311 et
2722 5258 3048 5329 presbyteris
3073 5273 3196 5312 cum
3227 5258 3471 5321 diaconis
3506 5269 3560 5313 et
3584 5276 3702 5313 mo-

2133 5365 2324 5419 nachis
2349 5373 2509 5433 atque
2537 5363 2870 5427 diaconissis,
2902 5363 3195 5417 adhortans
3222 5374 3280 5423 ut
3301 5364 3561 5419 doctrina:
3590 5384 3620 5420 a
3646 5383 3703 5420 sc

2211 5578 2280 5667 (ς)
2320 5580 3133 5667 ὶᾼῇηρηγςειὶυεᾼρίοετερὴιυειρέ
3168 5582 3293 5667 ρξι,
3319 5581 3435 5667 ’ἰίιιξ
3482 5596 3705 5667 expres-

2139 5648 2300 5722 sius:
2320 5648 2460 5717 Ἐγὼ
2479 5648 2814 5722 άύβαιρέτωξ
2841 5648 3010 5721 αὐτὴν
3035 5648 3435 5722 (Ἐκκλησίαν)
3465 5653 3526 5705 οὐ
3554 5648 3707 5705 Euva-

2137 5720 2249 5791 τῶς
2274 5719 2384 5791 Exeo
2411 5719 2745 5774 καταλιπεῖν.

2213 5789 2590 5865 (ξι)“⁷(ξοὰ.]]ἰο
2617 5798 2671 5845 et
2705 5792 2847 5865 infra
2872 5794 3191 5865 Νεκτάριᾳν.
3361 5791 3710 5865 scribendum

2140 5860 2305 5923 fuisse
2332 5861 2604 5917 Arsaéium
2630 5876 2728 5935 pro
2753 5862 3016 5932 Nectario,
3058 5860 3177 5941 quis
3217 5863 3464 5928 dubitet?
