4114 6392
421 342 590 386 ιιιιι

422 439 588 497 αὐτοῦ
640 437 912 512 ὑπηκόους
968 436 1239 508 γενέσθαι,
1298 435 1521 510 ἐξῆλθεν
1564 439 1664 509 τῆς
1702 435 1994 507 ἐκκλησίας

421 546 516 598 καὶ
543 540 638 596 τοῦ
659 540 1007 596 ἐπισκοπείου
1032 542 1098 612 τῇ
1126 540 1285 614 τρίτῃ
1309 537 1600 614 ἠμέρᾳτῆς
1627 539 1995 601 Ἀναστάσεως

419 644 515 697 τοῦ
545 642 770 712 Κυρίου.
808 642 1057 712 Ἐγένετο
1089 640 1146 695 δὲ
1189 645 1255 714 τῇ
1294 642 1479 714 ἡμέρᾳ
1506 640 1691 713 ἐκείνῃ
1719 638 1995 710 κλαυθμὸς

406 732 596 816 ’μέγας
634 746 715 809 εἰς
744 744 872 808 τοὺς
897 744 1209 815 ἀγαπητούς
1257 742 1351 799 τοῦ
1385 744 1652 811 Ἰωάννου,
1682 743 1997 814 ἀσπαζομέ-

419 865 527 901 νων
584 845 745 901 αὐτὸν
802 845 1331 917 καταλιμπανόμενοι
1376 846 1468 900 ὑπ’
1526 845 1713 911 αὐτοῦ,
1768 844 1844 909 ὡς
1892 844 1992 916 ήδη

422 955 668 1028 πρόϐατα
708 953 813 1008 ὑπὸ
848 952 943 1008 τοῦ
979 953 1108 1008 ίδίου
1140 952 1398 1024 ποιμένος
1421 952 1519 1025 (a).
1563 954 1623 1007 '0
1645 953 1701 1007 δὲ
1729 951 1856 1014 λαὸς
1894 954 1995 1023 τῆς

420 1056 629 1118 πόλεως
676 1055 776 1109 οὐκ
813 1053 954 1125 ἔγνω
984 1053 1102 1117 πῶς
1138 1052 1380 1125 ἐξῆλθεψ
1411 1056 1459 1107 εί
1500 1052 1609 1124 γὰρ
1638 1052 1990 1122 ἐγνώκεισαν,

423 1156 671 1230 αἱμάτων
712 1154 932 1226 ἔκχυσις
966 1150 1034 1226 ἦν
1063 1155 1335 1226 γεναμένη
1370 1153 1679 1226 ἀναμεταξύ
1717 1152 1825 1207 τῶν
1847 1152 1995 1207 πολι-

418 1262 530 1316 τῶν
559 1262 654 1315 καὶ
683 1259 778 1314 τοῦ
803 1257 1056 1332 στρατοῦ.
1096 1259 1208 1313 Kal
1248 1257 1338 1312 διά
1363 1257 1520 1311 τοῦτο
1551 1259 1580 1310 6
1621 1257 1872 1326 Ἰωάννης
1906 1254 1997 1309 λάε

420 1364 526 1437 θρα
574 1360 669 1416 τοῦ
698 1360 828 1415 λαοῦ
866 1358 1111 1432 ἐξῆλθεν.
1159 1338 1294 1413 Τότε
1335 1357 1567 1412 διδοῦσιν
1597 1354 1746 1426 αὐτῷ
1771 1354 1993 1426 Θρᾷκάς

417 1479 571 1527 τινας
599 1461 835 1525 ἀναιδεῖς
864 1459 1291 1528 κατεπείγοντας
1312 1457 1459 1529 αὐτῷ
1482 1458 1611 1529 περὶ⁹
1635 1456 1733 1527 τὴν
1754 1456 1988 1528 ἐξορίαν’

418 1565 513 1618 καὶ
559 1562 789 1636 ἤρξαντο
842 1565 907 1616 ἐκ
953 1562 1120 1616 τόπου
1170 1562 1251 1623 είς
1293 1559 1457 1614 τόπον
1493 1560 1776 1631 ἐπιφέρειν
1804 1558 1990 1614 αὐτόν.

418 1664 530 1719 Kal
562 1663 843 1736 μέλλοντος
870 1661 1034 1718 αὐτοῦ
1060 1662 1344 1717 ἐπιστάναι
1365 1663 1430 1733 τῇ
1460 1660 1728 1734 λεγομένῃ
1758 1661 1995 1714 Κουκου-

419 1767 518 1839 σῷ,
537 1765 780 1838 φαίνεται
796 1764 944 1838 αὐτῷ
968 1766 1087 1821 κατ’
1116 1766 1247 1837 ὄναρ
1264 1766 1293 1818 6
1314 1763 1468 1831 ἀγιος
1494 1760 1814 1827 Βασιλίσκος
1832 1764 1860 1816 6
1876 1762 1992 1816 ἐπί-

420 1884 621 1930 σκοπος
648 1867 742 1922 καὶ
769 1867 998 1939 μάρτυς,
1030 1867 1221 1936 λέγων’
1259 1885 1277 1918 ι
1322 1863 1543 1933 ’Δδελφέ
1580 1864 1822 1934 Ἰωάννη,
1855 1863 1991 1934 θάρ-

420 1983 525 2023 σει·
562 1968 681 2041 μεθ’
707 1969 865 2041 ἡμῶν
886 1967 996 2040 γάρ
1017 1968 1117 2042 ἔσῃ
1144 1966 1655 2036 συναναπαυόμενος
1686 1967 1744 2019 ἐν
1767 1967 1834 2037 τῇ
1865 1964 1992 2038 θίϐῃ

416 2067 551 2122 ὅπου
581 2071 720 2123 εἰσὶν
753 2068 819 2123 τὰ
852 2068 1080 2138 λείψανα
1113 2068 1247 2139 ἐμοῦ
1276 2083 1335 2121 τε
1365 2066 1457 2120 καὶ
1486 2064 1661 2119 ἄλλων
1694 2064 1991 2138 μαρτύρων

421 2172 745 2244 Εὐτροπίου,
788 2170 1064 2239 Ῥουφίνου
1091 2169 1184 2223 καὶ
1219 2164 1544 2222 Κολλουθοῦ.
1583 2185 1601 2216 ι
1648 2165 1881 2235 Ὁμοίως
1932 2167 1991 2220 δὲ

424 2274 521 2328 καὶ
538 2273 616 2344 τῷ
637 2270 1094 2344 παραμοναρίῳή
1135 2271 1271 2341 αὐτὴ
1308 2270 1560 2324 ὀπτασία·
1606 2288 1625 2322 ι
1666 2273 1725 2325 'U
1764 2269 1991 2338 ἁδελφός

433 2376 684 2447 Ἰωάννης
730 2372 964 2427 ἐνταῦθα
1013 2373 1460 2446 παραγενάμενος
1491 2375 1670 2447 μέλλει
1708 2375 1845 2447 πρὸς
1873 2373 1992 2427 K6-

424 2493 536 2548 ριον
579 2477 857 2546 ἐκδημεῖν·
907 2474 1044 2528 ἀλλὰ
1087 2475 1184 2527 σὺν
1229 2476 1359 2546 ήμῖν
1409 2475 1470 2529 τὸ
1520 2475 1767 2546 λείψανον
1826 2472 1991 2529 αὐτοῦ

418 2576 714 2631 ἀποθέσθαι
743 2576 986 2648 θέλησον.
1024 2595 1041 2626 ι
1072 2578 1181 2630 Καὶ
1204 2572 1367 2647 ἦλθον
1392 2578 1473 2640 είς
1494 2577 1584 2630 τὸν
1602 2578 1766 2631 τόπον
1788 2576 1915 2630 ἔνθα
1941 2575 1993 2628 οἱ

419 2676 564 2748 ἀγιοι
606 2677 921 2732 κατέκειντο
953 2677 1244 2748 μάρτυρες
1279 2679 1372 2731 καὶ
1408 2678 1714 2751 παρακαλεῖ
1741 2679 1867 2742 τοὺς
1896 2681 1993 2733 ἀν-

421 2779 671 2852 θρώπους
725 2776 965 2832 ἐνδοῦναι
1005 2778 1151 2849 αὐτῷ
1199 2778 1304 2844 ἕως
1344 2780 1492 2851 ὥρας
1523 2779 1801 2851 πέμπτης·
1843 2781 1938 2835 καὶ
1965 2783 1994 2834 6

423 2881 524 2953 μὲν
552 2875 632 2945 εἷς
658 2879 951 2952 ἠϐουλήθη,
991 2882 1019 2936 6
1056 2881 1114 2935 δὲ
1152 2881 1339 2954 ἕτερος
1373 2883 1464 2937 τὸν
1496 2883 1596 2955 τῆς
1623 2883 1995 2954 άσπλαγχνίας

420 2982 559 3054 ἔχων
593 2979 852 3052 λογισμὸν
892 2982 987 3035 καὶ
1026 2982 1225 3054 τρόπον
1251 2985 1350 3037 οὐκ
1371 2983 1672 3056 ⁴ἠϐουλήθη.
1700 2986 1810 3039 Kal
1846 2985 1996 3038 ὁδευ-

423 3085 629 3140 σάντων
654 3084 833 3138 αὐτῶν
856 3084 960 3149 ἕως
984 3085 1151 3139 τόπου
1174 3086 1336 3151 τινὸς,
1363 3087 1579 3156 ἐγένετο
1614 3088 1767 3151 ὑετὸς
1804 3088 1993 3152 πολὺς,

422 3186 517 3240 καὶ
575 3186 675 3239 οὐκ
729 3184 1072 3264 ἠδυνήθησαν
1136 3185 1425 3258 προϐῆναι,
1480 3186 1596 3241 ἀλλ’
1647 3185 1996 3258 ὑπέστρεψαν

421 3287 645 3349 ἄκοντες
689 3283 817 3340 ἔνθα
860 3286 911 3338 οί
943 3284 1087 3355 ἅγιοι
1122 3281 1262 3357 ἦσαν
1295 3287 1595 3358 μάρτυρες.
1629 3288 1740 3341 Καὶ
1776 3287 1936 3353 εὐθὺς
1966 3288 1997 3340 6

432 3389 686 3460 Ἰωάννης
748 3388 926 3444 λαϐὼν
973 3389 1042 3445 τά
1101 3389 1292 3461 ἱμάτια
1354 3388 1519 3443 αὐτοῦ
1562 3388 1631 3442 τὰ
1691 3388 1792 3458 τῆς
1835 3389 1996 3456 ἁγίας

419 3492 781 3564 λειτουργίας,
806 3480 1110 3555 ἐνεδύσατο,
1126 3489 1216 3545 καὶ
1236 3490 1358 3554 δοὺς
1377 3491 1457 3554 είς
1487 3489 1732 3559 εὐλογίαν
1754 3490 1791 3545 ἃ.
1811 3491 1996 3561 ἐφόρει

420 3596 536 3659 τοῖς
575 3591 726 3648 οὖσιν
762 3594 877 3664 μετ’
904 3592 1090 3656 αὐτοῦ,
1121 3592 1215 3646 καὶ
1241 3592 1629 3662 ἀσπασάμενος
1663 3592 1880 3656 αὐτοὺς,
1918 3586 1997 3644 εἷ-

423 3712 526 3753 πεν
572 3696 663 3751 τὸν
706 3697 793 3751 ἀεὶ
818 3695 946 3767 παρ’
974 3692 1137 3749 αὐτοῦ
1173 3693 1463 3762 λεγόμενον
1487 3693 1663 3763 λόγον’
1700 3714 1718 3746 ι
1756 3692 1893 3758 Δόξα
1918 3693 1996 3765 τῷ

422 3796 543 3868 Θεῷ
570 3797 784 3852 πάντων
808 3795 1010 3849 ἕνεκεν.
1044 3813 1061 3845 ι
1093 3793 1203 3847 Kal
1231 3794 1521 3859 ἀνακλίνας
1544 3794 1755 3859 ἐαυτὸν,
1792 3795 1996 3849 ἀπέδω-

424 3913 519 3952 κεν
548 3895 610 3950 τὸ
639 3894 854 3966 πνεῦμα
898 3893 1119 3966 Χριστῷ
1160 3893 1237 3964 τῷ
1266 3892 1382 3964 Θεῷ
1414 3892 1570 3964 ἡμῶν
1612 3893 1709 3965 (b),
1736 3892 1997 3958 συνταξά-

426 4014 586 4067 μενος
635 3997 729 4049 καὶ
778 3997 890 4060 τοῖς
944 3994 1137 4063 ἁγίοις,
1190 3996 1285 4048 καὶ
1333 3993 1593 4047 θάπτεται
1655 3995 1752 4047 σὺν
1812 3994 1996 4058 αὐτοῖς

423 4098 560 4168 αὐτῇ
588 4099 655 4167 τῇ
683 4095 885 4168 ἡμέρᾳ,
920 4093 1087 4148 πολλά
1116 4092 1504 4165 κακοπαθήσας
1542 4093 1693 4164 παρά
1716 4093 1823 4147 τῶν
1845 4095 1995 4147 ἀναι-

421 4197 528 4252 δῶν
561 4195 862 4269 ἀνθρώπων
902 4195 1147 4250 ἐκείνων.
1176 4192 1363 4258 Οὖτως
1401 4193 1511 4266 γὰρ
1547 4190 1616 4263 ἦν
1649 4194 1995 4264 ἀπαγγελθέν

423 4299 606 4363 αὐτοῖς
658 4301 771 4362 τοῖς
812 4296 1188 4370 στρατιώταις,
1231 4296 1312 4361 τὸ,
1361 4297 1409 4350 εί
1446 4297 1877 4368 κακοθανατήσει
1931 4299 1996 4350 ἐκ

422 4401 522 4472 τῆς
580 4398 723 4469 ἄγαν
785 4397 1156 4463 κακοπαθείας
1182 4438 1198 4465 ,
1265 4398 1476 4451 πολλῶν
1527 4398 1750 4470 δωρεῶν
1810 4402 1995 4469 τυχεῖν

424 4499 640 4565 αὐτούς.

498 4635 608 4694 σις’.
660 4627 771 4682 Kal
810 4626 875 4697 δή
921 4642 1065 4690 τινες
1110 4625 1218 4679 τῶν
1262 4624 1501 4681 Ἰωάννου
1547 4628 1886 4683 ἀπελθόντων
1939 4630 2002 4683 ἐν

436 4728 645 4801 Ῥώμῃ,
707 4726 1049 4799 ἀπήγγειλαν
1100 4726 1277 4780 πάντα
1323 4727 1649 4800 Ἰννοκεντίῳ
1694 4728 1772 4799 τῷ
1815 4730 1992 4802 πάπᾳο

426 4830 522 4884 καὶ
547 4828 805 4901 πλησθεὶς
831 4827 1002 4899 θυμοῦ
1030 4828 1096 4881 δι’
1131 4828 1405 4899 Ἰωάννην,
1435 4830 1529 4882 καὶ
1553 4810 1900 4902 τὴνένέδραν
1931 4832 1998 4902 ἤν

426 4928 738 4999 ὑπέστησαν
763 4930 812 4982 οί
835 4926 998 4982 αὐτοῦ
1029 4928 1413 5000 τοποτηρηταὶ,
1446 4927 1605 4992 εὐθὺς
1629 4928 1719 4982 τὸν
1745 4927 1997 5002 Ὀνὼριον

426 5028 647 5101 χωρίζει
682 5028 857 5100 μῆνας
890 5029 1038 5100 τρεῖς
1080 5027 1189 5081 τῶν
1227 5026 1386 5080 θείων
1418 5029 1755 5100 μυστηρίων.
1781 5030 1997 5101 Πέμπει

426 5128 484 5181 δὲ
534 5127 800 5200 Ἀρκαδίῳ
827 5129 921 5181 καὶ
952 5126 1179 5199 Εὐδοξίᾳ
1208 5127 1511 5199 ἀφορισμὸν
1547 5129 1879 5200 σημαίνοντα
1907 5130 1999 5183 οὓ-

425 5232 554 5291 τως·
584 5248 603 5279 ι
635 5227 900 5300 Ἀρκαδίῳ
930 5229 1022 5281 καὶ
1055 5228 1282 5301 Εὐδοξίᾳ
1319 5230 1680 5297 Ἰννοκέντιος·
1708 5233 1863 5305 Φωνὴ
1913 5235 2000 5287 αἴ-

433 5344 602 5398 ματος
642 5327 884 5383 Ἰωάννου
911 5328 1005 5381 τοῦ
1035 5329 1263 5397 ἀδελφοῦ
1301 5349 1402 5401 μου
1434 5330 1533 5404 βοᾷ
1563 5333 1697 5404 πρὸς
1727 5334 1817 5388 τὸν
1842 5334 1994 5401 Θεὸν,

429 5427 525 5481 καὶ
547 5429 761 5493 πάντως
786 5428 847 5482 τὸ
869 5424 1006 5500 αἷμα
1033 5431 1196 5485 αὐτοῦ
1226 5434 1536 5490 ἐκδικεῖται.
1576 5437 1687 5490 Kal
1724 5438 1884 5508 ἡμεῖς
1907 5434 1999 5493 οῦν

428 5531 492 5584 τὸ
518 5534 647 5605 παρ’
675 5535 885 5598 ἑαυτοῖς
909 5535 1268 5602 ἐκδικοῦντες,
1313 5540 1547 5611 οὐρανίῳ
1587 5542 1878 5612 ἀποφάσει,
1914 5546 2000 5599 λό-

506 5678 580 5763 (ιι)
626 5678 862 5763 (ἶρηίει,
891 5683 1934 5763 sihp!ap_et,‘_f5agmcntumrhistoricum
1967 5713 1999 5751 a

428 5750 592 5813 nobis
622 5751 825 5808 editum
851 5754 904 5808 in
935 5750 1198 5827 δίιίείιεσίί
1228 5750 1378 5813 Βοῖιι.
1409 5769 1556 5815 ῑοηιο
1581 5762 1647 5826 II,
1675 5765 1908 5833 append.
1939 5783 1992 5837 ιι.

1578 318 1932 378 ΤΗΕοῡοιιι
1970 315 2499 377 TRIMITHUNTINI

3531 335 3674 376 ιιιι

2100 454 2180 509 γῳ
2208 438 2345 493 Θεοῦ
2377 438 2734 511 δεσμούμενοι
2780 441 2830 495 οἱ
2870 440 3037 512 ἄμφω
3068 440 3246 512 ἀλύτῳ
3269 438 3472 510 δεσμῷ,
3509 439 3575 493 σύ
3611 456 3676 494 τε

2096 539 2191 592 καὶ
2216 538 2465 604 Δαλιδάς,
2493 540 2527 610 ή
2552 538 2692 593 κατά
2719 541 2915 611 μικρὸν
2942 539 3019 612 τῷ
3045 538 3191 611 ξυρῷ
3221 540 3321 611 τῆς
3347 537 3555 609 πλάνης
3586 535 3676 603 ξυ-

2098 635 2299 706 ρίσασά
2341 653 2423 701 σε,
2461 636 2565 702 ἔξω
2617 636 2743 691 ἔστε
2787 637 2969 706 πάσης
3016 634 3422 707 προσελεύσεως
3466 652 3676 707 μυστη-

2099 733 2249 803 ρίων,
2296 735 2360 788 σὺ
2413 734 2586 804 μῆνας
2627 733 2706 799 ἒξ,
2751 734 2979 805 κάκείνη
3025 733 3172 805 διετῆ
3217 732 3426 802 χρόνον·
3477 731 3678 795 εἰδότες

2093 831 2272 896 τοῦτο,
2312 830 2387 895 ὡς
2425 832 2475 885 εί
2523 830 2962 903 παραλογίσησθε
3003 830 3103 903 τὴν
3142 830 3203 895 ἐξ
3228 828 3475 901 οὐρανῶν
3503 844 3676 881 κατα-

2096 928 2440 1000 πεμφθεῖσαν
2489 928 2620 1000 παρ’
2646 927 2805 999 ἡμῶν
2833 926 3128 997 ἀπόφασιν,
3167 926 3201 997 ἢ
3249 925 3314 996 δὴ
3358 922 3677 997 προσελθεῖν

2095 1026 2281 1098 δόξητε
2321 1029 2432 1090 τοῖς
2492 1024 2656 1088 θείοις
2706 1024 3047 1095 μυστηρίοις,
3088 1023 3170 1087 εἰς
3211 1021 3457 1093 ἄνθρακα
3502 1018 3676 1091 πυρὸς

2099 1121 2503 1195 μεταϐληθέντα
2551 1120 2620 1174 τά
2670 1119 2816 1173 ἔνδον
2857 1118 3011 1190 ὐμῶν
3053 1116 3452 1187 καταφάγεται.
3498 1114 3608 1168 Kal
3644 1113 3676 1167 6

2094 1214 2308 1286 τολμῶν
2335 1214 2391 1268 δὲ
2418 1214 2712 1268 ἐπιδιδόναι
2746 1214 2876 1283 ὑμῖν
2914 1213 3021 1265 εἴτε
3049 1210 3364 1273 ἐπίσκοπος,
3393 1207 3505 1262 εἴτε
3537 1223 3674 1280 πρε-

2097 1308 2373 1380 σϐύτερος,
2406 1310 2455 1362 εί
2489 1309 2626 1372 ὅλως
2662 1307 2905 1378 τολμήσῃ
2930 1322 3016 1369 τις
3052 1304 3400 1377 ἐπιχειρῆσαι
3426 1302 3524 1374 τὴν
3551 1301 3673 1355 θεό-

2095 1402 2185 1456 θεν
2205 1400 2298 1457 τοῦ
2317 1401 2613 1455 ἀποστόλου
2636 1400 2844 1471 Πέτρου
2860 1398 3200 1471 κυρωθεῖσαν
3226 1397 3407 1468 ψῆφον
3430 1396 3492 1464 (f.
3515 1396 3671 1466 75a.)

2095 1493 2567 1567 παρακούσασθαι,
2602 1493 2697 1547 xal
2722 1492 2860 1556 ὅλως
2897 1489 3171 1562 ἁγιασμοῦ
3217 1507 3360 1553 τινος
3399 1487 3538 1553 δόξει
3585 1504 3675 1559 με·

2092 1585 2357 1639 ταδιδόναι
2380 1585 2529 1656 ὑμῖν,
2562 1583 2660 1638 καὶ
2686 1584 2784 1654 τῆς
2804 1583 3058 1654 οὐρανίου
3084 1581 3306 1653 χάριτος
3331 1580 3426 1634 καὶ
3450 1581 3548 1651 τῆς
3577 1579 3673 1632 ἐπὶ

2094 1678 2197 1749 γῆς
2246 1676 2404 1740 ἀξίας
2452 1676 2816 1748 ἐστερημένος
2858 1674 3030 1729 ἔσται.
3063 1672 3448 1745 Καθαιροῦμαι
3477 1673 3535 1725 δὲ
3577 1672 3674 1724 acal

2091 1768 2186 1822 τὸν
2220 1768 2405 1839 μοιχὸν
2440 1768 2510 1836 (c)
2549 1767 2854 1839 Ἀρσάκιον·
2890 1767 2984 1819 καὶ
3009 1765 3209 1829 πάντες
3235 1765 3283 1818 οἱ
3309 1763 3672 1834 κοινωνήσαν-

2092 1874 2182 1921 τες
2211 1856 2380 1928 αὐτῷ,
2412 1858 2509 1910 σὺν
2552 1855 2701 1926 αὐτῷ
2732 1854 3245 1926 κατακριθήσονται·
3293 1853 3674 1927 προστιθέντες

2091 1951 2160 2020 τῇ
2189 1946 2504 2019 καθαιρέσει
2528 1946 2787 2016 Θεοφίλου
2821 1949 2969 2019 τρεῖς
2997 1946 3298 2017 ἐπιτιμίας,
3344 1945 3673 2017 ἀφορισμὸν,

2092 2040 2190 2094 καὶ
2237 2039 2701 2110 ἀναθεματισμὸν,
2752 2040 2848 2094 καὶ
2892 2038 3107 2092 τελείαν
3161 2038 3512 2110 ἀλλοτρίωσιν
3575 2036 3674 2091 τοῦ

2093 2132 2373 2187 καλεῖσθαι
2396 2132 2743 2204 Χριστιανόν.
2769 2151 2788 2183 ι

2163 2226 2265 2290 κζ’.
2305 2224 2582 2296 Ἐγραψεν
2623 2224 2795 2279 δὲκαὶ
2834 2222 3092 2295 Ὀνώριος
3131 2221 3211 2294 τῷ
3251 2221 3465 2291 ἀδελφῷ
3505 2217 3675 2275 αὐτοῦ

2105 2314 2374 2387 Ἀρκαδίῳ
2400 2313 2609 2368 ταῦτα’
2643 2332 2663 2366 ι
2705 2312 2973 2386 Ἀρκαδίῳ
3013 2312 3267 2383 ἡμετέρῳ
3312 2310 3525 2381 ἀδελφῷ
3576 2310 3676 2364 καὶ

2095 2409 2419 2479 συμϐασιλεῖ
2450 2407 2705 2481 Ὀνώριος
2732 2408 2962 2480 χαίρειν’
2988 2392 3103 2461 ὒύκ
3127 2403 3242 2463 οἴδα
3269 2407 3399 2460 ποία
3423 2407 3674 2479 ἐνέργεια

2093 2501 2442 2573 ἀντικειμένη
2477 2501 2778 2572 ἐπλάνησέν
2814 2517 2874 2553 σε
2910 2500 3130 2568 γυναικὶ
3167 2498 3521 2572 θαρῤήσαντα
3551 2498 3671 2551 δια-

2095 2591 2406 2665 πράξασθαι
2445 2592 2612 2648 κακά,
2644 2591 2755 2646 Kal
2794 2591 2995 2655 πάντες
3031 2593 3080 2644 οί
3110 2589 3343 2644 ἐνταῦθα
3378 2590 3671 2644 ἐπίσκοποι

2093 2686 2194 2758 τῆς
2245 2684 2403 2758 ἡμῶν
2448 2684 2724 2755 βασιλείας
2756 2682 3120 2747 καταϐοῶσιν,
3164 2683 3241 2747 ὼς
3268 2683 3397 2746 τούς
3439 2700 3677 2755 τοποτη-

2098 2778 2265 2852 ρητάς
2298 2778 2428 2842 τοὺς
2455 2779 2535 2841 είς
2579 2776 2677 2848 σὴν
2704 2776 2871 2849 τιμὴν
2917 2776 3231 2841 σταλέντας,
3279 2776 3372 2830 καὶ
3421 2777 3521 2848 τῆς
3549 2794 3674 2830 συν-

2096 2870 2369 2943 ἀγομένης
2417 2870 2635 2925 συνόδου
2687 2870 2956 2942 στήριξιν,
3005 2873 3064 2924 ἐν
3096 2872 3309 2943 φρουρᾷ
3359 2874 3517 2941 στενῇ
3570 2870 3669 2924 θέ-

2100 2980 2260 3034 μενος
2293 2964 2353 3015 ἐν
2384 2960 2529 3033 λιμῷ
2575 2961 2840 3033 τήκεσθαι
2870 2960 3096 3027 ἔταξας*
3134 2961 3240 3034 ἰδίᾳ
3280 2962 3337 3016 δὲ
3370 2962 3533 3034 βουλῇ
3578 2964 3677 3016 καὶ

2100 3058 2214 3127 ίδίῳ
2262 3058 2490 3129 κρίματι
2529 3057 2861 3120 ἐπισκόπους
2908 3056 3174 3122 ἐκϐαλὼν,
3215 3057 3407 3122 ἄλλους
3456 3060 3671 3131 ἐνεθρο-

2097 3149 2306 3213 νίασας,
2332 3148 2572 3220 παριδὼν
2595 3149 2692 3220 τὴν
2719 3148 3082 3218 ἁποστολικὴν
3112 3149 3275 3220 τιμήν
3293 3166 3309 3179 ο
3334 3149 3479 3222 ἀπερ
3503 3151 3674 3205 ταῦτα

2098 3242 2250 3315 παρά
2286 3242 2594 3314 ἀνθρώποις
2626 3244 2871 3296 κίνδυνον
2903 3246 3036 3315 ἡμῖν
3073 3246 3243 3297 ποιεῖ·
3281 3244 3364 3297 ὅτι
3392 3242 3485 3298 οὖν
3526 3247 3673 3317 κάμὲ

2095 3334 2196 3404 τῆς
2223 3334 2372 3398 θείας
2394 3334 2803 3407 προσελεύσεως
2831 3334 3212 3406 ήλλοτρίωσεν,
3228 3337 3323 3391 καὶ
3347 3338 3415 3391 τὰ
3439 3338 3673 3392 ἐνταῦθα

2098 3427 2276 3481 πάντα
2305 3428 2364 3480 οὐ
2408 3427 2619 3499 μικρῶς
2646 3428 3028 3499 ταράττονται.
3063 3429 3308 3483 Σπεῦσον
3343 3426 3435 3484 οὖν
3483 3431 3557 3501 μὴ
3585 3430 3679 3484 λό-

2097 3535 2215 3588 γοις
2246 3519 2579 3589 θεραπεῦσαι
2608 3520 2801 3583 ταῦτα,
2830 3519 2945 3573 ἀλλ’
2970 3520 3152 3592 ἔργοις
3171 3539 3184 3552 ·
3212 3521 3321 3575 τῶν
3350 3522 3458 3595 γὰρ
3482 3524 3675 3596 ἱερέων

2097 3614 2152 3665 αί
2186 3612 2328 3683 ὑπὲρ
2371 3611 2530 3683 ήμῶν
2565 3613 2865 3683 προσευχαὶ
2918 3613 3018 3677 τὰς
3066 3615 3340 3686 ἡμετέρας
3397 3614 3677 3686 βασιλείας

2094 3702 2359 3775 διηνεκῶς
2399 3703 2777 3775 κρατύνουσιν.
2804 3722 2824 3755 ι

2166 3803 2271 3869 κη’.
2320 3798 2528 3851 Ὄντων
2577 3792 2671 3850 οὖν
2723 3797 2781 3850 ἐν
2827 3799 2893 3869 τῇ
2965 3795 3322 3870 βασιλευούσῃ
3385 3799 3492 3853 τῶν
3543 3797 3674 3872 περὶ

2095 3887 2352 3958 Θεόφιλον
2407 3887 2743 3960 ἀναρίθμους
2817 3890 3139 3960 συντυχείας
3190 3889 3509 3953 ποιούντων,
3567 3893 3668 3945 ἐπ-

2095 3979 2329 4050 έστησαν
2369 3982 2436 4052 τῇ
2467 3980 2744 4052 Βυζαντίῳ
2782 3982 2831 4034 0!
2874 3981 3131 4053 Ῥωμαῖοι
3164 3983 3547 4055 ἐπιφερόμενοι
3601 3985 3671 4040 τὰ

2096 4071 2460 4142 προλεχθέντα
2495 4073 2819 4144 γράμματα.
2846 4075 2956 4128 Kal
2991 4073 3283 4145 δεξάμενος
3313 4075 3488 4129 ταῦτα
3520 4076 3549 4128 6

2099 4165 2297 4229 σιλεύς,
2328 4165 2593 4237 συνεχύθη
2635 4166 2770 4230 ὅλως
2813 4168 2907 4220 καὶ
2940 4166 3166 4239 ἐξεχύθη
3213 4167 3275 4220 τὸ
3320 4169 3538 4240 πνεῦμα
3573 4170 3669 4223 αὐ-

2096 4257 2208 4311 τοῦ.
2246 4257 2308 4314 Ὀ
2349 4255 2440 4313 οὖν
2475 4258 2733 4328 Θεόφιλος
2774 4258 2861 4312 διὰ
2906 4258 3005 4329 τῆς
3052 4258 3186 4322 ἰδίας
3240 4259 3434 4331 τέχνης
3472 4263 3672 4332 νοήσας

2097 4354 2273 4425 ἀρχὴν
2309 4354 2496 4408 κακῶν
2549 4350 2708 4417 εἶναι,
2737 4356 2879 4425 φυγῇ
2922 4352 3020 4424 τήν
3067 4353 3340 4425 σωτηρίαν
3391 4354 3671 4427 πορίζεται

2101 4445 2289 4515 μόνος·
2320 4448 2349 4499 6
2378 4446 2435 4499 δὲ
2488 4445 2739 4515 βασιλεὺς
2786 4447 3063 4516 ἀνανήψας
3107 4446 3316 4518 πέμπει
3352 4447 3671 4519 σχολαρίους

2095 4537 2188 4591 τοῦ
2243 4539 2470 4607 ἀγαγεῖν
2531 4539 2863 4609 συρομένους
2907 4539 3185 4609 Θεόφιλον,
3233 4541 3360 4605 τοὺς
3414 4541 3670 4611 ἀνεψιοὺς

2095 4629 2263 4684 αὐτοῦ
2311 4632 2505 4702 Μηνᾶν
2539 4631 2633 4684 καὶ
2682 4631 2995 4697 Θεότεκνον,
3043 4634 3137 4687 καὶ
3181 4634 3532 4705 Ἰσχυρίωνα,
3575 4635 3671 4705 ήν-

2096 4738 2269 4791 εγκαν
2310 4721 2764 4793 βακλιζομένους·
2798 4723 3056 4789 ὡσαύτως
3101 4726 3195 4779 καὶ
3232 4710 3485 4780 Ἀίκάκιον
3509 4743 3523 4756 ο
3574 4726 3670 4780 καὶ

2098 4816 2304 4879 πάντας
2349 4815 2721 4886 συρομένους,
2773 4817 3128 4887 ἀνυποστάτῳ
3183 4817 3274 4889 βίᾳ
3309 4817 3559 4889 ἐμϐαλὼν
3610 4819 3670 4871 ἐν

2095 4905 2452 4978 δεσμωτηρίῳ
2503 4905 2728 4968 πάντας.
2783 4906 3054 4961 Εἰσελθὼν
3083 4908 3141 4961 δὲ
3172 4911 3201 4963 ὁ
3248 4909 3501 4980 βασιλεὺς
3532 4909 3670 4980 πρὸς

2097 4996 2376 5063 Εὐδοξίαν,
2423 4994 2562 5049 ὥστε
2595 4995 2762 5067 αὐτὴν
2816 4997 3020 5063 ὀλέσαι,
3066 4999 3173 5053 ῐδεν
3218 5002 3335 5053 ἐκεῖ
3379 5002 3506 5066 τούς
3550 5002 3673 5055 ἐπι-

2100 5083 2336 5147 σκόπους
2367 5084 2492 5147 τοὺς
2522 5084 2662 5137 κατά
2693 5085 2974 5154 Θεοφίλου,
3003 5089 3097 5141 καὶ
3130 5088 3277 5157 λέγει
3305 5091 3519 5154 αὐτοῖς’
3559 5110 3578 5144 ι
3604 5092 3670 5145 Τί

2100 5176 2302 5228 ποιεῖτε
2355 5174 2619 5243 ἐνταῦθα;
2652 5195 2671 5227 ι
2711 5177 2775 5230 Οἱ
2807 5176 2864 5231 δὲ
2901 5174 3054 5233 εἷπον
3075 5197 3089 5209 ·
3126 5200 3144 5232 ι
3173 5181 3418 5252 Σήμερον
3463 5184 3670 5255 ήμέραι

2100 5268 2291 5322 πολλαί⁹
2328 5267 2420 5339 ἀφ’
2442 5262 2503 5323 οῦ
2532 5269 2767 5326 ἐνταῦθά
2808 5273 2976 5343 ἐσμεν
3021 5276 3436 5347 φρουρούμενοι,
3474 5278 3561 5331 ἵνα
3594 5278 3670 5351 μὴ

2100 5359 2403 5430 ἐξείπωμεν
2427 5361 2526 5431 τὴν
2559 5360 2836 5432 ἀλήθειαν.
2864 5381 2883 5412 ι
2912 5395 2984 5405 -
3010 5383 3030 5417 ι
3071 5367 3204 5420 Ὑπὸ
3232 5368 3393 5431 τίνος,
3424 5388 3438 5420 ι
3478 5369 3665 5439 φησὶν,

2108 5469 2125 5498 ι
2155 5450 2581 5523 συλληφθέντες;
2613 5473 2633 5506 ι
2665 5455 2729 5507 Ol
2760 5455 2818 5509 δὲ
2837 5452 3022 5511 εἷπον·
3062 5477 3082 5510 ‹
3118 5458 3254 5511 Ὑπὸ
3294 5459 3596 5531 Μαριανοῦ.
3645 5479 3667 5515 ι

2100 5547 2210 5599 Kal
2254 5545 2455 5609 εὐθέως
2510 5547 2791 5603 ἐκέλευσεν
2835 5552 2867 5603 6
2916 5550 3169 5621 βασιλεὺς
3217 5553 3436 5625 δοθῆναι
3486 5553 3670 5619 αὐτοῖς

2102 5700 2190 5776 ῃ.
2234 5699 2527 5776 (R_ecusn_m:
2563 5701 2703 5771 apud
2734 5720 2834 5759 nos
2863 5704 2920 5759 in
2946 5705 3177 5776 append.
3214 5706 3279 5761 ad
3309 5707 3565 5762 sarculum
3606 5718 3665 5762 τ’.

2102 5770 2252 5824 Enn.
2284 5770 2469 5838 Pun.)
