4114 6392
426 402 590 448 ιιςιι

426 511 640 566 traditae
668 509 1133 581 obtemperarent,
1166 515 1417 572 discessit
1443 519 1513 573 ab
1546 521 1775 576 ecclesia
1805 530 1862 576 et
1887 523 2006 592 epi-

426 615 645 685 scopio,
690 615 849 670 tertio
894 615 1333 675 Resurrectiouis
1386 620 1683 678 Dominicze
1722 624 1831 679 die.
1883 625 2010 681 Fuit

428 730 611 774 autem
636 734 703 774 eo
744 720 833 775 die
870 721 1048 777 luctus
1082 723 1273 794 ingens
1300 729 1598 781 amantium
1628 729 1884 796 Joannis,
1915 732 2007 801 qui

429 825 478 879 ei
508 825 878 881 valedicebant
911 828 1155 884 derelicti
1185 831 1252 884 ab
1289 846 1356 885 eo
1378 874 1392 898 ,
1438 841 1698 903 tanquam
1728 852 1757 889 a
1789 837 2009 906 proprio

429 937 647 999 pastore
690 946 838 986 oves.
881 932 1120 1003 Populus
1153 943 1333 990 tamen
1373 939 1613 995 urbanus
1639 940 1840 995 exitum
1890 943 2009 1012 ejus

430 1037 727 1109 ignoravit;
757 1040 850 1108 qui
882 1041 927 1095 si
959 1042 1305 1109 innotuisset,
1333 1044 1611 1114 sanguinis
1639 1045 1833 1100 ellusio
1867 1047 2010 1103 inter

429 1144 577 1199 cives
618 1160 682 1198 ac
710 1145 913 1201 milites
952 1145 1136 1202 futura
1165 1157 1300 1204 erat.
1349 1149 1558 1205 Idcirco
1602 1153 1840 1208 Joannes
1868 1154 2007 1209 clam

431 1247 631 1318 populo
659 1263 911 1321 egressus
932 1259 1033 1306 est.
1072 1251 1227 1307 Tunc
1248 1254 1299 1307 ei
1322 1253 1434 1309 dati
1460 1263 1589 1310 sunt
1612 1255 1857 1312 Thraces
1883 1258 2008 1328 qui-

429 1354 554 1408 dam
587 1355 935 1411 inverecundi
960 1359 1233 1424 custodes,
1266 1367 1327 1414 ut
1354 1375 1478 1415 eum
1510 1360 1565 1415 in
1597 1361 1845 1416 exsilium
1881 1377 2008 1432 per-

430 1459 713 1515 traherent
733 1478 746 1526 ;
763 1452 943 1532 qui'de
964 1463 1084 1519 loco
1104 1465 1160 1519 in
1185 1466 1363 1521 locum
1388 1467 1682 1523 transferre
1702 1478 2003 1538 cmperunt.

429 1561 673 1633 Cumque
700 1566 809 1636 jam
831 1566 897 1621 ad
926 1567 1184 1637 oppidum
1208 1569 1350 1638 quod
1375 1570 1574 1625 dicitur
1595 1571 1840 1627 Cueusus
1865 1582 2009 1627 esset

430 1680 812 1739 perventurus,
844 1683 1070 1743 apparet
1089 1675 1138 1729 ei
1162 1675 1216 1729 in
1248 1676 1453 1731 somnis
1482 1688 1701 1733 sanctus
1724 1678 2010 1735 Basiliscus

431 1773 720 1846 episcopus
738 1792 803 1831 ac
824 1785 1027 1848 martyr
1045 1779 1233 1835 dicens
1259 1801 1271 1835 :
1304 1800 1324 1832 ε
1364 1781 1552 1837 Frater
1575 1782 1802 1848 Joanne,
1833 1792 2008 1839 macte

433 1876 636 1942 animo,
686 1879 970 1935 nobiscum
1012 1882 1155 1937 enim
1201 1885 1449 1954 quiesces
1481 1886 1535 1940 in
1582 1902 1706 1943 arca
1738 1889 1829 1944 ubi
1871 1905 2008 1945 meae

435 1981 773 2053 aliorumque
804 1994 1101 2057 martyrum
1142 1988 1383 2058 reliquiae
1411 1972 1558 2055 sunt,
1591 1994 1856 2064 Eutropii,
1892 1994 2010 2049 Ru-

437 2084 529 2140 ﬁni
567 2096 728 2157 atque
756 2086 1013 2144 Colluthi.
1054 2110 1073 2142 ι
1107 2091 1284 2162 Atque
1314 2095 1505 2149 eadem
1536 2096 1738 2166 pariter
1762 2097 1900 2152 visio
1928 2114 2011 2153 ec-

437 2191 612 2246 clesia:
660 2194 1024 2250 mansionario
1066 2197 1242 2251 oblata
1288 2198 1421 2264 fuit,
1471 2200 1678 2256 scilicet
1717 2220 1730 2254 :
1768 2222 1787 2254 ‹
1823 2202 2012 2258 Frater

434 2292 690 2362 Joannes,
722 2299 813 2368 qui
845 2299 952 2354 huc
990 2301 1227 2367 advenit,
1258 2303 1323 2358 ad
1364 2302 1652 2360 Dominum
1684 2309 2012 2381 migraturus

436 2406 520 2451 est
563 2417 576 2451 :
630 2408 684 2453 tu
736 2416 864 2455 vero
898 2406 1278 2474 corpusculum
1321 2408 1441 2477 ejus
1484 2410 1768 2466 nobiscum
1807 2430 2011 2485 ponere

436 2500 589 2555 velis.
630 2522 648 2553 ι
681 2501 914 2559 Ventum
944 2522 1072 2578 ergo
1106 2518 1190 2564 est
1216 2510 1283 2565 ad
1309 2511 1485 2566 locum
1517 2515 1609 2569 ubi
1640 2526 1903 2589 martyres
1926 2520 2012 2589 ja-

436 2606 632 2677 cebapt
665 2611 1026 2681 :rogavitque
1068 2613 1307 2670 Joannes
1336 2618 1619 2685 custodes,
1649 2630 1711 2675 ut
1744 2637 1802 2677 se
1841 2640 2012 2695 usque

437 2710 506 2765 ad
542 2712 729 2767 horam
746 2714 998 2783 quintam
1030 2718 1328 2775 subsistere
1360 2722 1640 2789 sinerent;
1671 2739 1900 2793 quorum
1931 2731 2013 2784 al-

438 2826 523 2871 ter
562 2819 779 2888 qundem
821 2822 1065 2887 volebat,
1108 2824 1246 2879 alter
1272 2835 1453 2883 autem
1506 2829 1696 2885 immiti
1739 2834 1920 2889 animo
1951 2852 2014 2891 ac

439 2936 590 2975 more
632 2924 911 2979 reuuebat.
951 2925 1085 2994 Ipsis
1114 2928 1277 2998 igitur
1316 2946 1483 3000 usque
1509 2933 1574 2988 ad
1600 2937 1887 3004 quemdam
1933 2938 2015 2993 lo-

441 3042 563 3079 cum
595 3026 699 3081 iter
729 3032 1203 3100 prosequentibus,‘
1234 3050 1426 3106 magna
1464 3038 1644 3107 pluvia
1684 3022 1913 3112 ingruit',
1941 3042 2013 3098 ita

443 3140 502 3185 ut
529 3133 774 3203 progredi
797 3146 1156 3204 nequeuntes,
1190 3139 1257 3193 ad
1290 3140 1576 3196 stationem
1609 3154 1899 3215 martyrum
1928 3147 2015 3201 in-

443 3235 537 3290 viti
559 3246 976 3294 reverterentur.
1001 3240 1303 3312 Statimque
1329 3243 1567 3301 Joannes
1587 3249 1817 3318 sumptis
1845 3265 2015 3307 sacrae

443 3338 673 3411 liturgiee
704 3343 1061 3408 vestimentis,
1092 3356 1148 3402 et
1182 3348 1380 3403 divinis
1409 3353 1678 3422 mysteriis
1707 3356 2015 3411 communi-

442 3458 591 3509 cans,
619 3445 952 3519 largitusque
979 3452 1375 3509 benedictionis
1400 3456 1518 3512 loco
1546 3459 1805 3529 quidquid
1830 3475 2014 3516 secum

445 3549 652 3605 ferebat
674 3554 997 3621 astantibus,
1024 3557 1209 3627 eisque
1230 3559 1554 3627 valedicens,
1580 3579 1730 3619 more
1758 3565 1858 3619 sibi
1886 3582 2017 3620 con-

449 3665 604 3712 sueto
625 3658 798 3713 dixit:
838 3680 857 3712 ι
901 3660 1079 3717 Gloria
1122 3663 1234 3719 Deo
1270 3673 1491 3734 propter
1538 3669 1757 3733 omnia;
1795 3689 1815 3720 ι
1849 3685 2016 3741 seque

452 3764 751 3830 reclinans,
798 3766 1014 3823 Christo
1064 3768 1175 3824 Deo
1223 3780 1412 3825 nostro
1466 3773 1719 3843 spiritum
1763 3777 2013 3845 tradidit,

446 3870 645 3925 sanctis
673 3888 888 3942 quoque
916 3875 1241 3946 martyribus
1267 3877 1539 3944 salutatis,
1570 3896 1694 3934 cum
1724 3882 1896 3953 iisque
1929 3884 2018 3939 die

446 3973 632 4028 eadem
665 3975 944 4045 sepelitur,
986 3977 1155 4032 multa
1184 3980 1251 4034 ab
1295 3980 1607 4037 inhumanis
1649 3984 1751 4039 illis
1785 3986 2018 4041 homini-

445 4076 549 4131 bus
593 4093 805 4148 passus.
854 4078 945 4136 Sic
974 4083 1117 4136 enim
1162 4085 1427 4141 militibus
1467 4086 1598 4157 ipsis
1639 4089 2015 4147 denuntiatum

447 4180 641 4246 fuerat,
672 4199 871 4254 nempe
900 4186 1044 4255 quod
1078 4187 1122 4240 si
1145 4187 1232 4242 ille
1260 4190 1491 4258 pessime
1516 4192 1583 4246 ab
1612 4193 1676 4247 iis
1701 4194 1930 4250 all‘ectus
1952 4214 2018 4253 ex

446 4302 686 4342 aerumna
710 4299 1031 4357 moreretur,
1072 4292 1239 4347 multa
1265 4293 1442 4347 forent
1465 4311 1686 4352 munera
1719 4304 2014 4372 accepturi.

514 4393 602 4447 26.
629 4394 768 4449 Ecce
796 4402 977 4450 autem
1003 4396 1221 4467 quidam
1245 4399 1312 4454 de
1338 4399 1562 4456 Joannis
1582 4404 1769 4459 amicis
1789 4406 2017 4463 Romam

446 4496 691 4565 profecti,
725 4508 921 4555 cuncta
943 4500 1057 4556 haec
1080 4501 1398 4560 Innocentio
1417 4522 1570 4576 papae
1599 4510 2012 4578 nuntiaverunt,

446 4602 537 4673 qui
563 4604 641 4657 ira
667 4616 890 4675 propter
916 4606 1179 4663 Joannem
1200 4611 1355 4664 valde
1379 4622 1702 4679 commotus,
1725 4624 1780 4669 et
1795 4625 2018 4688 pr0pter

447 4706 844 4764 circumventos
874 4709 1083 4764 insidiis
1120 4710 1324 4782 legatos
1366 4729 1526 4778 suos,
1559 4716 1743 4770 statim
1777 4716 2018 4775 Honorio

445 4814 511 4868 ad
549 4822 661 4870 tres
687 4831 905 4871 menses
933 4815 1130 4872 divinis
1162 4817 1431 4889 mysteriis
1459 4818 1755 4876 interdicit.
1786 4822 1924 4878 Tum
1963 4836 2020 4879 et

444 4920 674 4983 Arcadio
701 4932 863 4993 atque
884 4923 1138 4979 Eudoxize
1159 4926 1770 4982 excommunicationem
1801 4929 1885 4984 his
1906 4947 2019 4985 ver-

447 5023 529 5078 bis
553 5025 749 5080 mittit:
787 5045 807 5077 ‹
837 5025 1069 5085 Arcadio
1109 5034 1165 5081 et
1201 5027 1455 5081 Eudoxize
1491 5028 1862 5085 Innocentius.
1902 5031 2017 5087 Vox

445 5132 723 5203 sanguinis
749 5132 974 5188 Joannis
1020 5132 1203 5187 fratris
1232 5134 1339 5187 mei
1373 5135 1570 5189 clamat
1610 5135 1677 5189 ad
1716 5137 1884 5190 Deum
1907 5180 1920 5200 ,
1963 5148 2018 5193 et

446 5238 669 5293 omnino
721 5240 941 5311 sanguis
994 5240 1114 5309 ejus
1169 5240 1550 5295 vindicabitur.
1604 5242 1671 5295 Et
1713 5258 1815 5297 nos
1863 5258 2011 5312 ergo,

447 5353 709 5413 quantum
739 5345 797 5400 in
821 5345 978 5401 nobis
998 5354 1100 5407 est,
1123 5344 1480 5409 vindicantes,
1505 5347 1711 5401 caelesti
1747 5350 2015 5405 sententia

517 5561 591 5632 (ἡ)
633 5560 768 5628 Quis
791 5576 902 5615 non
929 5560 1020 5630 pio
1043 5575 1205 5614 sensu
1232 5567 1592 5632 prosequatur
1621 5559 1769 5614 hunc
1792 5561 2014 5632 religio-

443 5630 719 5686 sissimum
758 5648 822 5686 ac
864 5628 1082 5686 beatum
1134 5629 1308 5684 sancti
1352 5628 1454 5682 viri
1496 5629 1736 5693 obitum,
1776 5628 2015 5699 prm'illo

445 5702 757 5756 tristissimo
785 5710 1196 5770 persecutorum
1236 5700 1376 5767 ejus,
1399 5714 1561 5770 quem
1600 5699 1846 5755 historici
1887 5718 2015 5756 nar-

446 5773 605 5827 rant?
637 5769 937 5838 Quis’cjus
972 5772 1197 5842 gloriam
1241 5786 1349 5824 non
1395 5769 1642 5842 miretur,
1688 5785 1809 5842 qua:
1840 5780 2013 5828 totum

444 5845 633 5900 orbem
664 5837 931 5914 implevit
947 5837 1151 5897 ?VSane
1194 5849 1246 5896 et
1278 5855 1505 5911 magnus
1549 5837 1883 5911 AuguStinus
1912 5843 2006 5913 0p.

1194 395 1282 451 DE
1323 398 1486 454 VITA
1526 396 1616 455 ET
1657 401 1929 459 EXSILIO
1970 404 2029 459 S.
2069 406 2357 466 JOANNIS
2388 409 2908 468 CHRYSOSTOMI.
2986 466 2991 472 .

3497 427 3680 469 LIIX"

2108 526 2382 597 verboque
2433 527 2528 584 Dei
2569 531 2759 585 ambos
2804 545 2903 587 vos
2932 528 3212 601 alligamus
3254 528 3527 583 insolubili
3574 530 3686 583 vin-

2108 630 2232 684 culo
2250 648 2265 684 :
2285 639 2338 686 te
2362 632 2619 687 nimirum
2640 649 2705 688 ac
2728 632 2989 697 Dalidam,
3022 649 3144 703 quae
3170 643 3224 688 te
3253 634 3514 704 paulatim
3544 633 3687 689 frau-

2106 736 2192 790 dis
2226 740 2487 793 novacula
2516 739 2701 805 erasit,
2727 739 2876 795 omni
2906 739 3285 811 mysteriorum
3316 754 3538 793 accessu
3565 754 3688 809 pro-

2108 842 2358 898 hibemus
2379 885 2392 908 ,
2437 856 2491 899 te
2520 845 2743 915 quidem
2782 861 2874 900 sex
2907 844 3223 907 mensibus,
3256 843 3399 897 illam
3441 843 3681 898 biennio.

2107 949 2283 1019 Atque
2314 951 2416 1004 hoc
2444 950 2658 1016 scitote,
2686 951 2833 1019 quod
2858 951 2902 1004 si
2930 949 3264 1004 violaveritis
3292 949 3514 1003 missam
3538 964 3567 1002 a
3591 965 3687 1002 no-

2106 1040 2190 1095 bis
2224 1042 2438 1097 ccelitus
2480 1041 2827 1109 sententiam,
2857 1042 2944 1096 vel
2984 1041 3052 1095 ad
3078 1041 3259 1095 divina
3298 1040 3554 1112 mysteria
3590 1056 3688 1094 ac-

2107 1132 2409 1188 cedendum
2445 1135 2786 1203 putaveritis,
2832 1144 3012 1189 vestra
3048 1134 3265 1204 quidem
3311 1133 3519 1188 viscera
3566 1142 3688 1187 tan-

2107 1243 2270 1298 quam
2301 1228 2469 1298 ignito
2495 1228 2733 1283 carbone
2762 1234 3172 1282 consumentur.
3200 1226 3268 1279 Et
3296 1224 3341 1278 si
3365 1225 3484 1295 quis
3505 1240 3568 1279 ea
3598 1242 3692 1279 vo-

2107 1319 2192 1374 bis
2218 1320 2481 1389 impertiri
2513 1321 2730 1383 audeat,
2762 1319 2875 1374 sive
2898 1318 3208 1387 episcopus,
3239 1316 3354 1372 sive
3382 1317 3692 1387 presbyter,

2108 1412 2155 1467 si
2202 1427 2442 1482 prorsus,
2474 1412 2713 1482 inquam,
2756 1412 2862 1465 tale
2911 1410 3122 1465 facinus
3174 1419 3376 1464 temere
3432 1418 3684 1467 attentet.

2108 1519 2306 1573 nempe
2345 1510 2407 1558 ut
2429 1504 2706 1559 decretam
2735 1502 2998 1558 divinitus
3038 1500 3180 1555 Petri
3204 1500 3430 1569 apostoli
3470 1502 3690 1553 senten-

2110 1596 2236 1651 tiam
2267 1595 2542 1667 infringat,
2578 1604 2634 1650 et
2670 1610 2782 1648 rem
2820 1593 3117 1663 quamlibet
3156 1608 3364 1645 sacram
3400 1590 3554 1644 vobis
3588 1590 3700 1643 lar--

2108 1688 2321 1759 giatur:
2351 1688 2440 1741 ille
2467 1687 2675 1742 cmlesti
2717 1686 2914 1758 gratia,
2947 1694 3001 1739 et
3033 1693 3248 1739 terrena
3277 1699 3491 1754 quoque
3519 1682 3703 1754 dignin

2112 1788 2219 1834 late
2263 1779 2505 1849 privatus
2560 1779 2872 1833 habebitur.
2930 1776 3154 1847 Depono
3198 1776 3326 1830 item
3382 1774 3695 1829 adulterum.

2109 1872 2387 1927 Arsacium
2414 1889 2429 1936 ;
2461 1881 2622 1940 atque
2647 1887 2839 1926 omnes
2880 1870 2970 1940 qui
3011 1886 3136 1924 cum
3174 1885 3240 1923 eo
3262 1867 3683 1930 communicant,

2110 1975 2233 2015 cum
2274 1960 2464 2016 eodem
2510 1960 2933 2015 damnabuntur.
2982 1956 3271 2027 Theophili
3315 1972 3445 2011 vero
3479 1955 3693 2025 deposi-

2110 2049 2245 2104 tioni
2292 2061 2402 2104 tres
2448 2065 2638 2119 pmuas
2674 2050 2984 2116 adiicimus,
3038 2046 3685 2105 excommunicationem,

2109 2143 2417 2207 anathema,
2450 2152 2506 2196 et
2533 2140 2899 2196 omnimodam
2930 2139 3222 2195 Christiani
3245 2138 3482 2193 nominis
3501 2137 3694 2207 priva‘

2112 2236 2336 2289 tionem.
2365 2254 2383 2283 ι

2180 2330 2269 2383 27.
2311 2328 2597 2382 Scribebat
2657 2326 2820 2381 etiam
2887 2324 3161 2379 Honorius
3235 2321 3387 2377 fratri
3456 2319 3704 2375 Arcadio.

2111 2418 2293 2472 verbis
2350 2418 2477 2471 bis:
2530 2438 2548 2469 ι
2589 2417 2820 2472 Arcadio
2880 2416 3029 2470 fratri
3086 2423 3273 2469 nostro
3331 2410 3698 2482 conregnanti-

2112 2509 2381 2565 Honorius
2420 2510 2672 2565 salutem.
2725 2507 2920 2563 Nescio
2956 2522 3204 2577 quaenam
3255 2505 3565 2562 adversaria
3610 2504 3707 2570 vis.

2111 2604 2389 2674 deceperit
2436 2611 2507 2668 te,
2542 2612 2602 2657 ut
2660 2600 2876 2656 feminae
2934 2600 3173 2655 conlisus
3226 2600 3367 2653 mala
3423 2608 3685 2669 patrares.

2111 2697 2288 2766 Atque
2322 2696 2413 2750 hic
2455 2710 2647 2749 omnes
2687 2693 2898 2763 imperii
2935 2694 3106 2747 nostri
3148 2691 3387 2761 episcopi
3423 2691 3690 2748 clamant.

2111 2786 2256 2856 quod
2304 2785 2461 2857 legali
2505 2785 2573 2839 ad
2616 2793 2760 2838 tuam
2804 2783 3143 2853 majestatem
3188 2782 3361 2846 missi,
3413 2787 3575 2849 atque
3624 2780 3691 2833 ad

2113 2889 2354 2935 coactam
2409 2879 2674 2951 synodum
2730 2877 3180 2938 confirmandam,
3238 2882 3385 2929 arcta
3446 2873 3691 2929 custodia

2114 2972 2344 3033 detenti,
2408 2971 2552 3025 fame
2611 2970 2992 3025 conficiantur.
3059 2969 3198 3022 Tum
3254 2967 3399 3037 quod
3472 2966 3691 3036 propria

2115 3067 2392 3122 voluntate
2424 3065 2754 3135 proprioque
2780 3065 2988 3134 judicio
3031 3063 3201 3134 pulsis
3230 3062 3518 3132 epiSCOpis,
3556 3062 3693 3115 alios

2115 3156 2482 3222 substitueris,
2514 3155 2809 3226 apostolica
2842 3154 3165 3210 auctoritate
3198 3160 3538 3220 contempta;
3570 3167 3693 3220 quae

2116 3250 2331 3319 quidem
2376 3264 2465 3303 res
2504 3248 2805 3319 periculum
2846 3247 2914 3301 ab
2960 3244 3273 3300 hominibus
3315 3243 3474 3297 nobis
3510 3252 3691 3305 creat;

2114 3357 2239 3397 nam
2270 3350 2327 3395 et
2352 3341 2453 3411 ipsi
2484 3340 2616 3394 mihi
2662 3340 2826 3395 rebus
2870 3339 3038 3393 sacris
3083 3335 3429 3390 interdictum
3483 3333 3605 3397 fuit,
3639 3343 3696 3388 et

2117 3436 2175 3490 in
2205 3435 2289 3489 his
2316 3434 2560 3504 partibus
2583 3447 2692 3486 non
2722 3431 2931 3486 modica
2961 3428 3199 3485 turbatio
3224 3436 3326 3482 est.
3377 3426 3499 3482 Cito
3532 3426 3695 3497 igitur

2116 3542 2224 3581 non
2266 3524 2466 3588 verbis,
2496 3523 2587 3577 sed
2615 3522 2791 3585 factis,
2824 3521 2967 3574 malo
2996 3518 3122 3573 huic
3155 3518 3370 3572 medere
3403 3534 3416 3569 :
3447 3531 3572 3570 nam
3604 3531 3694 3570 sa-

2117 3617 2397 3672 cerdotum
2435 3630 2535 3685 pro
2575 3613 2735 3668 nobis
2772 3628 2961 3683 preces
2990 3626 3155 3682 regna
3198 3619 3384 3664 nostra
3429 3614 3694 3679 perpetuo

2117 3710 2354 3764 ﬁrmant.
2400 3726 2418 3759 ι
2974 3755 2983 3781 ε

2185 3800 2275 3855 28.
2320 3800 2457 3853 Dum
2495 3814 2626 3870 ergo
2666 3797 2722 3851 in
2768 3796 2912 3868 regia
2967 3795 3102 3849 urbe
3153 3792 3489 3863 Theophilus
3527 3792 3694 3846 innu-

2118 3908 2297 3948 meras
2337 3892 2672 3948 calamitates
2707 3888 2966 3953 elIiceret,
3000 3888 3343 3942 advenerunt
3374 3885 3693 3957 Byzantium

2116 3986 2368 4052 Romani,
2411 3984 2699 4055 pnndictas
2749 3982 2959 4036 litteras
2982 3979 3221 4035 ferentes
3256 3996 3270 4033 :
3305 3978 3503 4048 quibus
3539 3991 3695 4031 rece-

2117 4080 2254 4151 ptis,
2289 4079 2580 4148 imperator
2625 4076 2983 4131 conturbatus
3007 4082 3113 4138 est,
3148 4086 3476 4143 prorsusque
3512 4069 3695 4125 animo

2118 4172 2429 4228 dissolutus.
2490 4170 2828 4239 The0philus
2873 4167 3055 4236 itaque
3101 4182 3201 4237 pro
3253 4181 3351 4220 sua
3403 4162 3696 4219 calliditate

2117 4265 2425 4335 intelligens
2480 4264 2586 4318 hoc
2623 4263 2734 4333 jam
2795 4276 2917 4316 esse
2968 4261 3232 4314 malorum
3285 4259 3521 4323 initium,
3568 4257 3695 4327 fuga

2120 4357 2279 4413 saluti
2325 4371 2440 4411 suae.
2480 4354 2628 4409 solus
2666 4353 2970 4418 consuluit;
2999 4351 3276 4422 Augustus
3304 4357 3507 4415 autem,
3538 4349 3693 4418 quasi

2120 4457 2345 4505 veterno
2373 4446 2651 4519 evigilans,
2701 4445 3056 4516 praetorianos
3090 4443 3241 4498 misit
3262 4443 3329 4498 ad
3369 4441 3692 4511 capiendum

2121 4538 2504 4611 TheOphilum,
2557 4537 2650 4608 qui
2700 4537 2950 4593 sobrinos
3004 4536 3124 4605 ejus
3168 4534 3401 4598 Menam,
3455 4533 3695 4587 Theote-

2120 4645 2313 4695 cnum,
2347 4637 2402 4685 et
2437 4628 2824 4699 Ischyrionem,
2857 4627 3172 4682 verberatos
3206 4625 3566 4681 adduxerunt.
3603 4621 3695 4678 Si-

2120 4723 2322 4779 militer
2371 4729 2426 4778 et
2468 4722 2759 4785 Acacium,
2813 4728 3145 4790 cunctosque
3198 4719 3333 4773 alios
3357 4717 3593 4771 violenta
3640 4716 3693 4770 vi

2118 4822 2419 4884 pertractos
2447 4812 2505 4867 in
2551 4826 2827 4867 carcerem
2861 4811 3003 4866 trudi
3041 4810 3204 4880 jussit
3234 4808 3565 4878 imperator:
3601 4805 3694 4874 qui

2118 4924 2244 4961 mox
2281 4906 2350 4959 ad
2399 4902 2696 4959 Eudoxiam
2731 4903 3028 4974 ingressus,
3059 4910 3116 4955 ut
3146 4916 3264 4955 eam
3295 4897 3689 4969 pessumdaret,

2120 4999 2254 5055 vidit
2277 4998 2387 5052 illic
2412 4996 2698 5067 episcopos
2725 4994 2818 5064 qui
2843 5004 3032 5048 contra
3058 4992 3424 5062 Theophilum
3454 4989 3693 5050 fuerant.

2118 5090 2316 5160 quibus
2346 5089 2424 5143 ait
2452 5106 2464 5141 :
2506 5107 2525 5138 ‹
2561 5086 2701 5153 Quid
2731 5086 2819 5141 hic
2846 5085 3042 5156 agitis?
3074 5103 3093 5134 ι
3127 5084 3207 5137 Illi
3238 5092 3420 5138 autem
3456 5099 3470 5135 :
3501 5100 3519 5132 ι
3555 5079 3694 5133 Mul-

2119 5182 2188 5237 tis
2210 5182 2324 5252 jam
2349 5180 2542 5236 diebus
2578 5180 2669 5234 hic
2713 5179 3071 5241 custodimur,
3101 5192 3169 5231 ne
3196 5176 3481 5230 veritatem
3513 5172 3694 5227 dicere

2120 5275 2298 5329 liceat.
2338 5292 2358 5325 ι
2381 5304 2454 5315 --
2478 5293 2499 5325 σ
2535 5271 2582 5327 Α
2599 5287 2857 5342 quonam,
2883 5271 3079 5340 inquit,
3098 5285 3196 5324 vos
3216 5264 3632 5337 comprehensi?
3670 5284 3686 5313 ι

2119 5397 2189 5406 -
2213 5387 2231 5418 ι
2254 5368 2299 5419 Α
2315 5364 2572 5431 Mariano,
2598 5383 2616 5415 ι
2638 5364 2913 5419 dixerunt.
2931 5361 3125 5416 Statim
3142 5359 3419 5431 Augustus
3445 5358 3562 5414 dari
3588 5357 3695 5411 illis

2118 5569 2326 5649 imperti
2360 5558 2699 5649 geontrthul.
2731 5565 2825 5620 lib.
2863 5581 2937 5649 vt,
2980 5566 3031 5649 ἶ.
3063 5564 3143 5649 sic
3176 5564 3246 5647 de
3283 5564 3416 5618 illo:
3460 5563 3692 5649 Joannes

2116 5634 2729 5719 Constantinopolitanus
2757 5635 3053 5719 επςςμεηιὲε
3080 5634 3264 5705 gloria’
3285 5639 3565 5719 sacerdosx
3636 5702 3648 5712 .

2188 5708 2256 5779 (ε)
2288 5708 2365 5762 Ita
2408 5704 2647 5776 loquitur
2684 5706 2803 5776 ipse
2830 5704 3249 5769 Chrysostomus
3270 5704 3340 5760 de
3384 5704 3605 5760 Arsacia
3636 5704 3690 5757 in

2116 5780 2342 5849 epistola
2380 5777 2480 5834 125
2509 5778 2599 5833 ed.
2624 5775 2834 5841 Montli,
2877 5784 2918 5834 t.
2945 5766 3036 5842 lll,
3072 5790 3126 5845 p.
3159 5775 3281 5833 670.
