4114 6392
407 402 618 445 LXXXIII

409 501 558 563 οἷκον
586 505 681 559 καὶ
712 502 1065 573 ἀναλώματα,
1093 501 1263 557 εἰπών
1283 521 1295 534 ·
1336 523 1355 555 ι
1381 503 1831 576 Παρῤησιάζεσθε
1861 505 2003 558 κατά

413 599 515 670 τὴν
565 596 740 660 πόλιν,
792 597 897 660 ἕως
946 595 1012 650 ἂν
1069 595 1183 665 γνῶ
1235 596 1411 650 πάντα
1466 596 1536 649 τά
1587 596 2002 668 παρακολουθή-

414 706 585 745 σαντα
604 707 617 719 ο
648 709 667 742 ι
698 688 963 754 κελεύσας
992 689 1195 742 καὶτὸν
1228 688 1480 760 Ἰωάννην
1510 688 1603 742 καὶ⁸
1627 689 1755 751 τοὺς
1785 688 2005 752 λοιποὺς

409 786 538 847 τους
568 784 623 835 ἐν
652 782 839 853 ἑξορίᾳ
861 782 1078 851 τάχειον
1104 780 1391 852 ἐνεχθῆναι
1411 798 1424 813 ·
1457 781 1553 835 καὶ
1583 780 1846 853 μανθάνει
1874 782 2005 853 περὶ

410 877 512 947 τῆς
542 874 874 938 τελειώσεως
914 875 1160 928 Ἰωάννου
1193 875 1292 944 (a).

484 968 587 1023 κθ’.
610 969 718 1022 Καὶ
740 966 1114 1039 ἐπηρώτησεν·
1147 986 1166 1018 ι
1194 966 1325 1031 Ποῦ,
1348 985 1366 1018 ι
1402 966 1589 1037 φησὶν,
1610 983 1628 1017 ι
1654 967 1702 1019 οἱ
1726 964 2002 1037 ἄνθρωποι

414 1060 514 1132 τῆς
549 1060 798 1131 Ῥώμης;
844 1080 862 1111 ι
897 1061 960 1112 Oi
990 1058 1045 1112 δὲ
1079 1054 1230 1112 εἷπον
1260 1059 1353 1112 τὸν
1385 1058 1548 1111 τόπον
1572 1058 1632 1111 ἐν
1662 1051 1865 1128 ᾧῆσαν
1900 1073 2003 1110 κα·-

414 1152 743 1207 τάκλειστοι.
794 1152 902 1205 Καὶ
928 1151 1150 1221 πέμψας
1185 1151 1417 1221 ἤνεγκεν
1468 1150 1665 1213 αὐτοὺς
1721 1149 2003 1221 ψυχορρα-

415 1244 644 1311 γοῦντας
687 1244 795 1296 ἀπὸ
825 1242 919 1296 τοῦ
966 1242 1125 1313 λιμοῦ
1152 1260 1166 1273 ·
1212 1244 1307 1296 καὶ
1355 1242 1506 1311 λέγει
1555 1241 1741 1303 αὐτοῖς
1778 1241 1807 1293 ὁ
1842 1240 2001 1311 βασι-

414 1335 574 1401 λεύς’
621 1355 639 1387 ι
670 1336 843 1390 Πόσον
884 1336 1009 1388 ἐστὲ
1063 1334 1531 1406 ἐγκεκλεισμένοι,
1582 1334 1677 1387 καὶ
1725 1332 1812 1386 διά
1856 1332 2004 1395 τίνος

417 1428 826 1500 ἐνεκλείσθητες
861 1448 880 1480 ι
919 1430 980 1481 Οἱ
1026 1427 1083 1481 δὲ
1136 1424 1321 1480 εἷπον·
1378 1445 1397 1477 ι
1426 1424 1525 1479 Διά
1575 1423 1855 1496 Μαριανοῦ
1908 1422 2004 1476 καὶ

412 1520 522 1574 τῶν
559 1521 691 1575 υἱῶν
721 1520 907 1582 αὐτοῦ,
955 1520 1133 1591 μικρῷ
1164 1518 1314 1591 ἄρτῳ
1360 1520 1455 1572 καὶ
1494 1517 1646 1570 ὕδατι
1681 1516 1999 1585 τηκόμενοι,

416 1613 725 1685 ἀσύντυχοι,
771 1615 845 1685 μὴ
887 1613 1164 1681 βαλανεῖον
1211 1612 1435 1674 εἰδότες,
1471 1610 1546 1681 μὴ
1582 1608 1700 1678 φῶς
1732 1607 2004 1678 κανδήλας

416 1706 676 1775 ἄψαντες,
705 1707 947 1777 σήμερον
964 1704 1324 1776 τετράμηνον.
1353 1722 1371 1754 ι
1395 1702 1501 1754 Τοῦ
1531 1702 1589 1755 δέ
1620 1699 1884 1771 βασιλέως
1913 1699 2004 1753 ἐπὶ

414 1800 528 1861 τοῖς
551 1798 862 1868 λεγομένοις
887 1798 954 1851 τά
976 1795 1259 1866 σπλάγχνα
1282 1791 1692 1866 ἐτηγανίζονττν
1719 1791 2017 1845 ἐκέλευσεν

413 1890 472 1943 δὲ
500 1889 723 1953 τούτους
753 1890 933 1959 πάσης
965 1886 1325 1949 ἀναπαύσεως
1360 1882 1675 1938 ἀπολαύειν.
1704 1882 1815 1936 Καὶ
1844 1880 2005 1943 εὐθὺς

415 1982 508 2034 τὸν
552 1981 833 2053 Μαρια-ιον
883 1979 977 2033 καὶ
1026 1979 1152 2041 τοὺς
1204 1978 1354 2039 υἱοὺς
1406 1973 1573 2028 αὐτοῦ
1620 1974 1707 2026 ἐπ’
1741 1972 1860 2043 ὕψει
1903 1972 2005 2040 τῆς

418 2071 674 2137 Εύδοξίας
700 2069 1099 2142 διχοτομεῖσθαι
1133 2068 1439 2130 ἐκέλευσεν,
1470 2064 1639 2131 τάξας
1676 2065 1744 2117 τά
1778 2062 2006 2134 σώματα

418 2163 597 2218 αὐτῶν
652 2163 828 2228 ξύλοις
883 2161 1241 2216 ἐκτανύεσθαι
1298 2161 1409 2232 (b)°
1462 2159 1749 2213 ἐκέλευσεν
1803 2157 1861 2211 δὲ
1912 2156 2007 2210 καὶ

417 2256 630 2318 πάντας
678 2255 806 2317 τοὺς
864 2254 1153 2321 συγγενεῖς
1209 2252 1381 2322 αὐτῆς
1436 2252 1563 2314 τοὺς
1611 2251 1817 2313 αἰτίους
1869 2247 2007 2319 σφά-

420 2344 646 2410 ζεσθαι·
680 2344 777 2416 τὴν
826 2344 883 2397 δὲ
930 2343 1193 2413 Θεοδότην
1246 2343 1363 2414 ἀμα
1399 2342 1479 2411 τῷ
1519 2342 1671 2412 ἀνδρὶ
1718 2342 1886 2412 αὐτῆς
1929 2340 2007 2410 τῷ

421 2436 653 2511 ῥεύματι
697 2436 939 2509 ἔρριψεν.
981 2436 1045 2490 Οἱ
1086 2435 1144 2489 δὲ
1194 2435 1406 2489 πολῖται
1441 2434 1863 2497 ἐπαναστάντες,
1914 2431 2006 2485 τὸν

433 2529 720 2599 Ἀρσάκιον
773 2529 937 2592 λίθοις
975 2528 1048 2599 (f.
1088 2528 1155 2582 '75
1193 2527 1244 2595 ὁ)
1285 2525 1530 2591 ἐδίωξαν,
1574 2526 1668 2577 καὶ
1724 2521 2007 2594 προχειρί-

421 2620 612 2684 ζονται
653 2620 917 2674 Ἀττικόν.
953 2621 1064 2673 Καὶ
1100 2617 1281 2672 λαϐὼν
1310 2618 1338 2669 ὁ
1372 2616 1655 2687 Ἀρκάδιος
1694 2614 1870 2667 πάντα
1915 2613 2009 2667 τὸν

422 2712 625 2783 κόσμον
665 2711 758 2765 τοῦ
804 2710 1057 2783 σώματος
1091 2710 1193 2780 τῆς
1239 2706 1534 2773 Εύδοξίας,
1576 2706 1876 2761 ἐνέκλεισεν
1909 2705 2008 2759 αὐ-

419 2804 520 2874 τήν
560 2804 618 2855 ἐν
652 2802 1007 2873 κουϐουκλίῳ.
1040 2802 1226 2872 διείρας
1257 2800 1516 2871 ισχυρῶς,
1548 2797 1889 2872 πειρώμενος
1912 2796 2010 2850 αὑ-

421 2894 523 2966 τὴν
546 2895 1079 2965 καὶλιμοκτονῆσαιο
1117 2892 1296 2946 λαϐὼν
1328 2893 1384 2946 δὲ.
1407 2893 1625 2946 ἅπαντα
1661 2891 1754 2943 τὸν
1783 2889 2006 2961 χρυσὸν,

422 2982 732 3054 θησαυροὺς
770 2982 1119 3035 κατέθεικεν·
1158 2980 1298 3035 ὥστε
1344 2981 1559 3053 ἐκείνην
1592 2980 1894 3052 πληγεῖσαν
1927 2980 2010 3032 αἱ·

425 3075 689 3147 μόρῤοιαν
728 3074 912 3127 λαϐεῖν
940 3074 1027 3144 (c).

486 3167 557 3221 λ’.
596 3167 666 3220 Ὃ
709 3163 804 3220 οῦν
845 3166 1099 3237 βασιλεὺς
1129 3168 1221 3221 τὸν
1266 3167 1555 3238 Ἀρσάκιον
1590 3164 1670 3234 (τι)
1701 3165 1794 3217 καὶ
1845 3162 2009 3217 Ἀκά-

423 3277 541 3314 κιον
591 3260 685 3314 τὸν
750 3260 1009 3332 Βεροίας,
1069 3261 1164 3314 καὶ
1222 3262 1349 3324 τοὺς
1408 3259 1500 3312 τὸν
1548 3258 1706 3325 λόγον
1750 3256 2010 3311 Θεοφίλου

422 3349 732 3416 ποιοῦντας,
775 3353 980 3423 πέμπει
1013 3354 1093 3416 είς
1125 3352 1345 3423 Ῥώμην
1379 3349 1712 3420 Ἰννοκεντίῳ
1740 3347 1819 3419 τῷ
1853 3348 2012 3420 πάπᾳ

427 3442 546 3511 μετ’
576 3442 866 3512 ἐπιστολῆς
922 3440 1209 3512 τοιαύτης·
1251 3460 1270 3492 ι
1314 3439 1596 3512 Ἀρκάδιος
1647 3439 1761 3503 υίὸς
1815 3438 2011 3508 ὑμέτε-

428 3548 552 3603 ρος.
592 3534 657 3604 τῇ
706 3533 949 3603 ὑμετέρα
997 3532 1321 3603 πατριότητι
1372 3533 1430 3583 ἐν
1487 3530 1709 3602 Χριστῷ
1773 3529 2008 3599 χαίρειν·

425 3621 637 3685 Πάντες
675 3622 950 3693 ἄνθρωποι
989 3622 1188 3686 ίσασιν,
1228 3624 1310 3677 ὅτι
1343 3623 1413 3676 τά
1445 3622 1587 3676 κατά
1616 3621 1841 3689 ἄγνοιαν
1885 3618 2010 3674 οὕτε

423 3709 562 3773 Θεὸς
599 3709 721 3763 οὕτε
765 3712 919 3781 νόμοι
968 3710 1300 3774 ἑκδικοῦσιν,
1332 3710 1446 3763 ἀλλ’
1479 3709 1598 3763 ούδέ
1651 3709 1811 3773 ἄλλος
1869 3708 2012 3780 ὑπὲρ

425 3802 586 3856 ἄλλου
624 3801 780 3873 δίκην
816 3802 972 3856 τίσει.
1012 3802 1182 3856 Τοῦτο
1220 3803 1277 3855 δέ
1319 3802 1457 3872 ἔφην
1507 3800 1869 3872 πληροφορῶν
1910 3800 2011 3870 τὴν

426 3894 527 3965 σὴν
556 3895 829 3963 ὁσιότητα,
872 3893 1279 3965 ἐπομνυόμενος
1306 3894 1367 3947 τὸ
1397 3911 1475 3946 πα
1487 3892 1736 3963 θτεπόχον
1766 3894 1835 3961 (e)
1874 3890 2009 3945 Θεοῦ

428 3986 647 4057 κράτος,
686 3987 770 4038 ὅτι
801 3985 853 4038 τί
886 3985 1084 4057 συνέϐη
1128 3985 1270 4039 κατά
1309 3986 1377 4038 τά
1410 3985 1666 4048 ἐνταῦθα,
1713 3985 1815 4038 οὐκ
1858 3980 2008 4037 οἶδα·

430 4075 620 4147 μαθὼν
663 4075 721 4129 δέ
772 4076 1012 4147 ἀρτίως.
1070 4077 1254 4129 πᾶσαν
1308 4075 1588 4147 ἐκδίκησιν
1650 4076 1882 4146 ἐποίησα
1932 4074 2013 4144 τῷ

429 4167 736 4239 πράγματι.
785 4167 910 4233 Τοῖς
957 4167 1068 4239 γὰρ
1122 4167 1358 4239 ἱερεῦσιν
1408 4168 1469 4221 τὸ
1517 4171 1690 4239 κρῖμα
1746 4168 2008 4230 ἀποδοὺς,

428 4257 541 4328 ἐγὼ
572 4258 823 4329 οὐδαμῶς
876 4259 1211 4332 ἐκοινώνησα
1258 4260 1336 4330 τῷ
1384 4261 1636 4331 κρίματι,
1668 4260 1784 4313 ἀλλ’
1826 4259 1902 4324 ώς
1946 4258 2012 4312 ἀν

430 4350 667 4404 συν;ῖδον
706 4350 1085 4422 διεπράξαντο,
1116 4351 1193 4414 ὡς
1234 4350 1393 4421 ἔφην,
1446 4351 1710 4420 μηδαμῶς
1754 4367 1855 4420 μου
1901 4352 2013 4413 τοῖς

428 4443 849 4513 ἐπιχειρήμασιν
896 4442 1076 4496 αὐτῶν
1135 4446 1585 4514 κοινωνήσαντος.
1632 4443 1763 4496 Ἰδοὺ
1810 4442 1875 4513 δὴ
1918 4443 2014 4496 καὶ

428 4533 555 4596 τοὺς
593 4532 799 4595 αἰτίους
845 4532 1144 4586 ἀπέστειλά
1196 4551 1304 4587 σοι·
1349 4533 1408 4599 ἐξ
1458 4533 1637 4586 αὐτῶν
1692 4532 1909 4604 μαθήσῃ
1964 4533 2012 4585 εί

428 4623 601 4692 ἔγνων
632 4640 686 4676 τι
719 4622 829 4677 τῶν
868 4622 1010 4677 οὕτω
1037 4625 1377 4695 νεωτερικῶς
1403 4624 1741 4696 προϐάντων.
1788 4624 2014 4687 Ἐτάσας

427 4712 521 4770 οῦν
554 4717 624 4769 τὰ
649 4717 711 4770 οὐ
746 4717 814 4769 δι’
852 4716 987 4787 ἐμοῦ
1029 4718 1364 4788 πραχθέντα,
1397 4718 1491 4770 καὶ
1520 4715 1717 4787 εὑρὼν,
1747 4717 1872 4780 ἄνες
1914 4716 2014 4786 τῆς

429 4808 808 4879 πνευματικῆς
859 4825 959 4878 μου
999 4810 1244 4880 φρουρᾶς
1272 4809 1371 4878 ἐμέ
1410 4826 1469 4861 τε
1501 4809 1596 4861 καὶ
1624 4809 1725 4878 τὴν
1776 4807 1873 4879 σὴν
1919 4807 2014 4861 θυ-

504 4918 581 4992 (α)
624 4920 899 4987 Breviore,
943 4937 1105 4991 quam
1151 4938 1249 4992 par
1294 4930 1405 4985 est,
1431 4921 1519 4992 via
1566 4920 1788 4976 festinat
1831 4923 1895 4976 ad
1935 4924 2010 4977 rci

430 4991 637 5046 exitum
685 5000 872 5046 noster
906 4991 1246 5046 Theodorus.
1302 4991 1519 5045 Etenim
1555 4992 1773 5046 aliunde
1802 5003 2015 5048 constat

429 5061 875 5131 Chrysostomum
900 5063 955 5116 in
978 5062 1167 5116 exsilio
1194 5062 1580 5131 triennioesse
1610 5073 1904 5117 versatum.

503 5130 574 5205 (li)
618 5131 879 5205 Georgius
898 5149 953 5203 p.
995 5134 1101 5188 2&9
1130 5134 1248 5199 lin.,
1288 5133 1346 5185 ἐν
1388 5130 1568 5198 ξύλοις
1613 5132 2010 5205 κρεμασθῆναι,

430 5202 586 5273 lignis
606 5202 871 5273 suspendi.

505 5272 570 5344 (ς)
612 5270 725 5326 Imo
750 5288 812 5327 ex
846 5274 948 5327 hac
977 5272 1229 5342 passione
1263 5272 1587 5344 exstinctam
1635 5271 2015 5344 miserabiliter

430 5341 680 5413 [indeque
717 5341 1038 5406 Eudoxiam,
1078 5355 1263 5397 narrat
1308 5343 1453 5413 apud
1503 5343 1822 5413 prcdictum
1857 5341 2015 5396 savi-

429 5412 561 5484 liu_m
604 5413 832 5484 p._568,
869 5429 1170 5484 auonymus
1220 5412 1588 5484 biographus;
1636 5412 1809 5484 cujus
1850 5413 2012 5467 verba

428 5481 622 5555 saltem
653 5481 839 5539 Graece
863 5481 1094 5555 recitare
1113 5481 1656 5555 Ῑυναιιλίμορροίας
1686 5485 1720 5555 ή
1754 5481 2015 5555 δύστηνος

433 5550 657 5625 ξὶύδοξία
727 5550 1129 5625 περιπεσοῦσα
1152 5550 1431 5625 συμφορᾷ,
1469 5550 1565 5607 καὶ
1608 5550 1784 5625 ταύτῃ
1828 5550 2015 5617 δεινῶς

429 5619 569 5695 ἄγαν
602 5619 997 5695 μαραινομένῃ,
1017 5628 1117 5694 τήν
1145 5642 1204 5695 τε
1226 5619 1531 5695 ’λεγομένην
1566 5619 1799 5693 σύριγγα
1823 5625 1879 5695 ἐν
1901 5625 2012 5687 τοῖς

433 5692 776 5766 ἀποκρύφοις
816 5692 1155 5766 ἐκϐράσασα,
1186 5692 1451 5766 δυσωδίας
1487 5692 1546 5766 τε
1584 5692 1680 5748 καὶ
1715 5693 2014 5766 σκωλήκων

429 5761 537 5837 ελῳ
568 5761 647 5834 τῷ
670 5761 907 5837 σώματι
923 5761 1315 5837 ξπληρωθεῖσα,
1339 5765 1416 5837 ῶς
1460 5764 1641 5837 πάσας
1672 5765 1770 5837 μέν
1813 5761 2012 5837 ἰατρῶν

431 5831 648 5907 τέχνας,
674 5831 853 5902 πάσας
890 5835 946 5891 δὲ
973 5831 1282 5906 ἀρωμάτων
1304 5835 1389 5890 ἐπ’
1420 5834 1557 5906 αὐτῇ
1584 5831 1810 5899 εὐωδίας
1838 5831 2010 5906 ἀργῆ-

1580 387 1930 446 τηεοῡοιιι
1970 388 2498 447 TRIMITHUNTINI
2570 374 2585 385 '

3492 385 3694 446 Lixxtv

2110 507 2339 580 γατέρα,
2365 502 2433 579 ἧς
2460 506 2523 559 τὸ
2567 505 2788 576 σφάλμα
2816 507 2874 560 ἐν
2914 503 3105 568 κόποις
3143 504 3429 560 ἀπέδωκαο
3458 505 3572 559 ἀλλ’
3611 504 3698 559 οῖ’

2106 614 2323 669 κτειρον
2380 599 2457 662 ὡς
2509 597 2630 661 ἐθος
2684 614 2785 652 σοι.
2831 596 2923 665 Μὴ
2978 592 3071 650 οὖν
3123 595 3313 649 ἑκδίκα
3361 596 3444 659 δὶς
3490 598 3583 649 ἐπὶ
3631 594 3695 649 τδ

2104 690 2267 751 αὐτὸ.
2321 689 2456 743 ἀλλά
2529 689 2785 743 κέλευσον
2840 690 2990 758 ἡμᾶς
3045 687 3141 740 τοῦ
3215 685 3533 755 ἀγιαστικοῦ
3598 691 3693 740 καὶ

2104 782 2375 852 ἀχράντου
2406 780 2657 853 σώματος
2687 779 2782 833 τοῦ
2813 780 3019 851 Κυρίου
3049 779 3206 849 ἡμῶν
3242 778 3418 849 Ἰησοῦ
3449 776 3690 849 Χριστοῦ

2107 878 2417 945 μετασχεῖν,
2449 874 2543 927 καὶ
2595 873 2669 944 μὴ
2722 871 3066 944 διακωλύσῃς
3113 872 3297 943 ήμάςο
3340 870 3431 924 διὰ
3475 870 3582 943 γὰρ
3630 870 3693 923 τὸ

2102 966 2273 1038 ὅνομα
2316 965 2503 1029 αὐτοῦ,
2535 966 2627 1018 καὶ
2673 964 2773 1034 τὴν
2818 963 2917 1033 σὴν
2963 962 3282 1035 θεραπείαν,
3322 961 3460 1032 (καὶ)
3493 961 3591 1034 τὴν
3633 964 3691 1015 ἑν

2103 1058 2266 1113 πάθει
2305 1056 2661 1112 κακοθέλειαν
2691 1055 2998 1127 γεναμένην
3028 1055 3108 1117 είς
3136 1055 3305 1125 ἡμᾶς,
3322 1053 3479 1107 τοῦτο
3514 1054 3692 1126 ἐποιή-

2115 1166 2289 1222 σαμεν
2327 1152 2474 1225 (ιιι

2136 1243 2275 1297 -λα’.
2313 1242 2520 1312 Γράφει
2568 1240 2626 1294 δὲ
2674 1238 2824 1310 αὐτῷ
2862 1240 2957 1292 καὶ
2998 1237 3223 1304 Εύδοξία
3246 1255 3259 1268 ·
3299 1258 3316 1289 ι
3349 1237 3526 1309 Πατρὶ
3571 1238 3691 1309 ἐμῷ

2105 1332 2460 1405 πνευματικῷ
2498 1335 2558 1386 ἐν
2604 1333 2797 1402 Κυρίῳ
2835 1330 3063 1402 χαίρειν
3112 1329 3247 1383 Δίαν
3282 1329 3392 1399 ἐγὼ
3451 1329 3693 1397 πέσφαλ-

2106 1444 2226 1496 μαι,
2259 1426 2341 1479 ὃτι
2366 1425 2473 1477 τῶν
2496 1424 2814 1494 γεναμένων
2842 1424 2921 1485 είς
2951 1422 3051 1492 ἐμὲ
3085 1421 3321 1475 ἀνιάτων
3354 1422 3450 1475 καὶ
3478 1421 3689 1489 ἀλόγων

2103 1517 2316 1589 ὕϐρεων
2365 1514 2518 1588 παρά
2580 1516 2829 1569 Ἰωάννου
2877 1514 2978 1567 οὐκ
3032 1514 3312 1584 ἀνήγαγον
3351 1515 3417 1584 τῇ
3468 1514 3534 1583 σῇ
3592 1514 3690 1565 ἑπ-

2103 1607 2273 1677 εξόχῳ
2307 1604 2382 1677 (g)
2435 1605 2681 1676 κεφαλῇ·
2721 1604 2942 1667 πάντως
2988 1602 3098 1673 γάρ
3146 1602 3287 1674 ὑπὲρ
3312 1601 3446 1673 ἐμοῦ
3482 1603 3689 1670 ἀγανα-

2102 1700 2302 1770 κτῆσαι
2342 1695 2506 1769 εἶχες.
2545 1698 2731 1751 Πάσαν
2770 1695 2879 1765 γὰρ
2914 1694 3080 1763 ,αύτῷ
3122 1693 3286 1764 τιμὴν
3329 1691 3692 1765 εἰσφερούσης

2106 1811 2231 1865 μου,
2263 1793 2405 1847 πάνυ
2439 1790 2663 1862 ἀτιμίαν
2715 1787 3097 1858 ἀντεισέιρερέν
3131 1802 3253 1858 μοι·
3286 1786 3383 1839 καὶ
3433 1784 3691 1848 πολλάκις

2103 1884 2255 1956 παρά
2282 1882 2493 1938 πολλῶν
2523 1881 2876 1954 παραινεθεὶς
2908 1877 3223 1933 παύσασθαι
3254 1877 3362 1930 τῶν
3396 1876 3514 1930 κατ’
3547 1875 3686 1947 ἐμοῦ

2103 1978 2190 2030 ἐπ’
2219 1975 2515 2046 ἐκκλησίας
2558 1974 2770 2045 ὕϐρεων
2802 1972 2912 2026 τῶν
2948 1970 3208 2034 πολλάκις
3253 1972 3374 2023 κατ’
3404 1968 3547 2039 ἐμοῦ
3592 1985 3691 2038 κη-

2105 2069 2475 2141 ρυττομένων,
2502 2068 2604 2121 οὐκ
2647 2066 2945 2127 ἐπαύσατο,
2993 2064 3110 2119 ἀλλ’
3156 2063 3410 2135 ὀξύτερος
3450 2062 3546 2115 καὶ
3596 2063 3694 2132 ἐμ-

2107 2160 2436 2233 μανέστερος
2466 2159 2595 2229 περὶ
2641 2159 2809 2222 αὑτὰς
2857 2158 3068 2225 ἐγίνετο
3111 2156 3208 2228 (Ιι).
3246 2156 3342 2218 Τίς
3386 2153 3496 2226 γάρ
3544 2153 3694 2223 αὺτῷ

2102 2251 2262 2305 τοῦτο
2301 2251 2707 2321 παραδέδωκεν,
2736 2249 2797 2303 τὸ
2832 2248 2974 2320 μετά
3009 2249 3106 2311 τὰς
3153 2248 3317 2317 ἁγίας
3364 2246 3473 2301 τῶν
3516 2246 3693 2314 Εὐαγ-

2104 2343 2298 2412 γελίων
2324 2341 2576 2414 γραφάς,
2609 2341 2818 2411 ὕϐρεων
2850 2339 3161 2412 ἀκορέστων
3199 2338 3297 2400 τάς
3342 2336 3512 2401 ἀκοάς
3554 2336 3693 2391 πάν·-

2103 2452 2210 2487 των
2256 2435 2534 2505 πιμπλᾷνς
2573 2434 2782 2503 ἀγνοῶν
2813 2434 2895 2487 ὅτι
2922 2433 3023 2485 οὐκ
3057 2434 3114 2485 ἐν
3144 2433 3267 2503 ἐμοὶ
3300 2431 3474 2485 ταῦτα
3518 2446 3692 2502 προσ-

2104 2524 2321 2597 έφερεν,
2344 2525 2480 2578 ἀλλά
2508 2527 2627 2588 ταῖς
2671 2524 2844 2587 θείαις
2873 2522 3244 2586 διδασκαλίαις
3270 2518 3358 2585 αἶς
3401 2521 3510 2574 ἔδει
3555 2522 3689 2589 παρ’

2106 2616 2270 2670 αὐτοῦ
2321 2615 2737 2687 ἑρμηνεύεσθαι.
2785 2614 2955 2668 Τοῦτο
2986 2614 3043 2668 δὲ
3091 2613 3451 2683 γινώσκουσιν
3500 2613 3595 2666 καὶ
3643 2613 3692 2665 οί

2106 2709 2537 2772 ἑνδιαϐάλλοντες
2582 2709 2730 2779 ἡμᾶς
2773 2709 2840 2778 τῇ
3004 2708 3304 2778 περιφήμῳ
3344 2704 3492 2777 ἀξίᾳ.
3536 2704 3600 2757 Εἰ
3634 2702 3694 2758 δέ

2106 2801 2339 2873 θελήσῃς
2372 2803 2521 2875 πάσῃ
2573 2801 2829 2873 ἀκριϐείᾳ
2871 2802 2935 2853 τὸ
2989 2800 3202 2854 τοιοῦτο
3249 2798 3502 2869 ζητῆσαι,
3537 2794 3696 2868 παρὰ

2110 2894 2317 2949 πολλῶν
2348 2892 2813 2966 πληροφορηθήσῃ
2850 2894 2931 2946 ὅτι
2958 2892 3057 2961 οῦχ
3087 2891 3290 2963 ἑτέρως
3320 2889 3555 2961 ἔγραψα.
3587 2889 3695 2942 Ἴδη

2108 2985 2361 3057 προφανῆ
2394 2985 2456 3054 (ἰ)
2491 2984 2785 3057 μαρτύρων
2830 2985 2965 3057 πρὸς
2998 2985 3216 3038 ἀπασαν
3267 2981 3366 3053 τὴν
3410 2981 3691 3053 ἀλήθειαν,

2108 3077 2266 3131 άτινα
2291 3076 2610 3147 διηκόνησεν
2642 3077 2922 3148 ἑκατέροις
2951 3077 3021 3130 τά
3055 3077 3191 3148 πρὸς
3228 3076 3484 3148 είρήνηψ
3513 3075 3580 3129 δι’
3616 3069 3694 3130 ὧν

2109 3170 2205 3223 καὶ
2237 3167 2384 3239 δῶρα
2424 3167 2596 3221 πολλὰ
2623 3169 2923 3223 ἀπέστειλα
2950 3168 3118 3239 αὐτῷ,
3150 3169 3308 3223 ἄτινα
3348 3168 3398 3221 εί
3427 3162 3575 3237 εἶχεν
3603 3167 3693 3219 πί-

2111 3278 2225 3314 στιν
2277 3258 2435 3323 Θεοῦ,
2485 3258 2718 3328 ῶφειλεν
2780 3261 2941 3315 αὑτὸν
3008 3258 3359 3330 ἐπιστομίσαι
3417 3257 3518 3328 τῆς
3568 3257 3691 3311 κατ’

2109 3347 2243 3420 ἐμοῦ
2281 3347 2476 3417 ἀλόγου
2509 3331 2801 3419 φλυαρίας.
2850 3348 3004 3401 Εἰσὶν
3044 3347 3102 3400 δὲ
3157 3340 3323 3412 οῦτοι,
3360 3343 3637 3419 Ἠρωδίων
3662 3345 3695 3398 ὁ

2111 3440 2418 3511 πατρίκιος,
2450 3440 2600 3504 ὅστις
2639 3440 2776 3511 πρὸς
2820 3438 2913 3493 τοῦ
2951 3440 3045 3493 σοῦ
3092 3437 3233 3505 υἱοῦ,
3262 3438 3421 3510 ἡμῶν
3464 3436 3521 3490 δὲ
3568 3453 3694 3490 συν-

2111 3531 2325 3602 θρόνου,
2362 3530 2643 3600 ἀπεστάλη
2681 3530 2797 3600 ἅμα
2835 3528 3094 3600 Ἰωϐιανῷ
3132 3528 3239 3583 ἀπὸ
3281 3525 3691 3601 στρατηλατῶν.

2111 3625 2204 3677 καὶ
2236 3622 2635 3694 Συγκλητικός·
2685 3614 2834 3674 οὗτοι
2875 3621 2925 3674 οἱ
2983 3624 3133 3692 τρεῖς
3182 3621 3337 3692 παρά
3391 3620 3473 3672 σοί
3516 3620 3686 3673 εἰσιν·

2111 3715 2346 3769 ἐνταῦθα
2392 3715 2452 3768 δέ
2502 3714 2773 3786 Ἰσίδωρος
2832 3714 3079 3784 κυέστωρ
3129 3713 3224 3766 καὶ
3294 3709 3693 3781 σωματοφύλαξ

2109 3808 2218 3861 τῶν
2247 3808 2531 3879 ἡμετέρων
2571 3805 2864 3868 κοιτώνων,
2901 3792 3100 3870 Βύζας,
3133 3805 3227 3860 καὶ
3263 3804 3559 3876 Ῥώμιλλος
3599 3804 3692 3857 καὶ

2110 3896 2218 3949 ἀπὸ
2245 3896 2507 3966 ὑπάρχων
2551 3893 2661 3947 τῶν
2706 3896 3078 3966 πραιτωρίων,
3113 3895 3207 3948 καὶ
3250 3895 3352 3965 τῆς
3387 3893 3689 3966 συγκλήτου

2115 3989 2295 4051 ἱκανός
2326 3988 2411 4057 (j).
2459 3987 2599 4039 Ἀλλ’
2637 3986 2790 4041 οὐδὲν
2834 3986 3022 4058 ἕτερον
3070 3986 3355 4049 ἔσπευσεν,
3384 3988 3432 4039 εί
3478 3986 3553 4056 μὴ
3599 3984 3691 4038 τὸν

2112 4079 2375 4151 ἡμέτερον
2410 4077 2701 4149 σύνθρονον
2743 4076 3116 4136 σκανδαλίσαι,
3146 4077 3232 4130 ἵνα
3272 4077 3373 4145 τῆς
3416 4074 3692 4146 βασιλείας

2122 4189 2190 4242 με
2225 4169 2423 4242 ἐξώσῃ.
2457 4172 2644 4242 Ὅμως
2681 4173 2709 4224 ὁ
2745 4170 2878 4233 Θεὸς
2919 4170 3249 4241 ἀμφοτέροις
3296 4169 3535 4222 δικάσοιί
3579 4167 3692 4239 Τὴν

2111 4263 2221 4332 γάρ
2254 4261 2527 4333 βασιλείαν
2563 4262 2597 4333 ἡ
2649 4260 2914 4332 ἱερωσύνη
2946 4264 3217 4330 τυραννεῖ.
3250 4258 3563 4331 Παρακαλῶ
3598 4254 3692 4313 οὖν

2113 4352 2283 4406 ταῦτα
2333 4352 2567 4424 ζητῆσαι
2618 4351 2787 4422 χωρὶς
2838 4350 3067 4423 θορύϐου
3122 4351 3217 4404 καὶ
3273 4350 3545 4417 διανοίας,
3597 4351 3693 4405 καὶ

2115 4443 2358 4514 κυρῶσαι
2387 4447 2466 4507 εἰς
2508 4445 2654 4515 ἡμᾶς
2700 4443 2942 4514 ἀγάπην,
2975 4442 3116 4496 κατὰ
3163 4442 3225 4495 τὸ
3271 4444 3688 4515 γεγραμμένον

2115 4538 2209 4590 καὶ
2256 4537 2358 4606 τῆς
2391 4537 2552 4605 ἀγίας
2592 4535 2921 4607 Ἐκκλησίας
2970 4536 3177 4600 πάντας
3221 4535 3690 4607 προσδεχομένης,

2119 4626 2192 4698 μὴ
2223 4627 2384 4689 αὐτὸς
2415 4626 2523 4679 τῶν
2567 4626 2823 4695 ἀγκαλῶν
2865 4625 3037 4695 αὐτῆς
3071 4627 3339 4697 στερήσῃς
3381 4627 3549 4697 ἡμᾶς.
3581 4625 3694 4678 Καὶ

2114 4721 2173 4772 ἐν
2200 4718 2389 4789 Κυρίῳ
2415 4719 2645 4789 ἔρρωσο,
2671 4718 2821 4789 τίμιε
2850 4717 3032 4788 Πάτερ
3064 4716 3157 4786 (k).
3198 4736 3217 4769 ι

2190 4810 2272 4881 (F.
2304 4810 2373 4864 76
2402 4808 2481 4881 α.)
2511 4808 2610 4879 λβ⁹.
2664 4808 2967 4879 Δεξάμενος
2994 4808 3052 4862 δὲ
3087 4808 3157 4863 τά
3181 4809 3486 4881 γράμματα
3514 4807 3692 4862 αὐτῶν

2119 4941 2228 4989 σαι,
2257 4924 2341 4976 ἐπ’
2375 4922 2565 4994 αὑταῖς
2587 4922 2843 4994 ἐᾼσχάτοαις
2870 4921 3187 4994 ἀναπνοαῖς,
3221 4921 3343 4976 καθ’
3364 4921 3453 4994 ἃς*
3463 4921 3693 4994 μάλιστα

2115 4996 2176 5078 ἐδ
2228 4993 2462 5078 συνειδὸς
2502 4992 2857 5078 σφοδρότερον
2904 4993 3046 5047 κατά
3090 4993 3215 5078 τῶν,
3257 4991 3475 5078 πονῃρά
3488 5009 3694 5078 ασυνεις

2115 5064 2285 5118 δότων
2343 5066 2554 5126 ἑαυτοῖς
2614 5062 3011 5134 ἐπανίσταται,
3055 5062 3305 5133 μεγάλως
3355 5062 3554 5134 ἑαυτῆς
3600 5064 3693 5117 ἐπὶ

2114 5139 2227 5198 τοῖς
2257 5136 2336 5196 είς
2381 5133 2472 5186 τὸν
2506 5134 2677 5202 μέγαν
2707 5133 3133 5204 τετολμημένοις
3177 5133 3687 5199 καταγινώσκουσα,

2117 5206 2463 5276 ἐλεειναῖςξτε
2492 5204 2666 5276 ,αύτὸν
2700 5204 2793 5257 καὶ
2819 5205 3084 5276 ,οἰκτραῖς
3108 5204 3244 5276 ἄγαν
3275 5204 3690 5276 ἀνακαλουμένη

2117 5278 2343 5343 φωναῖς,
2377 5273 2874 5345 ἀποδεδωκυῖατὸν
2920 5273 3239 5345 ἀμπελῶνα,
3275 5275 3367 5327 καὶ
3412 5274 3479 5327 τά
3509 5273 3689 5345 ἁρπαέ

2117 5342 2284 5416 γέντα
2328 5347 2458 5416 τοῖςΔ
2488 5342 2861 5416 ἠδικημένοις,
2897 5342 3013 5415 μετ’
3055 5345 3300 5416 οίμωγῆς
3350 5342 3560 5416 ἀφάτοιξ
3598 5345 3691 5398 καὶ

2116 5415 2307 5485 ὀδύνης
2344 5413 2588 5485 ἐξέψυξε,
2625 5413 2759 5485 μηδέ
2802 5413 2907 5483 τῆς
2947 5413 3123 5485 σοροῦ
3152 5413 3357 5484 ταύτην
3387 5414 3691 5485 παραδεχο-

2120 5432 2307 5485 οουνης
2344 5431 2588 5477 εςεηυςε,
2625 5431 2759 5483 μηοε
2802 5432 2904 5483 της
2947 5431 3009 5467 σο
3078 5434 3108 5467 υ
3152 5432 3357 5484 ταυτην
3387 5431 3689 5485 παραοεχο-

2120 5487 2288 5556 μένης
2336 5444 2474 5554 μετά
2524 5485 2622 5555 τήν
2670 5484 2944 5556 τελευτήν.
2994 5431 3193 5539 ﬁdem
3247 5485 3379 5539 dicit
3428 5485 3689 5556 Georgius

2117 5553 2170 5627 p.
2211 5553 2688 5627 2‘53,'7_czeteroqui
2731 5553 3280 5627 Theodorusnoster
3324 5555 3689 5627 supervixisse

2116 5624 2428 5708 aliquandiu
2485 5632 2635 5705 certe
2679 5627 2757 5708 ⁸τῇ
2824 5625 3119 5708 αἱμορροία
3178 5624 3519 5708 existimabat
3578 5626 3690 5707 Fiu-

2115 5680 2352 5758 doiiam,
2412 5695 2568 5761 cujus
2617 5680 2757 5749 infra
2807 5680 3451 5764 referi'expostulantem
3510 5695 3691 5764 potius

2119 5782 2279 5836 quam
2340 5772 2688 5846 excusantem
2729 5764 3002 5847 epiftoiam
3038 5766 3113 5847 αα
3177 5763 3536 5847 Ιηιιοανιιὶιιιη
3587 5782 3690 5847 ηιρ-

2124 5834 2270 5908 pam,
2317 5835 2573 5907 scriptam
2621 5835 2742 5892 sine
2791 5834 2958 5892 dubio
2998 5842 3282 5905 postquam
3331 5835 3400 5891 ab
3456 5834 3692 5892 Arcadio
