4114 6392
413 389 596 434 LXXIV

411 496 560 552 (edes
589 494 752 565 jussit
779 504 835 550 et
879 497 1172 569 impensas,
1219 503 1408 558 dicens
1441 523 1453 559 :
1501 525 1520 556 ι
1557 504 1746 561 Securi
1781 507 1834 561 in
1868 509 2001 563 urbe

410 587 724 654 versemini,
744 591 921 646 donec
950 607 1050 664 ego
1081 594 1285 664 reliqua
1314 597 1495 650 omnia
1523 612 1882 668 cognovero.)
1915 599 2004 652 Si-

411 683 631 751 mulque
657 683 840 752 jussit,
877 693 938 740 ut
975 685 1213 742 Joannes
1242 689 1534 759 cmterique
1580 692 1648 745 ab
1680 693 1869 746 exsilio
1894 693 2002 745 cito
2055 706 2069 718 '

412 785 858 844 reportarentur;
903 789 1281 835 verumtamen
1321 781 1590 837 Joannem
1624 784 1749 839 vita:
1778 801 2000 839 cursum

410 883 816 924 consummasse
841 870 1122 926 intellexit.

480 958 550 1012 29
614 959 817 1014 Deinde
877 961 1180 1030 requisivit,
1207 982 1224 1014 ι
1250 959 1480 1017 Ubinam
1502 962 1662 1034 legati
1687 964 1994 1022 Romani?»

416 1047 744 1120 Dictumque
775 1061 859 1106 est
906 1055 954 1106 ei
987 1055 1054 1108 de
1099 1055 1216 1108 loco
1268 1054 1359 1108 ubi
1408 1055 1484 1109 illi
1513 1057 1756 1124 conclusi
1789 1058 2002 1113 detine-

414 1142 633 1196 bantur.
669 1143 994 1214 Mittensque
1039 1147 1327 1201 accersivit
1356 1163 1450 1202 eos
1475 1149 1586 1217 jam
1618 1150 1856 1205 animam
1891 1168 2002 1221 prae

416 1234 561 1289 fame
591 1246 833 1305 agentes.
867 1237 1062 1308 Aitque
1093 1240 1198 1295 illis
1224 1241 1519 1310 imperator
1552 1261 1564 1296 :
1606 1263 1622 1294 ι
1656 1241 2000 1313 Quantojam

414 1334 678 1394 tempore,
712 1336 766 1380 et
787 1327 944 1396 cujus
970 1345 1134 1398 opera
1164 1331 1359 1386 reclusi
1394 1331 1602 1386 fuistis?
1638 1353 1656 1383 ι
1693 1334 1953 1388 Dixerunt
1985 1355 1995 1388 :

426 1439 444 1470 ‹
483 1420 526 1471 Α
580 1419 820 1474 Mariano
865 1421 1157 1493 liberisque
1186 1426 1324 1495 ejus,
1377 1426 1570 1497 exiguo
1613 1443 1754 1496 pane
1782 1438 1836 1482 et
1865 1445 2001 1498 aqua

415 1510 694 1574 macerati,
729 1511 876 1565 omni
903 1513 1169 1583 colloquio
1201 1517 1484 1585 prohibiti,
1515 1517 1633 1572 sine
1660 1519 1839 1572 balnei
1875 1535 1996 1583 usu,

415 1600 532 1654 sine
563 1601 673 1655 ullo
711 1602 947 1658 lucerna:
981 1606 1206 1669 lumine,
1252 1618 1446 1676 quarto
1487 1610 1684 1663 abhinc
1729 1626 1934 1664 mense.
1976 1630 1994 1661 ι

416 1691 543 1746 llaec
593 1692 721 1747 dum
783 1696 859 1749 illi
921 1697 1191 1763 dicerent,
1238 1700 1466 1770 Augusti
1512 1702 1720 1755 viscera
1777 1713 2001 1772 torque-

417 1785 642 1850 bantur;
674 1788 937 1857 iussitque
969 1805 1064 1843 eos
1093 1791 1238 1844 omni
1270 1793 1460 1845 solatio
1489 1793 1743 1848 recreari.
1776 1792 2001 1848 Statim-

415 1893 520 1944 que
540 1877 838 1934 Marianum
861 1880 1165 1951 liberosque
1192 1885 1312 1952 ejus
1335 1884 1387 1937 in
1417 1895 1718 1955 conspectu
1743 1887 2001 1941 Eudoxize

415 1970 622 2024 medios
663 1973 833 2025 secari
874 1974 1169 2038 mandavit,
1201 1976 1390 2030 volens
1417 1987 1472 2031 ut
1503 1978 1743 2047 ipsorum
1772 1994 2002 2048 corpora

418 2060 574 2131 lignis
605 2063 1052 2121 extenderentur.
1103 2066 1272 2121 Jussit
1313 2068 1537 2139 insuper
1575 2079 1635 2124 ut
1663 2071 1845 2125 cuncti
1889 2070 2000 2124 Au-

417 2162 588 2221 gustae
634 2153 942 2218 familiares,
975 2156 1064 2226 qui
1096 2158 1152 2211 in
1179 2173 1340 2212 causa
1373 2161 1624 2225 fuissent,
1655 2178 1808 2230 aeque
1851 2163 2004 2217 occi-

416 2244 704 2311 derentur;
741 2246 1077 2302 Theodotem
1109 2259 1289 2304 autem
1319 2266 1442 2304 cum
1475 2251 1590 2305 viro
1618 2268 1718 2307 suo
1748 2251 2001 2307 ﬂuctibus

418 2337 712 2408 submergi.
752 2338 904 2394 Tunc
934 2340 1082 2396 cives
1118 2342 1351 2396 tumultu
1383 2343 1524 2398 facto
1548 2344 1830 2398 Arsacium
1863 2346 2000 2415 lapi-

417 2427 611 2482 dantcs
650 2429 952 2499 ejecerunt,
997 2442 1052 2486 et
1098 2432 1338 2488 Atticum
1386 2435 1684 2505 elegerunt.
1738 2435 2002 2492 Arcadius

416 2522 674 2590 posthinc
735 2524 1051 2578 universum
1122 2527 1379 2582 Eudoxize
1445 2537 1698 2583 ornatum
1757 2529 1998 2595 abstulit,

425 2613 706 2684 ipsamque
748 2617 999 2671 cubiculo
1046 2619 1330 2684 conclusit,
1364 2621 1599 2691 graviter
1634 2622 1998 2687 verberatam;

419 2697 550 2774 quin
577 2714 632 2762 et
660 2707 800 2762 fame
833 2724 1062 2764 enecare
1093 2712 1336 2778 volebat;
1364 2713 1456 2766 sed
1479 2721 1626 2767 certe
1657 2714 1776 2781 ejus
1809 2729 2001 2768 aurum

421 2815 583 2854 omne
610 2801 738 2856 ﬁsco
766 2802 1001 2868 addixit;
1032 2804 1146 2874 ipsa
1176 2820 1306 2859 vero
1333 2821 1402 2859 ex
1428 2805 1750 2860 verberibus
1782 2806 2002 2878 sangui-

422 2891 508 2944 nis
534 2893 855 2961 proﬂuvium
879 2905 1099 2964 experta
1129 2906 1232 2950 est.

493 2985 580 3039 50.
622 2986 761 3057 Ergo
786 2987 1061 3058 Augustus
1107 2988 1392 3042 Arsacium
1416 2997 1578 3058 atque
1621 2989 1877 3043 Acacium
1906 2989 2005 3044 Be-

425 3091 580 3139 raaaa,
624 3085 679 3132 et
719 3094 813 3135 eos
854 3079 946 3149 qui
997 3079 1143 3134 dicto
1178 3079 1467 3150 Theophili
1513 3079 1730 3134 fuerant
1758 3081 1999 3146 obnoxii,

423 3165 572 3219 misit
601 3166 828 3222 Romam
874 3169 939 3223 ad
972 3169 1355 3223 Innocentium
1389 3184 1606 3238 papam,
1649 3184 1773 3223 cum
1811 3169 2004 3237 hujus-

425 3256 570 3311 modi
600 3257 866 3328 epistola:
907 3280 924 3311 ι
960 3259 1226 3315 Arcadius
1263 3260 1406 3315 ﬁlius
1453 3268 1657 3325 vester,
1689 3261 2036 3336 paternitati.

425 3356 619 3404 vestrae
655 3350 709 3403 in
739 3350 957 3406 Christo
1001 3352 1250 3406 salutem.
1282 3351 1473 3406 Sciunt
1509 3367 1701 3406 omnes
1730 3352 2001 3418 homines,

425 3454 488 3492 ea
514 3455 636 3508 quae
675 3456 774 3510 per
818 3441 1171 3512 ignorantiam
1217 3441 1358 3496 facta
1406 3451 1554 3504 sunt,
1595 3457 1626 3496 a
1657 3442 1868 3513 legibus
1893 3459 2004 3497 non

425 3532 638 3599 puniri;
671 3533 767 3587 sed
794 3550 970 3603 neque
999 3534 1135 3589 alter
1157 3550 1256 3604 pro
1283 3534 1455 3588 altero
1477 3549 1695 3603 poenam
1725 3535 1856 3589 luet.
1891 3533 2006 3589 Hoc

426 3625 532 3689 aio,
567 3635 625 3679 ut
652 3627 920 3681 sanctitati
950 3636 1143 3683 vestra;
1173 3627 1330 3682 ﬁdem
1367 3626 1580 3691 faciam,
1613 3643 1711 3697 per
1751 3627 1844 3682 Dei
1873 3628 2002 3683 uni-

427 3719 693 3773 versalem
741 3720 1037 3789 potentiam
1082 3720 1293 3789 jurans,
1347 3734 1433 3773 me
1467 3719 1604 3772 nihil
1649 3732 1835 3773 eorum
1885 3735 2006 3788 qua:

428 3810 518 3864 hic
569 3821 686 3864 acta
741 3821 870 3866 sunt
918 3813 1266 3883 cognovisse;
1315 3810 1543 3882 cognitis
1592 3819 1774 3864 autem
1808 3828 2002 3881 nuper,

427 3901 588 3972 plena
613 3901 816 3956 ultione
865 3902 921 3961 in
954 3916 1076 3956 reos
1115 3897 1584 3956 animadvertisse.
1628 3898 1842 3954 Etenim
1880 3917 2004 3955 cum

427 4009 529 4064 ego
555 3994 923 4048 sacerdotibus
959 3993 1220 4064 judicium
1271 3991 1538 4056 commisi,
1587 3991 1790 4045 nullam
1837 3997 1892 4046 in
1939 4008 2005 4054 eo

428 4087 562 4141 mihi
609 4096 820 4156 partem
869 4087 1160 4150 vindicavi,
1206 4086 1302 4141 sed
1348 4086 1452 4155 ipsi
1493 4093 1656 4155 prout
1688 4085 1790 4139 sibi
1829 4085 2005 4139 visum

429 4188 514 4233 est
543 4189 798 4249 egerunt;
825 4194 910 4232 me
937 4179 1264 4242 nullatenus,
1292 4188 1351 4233 ut
1375 4177 1506 4241 dixi,
1541 4177 1755 4232 illorum
1797 4177 2006 4231 machi-

429 4272 738 4326 nationibus
773 4272 1227 4327 communicante.
1262 4273 1402 4326 Ecce
1432 4279 1614 4326 autem
1646 4285 1767 4324 reos
1791 4285 2006 4340 quoque

429 4362 498 4416 ad
524 4373 578 4417 te
602 4363 743 4426 misi,
769 4364 1017 4433 aquibus
1051 4378 1366 4434 cognosces,
1413 4379 1546 4417 num
1577 4378 1675 4434 ego
1703 4362 2000 4432 quidquam

430 4455 675 4508 sciverim
703 4471 889 4509 eorum
915 4472 1034 4525 quae
1078 4465 1183 4509 tam
1216 4455 1472 4510 seditiose
1504 4463 1622 4509 acta
1655 4464 1802 4508 sunt.
1845 4454 2005 4508 Post—

427 4555 590 4610 quam
641 4558 768 4612 ergo
815 4544 1167 4613 perpenderis
1211 4560 1331 4614 quae
1375 4544 1493 4598 sine
1547 4559 1636 4597 me
1684 4552 1803 4597 acta
1854 4555 2001 4608 sunt,

429 4630 616 4700 reique
677 4632 956 4686 veritatem
1026 4633 1378 4704 compereris,
1444 4633 1662 4687 remitte
1718 4633 2006 4702 Spirituale

432 4723 662 4794 ligamen
695 4726 826 4779 mihi
878 4735 1096 4796 tuaeque
1126 4727 1268 4790 ﬁlim,
1325 4727 1484 4796 cujus
1522 4743 1767 4780 errorem
1829 4728 2006 4797 pomis
2064 4742 2067 4744 '

428 4816 756 4885 expiandum
788 4819 992 4872 curavi.
1027 4819 1282 4874 Miserere
1332 4820 1514 4889 itaque
1538 4828 1600 4873 ut
1633 4819 1804 4882 soles,
1830 4836 2008 4890 neque.

428 4945 795 5018 vap’ulaverat.
823 4950 927 5004 Sed
967 4959 1145 5005 tamen
1175 4951 1413 5012 Eudoxia
1447 4952 1586 5005 intra
1621 4951 1872 5005 eumdem
1905 4968 2008 5006 an-

431 5036 582 5085 num,
611 5035 719 5089 quo
748 5021 1168 5092 Chrysostomus
1215 5023 1477 5091 expulsus
1517 5026 1645 5091 (an.
1678 5023 1815 5092 404)
1859 5039 2007 5077 mor-

428 5097 518 5142 tua
548 5101 647 5144 ρει.

497 5161 572 5228 (d)
613 5159 746 5214 Cod.
777 5160 867 5215 hic
889 5176 1102 5230 quoque
1128 5161 1434 5216 Nectar-ium
1469 5163 1650 5216 habet.
1684 5162 2008 5218 Incredibile

428 5240 608 5301 tamen
641 5241 758 5301 West,
815 5231 1089 5284 Arsacium
1143 5233 1435 5301 decrepita:
1488 5233 1666 5288 aetatis
1730 5234 2005 5288 hominem

427 5299 603 5371 itineri
636 5300 883 5356 Romano
913 5302 1080 5356 fuisse
1111 5299 1405 5371 objecttim.

499 5369 567 5435 (ε)
613 5371 687 5429 Ita
714 5372 835 5425 cod.

499 5441 560 5512 (ρ
605 5441 856 5496 Fortasse
908 5450 1198 5512 corruptus
1257 5445 1447 5504 locus;
1503 5455 1650 5500 certe
1698 5447 2002 5510 obscurior,

425 5511 530 5564 nisi
561 5512 706 5579 quod
735 5513 785 5566 in
831 5529 882 5581 ι).
930 5529 1046 5582 seq.
1079 5511 1258 5568 lucem
1287 5515 1482 5581 accipit
1509 5531 1539 5568 a
1568 5517 1749 5572 verbis
1781 5516 1885 5569 illis
1915 5516 2006 5569 ln-

426 5582 668 5658 npcetttii
703 5600 716 5636 :
747 5584 1014 5658 ⁴ιςὴν-κςιπὰ
1049 5583 1207 5658 ΘεὸνΔ
1230 5584 1464 5655 σπουδὴν
1491 5585 1665 5655 ὑμῶν,
1713 5587 1890 5658 ἥνπερ
1919 5587 2006 5639 διὰ

425 5651 484 5703 τὸ
507 5651 680 5726 ᾅγοιία
712 5651 882 5726 -αὑῄὲρῦ
912 5653 1264 5726 ἐποιήσασθε.

604 5719 746 5794 Cod.
782 5723 936 5794 ἐξοχῇ
947 5764 960 5777 .

499 5791 572 5865 (lt)
615 5791 785 5847 Locos
834 5791 944 5863 jam
1002 5795 1338 5849 laudavimus
1381 5796 1518 5850 infra
1559 5796 1614 5849 in
1660 5797 1858 5865 quibus
1902 5799 2007 5851 Eu-

426 5861 584 5920 doxia
617 5880 716 5936 pro
744 5880 801 5920 se
837 5861 1036 5938 egerat
1082 5867 1224 5937 apud
1268 5861 1746 5938 Chrys-ostentum,
1787 5869 1878 5938 qui
1921 5877 2003 5924 ta-

1165 389 1252 444 DE
1293 389 1452 446 VlTA
1500 389 1585 445 ET
1631 389 1903 449 EXSILIO
1943 395 2004 450 S.
2042 394 2330 456 J-OANNIS
2367 403 2874 467 CHRYSOSTOMI.

3487 437 3688 480 ιλχκνι

2110 513 2194 569 bis
2238 533 2352 573 rem
2384 522 2630 578 eamdem
2668 524 2949 592 ulciscere,
2981 527 3078 583 sed
3105 529 3235 600 jube
3266 540 3326 587 ut
3351 548 3453 589 nos
3481 542 3687 595 sancti-

2108 614 2274 672 ﬁcans
2317 630 2374 675 et
2411 622 2816 680 immaculatum
2869 628 3079 683 Domini
3113 633 3285 687 nostri
3317 633 3446 689 Jesu
3485 635 3684 695 Christi

2105 732 2313 790 corpus
2362 724 2777 795 participemus;
2819 743 2997 799 neque
3044 731 3133 786 diu
3177 734 3338 788 nobis
3371 736 3683 793 interdicas.

2103 821 2241 876 Nam
2273 833 2495 894 pr0pter
2542 827 2714 898 ipsius
2751 845 2971 899 nomen,
3015 843 3069 888 et
3097 849 3225 906 erga
3255 845 3308 890 te
3337 838 3682 909 obsequium,

2103 933 2158 978 et
2193 926 2262 980 ob
2295 928 2434 983 hanc
2482 931 2743 989 adversus
2780 951 2880 990 nos
2927 936 2982 991 in
3027 939 3334 994 animorum
3394 943 3686 1010 perturba-

2104 1027 2253 1083 tione
2303 1041 2545 1087 coortam
2598 1035 3071 1105 obtrectationem,
3139 1041 3191 1096 id
3247 1043 3456 1097 consilii
3513 1045 3687 1116 empi-

2103 1147 2245 1189 mus.
2295 1153 2315 1184 ›

2175 1237 2261 1290 51.
2303 1237 2422 1291 Jam
2452 1255 2582 1293 vero
2612 1241 2851 1296 Eudoxia
2887 1260 3104 1312 quoque
3147 1245 3321 1298 eidem
3368 1246 3690 1300 lnnomntio

2104 1328 2356 1397 scripsit:
2401 1349 2418 1379 ι
2458 1330 2600 1385 Patri
2639 1349 2760 1386 meo
2786 1335 3048 1403 spiritu-ali
3093 1338 3141 1388 in
3177 1337 3404 1391 Domino
3432 1339 3680 1392 salutem.

2103 1420 2292 1474 ΕΠδωί
2317 1437 2663 1493 magnopere.
2688 1425 2821 1493 quia.
2842 1426 3222 1481 insanabilium
3246 1438 3298 1482 et
3326 1429 3684 1484 absurdarum

2103 1511 2576 1575 contumeliarum,
2625 1513 2822 1580 quibus
2867 1529 2897 1568 a
2943 1515 3155 1570 Joanne
3214 1518 3397 1574 aﬁecta
3426 1518 3523 1580 fui,
3557 1519 3688 1574 sub-

2102 1599 2217 1653 limi
2267 1600 2450 1654 vertzci
2491 1610 2584 1657 tuo
2619 1604 2867 1659 notitiam
2910 1622 3022 1660 non
3052 1607 3242 1672 attuli;
3274 1608 3418 1676 quod
3467 1608 3512 1662 si
3541 1609 3692 1679 egis-

2104 1705 2241 1754 sem,
2277 1692 2523 1761 profecto
2557 1703 2637 1760 tu,
2674 1697 2780 1750 mei
2809 1712 2956 1768 ergo,
2981 1697 3293 1768 indignatus
3323 1698 3537 1754 fuisses.
3591 1699 3695 1754 Et-

2108 1783 2255 1836 enim
2282 1800 2407 1838 cum
2443 1802 2542 1857 ego
2569 1787 2764 1842 Joanni
2799 1789 2936 1844 nihil
2970 1790 3194 1845 honoris
3216 1807 3321 1845 non
3356 1793 3685 1856 tribuerem,

2102 1873 2192 1929 ille
2249 1887 2440 1930 contra
2494 1879 2630 1932 mihi
2687 1880 3040 1951 ignominiam
3109 1898 3334 1952 prorsus
3389 1885 3684 1939 retribuit:

2101 1967 2301 2038 quippe
2335 1983 2478 2038 saepe
2507 1979 2562 2025 et
2592 1986 2622 2025 a
2667 1973 2853 2027 multis
2902 1974 3232 2040 admonitus,
3265 1985 3326 2030 ut
3352 1977 3624 2033 desineret
3655 1996 3688 2034 a

2101 2060 2379 2129 conviciis,
2412 2077 2533 2131 qua:
2573 2079 2717 2133 smpe
2765 2064 2821 2118 in
2858 2065 3086 2120 ecclesia
3118 2076 3308 2122 contra
3356 2085 3443 2123 me
3488 2071 3689 2140 praedi-

2101 2154 2277 2219 cabat,
2311 2154 2535 2210 minime
2561 2155 2788 2221 destitit,
2821 2157 2930 2211 imo
2971 2159 3209 2213 amarius
3252 2175 3316 2215 ac
3346 2159 3602 2216 furiosius
3633 2163 3688 2216 in

2103 2242 2208 2297 illis
2229 2245 2622 2313 perseveravit.
2665 2246 2799 2312 Quis
2828 2263 2992 2318 porro
3021 2250 3071 2305 ei
3101 2252 3455 2318 concedebat,
3485 2263 3544 2308 ut
3567 2264 3692 2324 post

2103 2346 2322 2392 sanctas
2390 2339 2802 2410 Evangeliorum
2874 2343 3170 2414 scripturas
3217 2344 3442 2401 inﬁnitis
3493 2357 3689 2401 contu-

2103 2429 2278 2482 miliis
2297 2446 2458 2485 aures
2507 2432 2749 2486 omnium
2795 2434 3079 2504 impleret?
3109 2437 3364 2509 ignorans
3412 2438 3685 2504 videlicet,

2104 2520 2184 2575 sic
2211 2535 2357 2584 eum,
2391 2538 2501 2577 non
2526 2523 2682 2590 mihi,
2716 2526 2811 2580 sed
2834 2527 3035 2582 divinis
3072 2529 3207 2598 ipsis
3235 2531 3523 2592 doctrinis,
3552 2547 3698 2602 quas

2104 2613 2444 2682 explanabat,
2473 2631 2688 2671 nocere.
2721 2616 2899 2687 Atque
2927 2619 3030 2675 hoc
3059 2623 3144 2676 vel
3174 2623 3212 2676 ii
3244 2623 3348 2692 ipsi
3379 2623 3564 2678 sciunt
3595 2625 3689 2693 qui

2104 2721 2204 2758 nos
2233 2707 2374 2776 apud
2408 2707 2670 2764 illustrem
2714 2710 3033 2782 dignitatem
3075 2723 3221 2768 tuam
3273 2725 3688 2771 accusaverunt.

2104 2794 2258 2861 Quod
2286 2797 2328 2851 si
2366 2799 2602 2854 volueris
2633 2816 2746 2855 rem
2783 2802 2925 2858 hanc
2956 2815 3210 2859 accurate
3249 2807 3498 2870 scrutari,
3531 2808 3688 2862 multi

2106 2889 2201 2944 tibi
2232 2893 2651 2960 persuadebunt,
2697 2909 2784 2949 me
2818 2897 3082 2951 veraciter
3122 2898 3237 2953 haec
3267 2898 3573 2968 scripsisse.
3609 2901 3690 2954 En

2106 2989 2270 3035 testes
2295 2981 2460 3036 totius
2487 2983 2732 3037 veritatis
2767 2999 2951 3038 coram
2985 2985 3172 3050 habes,
3224 2986 3316 3055 qui
3347 2997 3402 3040 et
3425 2987 3699 3041 ambobus

2105 3088 2295 3143 pacem
2335 3075 2624 3129 conciliare
2661 3075 3009 3141 studuerunt,
3044 3093 3143 3147 per
3169 3093 3306 3146 quos
3353 3079 3520 3132 multa
3551 3096 3694 3149 quo-

2104 3179 2211 3232 que
2237 3164 2376 3218 dona
2401 3165 2470 3220 ad
2501 3165 2648 3219 illum
2699 3166 2841 3229 misi,
2875 3183 3015 3236 qua},
3053 3168 3099 3223 si
3125 3168 3346 3237 quidem
3390 3169 3551 3224 ﬁdem
3595 3170 3694 3224 Dei

2107 3254 2404 3319 habuisset,
2470 3272 2593 3311 eum
2651 3258 2908 3314 cohibere
2963 3259 3267 3314 debuerant
3322 3278 3354 3314 a
3409 3262 3692 3331 petulante

2107 3346 2366 3401 adversus
2411 3362 2498 3401 me
2543 3348 2877 3418 garrulitate.
2931 3347 3072 3404 Sunt
3109 3358 3292 3404 autem
3325 3351 3378 3404 hi
3411 3350 3692 3405 Herodion

2107 3440 2387 3510 patricius,
2424 3441 2515 3511 qui
2545 3457 2576 3496 a
2621 3441 2729 3496 ﬁlio
2761 3453 2854 3498 tuo
2884 3450 2939 3498 et
2971 3445 3150 3499 throni
3184 3462 3399 3500 mecum
3431 3446 3694 3516 participe

2108 3533 2306 3587 missus
2338 3532 2461 3597 fuit,
2493 3549 2616 3588 cum
2645 3533 2872 3590 Joviano
2893 3535 3153 3607 magistro
3201 3537 3456 3601 militum,
3502 3545 3558 3590 et
3593 3537 3694 3592 de-

2107 3625 2271 3694 nique
2303 3623 2656 3696 Syncleticus.
2700 3626 2765 3679 lli
2799 3635 2910 3680 tres
2935 3628 3080 3697 apud
3113 3637 3164 3682 te
3199 3638 3345 3683 sunt.
3379 3629 3479 3684 Hic
3508 3638 3694 3684 autem

2108 3716 2346 3772 Isidorus
2371 3726 2606 3786 quaastor
2630 3729 2684 3772 et
2707 3719 2944 3774 cubiculi
2971 3721 3142 3775 nostri
3189 3729 3395 3783 custos,
3437 3720 3606 3792 Byzas
3639 3731 3699 3776 et

2108 3803 2372 3857 Romillus
2391 3805 2834 3874 praetorianorum
2866 3807 3175 3876 prrefectus,
3197 3817 3250 3862 et
3277 3809 3420 3877 apud
3442 3818 3696 3863 senatum

2108 3896 2355 3951 idoneus.
2389 3895 2774 3952 Verumtamen
2795 3898 2883 3952 ille
2899 3899 2973 3952 nil
2991 3899 3136 3953 aliud
3163 3899 3377 3970 sategit,
3399 3900 3506 3954 nisi
3541 3910 3596 3954 ut
3615 3916 3696 3954 re-

2107 3987 2252 4058 gium
2278 3996 2524 4042 nostrum
2554 3989 2839 4059 conjugem
2862 3990 3115 4045 seandalo
3130 3991 3391 4062 adigeret,
3424 4001 3483 4047 ut
3505 4007 3593 4047 me
3616 4009 3696 4048 re-

2108 4095 2214 4148 gno
2229 4079 2505 4148 dejiceret.
2530 4079 2726 4149 Utique
2747 4078 2890 4134 Deus
2913 4081 3155 4151 utrisque
3175 4082 3332 4136 nobis
3352 4091 3470 4136 esto
3493 4083 3690 4152 judex!

2108 4171 2242 4226 Nam
2268 4179 2416 4226 certe
2442 4187 2668 4243 regnum
2695 4174 3040 4243 tyrannidem
3070 4189 3101 4228 a
3131 4175 3437 4230 sacerdotio
3467 4176 3692 4245 patitur.

2109 4264 2261 4334 Rogo
2305 4263 2470 4334 igitur
2524 4272 2584 4317 ut
2635 4264 2753 4320 haac
2787 4265 3076 4335 tranquille
3121 4277 3176 4319 et
3209 4265 3328 4320 sine
3375 4266 3695 4336 prtejudicio

2109 4357 2416 4418 examines,
2455 4357 2719 4428 nobisque
2765 4358 3086 4414 charitatem
3135 4367 3311 4416 tuam.
3358 4367 3519 4428 prout
3557 4359 3694 4413 scri-

2109 4461 2262 4522 ptum
2295 4457 2378 4504 est
2423 4448 2519 4522 (II
2542 4448 2660 4506 Cor.
2693 4450 2750 4515 2,
2781 4449 2872 4519 8),
2904 4449 3229 4514 conﬁrmes;
3276 4458 3477 4504 etcum
3508 4458 3694 4504 sancta

2109 4547 2352 4602 Ecclesia
2403 4559 2593 4601 omnes
2633 4542 2887 4611 excipiat,
2944 4557 3015 4596 ne
3067 4550 3124 4595 tn
3163 4557 3263 4595 nos
3310 4542 3378 4596 ab
3407 4543 3525 4610 ejus
3575 4559 3694 4595 am-

2110 4639 2358 4708 plexibus
2413 4636 2721 4708 prohibeas.
2780 4633 2912 4689 Vale
2971 4633 3025 4688 in
3081 4634 3335 4700 Domino,
3394 4635 3694 4690 reverende

2108 4733 2287 4786 Pater.
2331 4751 2348 4781 ι

2181 4824 2270 4880 59..
2305 4823 2558 4893 Acceptis
2610 4822 2978 4891 Augustorum
3015 4818 3260 4888 epistolis
3317 4818 3690 4885 Innocentius,

2112 4972 2238 5010 men
2272 4955 2525 5022 Augusta:
2554 4953 2807 5008 scandala
2850 4951 3239 5007 dissimulanda
3271 4968 3378 5005 non
3404 4953 3692 5019 judicavit.

2109 5027 2222 5080 Nos
2265 5027 2462 5080 omissa
2514 5025 2756 5095 longiore
2801 5023 2856 5076 in
2906 5031 3138 5095 utroque
3176 5023 3296 5095 loco
3340 5023 3694 5095 responsione

2110 5097 2502 5158 Chrvsostomi,
2532 5093 2649 5149 haec
2675 5095 2864 5147 saltem
2900 5093 3066 5147 verba
3106 5093 3508 5146 exscribemus:
3539 5094 3695 5146 Ἐπί-

2112 5155 2311 5231 σκοέος
2334 5166 2409 5219 ὢν
2442 5155 2536 5218 xei.
2585 5165 2770 5234 ψυχῶν
2828 5162 3182 5284 ἐγχειςισθεὶς
3231 5164 3582 5232 προστασίαν,
3629 5164 3690 5217 οὐ

2112 5237 2341 5284 δύναμαι
2360 5235 2810 5284 παρανομοῦντας
2853 5235 2923 5284 wh
2955 5235 2980 5284 ὲ
3003 5232 3218 5284 ,ἐγγειψ
3257 5233 3540 5284 Enisronus
3571 5252 3690 5284 cum

2108 5237 2341 5309 δύναμαι
2360 5232 2810 5306 παρανομοῦντας
2852 5232 2925 5302 pii
2955 5232 3218 5314 ἐλέγχειν·
3257 5233 3540 5301 Episcopus
3571 5252 3690 5287 cum
3752 5249 3757 5253 ”

2107 5309 2226 5373 sim,
2248 5308 2342 5362 icui
2369 5308 2673 5360 animarum
2712 5323 2836 5358 cura
2865 5308 3139 5357 commissa
3172 5313 3264 5366 cst,
3292 5315 3560 5372 peccantes
3591 5321 3695 5359 non

2110 5379 2482 5448 reprehendere
2514 5393 2726 5447 nequeo.

2184 5450 2244 5518 (ἱ)
2287 5450 2365 5502 Ita
2397 5449 2518 5502 cod.

2184 5515 2246 5589 (j)
2290 5519 2365 5574 De
2417 5517 2618 5589 ἱκανός,
2652 5516 3234 5589 γθιίἰεαιιθίοίῖἰρίοτυῃ]
3265 5517 3560 5583 vocabulis,
3617 5515 3695 5571 le-

2110 5587 2266 5662 gatur
2291 5590 2526 5662 Cangius
2557 5588 2762 5662 in_Le:r.
2796 5588 2937 5662 Ῑηεᾴ.
2968 5598 3016 5662 et
3043 5589 3140 5662 inf.
3167 5587 3337 5643 Grrrc.

2181 5663 2254 5731 (k)
2294 5657 2733 5731 Germana_luec
2781 5658 3037 5713 Eudoxim
3069 5659 3326 5728 Augustae
3353 5657 3578 5731 epistola
3624 5657 3693 5731 ad

2112 5727 2635 5808 lnn0c_entium_PP.
2681 5738 3013 5808 nonexstat,
3065 5727 3330 5808 quantum
3373 5727 3506 5808 Avidi,
3549 5728 3693 5808 apud

2111 5804 2244 5857 alios
2273 5801 2602 5874 biographos
2627 5809 2720 5854 aut
2741 5800 3057 5874 historicos.
3096 5799 3340 5874 Meminit
3367 5799 3694 5874 tamen_e.j_u_s

2114 5867 2393 5950 Georgius
2419 5867 2568 5929 Alex.
2615 5870 2755 5941 apud
2784 5871 3102 5942 prs-dictum
3154 5870 3439 5938 Savilium,
3478 5877 3518 5924 t.
3551 5867 3692 5935 Vill,
