4114 6392
458 336 662 378 LXXXIX

458 441 651 498 videns
688 441 892 511 pariter
931 441 1124 495 missas
1167 441 1235 496 ad
1279 458 1337 498 se
1370 459 1586 499 reorum
1633 462 1912 516 personas,
1945 462 2041 501 co-

458 533 607 605 gnita
638 533 801 588 simul
829 533 1121 588 criminum
1149 535 1372 599 ultione,
1401 536 1678 607 mitigatus
1706 539 1816 592 Deo
1843 539 2042 611 gratias

457 624 597 694 egit;
633 623 951 694 rogavitque
981 624 1302 690 Honorium,
1352 637 1413 681 ut
1457 644 1622 698 super
1661 638 1775 684 toto
1808 630 1913 684 hoc
1950 645 2045 685 ne-

458 717 604 788 gotio
633 715 872 771 oﬂiciose
909 727 1093 789 ageret
1127 734 1252 772 cum
1277 720 1509 774 Arcadio
1535 729 1591 775 et
1620 721 1884 776 Eudoxia.
1919 721 2040 776 Jam

458 810 607 864 missi
641 809 710 864 ab
747 809 980 864 Arcadio
1017 812 1267 866 homines
1296 827 1419 866 cum
1463 814 1800 884 trepidarent
1847 815 2039 869 incerti

457 903 526 958 de
556 902 631 958 rei
662 900 828 964 exitu,
859 904 1063 958 vocatis
1086 904 1153 959 ad
1183 920 1241 959 se
1272 904 1621 961 Innocentius
1649 906 1818 960 dixit:
1854 927 1873 957 ‹
1900 908 2041 961 Deus

458 992 633 1056 vobis,
681 1007 715 1045 o
757 990 885 1059 lilii,
927 993 1170 1065 ignoscat
1214 1004 1497 1064 peccatum
1542 995 1667 1050 hoc.
1736 995 2040 1066 Theophilo

455 1094 642 1140 autem
701 1087 912 1143 dicite:
968 1085 1049 1141 Tu
1109 1085 1328 1156 quidem
1394 1087 1668 1141 interdicti
1709 1103 1869 1157 poena
1933 1089 2038 1142 mi-

457 1176 603 1231 nime
639 1178 794 1242 liber,
838 1192 1091 1247 compara
1119 1186 1172 1231 te
1201 1177 1267 1231 ad
1301 1176 1563 1247 synodum
1593 1184 1848 1246 tanquam
1880 1194 2035 1244 reus;

457 1284 581 1323 nam
625 1277 845 1339 propter
873 1276 925 1321 te
964 1283 1131 1321 unum
1164 1266 1291 1321 illuc
1320 1276 1584 1322 venturus
1632 1282 1774 1320 sum.
1802 1287 1820 1316 ι
1866 1266 2037 1319 Dimi-

456 1362 632 1431 sitque
673 1376 863 1416 omnes
892 1360 1078 1415 multis
1125 1375 1250 1414 cum
1281 1358 1614 1413 muneribus.
1648 1358 1892 1428 Denique
1937 1360 2037 1411 Ar-

455 1453 610 1508 cadio
647 1463 703 1508 et
748 1453 1004 1507 Eudoxize
1056 1452 1129 1506 ita
1179 1451 1408 1506 scribit:
1448 1450 1850 1506 «Innocentius
1899 1467 2036 1521 papa

454 1544 578 1599 liliis
627 1545 828 1600 nostris
861 1544 1095 1599 Arcadio
1129 1552 1185 1598 et
1217 1543 1473 1598 Eudoxia:
1504 1561 1516 1596 :
1551 1542 1734 1596 valere
1752 1558 1852 1597 vos
1883 1552 2031 1612 opto.

454 1635 692 1708 Cognovi
742 1644 983 1691 vestrum
1031 1636 1332 1690 secundum
1384 1635 1557 1689 Deum
1606 1634 1862 1689 devotum
1916 1644 2036 1689 stu-

452 1728 636 1788 dium,
689 1727 836 1797 quod
886 1735 1108 1797 propter
1171 1741 1372 1781 nomen
1425 1726 1545 1796 ejus
1597 1726 2027 1797 exprompsistis.

452 1818 817 1886 Quamobrem
851 1835 947 1875 vos
980 1818 1147 1874 sacris
1192 1818 1427 1873 vinculis
1481 1820 1766 1883 resolutos,
1809 1819 1877 1873 ad
1924 1818 2031 1873 Do-

453 1913 654 1967 minica
685 1912 947 1967 accedere
976 1911 1178 1967 ﬁdente
1223 1911 1409 1966 animo
1452 1911 1694 1982 symbola
1736 1910 1878 1966 sino.
1920 1910 2035 1965 Hoc

451 2012 632 2059 tamen
679 2020 778 2059 vos
818 2018 1159 2069 commoneo,
1200 2019 1234 2058 o
1276 2002 1401 2067 lilii,
1458 2011 1518 2057 ut
1566 2002 1791 2057 Joannis
1833 2018 2033 2056 nomen

451 2097 618 2151 sacris
647 2095 916 2167 diptychis
952 2095 1300 2159 inscribatur,
1333 2094 1689 2165 ejusdemque
1723 2109 1923 2162 corpus
1964 2094 2032 2147 ad

451 2188 727 2258 propriam
774 2189 1061 2245 ecclesiam
1109 2188 1398 2242 referatur.
1450 2187 1569 2241 Hoc
1613 2186 1761 2241 enim
1822 2185 2032 2255 justum

447 2393 502 2431 se
548 2377 613 2430 ab
654 2377 870 2446 inﬂictis
921 2375 1019 2429 sibi
1068 2377 1125 2427 in
1178 2374 1403 2430 ecclesiis
1443 2375 1797 2446 multifariam
1842 2385 2025 2429 contu-

448 2447 616 2501 meliis
645 2465 676 2500 a
708 2462 899 2517 magno
925 2447 1146 2507 Joanne,
1180 2455 1333 2514 prout
1362 2448 1408 2500 ei
1433 2455 1569 2499 certe
1598 2446 1888 2517 videbatur.
1930 2448 2025 2496 At-

449 2528 624 2571 tamen
655 2516 833 2571 beatus
880 2517 959 2571 vir
999 2517 1194 2569 nemini
1237 2517 1547 2570 nominatim
1588 2516 1907 2569 conviciatus
1944 2524 2024 2569 est

447 2605 701 2658 unquam,
732 2588 822 2641 sed
851 2587 1033 2658 culpas
1074 2596 1278 2658 tantum
1312 2586 1626 2658 coarguebat
1661 2587 2019 2658 peccantium,

446 2656 630 2729 quibus
658 2660 747 2727 qui
772 2667 921 2729 erant
950 2656 1177 2729 obnoxii,
1208 2657 1390 2729 statim
1411 2657 1563 2711 dictis
1589 2656 2023 2729 percellebantnr,

445 2726 599 2798 φιαδὶ
626 2726 680 2782 in
717 2745 772 2782 se
790 2728 940 2798 jacta
972 2728 1211 2799 fuissent,
1240 2728 1598 2798 putabantque
1638 2742 1692 2780 se
1720 2727 1768 2779 ei
1799 2726 2029 2796 cognitos

482 2879 713 2893 ——_

1258 323 1641 383 IDIOMELUM
1696 325 1760 381 IN
1800 326 1857 382 S.
1899 327 2216 382 JOANNEM
2255 326 2844 384 CHRYSOSTOMUM.

3658 349 3724 390 XC

2143 461 2266 501 esse
2317 461 2625 500 censemus.
2680 446 2912 501 Scribite
2968 454 3148 502 autem
3201 448 3523 519 Theophilo,
3556 461 3611 505 ut
3654 452 3724 507 sit

2142 540 2380 612 generali
2414 540 2620 610 synodo
2648 547 2887 609 paratus,
2915 554 3075 608 quam
3114 539 3275 593 indici
3308 540 3362 593 in
3392 541 3523 594 urbe
3548 540 3723 596 Thes-

2142 632 2378 686 salonica
2424 629 2587 684 velim
2636 629 2889 698 jubeatis.
2920 648 2938 679 ι
2992 626 3202 694 Quibus
3270 629 3508 697 acceptis
3560 628 3724 685 Inuo-

2141 723 2307 779 centii
2359 722 2588 785 litteris,
2638 720 2793 774 valde
2848 721 3011 775 laetati
3066 729 3195 775 sunt
3236 719 3501 776 Arcadius
3557 733 3724 793 atque

2145 812 2404 875 Eudoxia,
2447 810 2860 881 Theophiloque
2907 813 3245 882 scripserunt
3309 822 3367 867 ut
3426 829 3485 868 se
3522 824 3723 883 quant-

2141 905 2295 960 ocius
2323 903 2765 958 Thessalonicam
2797 902 3088 959 conferret.
3117 904 3358 960 Audiens
3390 921 3517 960 vero
3538 907 3720 961 Theo-

2139 997 2322 1066 philus
2356 995 2758 1065 impendentem
2802 995 2905 1049 sibi
2951 996 3313 1054 sententiam.
3356 997 3721 1053 sollicitudine

2139 1089 2308 1142 multa
2346 1096 2724 1157 compunctus,
2766 1087 2932 1143 mittit
2964 1104 3159 1159 preces
3187 1089 3256 1144 ad
3301 1090 3619 1155 monachos,
3663 1101 3724 1147 ut

2140 1195 2238 1249 pro
2273 1179 2391 1249 ipso
2434 1178 2575 1233 bona
2613 1180 2774 1234 verba
2803 1180 3007 1235 dicant.
3036 1179 3108 1236 At
3156 1181 3229 1235 illi
3272 1182 3670 1252 responderunt
3704 1201 3716 1235 :

2145 1289 2163 1321 ι
2192 1270 2303 1324 Nos
2337 1278 2526 1323 contra
2563 1277 2615 1323 te
2645 1270 2831 1336 locuti,
2860 1274 3136 1341 quomodo
3165 1290 3266 1344 pro
3294 1284 3349 1329 te
3386 1275 3527 1345 loqui
3562 1286 3720 1346 pote-

2141 1359 2345 1413 rimus?
2387 1358 2495 1413 Sed
2548 1360 2641 1414 Dei
2694 1362 2931 1416 vindicta
2983 1366 3306 1433 quantocius
3351 1375 3403 1419 te
3440 1366 3715 1436 corripiet.

2137 1452 2209 1506 Cu
2229 1461 2405 1506 terum
2435 1452 2503 1507 de
2533 1443 2850 1508 Innocentio
2884 1472 2953 1510 ne
2999 1457 3073 1511 sis
3117 1457 3407 1523 sollicitus;
3439 1474 3563 1511 nam
3596 1457 3721 1513 vitae

2137 1547 2257 1613 ejus
2298 1554 2543 1614 tempora
2574 1546 2840 1615 completa
2876 1545 3113 1601 luerunt.
3146 1567 3162 1598 ι
3207 1547 3332 1602 Hmc
3360 1550 3578 1619 quidem
3618 1565 3721 1603 au-

2136 1636 2291 1691 diens
2340 1634 2694 1705 Theophilus,
2736 1652 2924 1690 secura
2971 1647 3154 1691 mente
3188 1637 3296 1707 jam
3340 1647 3476 1693 erat.
3505 1638 3575 1691 At
3618 1637 3719 1691 lsi-

2139 1729 2305 1782 dorus
2348 1728 2668 1796 sodalesque
2716 1728 2836 1797 ejus
2879 1728 2933 1781 in
2977 1737 3159 1783 monte
3202 1729 3480 1799 degentes,
3521 1727 3720 1785 eximia

2140 1820 2428 1874 sanctitate
2465 1818 2642 1873 ornati
2671 1827 2980 1878 evaserunt.
3013 1828 3068 1873 et
3106 1819 3524 1875 charismatibus
3553 1818 3719 1872 etiam

2134 1911 2282 1982 digiti
2319 1909 2563 1965 luerunt.
2618 1911 2862 1979 Denique
2908 1919 2963 1965 et
2998 1911 3103 1980 ipsi
3152 1911 3315 1965 vitam
3368 1924 3720 1965 consumma-

2134 2011 2280 2065 l'tttll,
2310 2002 2595 2057 laudantes
2623 2001 2838 2056 Patrem
2879 2013 2936 2058 et
2964 2003 3160 2058 Filium
3205 2011 3260 2057 et
3301 2011 3548 2057 sanctum
3596 2000 3719 2069 Spi-

2136 2093 2322 2147 ritum.
2373 2093 2476 2164 lpsi
2530 2094 2719 2164 gloria,
2781 2095 2957 2149 honor
2994 2104 3049 2149 ct
3094 2093 3336 2149 adoratio
3375 2109 3472 2162 per
3519 2091 3718 2147 saecula

2135 2187 2478 2241 saeculorum.
2510 2186 2703 2240 Amen.

2124 2390 2250 2437 esse,
2278 2375 2486 2429 etiamsi
2512 2390 2695 2441 reapse
2722 2372 2977 2425 latebant.

2198 2444 2273 2516 (α)
2315 2438 2696 2516 ’ᾼνεστορηάία
2738 2444 2864 2516 hec
2910 2450 2999 2516 ρει
3046 2455 3207 2516 quam
3248 2438 3438 2516 sumit-
3468 2455 3497 2492 τι
3541 2439 3716 2516 Geor-

2126 2510 2215 2584 gio
2254 2510 2323 2584 'p.
2350 2514 2455 2567 552
2521 2510 2708 2568 noster
2737 2512 3078 2567 Theodorus.
3119 2510 3331 2584 Etenim
3377 2510 3716 2584 Theophilus

2125 2581 2277 2637 {inito
2300 2583 2502 2638 Christi
2538 2585 2642 2638 M2
2690 2593 2937 2637 mortuus
2982 2590 3084 2643 est,
3132 2581 3484 2636 Innocentius
3531 2589 3713 2636 autent

2128 2669 2275 2708 anno
2306 2655 2441 2717 M7,,
2468 2663 2528 2708 ut
2557 2654 2677 2707 fasti
2706 2651 2994 2707 certissimi
3024 2652 3244 2707 docent.

1871 3037 2336 3116 EPlTOME

1489 3216 1668 3274 VITAS
1710 3218 1769 3274 S.
1809 3216 2100 3275 JOANNIS
2138 3215 2643 3274 CHRYSOSTOMI.

516 3503 754 3561 Joannes
780 3504 998 3576 quidem
1040 3512 1157 3559 erat
1189 3518 1388 3575 genere
1418 3503 1803 3558 Antiochensis
1835 3521 1849 3558 :
1878 3513 2032 3576 pater
2134 3514 2205 3569 te,
2238 3506 2496 3561 vicesimo
2543 3506 2735 3577 quinto
2778 3506 2985 3561 mensis
3033 3505 3378 3572 Decembris,
3423 3506 3720 3564 indictione

446 3598 567 3666 ejus
595 3596 850 3669 magister
886 3595 1118 3650 militum
1149 3594 1333 3668 Syriae,
1366 3605 1420 3650 et
1448 3606 1621 3651 mater
1664 3597 1784 3666 ejus
1828 3611 2032 3665 cegno-

447 3699 632 3744 mento
678 3687 942 3743 Anthusa.
972 3686 1285 3744 Octodecim
1327 3703 1499 3742 annos
1541 3695 1702 3742 natus
1743 3688 1968 3742 recessit
1999 3704 2030 3743 a

446 3782 665 3837 rhetore
686 3781 914 3837 Libanio
931 3799 945 3847 ;
964 3790 1125 3851 atque
1141 3797 1172 3835 a
1194 3781 1425 3844 Meletio,
1443 3778 1799 3834 Antiochensi
1819 3779 2032 3834 archie-

446 3873 688 3943 piscopo,
718 3874 1042 3944 baptizatur,
1077 3881 1133 3927 et
1170 3873 1343 3928 lector
1388 3872 1691 3927 ordinatur.
1718 3871 1860 3926 Hinc
1905 3887 2028 3926 cum

447 3966 726 4021 incidisset
744 3966 797 4020 in
812 3982 1000 4021 senem
1016 3964 1305 4036 quemdam
1324 3966 1673 4029 monachum,
1688 3966 1831 4036 apud
1852 3965 2028 4035 ipsum

444 4073 619 4112 annos
647 4067 880 4128 quatuor
911 4057 1211 4128 permansit
1243 4075 1255 4110 :
1291 4058 1344 4110 in
1382 4057 1695 4126 speluncam
1734 4056 2022 4125 quamdam

444 4147 725 4212 secedens,
759 4147 906 4202 solus
935 4146 1008 4201 ibi
1030 4147 1231 4201 mansit
1259 4162 1433 4201 annos
1454 4147 1624 4201 duos:
1649 4155 1813 4216 atque
1839 4161 2028 4201 rursus

447 4238 589 4293 redit
617 4239 684 4293 ad
718 4238 1035 4305 Ecclesium,
1059 4249 1114 4294 et
1139 4239 1424 4294 ordinatur
1453 4239 1734 4303 diaconus,
1752 4248 1807 4293 et
1834 4238 2029 4292 claruit

443 4345 617 4384 annos
645 4330 906 4400 quinque.
924 4332 963 4385 A
992 4331 1248 4386 Flaviano
1277 4339 1457 4385 autem
1488 4330 1771 4384 ordinatur
1803 4330 2027 4401 presby-

444 4427 545 4480 ter,
560 4434 682 4474 cum
707 4421 1130 4491 resplenduisset
1147 4422 1202 4475 in
1219 4437 1284 4476 eo
1301 4421 1489 4476 habitu
1509 4436 1683 4476 annos
1704 4421 1988 4477 duodecim
2007 4436 2022 4475 :

442 4513 534 4579 qui
565 4528 757 4568 omnes
771 4513 932 4569 simul
948 4514 1085 4569 liunt
1112 4514 1241 4569 anni
1269 4514 1623 4586 quadraginta
1649 4523 1898 4584 quatuor.
1915 4515 2027 4569 Sub

442 4602 497 4657 id
527 4619 655 4658 vero
672 4613 906 4674 tempus,
928 4616 1144 4662 mortuo
1162 4606 1438 4671 Nectario,
1453 4605 1864 4677 archiepiscopo
1886 4606 2027 4661 Cou-

442 4696 943 4766 stantinopolitann,
975 4700 1267 4754 arcessitus
1286 4699 1590 4761 Antiochia,
1619 4700 1903 4755 ordinatur
1940 4717 2027 4754 ar-

441 4783 823 4859 chiepiscopus
843 4790 1496 4860 Constantinopoluanus,
1515 4791 1746 4846 At'cadio
1764 4792 2032 4863 imperan-

2132 3608 2341 3666 quarta.
2360 3596 2651 3666 Postquam
2675 3605 2857 3651 autem
2884 3597 3255 3667 episcopatum
3278 3614 3452 3653 annos
3479 3597 3716 3667 quinque

2131 3686 2584 3750 administrasset,
2606 3703 2706 3757 per
2734 3686 2992 3741 invidiam
3010 3687 3065 3741 in
3096 3687 3347 3742 exsilium
3375 3697 3530 3742 actus
3559 3696 3642 3741 est
3663 3684 3714 3738 in

2131 3778 2407 3833 civitatem
2439 3778 2699 3843 Comana,
2720 3778 2993 3833 Armeniae
3024 3779 3275 3834 vicinam.
3294 3779 3417 3850 Egit
3440 3778 3495 3833 in
3529 3776 3718 3832 exsilio

2130 3887 2303 3926 annos
2350 3880 2478 3936 tres,
2512 3886 2729 3926 menses
2777 3870 2935 3925 duos.
2968 3870 3138 3925 Simul
3178 3871 3303 3926 vitae
3349 3871 3468 3940 ejus
3502 3878 3717 3938 tempus

2130 3964 2269 4017 fiunt
2290 3963 2419 4017 anni
2443 3963 2829 4034 quinquaginta
2852 3963 2980 4027 duo,
2998 3972 3053 4017 et
3083 3978 3298 4017 menses
3327 3970 3471 4016 octo.
3491 3960 3718 4015 Moritur

2129 4056 2342 4112 decimo
2356 4067 2550 4126 quarto
2568 4059 2769 4112 mensis
2789 4057 3131 4120 Novembris,
3147 4066 3203 4113 et
3220 4057 3412 4111 eodem
3439 4056 3528 4111 die
3554 4070 3717 4126 sepe-

2130 4150 2258 4203 litur
2311 4150 2366 4203 in
2411 4151 2662 4219 sepulcro
2716 4165 2841 4205 cum
2876 4151 3035 4205 beato
3070 4149 3350 4204 Basilisco.
3381 4148 3717 4203 Reverenda:

2130 4242 2250 4312 ejus
2281 4242 2522 4312 reliquiae
2545 4242 3070 4313 Constantinopolim
3102 4243 3284 4299 relatae
3310 4251 3440 4299 sunt
3464 4249 3586 4312 post
3612 4256 3717 4295 an-

2127 4349 2229 4389 nos
2255 4334 2496 4405 quinque
2516 4342 2571 4387 et
2598 4333 2815 4404 triginta
2833 4375 2847 4398 ,
2866 4333 3168 4403 imperante
3188 4334 3495 4389 Theodosio
3519 4332 3714 4387 Junio-

2128 4441 2222 4491 re,
2259 4434 2315 4479 et
2365 4424 2558 4479 Proclo
2616 4424 3031 4495 archiepiscopo
3086 4422 3708 4495 Constantinopolitano.

2129 4517 2379 4572 Relatum
2411 4532 2537 4571 eum
2570 4532 2760 4572 rursus
2785 4533 2909 4571 cum
2937 4516 3237 4587 psalmodia
3270 4516 3711 4586 deposueruntiu

2128 4611 2358 4666 ecclesia
2410 4611 2692 4665 beatorum
2749 4611 3132 4680 Apostolorum
3182 4611 3442 4666 vicesimo
3476 4609 3715 4679 septimo

2128 4703 2332 4757 mensis
2360 4703 2625 4758 Januarii.

3202 4992 3696 5009 _———-—u~

871 5128 1296 5192 IDIOMELUM
1328 5132 1409 5193 IN
1451 5132 1513 5192 S.
1558 5129 1916 5192 JOANNEM
1955 5130 2568 5194 CHRYSOSTOMUM
2618 5132 2717 5214 (13
2757 5134 3124 5215 Novembr.)
3158 5134 3265 5216 (a).

436 5394 504 5451 iis
550 5411 686 5466 quas
736 5396 890 5453 lenes
937 5398 1338 5454 admonitiones
1387 5401 1643 5467 adhibes,
1693 5398 2020 5471 Christoque

437 5489 598 5543 unior
656 5489 925 5559 spirituali
972 5507 1193 5562 sponso,
1224 5507 1287 5547 ac
1317 5492 1367 5546 ei
1413 5507 1704 5563 conregno.
1742 5490 2019 5558 Quamob-

432 5593 551 5637 rem
583 5596 689 5635 nos
722 5598 941 5653 quoque
974 5584 1030 5638 in
1056 5591 1149 5639 tua
1182 5584 1490 5656 congregati
1530 5583 1790 5639 memoria
1817 5584 2018 5640 clama-

511 5757 586 5833 (α)
618 5758 937 5817 Bibliotheca
963 5734 1185 5818 Patrum
1218 5762 1457 5835 Lugdun.
1493 5770 1531 5817 t.
1566 5760 1680 5829 ΧΠ,
1707 5777 1762 5832 p.
1798 5765 1919 5821 722.

2128 5422 2249 5461 mus
2285 5406 2403 5462 :Ne
2434 5422 2532 5478 pro
2579 5406 2740 5461 nobis
2783 5404 3073 5460 Dominum
3121 5404 3399 5475 deprecari
3443 5406 3706 5478 graveris,

2125 5514 2234 5569 quo
2262 5498 2569 5554 animorum
2598 5497 2829 5553 salutem
2860 5511 3280 5568 consequamur.
