4114 6392
413 409 497 451 xm
1317 387 1431 442 [Μ.
1470 385 1720 441 BlGO'l'll
1752 382 2127 441 PREFATIO
2160 380 2232 435 IN
2272 374 2699 433 PALLADIUM.

432 565 696 578 m—

3569 377 3677 419 XCII

3138 527 3154 530 ,γ
3383 524 3409 530 ,,
3423 519 3432 524 .
3445 515 3531 526 -_q
3545 520 3572 526 ,,,
3595 519 3641 527 ,-

2072 541 2320 550 —_._.__
2361 539 2464 544 ,.-._-
2485 537 2550 543 --—
2571 528 3038 542 r....-..-..-—._—-———---..
3155 523 3379 536 Ὦ,.”,.----’
3647 518 3673 529 σ

2076 527 3063 567 ’,η-..ᾁ--α-ρ--ρ--ε
3092 540 3104 551 ³
3178 541 3320 551 '—

724 831 909 946 DE
984 833 1341 951 VITA
1425 827 1548 939 S.
1632 820 2244 943 JOANNIS
2322 809 3352 934 CHRYSOSTOMI

501 1144 2561 1254 EXLl)IALJ)GC)IIIST()BI(HD
2661 1120 3569 1233 PAJLLAI)IIW)

1576 1451 2124 1514 HELENOPOLEOS
2165 1445 2503 1505 EPISCOPI.

2003 1711 2073 1721 ..ο

485 1968 643 2023 llunc
668 1963 991 2034 scriptorem
1019 1960 1204 2016 Graece
1231 1969 1285 2014 et
1320 1958 1511 2013 Latine
1545 1957 1694 2028 prior
1719 1955 1888 2011 edidit
1912 1957 1995 2008 vir

413 2077 761 2134 doctissimus
804 2073 1087 2129 Emericus
1119 2072 1359 2144 Bigotius
1403 2072 1611 2126 amicus
1653 2080 1858 2130 noster,
1902 2069 1991 2138 qui

415 2205 562 2244 anno
592 2189 729 2244 l689
766 2187 1058 2242 defunctus
1079 2196 1177 2240 est.
1213 2184 1265 2238 ls
1299 2185 1352 2238 in
1381 2185 1716 2240 Bibliotheca
1755 2183 1994 2238 Medieea

414 2321 480 2360 ex
502 2305 689 2360 codice
715 2303 948 2374 quodam
979 2303 1083 2357 hoc
1099 2317 1236 2373 opus
1252 2300 1558 2370 exscripsit,
1578 2309 1633 2355 et
1648 2297 1838 2353 Latine
1858 2297 1926 2352 ab
1938 2311 1995 2351 se

415 2424 668 2470 aecm'ate
698 2429 1024 2469 conversum
1058 2413 1287 2468 Lutetia:
1317 2413 1648 2467 Parisiorum
1675 2411 1760 2466 edi
1788 2411 2000 2466 curavit

415 2544 561 2582 anno
591 2528 748 2583 l680.
773 2528 1030 2597 Ejusdem
1048 2527 1227 2594 operis
1257 2527 1362 2596 jam
1395 2527 1488 2580 diu
1512 2526 1760 2580 Latinam
1786 2527 1998 2579 versio-

417 2655 542 2694 nem
573 2639 796 2700 fecerat,
829 2649 884 2694 et
924 2640 1062 2712 typis
1084 2639 1329 2694 mandari
1359 2649 1646 2693 curaverat
1678 2639 2000 2694 Ambrosinus

416 2753 849 2808 Camaldulensis
879 2752 1141 2816 Vcnetiis,
1165 2755 1277 2824 qui,
1299 2753 1513 2808 utinfra
1539 2753 1704 2808 refert
1733 2754 1995 2824 Bigotius,

419 2867 611 2921 eodem
641 2883 750 2937 quo
776 2867 891 2937 ipse
931 2869 1125 2923 codice
1156 2885 1307 2934 usus,
1337 2885 1446 2923 non
1476 2885 1645 2939 pauca
1668 2869 1734 2922 de
1771 2885 1866 2924 suo
1901 2873 2001 2921 ad-

420 2981 571 3034 didit.
597 2980 676 3034 Ex
703 2981 805 3037 hac
855 2982 1016 3053 igitur
1059 2983 1251 3056 Bigotii
1292 2985 1533 3040 editione
1577 2986 1717 3049 hanc
1757 2996 1999 3040 nostram

420 3091 822 3146 adornavimus.

495 3184 644 3238 Licet
666 3193 848 3239 autem
882 3185 970 3239 ille
999 3202 1160 3256 quam
1189 3189 1596 3243 accuratissime
1623 3199 1834 3259 poterat
1860 3191 2001 3245 hanc

423 3298 643 3355 Palladii
688 3299 970 3357 historiam
1003 3319 1070 3358 ex
1116 3303 1304 3359 codice
1349 3303 1592 3361 Mediceo
1620 3307 2000 3378 exseripserit,

2104 1947 2286 2004 missa:
2318 1955 2498 2000 tamen
2530 1953 2687 1997 nonis
2716 1950 2844 1997 sunt
2863 1937 3024 1994 varia:
3054 1936 3363 1993 lectionesa
3380 1937 3539 1993 docto
3565 1939 3684 1994 viro

2103 2059 2501 2132 (ἔχθει-βωλαιυί
2520 2057 2816 2112 Palladium
2837 2071 2865 2108 a
2885 2054 3093 2124 Bigotio
3122 2068 3314 2108 cusum
3340 2068 3464 2106 cum
3492 2053 3684 2108 eodem

2105 2176 2345 2230 Medicco
2384 2171 2572 2228 codice
2598 2169 2904 2226 contulerat
2936 2186 2948 2220 :
2985 2167 3128 2221 inter
3162 2180 3255 2220 eas
3281 2175 3464 2219 autem
3504 2164 3686 2219 varias

2104 2291 2383 2354 lectiones,
2411 2288 2679 2358 quaadam,
2717 2283 2812 2340 sed
2854 2279 3193 2352 paucissimae
3225 2288 3371 2342 sunt,
3413 2293 3534 2348 qua
3565 2293 3686 2332 om-

2106 2407 2239 2461 nino
2277 2422 2548 2477 germanae
2577 2414 2634 2459 et
2660 2420 2802 2460 verae
2829 2404 3104 2465 videntur,
3135 2401 3264 2455 licet
3289 2414 3414 2453 cum
3446 2397 3686 2468 Bigotia-

2107 2533 2176 2570 na
2209 2517 2446 2571 editione
2481 2531 2592 2571 non
2635 2513 2981 2569 consentiant
3013 2531 3024 2566 :
3059 2521 3120 2567 ut
3169 2511 3224 2566 in
3254 2511 3488 2565 decursu
3523 2509 3688 2578 hujus

2108 2629 2358 2684 editionis
2396 2639 2594 2684 nostra:
2631 2628 3026 2683 auimadvertet
3039 2626 3286 2681 eruditus
3307 2625 3497 2679 lector.
3515 2623 3687 2677 Nemo

2107 2743 2253 2797 enim
2285 2742 2634 2812 quantumvis
2671 2743 2883 2806 doctus,
2912 2739 3263 2810 quantumvis
3286 2747 3574 2792 accuratus
3595 2737 3683 2800 sit,

2107 2866 2164 2912 ut
2191 2866 2307 2911 erat
2337 2867 2485 2912 certe
2519 2858 2582 2910 D.
2619 2856 2875 2928 Bigotius,
2916 2852 3034 2924 pari
3065 2866 3284 2923 semper
3313 2850 3478 2905 animi
3504 2859 3686 2904 atten-

2107 2970 2254 3026 tione
2279 2971 2355 3025 uti
2387 2979 2584 3040 potest.

2179 3085 2328 3139 lllam
2366 3101 2494 3138 vero
2519 3083 2858 3140 Przefationis
2891 3084 3186 3157 Bigotianze
3205 3090 3446 3153 partem,
3474 3093 3592 3148 qua:
3621 3076 3688 3129 ad

2109 3199 2287 3254 Vitam
2342 3198 2768 3270 Chrysostomia
2799 3165 3037 3255 Palladio
3093 3199 3411 3254 adornatam
3457 3200 3685 3263 spectat,

2113 3313 2200 3367 hic
2231 3313 2607 3383 apponendam
2636 3325 2758 3368 esse
2787 3315 3117 3370 censuimus.

1685 3775 2418 3870 EXCERPTUM

1449 4054 1542 4109 ΕΧ
1584 4053 2046 4112 PR/EFATIONE
2084 4057 2364 4114 EMElllCI
2407 4056 2672 4113 BlGOTli.

507 4506 526 4538 ι
568 4485 704 4541 Cum
729 4486 964 4558 primum
991 4487 1058 4543 de
1087 4488 1298 4542 edendo
1321 4488 1458 4543 Vitae
1503 4489 1559 4543 S.
1585 4488 1810 4544 Joannis
1837 4487 2012 4558 Chry—

429 4581 654 4635 sostomi
673 4579 860 4635 Graeco
888 4591 1143 4636 contextu
1170 4583 1406 4653 cogitare
1431 4583 1594 4653 coepi,
1616 4583 1811 4638 Lector
1849 4574 2014 4636 bene-

432 4671 571 4730 vole.
607 4671 888 4725 uberiores
918 4682 1076 4725 notas
1098 4673 1149 4724 in
1182 4688 1300 4725 eam
1326 4673 1562 4727 scribere
1584 4681 1915 4736 statueram,
1943 4672 2013 4724 ob

431 4763 593 4834 idque
617 4764 937 4835 collegeram
968 4765 1226 4834 quidquid
1257 4765 1308 4818 in
1345 4765 1604 4834 Operibus
1638 4763 2016 4834 eloquentissi-

433 4855 506 4908 mi
535 4855 791 4918 doctoris,
812 4855 1072 4925 quidquid
1110 4857 1164 4909 in
1195 4857 1412 4926 scriptis
1451 4857 1671 4911 Patrum
1701 4857 2011 4925 aequalium,

429 4944 692 5014 quidquid
725 4945 959 5014 denique
997 4948 1138 5015 apud
1177 4947 1466 5002 historicos
1506 4947 1909 5002 ecclesiasticos
1947 4948 2014 5001 ad

431 5047 553 5086 cam
587 5032 959 5087 illustrandum
995 5035 1246 5090 conferre
1285 5037 1418 5092 mihi
1457 5037 1761 5093 videbatur.
1794 5037 1932 5094 Cum
1960 5038 2014 5092 in

2121 4487 2222 4541 hac
2273 4496 2451 4556 sparta
2495 4487 2805 4542 exornanda
2843 4501 3122 4552 versarer,
3163 4486 3295 4541 varii
3350 4487 3578 4542 subinde
3613 4501 3698 4540 me

2121 4580 2293 4633 morbi
2322 4589 2618 4642 vexarunt;
2664 4579 2754 4648 qui
2811 4579 3118 4633 institutum
3149 4595 3287 4649 opus
3316 4580 3372 4632 in
3407 4579 3697 4649 longinqua

2120 4681 2362 4740 tempora
2394 4672 2653 4740 rejeccre.
2687 4671 2901 4725 Interea
2931 4671 3132 4740 prodiit
3153 4670 3206 4723 in
3234 4671 3410 4725 lucem
3439 4671 3698 4724 eximium

2119 4781 2258 4834 opus
2310 4765 2374 4819 de
2422 4764 2793 4836 Chrysostomi
2835 4765 3020 4834 gestis.
3048 4765 3116 4818 ab
3157 4763 3524 4818 eruditissimo
3555 4772 3610 4817 et
3634 4763 3702 4816 de

2119 4858 2343 4911 historia
2371 4857 2735 4912 ecclesiastica
2775 4857 2977 4926 Optime
3001 4858 3216 4918 merito,
3247 4855 3540 4910 Godefrido
3565 4854 3702 4908 l-ler-

2122 4950 2349 5015 mantio,
2382 4949 2585 5004 Gallice
2619 4949 2987 5018 conscriptum
3020 4968 3030 5002 :
3060 4949 3113 5002 in
3145 4964 3253 5017 quo
3292 4947 3553 5016 quidquid
3581 4948 3702 4999 ani-

2123 5056 2213 5096 mo
2241 5056 2620 5111 conceperam,
2649 5041 2736 5094 ille
2776 5040 2987 5094 erudite
3020 5050 3181 5108 atque
3226 5039 3503 5108 eleganter
3539 5053 3706 5091 occu-

507 5333 582 5402 (τι)
609 5333 884 5409 Palladius
913 5377 925 5398 .
980 5336 1178 5406 ignota:
1247 5337 1534 5404 cujusdam
1591 5338 1832 5392 civitatis
1890 5336 1945 5390 in
1993 5335 2219 5393 Oriente
2251 5340 2541 5409 cpiscopus
2576 5343 2629 5392 et
2658 5335 2714 5391 S.
2744 5334 2972 5409 Joannis
2989 5334 3368 5407 Chrysostomi
3397 5333 3707 5409 familiaris.

434 5421 558 5476 cum
600 5408 719 5476 ejus
763 5405 1199 5463 communionem
1249 5409 1678 5463 ecclesiasticam
1751 5410 2004 5463 deserere
2039 5410 2224 5472 nollet,
2256 5405 2325 5464 ab
2357 5405 2601 5462 Ecclesia
2633 5423 2730 5462 sua
2760 5408 3015 5476 exsulare
3052 5405 3277 5460 coactus
3309 5421 3496 5460 amore
3531 5405 3708 5476 pacis,

433 5490 490 5549 tu
521 5473 857 5549 Occidentali
896 5479 1138 5534 Ecclesia
1168 5479 1424 5549 vigentis,
1457 5494 1507 5532 c.
1541 5494 1590 5532 a.
1633 5479 1743 5533 408
1774 5495 1841 5533 ex
1878 5477 2053 5548 patria
2088 5478 2303 5549 fugiens
2349 5480 2570 5532 Romam
2617 5479 2867 5533 secessit.
2904 5475 3008 5533 Ubi
3039 5477 3168 5549 dum
3195 5473 3545 5549 versaretur,
3585 5473 3712 5526 Dia-

437 5546 587 5615 loga:
622 5548 686 5602 de
717 5551 824 5602 rita
854 5549 914 5605 S.
944 5548 1570 5620 JoannisC/arysosjomi
1599 5549 1747 5620 inter
1774 5545 1979 5618 ipsum,
2019 5550 2114 5617 qui
2152 5545 2432 5620 plerisque
2465 5549 2629 5605 rebus
2659 5549 2822 5618 paulo
2862 5558 2988 5602 ante
3021 5549 3074 5620 in
3115 5545 3339 5620 Oriente
3371 5547 3541 5620 gestis
3571 5559 3710 5614 pra!-

436 5632 566 5674 scns
604 5620 874 5686 adfuerat,
917 5631 970 5676 et
1017 5616 1388 5683 Theodorum,
1422 5618 1685 5674 Romana:
1735 5616 1993 5672 Ecclesiae
2027 5616 2357 5683 diaconum;
2379 5620 2598 5674 habitus
2635 5616 2742 5681 est,
2797 5634 2959 5688 quem
3015 5618 3156 5672 idem
3204 5616 3485 5688 Palladius
3519 5622 3711 5688 postea

439 5689 667 5756 pulchre
694 5700 747 5746 et
779 5693 1026 5748 studiose
1055 5691 1418 5762 conscripsit;
1463 5689 1589 5744 inde
1623 5689 2005 5762 plenissimam
2037 5692 2530 5762 totiustragoediaz
2562 5685 2830 5746 notitiam
2851 5699 2904 5747 et
2941 5689 3218 5762 egregiam
3265 5689 3392 5743 vitae
3429 5685 3485 5742 S.
3537 5685 3708 5756 Chry-

437 5763 670 5817 sostomi
708 5762 1128 5822 delineationem
1157 5763 1225 5817 ab
1259 5761 1522 5832 episcopo
1548 5761 1794 5818 veritatis
1825 5761 2047 5818 conscio
2079 5761 2302 5818 haurire
2329 5763 2481 5817 licet.
