4114 6392
400 377 533 422 XCIII

402 478 571 551 pavit,
605 478 677 532 ita
705 488 765 533 ut
790 479 927 534 nihil
951 480 1080 535 mihi
1098 482 1329 552 amplius
1358 484 1623 554 reliquum
1642 483 1800 551 foret,
1823 498 1985 553 quam

406 582 586 627 actum
611 587 769 642 agere
805 592 817 626 :
846 574 992 642 quod
1016 590 1046 628 a
1078 576 1215 629 meis
1239 577 1481 632 moribus
1506 593 1722 646 semper
1740 576 1991 631 fuitalie-

410 680 562 717 num.
598 664 784 733 Itaque
807 667 1127 721 mutandum
1166 668 1299 721 mihi
1334 670 1620 722 consilium
1646 669 1765 735 fuit,
1800 679 1854 723 et
1883 668 1992 722 alio

409 757 778 810 convertenda
826 759 1005 812 studia
1039 778 1050 811 :
1082 775 1303 828 nempe,
1356 769 1417 813 ut
1452 761 1625 815 solum
1672 770 1984 815 contextum

410 849 658 904 Graecum
690 866 813 904 eum
847 867 985 904 nova
1012 851 1201 905 Latina
1231 854 1483 906 versione
1514 854 1714 923 publici
1741 854 1879 923 juris
1909 853 1991 907 fa-

408 956 612 1003 cerem,
640 957 801 1009 quem
832 957 862 994 a
892 942 1025 995 viris
1063 942 1235 996 doctis
1277 943 1431 996 avide
1456 944 1759 1013 exspectari
1793 944 1994 998 intelli-

412 1032 722 1104 gebam.Ad
760 1049 882 1087 eum
914 1050 1011 1102 pro
1038 1035 1381 1089 uberioribus
1410 1036 1990 1101 animadversionibus,

413 1142 548 1195 quas
574 1125 757 1180 animo
785 1126 1206 1191 destinaveram,
1248 1129 1510 1197 quasdam
1529 1128 1766 1192 criticas,
1800 1136 1860 1181 ut
1895 1145 1994 1183 vo-

413 1228 559 1281 cant,
585 1228 762 1280 notas,
785 1234 905 1287 quae
930 1219 1170 1288 phrasim
1197 1220 1428 1275 subinde
1459 1222 1640 1275 minus
1658 1220 1909 1275 usitatam
1943 1230 1998 1276 et

413 1312 582 1378 specie
598 1312 837 1364 vitiosam
862 1311 1213 1380 explicarent,
1236 1313 1544 1367 elueidaren
1554 1322 1679 1382 tque
1696 1315 1843 1368 locos
1864 1330 1999 1371 non-

413 1404 614 1468 nullos,
648 1405 740 1473 qui
773 1404 954 1458 varios
979 1420 1172 1460 sensus
1201 1405 1487 1474 variasque
1514 1405 1996 1475 interpretationes

416 1493 701 1547 admittere
732 1493 1077 1557 videbantur,
1111 1496 1406 1564 adjungere
1458 1496 1643 1548 statui.
1690 1494 2001 1565 Suppuduit

419 1600 505 1639 me
538 1594 718 1639 tamen
745 1596 953 1654 postea,
988 1587 1178 1651 fateor,
1214 1586 1478 1655 propositi
1512 1586 1646 1651 mei;
1688 1587 1999 1656 indignum-

418 1693 523 1745 que
548 1680 812 1746 reputavi,
837 1666 1216 1747 przetermissis
1241 1679 1586 1732 uberioribus
1607 1678 1772 1742 uotis,
1789 1679 1859 1732 ad
1882 1679 2001 1733 illas

419 1765 678 1819 minutias
738 1766 1350 1832 descendere;'veritus
1406 1767 1585 1821 locum
1628 1768 1755 1821 dare
1793 1769 2000 1838 vulgari

420 1858 627 1929 adagio,
660 1856 767 1912 Pro
790 1860 1033 1913 thesauro
1059 1860 1332 1914 carbones.
1359 1857 1428 1913 At
1459 1875 1587 1914 vero
1616 1860 1877 1929 quidquid
1899 1861 2002 1914 hoe

422 1951 587 2006 libelli
614 1960 725 2015 est,
756 1952 1107 2021 quantumvis
1145 1952 1556 2005 commentariis
1597 1952 1861 2016 destituti,
1904 1968 2002 2021 pro

422 2058 638 2113 magno,
668 2052 817 2097 certo
844 2043 975 2106 scio,
1019 2043 1305 2097 habiturus
1331 2058 1392 2097 es
1423 2045 1703 2110 thesauro,
1730 2046 1774 2099 si
1808 2046 2002 2099 memi-

424 2135 589 2198 neris,
619 2143 823 2203 quanto
867 2135 1066 2199 studio,
1096 2145 1368 2204 quautave
1409 2136 1686 2207 diligentia
1717 2139 2000 2193 clarissimi

422 2226 660 2296 Operum
687 2226 743 2281 S.
779 2225 1003 2281 Joannis
1026 2226 1396 2298 Chrysostomi
1440 2230 1697 2295 editores,
1732 2230 2003 2285 Henricus

422 2319 657 2374 Savilius
687 2329 743 2374 et
779 2319 982 2374 Fronto
1018 2319 1264 2385 Ducaaus,
1313 2337 1451 2392 Opus
1490 2323 1620 2377 illud
1661 2340 2003 2394 quaquaver—

424 2426 545 2465 sum
572 2411 975 2481 perquisierint.
1000 2411 1106 2466 Sed
1129 2429 1251 2468 eum
1275 2414 1473 2469 frustra
1500 2431 1690 2471 omnes
1710 2417 2003 2471 bibliothe-

426 2519 611 2558 carum
660 2504 864 2558 forulos
901 2506 1288 2571 excussissent,
1317 2507 1487 2562 sancti
1517 2508 1753 2563 doctoris
1790 2510 2000 2563 Studio-

428 2610 519 2649 sos
549 2596 768 2664 scriptis
807 2596 919 2650 suis
952 2598 1014 2651 ad
1045 2598 1291 2652 eamdem
1324 2615 1507 2652 curam
1535 2600 1853 2665 invitarunt,
1884 2618 2003 2654 mo-

426 2696 775 2756 nueruntque
834 2688 976 2741 hanc
1000 2688 1177 2742 Vitam
1210 2690 1275 2743 ad
1323 2690 1647 2759 paucissima
1677 2693 2005 2761 exemplaria

428 2781 699 2833 redactam
732 2795 871 2834 esse.
906 2779 1063 2833 Ilunc
1096 2796 1193 2850 ego
1222 2782 1575 2851 archetypum
1602 2783 1891 2837 Florentia:
1919 2799 2007 2837 re-

424 2873 540 2942 peri
590 2873 643 2925 in
689 2873 1023 2928 Bibliotheca
1069 2873 1305 2928 Medicea
1339 2893 1351 2926 :
1385 2876 1611 2945 ejusque
1662 2876 2007 2929 exseribendi

427 2964 581 3033 copia
612 2964 941 3035 perbenigne
985 2964 1115 3018 mihi
1156 2966 1295 3019 facta
1342 2976 1426 3019 est
1468 2982 1497 3019 a
1534 2983 1729 3037 magno
1776 2968 2009 3021 Etruria;

430 3057 568 3108 duce
588 3096 601 3119 ,
622 3055 964 3109 Ferdinando
986 3055 1032 3107 ll
1063 3073 1075 3108 :
1099 3057 1213 3124 qui,
1244 3071 1406 3109 verus
1425 3057 1601 3127 gentis
1623 3058 1875 3112 Mediceae
1907 3060 2012 3111 lue-

430 3160 537 3208 res,
558 3161 798 3199 amorem
828 3161 952 3215 erga
978 3144 1183 3199 litteras
1210 3146 1544 3200 etlitteratos
1566 3147 1727 3211 viros,
1761 3158 1820 3201 ut
1840 3149 2011 3217 patri-

431 3237 674 3290 monium
693 3254 723 3291 a
741 3238 1058 3307 parentibus
1075 3247 1376 3307 acceptum,
1396 3239 1464 3292 ad
1482 3239 1649 3291 filium
1666 3238 1921 3292 Cosmum
1940 3239 2009 3292 lll

432 3330 659 3384 :en‘eiter
683 3330 1001 3384 transmisit.
1030 3330 1128 3384 Hie
1158 3330 1274 3399 ipse
1303 3340 1387 3385 est
1420 3333 1610 3393 codex,
1630 3347 1738 3400 quo
1768 3348 1897 3385 usus
1928 3341 2013 3385 est

430 3423 749 3476 Ambrosius
790 3422 1246 3487 Camaldulensis,
1307 3423 1399 3491 qui
1449 3424 1599 3493 prior
1640 3424 1783 3479 hanc
1836 3424 2010 3478 Vitam

432 3514 625 3568 Latine
649 3515 809 3568 vertit
841 3533 854 3569 :
891 3516 1052 3569 vertit
1082 3524 1260 3569 autem
1293 3516 1499 3580 Romae,
1532 3527 1591 3570 ut
1622 3518 1737 3586 ipse
1782 3524 2014 3569 testatur

434 3608 489 3660 in
526 3608 748 3677 epistola
790 3609 1182 3677 nuncupatoria
1224 3608 1291 3662 ad
1343 3610 1646 3679 Eugenium
1693 3626 1885 3679 papam
1921 3609 2008 3674 IV,

436 3699 665 3767 ejusque
696 3700 871 3752 versio
906 3700 1042 3769 typis
1087 3715 1283 3753 excusa
1313 3701 1511 3769 prodiit
1554 3702 1786 3771 primum
1833 3702 2011 3756 Vene-

437 3792 525 3845 tiis
554 3791 606 3844 in
638 3792 807 3844 forma
830 3805 1037 3853 octava,
1058 3807 1189 3845 cura
1221 3801 1275 3846 et
1301 3794 1479 3846 studio
1499 3792 1705 3849 Nicolai
1727 3794 2009 3866 Erythraei,

437 3883 666 3936 Lutetia:
684 3883 879 3950 saepius
909 3890 1094 3951 postea
1126 3897 1335 3935 recusa.
1358 3882 1529 3945 Hunc,
1566 3884 1804 3954 inquam,
1838 3885 2012 3954 ipsum

436 3989 556 4028 esse
589 3973 827 4027 codicem
859 3989 967 4042 quo
1007 3987 1135 4026 usus
1170 3981 1253 4026 est
1278 3969 1618 4035 Ambrosius,
1652 3974 2011 4042 deprehendi,

436 4083 560 4119 cum
595 4082 662 4120 cx
686 4066 932 4135 pluribus
958 4065 1111 4129 locis,
1135 4065 1225 4133 qui
1250 4065 1410 4118 unius
1446 4074 1539 4119 aut
1567 4066 1791 4119 alterius
1823 4067 2017 4119 littera:

437 4158 735 4212 mutatione
768 4158 1007 4227 corrupti
1036 4166 1211 4221 erant,
1242 4166 1355 4210 tum
1394 4172 1459 4209 ex
1496 4157 1674 4210 verbis
1712 4157 2014 4227 litterisque

438 4266 721 4319 perperam
770 4250 1075 4316 coniunctis
1130 4258 1225 4303 aut
1277 4249 1484 4303 divisis.
1519 4247 1674 4313 Quod
1735 4257 1849 4302 tute
1920 4264 2016 4318 per

441 4344 674 4412 teipsum
729 4341 883 4395 facile
929 4341 1367 4404 animadvertes,
1418 4340 1659 4395 studiose
1702 4340 1927 4407 Lector,
1969 4340 2015 4395 si

440 4437 736 4491 attenderis
784 4437 850 4491 ad
902 4437 1081 4490 varias
1136 4436 1397 4491 lectiones
1457 4436 1791 4507 marginibus
1842 4452 1872 4489 a
1930 4452 2017 4491 me

438 4528 719 4597 ascriplas,
752 4544 886 4597 quas
912 4528 1185 4597 desumpsi
1217 4528 1409 4597 partim
1443 4545 1505 4581 ex
1545 4529 1746 4597 scripto
1779 4527 2014 4599 Georgii,

439 4621 786 4676 Alexandrini
812 4622 1223 4691 archiepiscopi,
1266 4622 1460 4691 partim
1491 4637 1556 4675 ex
1584 4623 1821 4691 Epistola
1853 4623 2019 4693 Chry-

440 4714 662 4769 sostomi
694 4714 759 4768 ad
797 4714 1174 4768 Innocentium
1207 4729 1399 4783 papam
1424 4755 1436 4776 ,
1461 4729 1582 4783 qua
1608 4714 1751 4768 inter
1779 4715 2018 4787 Chryso-

440 4806 600 4860 stomi
645 4806 821 4876 Opera
864 4816 1054 4869 exstat,
1088 4818 1239 4861 eruta
1268 4823 1333 4860 ex
1374 4808 1495 4861 aliis
1524 4808 1803 4862 codicibus
1844 4825 2014 4863 mss.:

440 4902 635 4971 partim
667 4902 901 4970 denique
940 4917 1002 4954 ex
1033 4900 1354 4970 fragmento,
1382 4900 1525 4968 quod
1554 4916 1620 4954 ex
1650 4901 1837 4954 codice
1862 4900 2019 4971 Cuja-

440 4998 589 5047 Lano
620 4994 819 5047 Fronto
850 4993 1075 5046 Duc-.eus
1101 4992 1267 5046 edidit
1292 4992 1344 5045 in
1381 4991 1486 5046 fine
1524 4994 1723 5063 vulgati
1751 5010 1779 5047 a
1809 5010 1866 5048 se
1901 4996 2019 5049 dia-

441 5090 565 5161 logi.
599 5090 694 5144 His
721 5090 868 5143 vitiis
897 5098 949 5143 et
976 5089 1333 5144 incommodis
1352 5088 1407 5141 in
1442 5090 1713 5152 versione,
1737 5106 1900 5159 quam
1922 5106 2020 5160 pro

443 5184 660 5237 modulo
682 5198 804 5236 meo
832 5181 1171 5245 concinnavi,
1220 5190 1493 5251 utcunque
1524 5198 1811 5236 occurrere
1852 5198 2020 5236 cona-

444 5284 530 5328 tus
556 5290 697 5337 sum,
747 5289 927 5326 veram
980 5288 1041 5325 ac
1090 5272 1379 5342 genuinam
1432 5283 1652 5327 secutus
1700 5275 2015 5337 lectionem,

442 5378 603 5430 quam
646 5362 823 5416 notavi
860 5363 926 5415 ad
969 5363 1287 5431 marginem,
1310 5372 1518 5416 retenta
1550 5364 1604 5417 in
1638 5374 1785 5419 textu
1827 5366 2019 5437 dialogi

442 5454 697 5517 lectione,
723 5471 841 5524 qua:
874 5455 926 5508 in
953 5455 1137 5509 codice
1165 5456 1535 5525 manuscripto
1576 5458 1895 5512 habebatur.

523 5651 541 5680 ‹
579 5631 673 5684 llic
695 5646 969 5685 nonnemo
1000 5632 1228 5685 fortasse
1258 5632 1495 5701 objiciat,
1523 5634 1769 5692 diversos
1798 5637 1904 5692 sibi
1938 5640 2020 5695 vi-

448 5721 565 5776 deri
582 5722 797 5777 codices
817 5723 1235 5777 Ambrosianum
1257 5740 1319 5777 ac
1342 5724 1715 5782 Florentinum
1737 5747 1748 5781 :
1768 5742 2021 5801 propter-

446 5829 510 5870 ea
548 5816 688 5886 quod
725 5815 1044 5871 Ambrosius
1084 5818 1340 5873 nonnulla
1372 5821 1621 5888 prommii
1654 5822 1771 5879 loco
1796 5826 2019 5896 praemi-

1374 366 1493 422 EM.
1536 366 1791 423 BIGOTII
1833 364 2205 421 PREFATIO
2241 365 2307 420 IN
2346 364 2761 421 PALLADIUM.

3548 377 3675 422 XCIV

2094 484 2163 539 sit
2189 486 2245 539 in
2268 500 2365 539 sua
2396 484 2663 547 versione,
2698 495 2819 552 quae
2859 480 2912 533 in
2946 476 3263 533 Florentino
3303 493 3413 532 non
3449 492 3672 548 compa-

2094 586 2234 631 rent.
2271 577 2418 632 Idem
2449 576 2679 631 subinde
2707 575 2944 629 occurrit
2988 572 3042 626 in
3087 572 3322 627 decursu
3365 571 3580 641 dialogi,
3615 581 3677 626 ut

2093 671 2265 725 cuivis
2302 670 2499 740 legenti
2546 669 2837 722 observare
2873 664 3019 719 licet.
3045 663 3245 717 Verum
3286 663 3532 732 quisquis
3560 677 3673 715 rem

2095 772 2345 818 accurate
2374 759 2741 832 perpenderit,
2756 758 2912 813 facile
2941 773 3155 812 mecum
3175 756 3525 818 existimabit,
3546 754 3677 807 Am-

2094 857 2337 911 brosium
2367 855 2466 909 ista
2497 855 2563 908 de
2590 868 2690 907 suo
2719 852 3011 912 addidisse,
3037 858 3098 903 ut
3140 849 3209 903 ad
3250 848 3540 917 dialogum,
3582 845 3675 915 qui

2097 950 2260 1003 nimis
2292 949 2524 1016 abrupto
2551 946 2773 1000 exordio
2806 942 3152 1014 procedebat,
3196 942 3336 995 viam
3383 941 3623 1008 aperiret
3661 957 3674 991 :

2098 1040 2351 1108 idemque
2386 1037 2704 1107 praestitisse
2740 1035 2795 1088 in
2835 1033 2977 1088 serie
3020 1031 3243 1102 dialogi,
3287 1029 3461 1085 sicubi
3514 1028 3680 1082 nimis

2100 1133 2279 1186 hiulca
2323 1130 2609 1185 videbatur
2661 1127 2855 1181 oratio.
2891 1124 3026 1190 Quis
3050 1123 3193 1177 enim
3226 1122 3326 1175 sibi
3354 1121 3683 1191 persuadeat

2100 1224 2301 1279 Zosimi
2356 1222 2630 1292 pontificis
2671 1219 2891 1274 maximi
2928 1217 3267 1286 temporibus
3296 1215 3523 1269 Romam
3566 1214 3681 1283 pri-

2100 1335 2251 1373 mum
2277 1317 2494 1371 venisse
2541 1314 2716 1368 nostri
2750 1312 3073 1382 scriptorem
3105 1309 3322 1379 dialogi,
3353 1309 3447 1379 qui
3478 1308 3532 1361 in
3563 1308 3683 1377 ipso

2100 1408 2546 1465 animadverterit
2584 1404 2930 1459 Theodorum
2961 1402 3249 1456 diaconum
3302 1399 3370 1453 ab
3418 1399 3685 1469 episcopo

2101 1516 2362 1574 quaerere,
2397 1516 2465 1554 an
2497 1498 2735 1553 Joannes
2772 1503 3021 1549 mortuus
3047 1493 3145 1558 sit;
3182 1492 3511 1561 respondere
3551 1504 3685 1544 vero

2102 1596 2418 1665 episcopum
2449 1611 2463 1646 :
2494 1590 2659 1653 Vixit,
2688 1588 2812 1657 quia
2836 1596 3084 1641 mortuus
3114 1596 3217 1638 est.
3244 1582 3385 1637 Sane
3401 1583 3685 1651 haudqua-

2102 1700 2263 1754 quam
2309 1680 2605 1738 verisimile
2644 1687 2746 1743 est,
2773 1676 3115 1731 celeberrimi
3160 1674 3428 1745 pontificis
3474 1673 3683 1727 obitum

2103 1789 2210 1833 tam
2239 1777 2330 1832 diu
2366 1776 2534 1829 latere
2560 1772 2800 1843 potuisse
2831 1768 3475 1832 Theodorum,Romanae
3493 1766 3685 1820 Eccle-

2104 1872 2197 1926 siae
2226 1869 2533 1929 diaconum,
2553 1864 2639 1919 cui
2658 1863 2762 1917 alia
2781 1863 3036 1933 pleraque
3047 1862 3113 1916 de
3129 1860 3514 1930 Chrysostomo
3534 1872 3685 1911 com-

2103 1968 2255 2029 perta
2281 1964 2455 2011 erant.
2484 1952 2727 2017 Accedit,
2759 1951 2926 2022 quod,
2958 1968 3081 2005 eum
3126 1948 3364 2020 episcopi
3405 1948 3474 2002 ab
3520 1947 3686 2000 Iuno-

2104 2050 2284 2105 centio
2312 2063 2451 2117 papa
2485 2044 3012 2114 Constantinopolim
3047 2042 3286 2105 missi,in
3324 2042 3521 2095 itinere
3546 2039 3688 2093 male

2104 2141 2309 2210 accepti
2328 2139 2574 2203 fuissent,
2607 2154 2733 2192 eum
2754 2137 2985 2191 maxime
3017 2136 3309 2189 sollicitum
3341 2135 3569 2189 reddere
3589 2133 3689 2187 de-

2105 2234 2306 2288 bebant
2332 2249 2419 2286 res
2434 2231 2759 2286 Orientales.
2788 2230 2956 2283 Porro
2977 2245 3007 2282 a
3034 2238 3205 2282 morte
3218 2227 3442 2282 Joannis
3462 2226 3529 2280 ad
3551 2240 3689 2294 pon-

2108 2326 2367 2381 tificatum
2397 2324 2601 2387 Zosimi
2632 2323 2759 2376 anni
2794 2322 2986 2376 decem
3014 2321 3184 2389 elapsi
3229 2330 3403 2374 erant.
3431 2318 3485 2372 Si
3524 2334 3686 2388 argu-

2107 2427 2351 2473 mentum
2382 2416 2824 2486 chronologicum
2875 2413 3115 2483 pressius
3152 2426 3345 2482 urgere
3384 2426 3471 2465 me
3516 2411 3683 2471 sinas,

2108 2511 2309 2580 rogabo
2348 2518 2420 2573 te,
2456 2516 2516 2563 ut
2546 2508 2733 2562 oculos
2776 2505 3031 2575 conjicias
3062 2505 3115 2559 in
3152 2505 3265 2559 hzre
3297 2503 3459 2557 verba
3503 2503 3688 2556 Theo-

2108 2601 2246 2665 dori,
2282 2617 2402 2670 quae
2425 2600 2525 2654 sub
2553 2600 2714 2652 finem
2743 2597 2937 2667 dialogi
2961 2596 3133 2651 nostri
3164 2596 3351 2650 Graece
3390 2594 3688 2665 leguntur:

2108 2693 2305 2762 Scopus
2338 2695 2435 2747 iste
2466 2693 2718 2745 Romanae
2749 2690 2996 2745 Ecclesia:
3018 2699 3114 2754 est,
3155 2705 3425 2758 nunquam
3452 2702 3692 2740 conmm-

2110 2789 2287 2840 nicare
2333 2784 2687 2841 Orientalibus
2741 2785 3014 2853 episcopis,
3061 2783 3355 2850 prwsertim
3392 2780 3690 2850 Theophila.

2109 2882 2213 2947 Qui
2240 2883 2353 2936 haec
2388 2882 2550 2935 verba
2575 2880 2724 2949 legit,
2764 2895 2943 2932 nonne
2971 2878 3151 2933 statim
3197 2877 3565 2947 Theophilum
3607 2877 3695 2930 vi-

2109 2991 2238 3030 vum
2260 2975 2439 3029 adhuc
2469 2982 2523 3027 et
2553 2973 2853 3042 Spirantem
2883 2971 3027 3025 videt
3058 2986 3123 3025 eo
3149 2979 3415 3039 tempore,
3441 2985 3548 3038 quo
3580 2969 3697 3022 hrec

2109 3070 2273 3126 verba
2311 3068 2618 3138 proferebat
2663 3065 3022 3118 Theodorus?
3073 3063 3439 3133 Theophilum
3484 3072 3692 3124 autem,

2110 3161 2538 3215 Alexandrinum
2585 3158 2919 3227 episcopum,
2945 3172 3089 3209 anno
3113 3156 3217 3209 412
3251 3165 3524 3208 mortuum
3553 3169 3695 3211 esse.

2111 3253 2252 3321 apud
2279 3267 2468 3305 omnes
2495 3258 2728 3304 constat.
2758 3248 2915 3314 Quod
2943 3247 3051 3302 dixi
3079 3248 3147 3301 de
3180 3247 3445 3316 prooemio
3479 3245 3693 3314 dialogi,

2112 3348 2337 3415 aliisque
2366 3360 2461 3414 per
2496 3342 2845 3397 Ambrosium
2885 3341 3225 3410 interpolatis
3254 3339 3410 3403 locis,
3442 3339 3494 3392 id
3532 3338 3697 3392 etiam

2112 3438 2377 3493 allirmare
2417 3437 2592 3490 ausim
2638 3436 2705 3489 de
2741 3434 3053 3488 nominibus
3100 3432 3335 3502 propriis
3370 3446 3579 3494 eorum,
3606 3430 3698 3499 qui

2074 3578 2079 3587 ,
2113 3533 2254 3585 inter
2280 3546 2336 3585 se
2361 3530 2644 3598 loquentes
2671 3528 2807 3581 inibi
2838 3526 3195 3580 inducuntur.
3227 3523 3361 3577 Nam
3387 3523 3479 3591 qui
3499 3523 3551 3575 in
3584 3538 3702 3576 ver—

2114 3625 2264 3680 sione
2295 3622 2648 3677 Ambrosiana
2681 3621 2940 3675 dicuntur
2971 3619 3241 3673 Palladius
3271 3627 3325 3671 et
3356 3617 3698 3678 Theodorus,

2114 3718 2169 3772 in
2201 3717 2387 3773 Graeco
2425 3716 2611 3769 codice
2642 3715 2886 3769 Mediceo
2912 3712 3548 3782 episcopusetdiacouus
3566 3709 3702 3762 sim-

2113 3812 2321 3882 pliciter
2349 3810 2719 3879 appellantur:
2755 3809 2919 3877 idque
2961 3807 3030 3859 ab
3076 3805 3373 3874 interprete
3410 3802 3701 3857 Ambrosio

2114 3909 2300 3955 contra
2333 3900 2491 3952 fidem
2536 3895 2911 3964 manuscripti,
2944 3902 3002 3947 ut
3034 3894 3218 3948 lectori
3256 3892 3587 3951 consuleret,
3618 3889 3698 3942 fa-

2113 4001 2260 4045 ctum
2291 3989 2457 4043 fuisse
2481 3989 2661 4041 nullus
2688 3987 2896 4041 dubito.
2939 3984 3082 4038 Sane
3114 3982 3370 4036 omnibus
3401 3980 3700 4035 eoutestari

2114 4095 2224 4133 non
2274 4094 2463 4132 verear
2506 4076 2806 4129 Mediceum
2867 4074 3112 4127 codicem
3155 4072 3427 4141 integrum
3479 4085 3621 4131 esse,
3647 4078 3704 4123 et

2114 4171 2255 4225 bona
2291 4169 2414 4228 fide,
2443 4169 2516 4221 uti
2547 4169 2691 4235 jacet
2723 4167 2779 4219 in
2819 4167 3128 4235 archetypo,
3160 4181 3189 4217 a
3216 4179 3301 4217 me
3334 4171 3697 4231 repraesenta-

2117 4269 2254 4314 tum.
2285 4257 2341 4312 Si
2368 4258 2491 4327 quis
2523 4266 2768 4327 reponat,
2798 4257 2936 4310 hanc
2964 4255 3267 4309 versionem
3288 4254 3494 4317 Romm,
3524 4261 3582 4306 ut
3607 4269 3702 4306 su-

2116 4352 2300 4424 perius
2320 4351 2594 4414 notabam,
2614 4349 2930 4403 adornatam
2950 4362 3070 4400 esse
3097 4347 3165 4400 ab
3193 4345 3497 4408 Ambrosio,
3525 4359 3702 4412 neque

2118 4464 2149 4501 a
2181 4460 2311 4499 vero
2356 4443 2593 4497 alienum
2644 4441 2840 4502 videri,
2867 4456 2991 4495 eum
3045 4439 3280 4508 quodam
3329 4437 3702 4507 manuscripto

2119 4539 2336 4601 codice,
2370 4536 2463 4605 qui
2495 4534 2682 4588 Romae
2716 4542 2827 4586 tum
2861 4542 3119 4591 exstaret,
3154 4545 3313 4583 usum
3354 4529 3560 4583 fuisse:
3612 4544 3702 4582 re-

2122 4630 2420 4701 spondebo,
2454 4626 2716 4696 probabili
2747 4640 2900 4693 aeque
2930 4633 3249 4695 argumento
3266 4623 3368 4677 dici
3386 4639 3545 4693 posse
3572 4622 3703 4675 Am-

2120 4721 2357 4776 brosium
2389 4726 2482 4771 aut
2524 4715 2726 4770 codicis
2752 4715 3047 4769 Florentini
3078 4731 3174 4768 seu
3200 4714 3422 4768 liledicei
3448 4714 3705 4783 priusha-

2122 4814 2307 4869 buisse
2340 4810 2570 4880 c0piam,
2614 4818 2708 4862 aut
2749 4807 2990 4861 codicem
3048 4807 3225 4876 ipsum
3278 4806 3464 4860 Romae
3506 4805 3704 4860 Cosmo

2120 4906 2313 4975 Magno
2347 4916 2714 4971 comparasse,
2750 4900 2804 4953 in
2836 4900 2993 4968 cujus
3032 4900 3414 4953 bibliothecam
3460 4900 3704 4953 codicem

2122 4999 2261 5053 facta
2293 4996 2541 5049 versione
2574 4992 2932 5048 transtulerit.
2962 4991 3240 5045 Ambrosii
3279 4992 3425 5045 enim
3465 4992 3611 5046 curis
3640 5008 3705 5045 ac

2122 5088 2413 5159 diligentize
2449 5085 2852 5139 institutionem
2886 5083 3142 5137 Mediceze
3172 5082 3521 5137 Bibliotheca:
3546 5099 3704 5137 acce-

2124 5189 2269 5249 ptam
2305 5177 2495 5232 referri
2526 5177 2743 5236 debere,
2775 5190 2958 5238 nemo,
3014 5175 3106 5243 qui
3141 5175 3262 5243 ejus
3305 5175 3469 5229 vitam
3503 5184 3554 5229 et
3586 5176 3705 5245 epi-

2123 5274 2286 5327 stolas
2311 5271 2514 5341 legerit,
2552 5268 2887 5322 dillitebitur.
2917 5267 3042 5322 Ηωο
3069 5268 3136 5320 de
3172 5268 3358 5322 codice
3394 5269 3538 5322 dicta
3572 5284 3707 5322 sun-

2124 5372 2179 5416 to
2215 5383 2225 5415 :
2262 5380 2411 5416 nunc
2434 5363 2501 5415 de
2534 5369 2757 5413 auctore
2786 5358 2979 5427 dialogi
3022 5358 3321 5411 videamus.

2204 5563 2222 5594 ι
2264 5542 2517 5610 Dialogus
2545 5540 2612 5595 de
2640 5540 2758 5593 Vita
2774 5540 3000 5594 Joannis
3029 5540 3401 5610 Chrysostomi
3429 5541 3572 5595 inter
3587 5541 3706 5612 epi-

2123 5650 2349 5705 scopum
2381 5642 2436 5687 et
2464 5633 2810 5687 Theodorum
2837 5631 3093 5688 Romanae
3127 5633 3386 5688 Ecclesia:
3415 5634 3704 5688 diaconum

2124 5729 2343 5783 habitus
2369 5735 2453 5780 est
2478 5725 2683 5789 Romaz,
2703 5740 2886 5779 coram
2921 5726 3106 5781 multis
3130 5734 3184 5780 et
3213 5742 3312 5795 per
3345 5726 3531 5796 plures
3559 5726 3699 5782 dies.

2126 5822 2285 5878 Hune
2315 5819 2631 5891 episcopum
2658 5825 2909 5875 vocatum
2942 5816 3107 5875 fuisse
3128 5818 3444 5881 Palladium,
3477 5827 3533 5876 et
3559 5833 3706 5892 pra:-
