  <div class='ocr_page' id='page_1' title='image "/cluster/home/n/w/nwhite01/storage/ocr_20150623/47/nnc1.0046978321/059.png"; bbox 0 0 4114 6392; ppageno 0'>
   <div class='ocr_carea' id='block_1_1' title="bbox 375 356 475 400">
    <p class='ocr_par' dir='ltr' id='par_1_1' title="bbox 375 356 475 400">
     <span class='ocr_line' id='line_1_1' title="bbox 375 356 475 400; baseline -0.01 0"><span class='ocrx_word' id='word_1_1' title='bbox 375 356 475 400; x_wconf 68' lang='grc' dir='ltr'><strong>κεῖν</strong></span> 
     </span>
    </p>
   </div>
   <div class='ocr_carea' id='block_1_2' title="bbox 378 434 1958 517">
    <p class='ocr_par' dir='ltr' id='par_1_2' title="bbox 378 434 1958 517">
     <span class='ocr_line' id='line_1_2' title="bbox 378 434 1958 517; baseline -0.02 -1"><span class='ocrx_word' id='word_1_2' title='bbox 378 462 546 516; x_wconf 80' lang='lat' dir='ltr'><strong>fuisse</strong></span> <span class='ocrx_word' id='word_1_3' title='bbox 578 453 834 512; x_wconf 67' lang='lat' dir='ltr'><strong>Ecclesiae</strong></span> <span class='ocrx_word' id='word_1_4' title='bbox 870 446 1355 517; x_wconf 70' lang='lat' dir='ltr'><strong>Ilelcnopolitante,</strong></span> <span class='ocrx_word' id='word_1_5' title='bbox 1397 442 1560 496; x_wconf 83' lang='lat' dir='ltr'><strong>ﬁdem</strong></span> <span class='ocrx_word' id='word_1_6' title='bbox 1603 437 1808 492; x_wconf 79' lang='lat' dir='ltr'><strong>faciunt</strong></span> <span class='ocrx_word' id='word_1_7' title='bbox 1840 434 1958 487; x_wconf 67' lang='lat' dir='ltr'><strong>haec</strong></span> 
     </span>
    </p>
   </div>
   <div class='ocr_carea' id='block_1_3' title="bbox 378 525 1959 612">
    <p class='ocr_par' dir='ltr' id='par_1_3' title="bbox 378 525 1959 612">
     <span class='ocr_line' id='line_1_3' title="bbox 378 525 1959 612; baseline -0.018 -6"><span class='ocrx_word' id='word_1_8' title='bbox 378 550 518 606; x_wconf 92' lang='lat' dir='ltr'><strong>tituli</strong></span> <span class='ocrx_word' id='word_1_9' title='bbox 539 548 721 607; x_wconf 87' lang='lat' dir='ltr'><strong>verba,</strong></span> <span class='ocrx_word' id='word_1_10' title='bbox 746 543 1000 612; x_wconf 77' lang='lat' dir='ltr'><strong>Dialogus</strong></span> <span class='ocrx_word' id='word_1_11' title='bbox 1016 538 1250 594; x_wconf 77' lang='lat' dir='ltr'><strong>Palladii</strong></span> <span class='ocrx_word' id='word_1_12' title='bbox 1269 533 1496 603; x_wconf 78' lang='lat' dir='ltr'><strong>episcopi</strong></span> <span class='ocrx_word' id='word_1_13' title='bbox 1513 525 1959 597; x_wconf 83' lang='lat' dir='ltr'><strong>Helenopolitani,</strong></span> 
     </span>
    </p>
   </div>
   <div class='ocr_carea' id='block_1_4' title="bbox 381 621 1961 703">
    <p class='ocr_par' dir='ltr' id='par_1_4' title="bbox 381 621 1961 703">
     <span class='ocr_line' id='line_1_4' title="bbox 381 621 1961 703; baseline -0.018 -5"><span class='ocrx_word' id='word_1_14' title='bbox 381 645 571 698; x_wconf 84' lang='lat' dir='ltr'><strong>eadem</strong></span> <span class='ocrx_word' id='word_1_15' title='bbox 594 642 647 696; x_wconf 92' lang='lat' dir='ltr'><strong>in</strong></span> <span class='ocrx_word' id='word_1_16' title='bbox 674 640 779 693; x_wconf 86' lang='lat' dir='ltr'><strong>line</strong></span> <span class='ocrx_word' id='word_1_17' title='bbox 800 635 965 692; x_wconf 80' lang='lat' dir='ltr'><strong>libelli</strong></span> <span class='ocrx_word' id='word_1_18' title='bbox 986 632 1234 703; x_wconf 89' lang='lat' dir='ltr'><strong>repetita.</strong></span> <span class='ocrx_word' id='word_1_19' title='bbox 1252 627 1418 699; x_wconf 81' lang='lat' dir='ltr'><strong>_Apud</strong></span> <span class='ocrx_word' id='word_1_20' title='bbox 1442 623 1705 679; x_wconf 89' lang='lat' dir='ltr'><strong>Savilium</strong></span> <span class='ocrx_word' id='word_1_21' title='bbox 1728 621 1961 675; x_wconf 85' lang='lat' dir='ltr'><strong>habetur</strong></span> 
     </span>
    </p>
   </div>
   <div class='ocr_carea' id='block_1_5' title="bbox 383 713 1960 796">
    <p class='ocr_par' dir='ltr' id='par_1_5' title="bbox 383 713 1960 796">
     <span class='ocr_line' id='line_1_5' title="bbox 383 713 1960 796; baseline -0.016 -6"><span class='ocrx_word' id='word_1_22' title='bbox 383 735 645 790; x_wconf 83' lang='lat' dir='ltr'><strong>elenchos</strong></span> <span class='ocrx_word' id='word_1_23' title='bbox 669 740 982 792; x_wconf 90' lang='lat' dir='ltr'><strong>auctorum,</strong></span> <span class='ocrx_word' id='word_1_24' title='bbox 1009 726 1101 796; x_wconf 88' lang='lat' dir='ltr'><strong>qui</strong></span> <span class='ocrx_word' id='word_1_25' title='bbox 1132 722 1337 794; x_wconf 91' lang='lat' dir='ltr'><strong>aliquid</strong></span> <span class='ocrx_word' id='word_1_26' title='bbox 1375 720 1444 775; x_wconf 92' lang='lat' dir='ltr'><strong>de</strong></span> <span class='ocrx_word' id='word_1_27' title='bbox 1474 718 1686 772; x_wconf 84' lang='lat' dir='ltr'><strong>Joanne</strong></span> <span class='ocrx_word' id='word_1_28' title='bbox 1722 713 1960 783; x_wconf 85' lang='lat' dir='ltr'><strong>Chryso-</strong></span> 
     </span>
    </p>
   </div>
   <div class='ocr_carea' id='block_1_6' title="bbox 386 805 1960 894">
    <p class='ocr_par' dir='ltr' id='par_1_6' title="bbox 386 805 1960 894">
     <span class='ocr_line' id='line_1_6' title="bbox 386 805 1960 894; baseline -0.017 -11"><span class='ocrx_word' id='word_1_29' title='bbox 386 836 563 883; x_wconf 86' lang='lat' dir='ltr'><strong>stomo</strong></span> <span class='ocrx_word' id='word_1_30' title='bbox 595 825 950 894; x_wconf 89' lang='lat' dir='ltr'><strong>scripserunt.</strong></span> <span class='ocrx_word' id='word_1_31' title='bbox 984 819 1114 873; x_wconf 91' lang='lat' dir='ltr'><strong>Fuit</strong></span> <span class='ocrx_word' id='word_1_32' title='bbox 1143 826 1324 871; x_wconf 88' lang='lat' dir='ltr'><strong>autem</strong></span> <span class='ocrx_word' id='word_1_33' title='bbox 1355 818 1643 881; x_wconf 85' lang='lat' dir='ltr'><strong>excerptus</strong></span> <span class='ocrx_word' id='word_1_34' title='bbox 1670 805 1872 862; x_wconf 79' lang='lat' dir='ltr'><strong>Patavii</strong></span> <span class='ocrx_word' id='word_1_35' title='bbox 1894 820 1960 857; x_wconf 78' lang='lat' dir='ltr'><strong>ex</strong></span> 
     </span>
    </p>
   </div>
   <div class='ocr_carea' id='block_1_7' title="bbox 388 897 1963 976">
    <p class='ocr_par' dir='ltr' id='par_1_7' title="bbox 388 897 1963 976">
     <span class='ocr_line' id='line_1_7' title="bbox 388 897 1963 976; baseline -0.018 1"><span class='ocrx_word' id='word_1_36' title='bbox 388 921 576 976; x_wconf 90' lang='lat' dir='ltr'><strong>codice</strong></span> <span class='ocrx_word' id='word_1_37' title='bbox 609 916 982 973; x_wconf 84' lang='lat' dir='ltr'><strong>vetustissimo</strong></span> <span class='ocrx_word' id='word_1_38' title='bbox 1014 909 1295 966; x_wconf 82' lang='lat' dir='ltr'><strong>Michaelis</strong></span> <span class='ocrx_word' id='word_1_39' title='bbox 1338 903 1622 975; x_wconf 91' lang='lat' dir='ltr'><strong>Sophiani,</strong></span> <span class='ocrx_word' id='word_1_40' title='bbox 1652 909 1709 956; x_wconf 88' lang='lat' dir='ltr'><strong>et</strong></span> <span class='ocrx_word' id='word_1_41' title='bbox 1730 897 1963 971; x_wconf 63' lang='lat' dir='ltr'><strong>praeﬁgi-</strong></span> 
     </span>
    </p>
   </div>
   <div class='ocr_carea' id='block_1_8' title="bbox 387 992 1964 1083">
    <p class='ocr_par' dir='ltr' id='par_1_8' title="bbox 387 992 1964 1083">
     <span class='ocr_line' id='line_1_8' title="bbox 387 992 1964 1083; baseline -0.016 -13"><span class='ocrx_word' id='word_1_42' title='bbox 387 1025 480 1070; x_wconf 84' lang='lat' dir='ltr'><strong>tur</strong></span> <span class='ocrx_word' id='word_1_43' title='bbox 506 1014 647 1083; x_wconf 90' lang='lat' dir='ltr'><strong>apud</strong></span> <span class='ocrx_word' id='word_1_44' title='bbox 700 1010 948 1065; x_wconf 88' lang='lat' dir='ltr'><strong>eumdem</strong></span> <span class='ocrx_word' id='word_1_45' title='bbox 992 1005 1251 1060; x_wconf 83' lang='lat' dir='ltr'><strong>Savilium</strong></span> <span class='ocrx_word' id='word_1_46' title='bbox 1280 1001 1416 1055; x_wconf 66' lang='lat' dir='ltr'><strong>Vitm</strong></span> <span class='ocrx_word' id='word_1_47' title='bbox 1438 998 1494 1053; x_wconf 93' lang='lat' dir='ltr'><strong>S.</strong></span> <span class='ocrx_word' id='word_1_48' title='bbox 1527 995 1753 1051; x_wconf 84' lang='lat' dir='ltr'><strong>Joannis</strong></span> <span class='ocrx_word' id='word_1_49' title='bbox 1785 992 1964 1083; x_wconf 26' lang='lat' dir='ltr'><strong>Chrys</strong></span> 
     </span>
    </p>
   </div>
   <div class='ocr_carea' id='block_1_9' title="bbox 392 1080 1966 1170">
    <p class='ocr_par' dir='ltr' id='par_1_9' title="bbox 392 1080 1966 1170">
     <span class='ocr_line' id='line_1_9' title="bbox 392 1080 1966 1170; baseline -0.018 -9"><span class='ocrx_word' id='word_1_50' title='bbox 392 1080 637 1165; x_wconf 74' lang='lat' dir='ltr'><strong>sostoini,</strong></span> <span class='ocrx_word' id='word_1_51' title='bbox 666 1101 879 1170; x_wconf 71' lang='lat' dir='ltr'><strong>scripta:</strong></span> <span class='ocrx_word' id='word_1_52' title='bbox 918 1099 985 1152; x_wconf 92' lang='lat' dir='ltr'><strong>ab</strong></span> <span class='ocrx_word' id='word_1_53' title='bbox 1016 1104 1238 1150; x_wconf 88' lang='lat' dir='ltr'><strong>auctore</strong></span> <span class='ocrx_word' id='word_1_54' title='bbox 1271 1091 1507 1160; x_wconf 88' lang='lat' dir='ltr'><strong>quodam</strong></span> <span class='ocrx_word' id='word_1_55' title='bbox 1545 1099 1838 1156; x_wconf 80' lang='lat' dir='ltr'><strong>anonymo,</strong></span> <span class='ocrx_word' id='word_1_56' title='bbox 1873 1080 1966 1151; x_wconf 88' lang='lat' dir='ltr'><strong>qui</strong></span> 
     </span>
    </p>
   </div>
   <div class='ocr_carea' id='block_1_10' title="bbox 394 1174 1969 1252">
    <p class='ocr_par' dir='ltr' id='par_1_10' title="bbox 394 1174 1969 1252">
     <span class='ocr_line' id='line_1_10' title="bbox 394 1174 1969 1252; baseline -0.016 -2"><span class='ocrx_word' id='word_1_57' title='bbox 394 1213 454 1252; x_wconf 84' lang='lat' dir='ltr'><strong>se</strong></span> <span class='ocrx_word' id='word_1_58' title='bbox 495 1211 614 1251; x_wconf 88' lang='lat' dir='ltr'><strong>eam</strong></span> <span class='ocrx_word' id='word_1_59' title='bbox 657 1190 1015 1248; x_wconf 82' lang='lat' dir='ltr'><strong>concinnasse</strong></span> <span class='ocrx_word' id='word_1_60' title='bbox 1043 1186 1174 1241; x_wconf 81' lang='lat' dir='ltr'><strong>dicit</strong></span> <span class='ocrx_word' id='word_1_61' title='bbox 1200 1200 1266 1239; x_wconf 79' lang='lat' dir='ltr'><strong>ex</strong></span> <span class='ocrx_word' id='word_1_62' title='bbox 1309 1181 1564 1237; x_wconf 91' lang='lat' dir='ltr'><strong>omnibus</strong></span> <span class='ocrx_word' id='word_1_63' title='bbox 1603 1177 1695 1246; x_wconf 92' lang='lat' dir='ltr'><strong>qui</strong></span> <span class='ocrx_word' id='word_1_64' title='bbox 1736 1176 1791 1229; x_wconf 91' lang='lat' dir='ltr'><strong>in</strong></span> <span class='ocrx_word' id='word_1_65' title='bbox 1823 1174 1969 1228; x_wconf 88' lang='lat' dir='ltr'><strong>dicto</strong></span> 
     </span>
    </p>
   </div>
   <div class='ocr_carea' id='block_1_11' title="bbox 396 1265 1972 1347">
    <p class='ocr_par' dir='ltr' id='par_1_11' title="bbox 396 1265 1972 1347">
     <span class='ocr_line' id='line_1_11' title="bbox 396 1265 1972 1347; baseline -0.016 -4"><span class='ocrx_word' id='word_1_66' title='bbox 396 1287 626 1343; x_wconf 91' lang='lat' dir='ltr'><strong>elencho</strong></span> <span class='ocrx_word' id='word_1_67' title='bbox 657 1284 1009 1338; x_wconf 87' lang='lat' dir='ltr'><strong>nominantur</strong></span> <span class='ocrx_word' id='word_1_68' title='bbox 1042 1275 1416 1347; x_wconf 81' lang='lat' dir='ltr'><strong>scriptoribus.</strong></span> <span class='ocrx_word' id='word_1_69' title='bbox 1453 1272 1564 1326; x_wconf 81' lang='lat' dir='ltr'><strong>llos</strong></span> <span class='ocrx_word' id='word_1_70' title='bbox 1598 1271 1740 1323; x_wconf 89' lang='lat' dir='ltr'><strong>inter</strong></span> <span class='ocrx_word' id='word_1_71' title='bbox 1785 1265 1972 1320; x_wconf 62' lang='lat' dir='ltr'><strong>Graece</strong></span> 
     </span>
    </p>
   </div>
   <div class='ocr_carea' id='block_1_12' title="bbox 396 1360 1968 1452">
    <p class='ocr_par' dir='ltr' id='par_1_12' title="bbox 396 1360 1968 1452">
     <span class='ocr_line' id='line_1_12' title="bbox 396 1360 1968 1452; baseline -0.017 -16"><span class='ocrx_word' id='word_1_72' title='bbox 396 1381 592 1452; x_wconf 84' lang='lat' dir='ltr'><strong>legitur</strong></span> <span class='ocrx_word' id='word_1_73' title='bbox 615 1376 893 1432; x_wconf 88' lang='lat' dir='ltr'><strong>Palladius</strong></span> <span class='ocrx_word' id='word_1_74' title='bbox 935 1374 1204 1442; x_wconf 83' lang='lat' dir='ltr'><strong>episcopus</strong></span> <span class='ocrx_word' id='word_1_75' title='bbox 1245 1364 1636 1435; x_wconf 81' lang='lat' dir='ltr'><strong>Helenopoleos.</strong></span> <span class='ocrx_word' id='word_1_76' title='bbox 1687 1360 1968 1429; x_wconf 86' lang='lat' dir='ltr'><strong>Georgius,</strong></span> 
     </span>
    </p>
   </div>
   <div class='ocr_carea' id='block_1_13' title="bbox 398 1452 1974 1538">
    <p class='ocr_par' dir='ltr' id='par_1_13' title="bbox 398 1452 1974 1538">
     <span class='ocr_line' id='line_1_13' title="bbox 398 1452 1974 1538; baseline -0.015 -11"><span class='ocrx_word' id='word_1_77' title='bbox 398 1470 796 1527; x_wconf 79' lang='lat' dir='ltr'><strong>Alexandrinus</strong></span> <span class='ocrx_word' id='word_1_78' title='bbox 838 1464 1165 1538; x_wconf 85' lang='lat' dir='ltr'><strong>patriarcha,</strong></span> <span class='ocrx_word' id='word_1_79' title='bbox 1207 1462 1297 1532; x_wconf 88' lang='lat' dir='ltr'><strong>qui</strong></span> <span class='ocrx_word' id='word_1_80' title='bbox 1326 1460 1494 1514; x_wconf 87' lang='lat' dir='ltr'><strong>multa</strong></span> <span class='ocrx_word' id='word_1_81' title='bbox 1524 1472 1588 1511; x_wconf 85' lang='lat' dir='ltr'><strong>ex</strong></span> <span class='ocrx_word' id='word_1_82' title='bbox 1619 1456 1725 1510; x_wconf 90' lang='lat' dir='ltr'><strong>hoc</strong></span> <span class='ocrx_word' id='word_1_83' title='bbox 1764 1452 1974 1522; x_wconf 83' lang='lat' dir='ltr'><strong>dialogo</strong></span> 
     </span>
    </p>
   </div>
   <div class='ocr_carea' id='block_1_14' title="bbox 398 1551 1973 1630">
    <p class='ocr_par' dir='ltr' id='par_1_14' title="bbox 398 1551 1973 1630">
     <span class='ocr_line' id='line_1_14' title="bbox 398 1551 1973 1630; baseline -0.013 -11"><span class='ocrx_word' id='word_1_84' title='bbox 398 1565 454 1619; x_wconf 91' lang='lat' dir='ltr'><strong>in</strong></span> <span class='ocrx_word' id='word_1_85' title='bbox 481 1563 656 1619; x_wconf 84' lang='lat' dir='ltr'><strong>Vitam</strong></span> <span class='ocrx_word' id='word_1_86' title='bbox 685 1561 909 1617; x_wconf 85' lang='lat' dir='ltr'><strong>Joannis</strong></span> <span class='ocrx_word' id='word_1_87' title='bbox 936 1554 1302 1630; x_wconf 78' lang='lat' dir='ltr'><strong>Chrysosto&#39;mi</strong></span> <span class='ocrx_word' id='word_1_88' title='bbox 1333 1570 1363 1608; x_wconf 90' lang='lat' dir='ltr'><strong>a</strong></span> <span class='ocrx_word' id='word_1_89' title='bbox 1397 1568 1456 1609; x_wconf 91' lang='lat' dir='ltr'><strong>se</strong></span> <span class='ocrx_word' id='word_1_90' title='bbox 1485 1551 1742 1620; x_wconf 80' lang='lat' dir='ltr'><strong>scriptam</strong></span> <span class='ocrx_word' id='word_1_91' title='bbox 1790 1557 1973 1602; x_wconf 90' lang='lat' dir='ltr'><strong>trans-</strong></span> 
     </span>
    </p>
   </div>
   <div class='ocr_carea' id='block_1_15' title="bbox 402 1637 1975 1716">
    <p class='ocr_par' dir='ltr' id='par_1_15' title="bbox 402 1637 1975 1716">
     <span class='ocr_line' id='line_1_15' title="bbox 402 1637 1975 1716; baseline -0.012 -9"><span class='ocrx_word' id='word_1_92' title='bbox 402 1653 560 1715; x_wconf 78' lang='lat' dir='ltr'><strong>tulit,</strong></span> <span class='ocrx_word' id='word_1_93' title='bbox 609 1666 672 1705; x_wconf 88' lang='lat' dir='ltr'><strong>ea</strong></span> <span class='ocrx_word' id='word_1_94' title='bbox 711 1649 892 1705; x_wconf 85' lang='lat' dir='ltr'><strong>omnia</strong></span> <span class='ocrx_word' id='word_1_95' title='bbox 938 1655 1157 1716; x_wconf 89' lang='lat' dir='ltr'><strong>accepta</strong></span> <span class='ocrx_word' id='word_1_96' title='bbox 1198 1643 1364 1698; x_wconf 87' lang='lat' dir='ltr'><strong>relert</strong></span> <span class='ocrx_word' id='word_1_97' title='bbox 1401 1639 1637 1696; x_wconf 89' lang='lat' dir='ltr'><strong>Palladio</strong></span> <span class='ocrx_word' id='word_1_98' title='bbox 1669 1637 1926 1708; x_wconf 89' lang='lat' dir='ltr'><strong>episcopo</strong></span> <span class='ocrx_word' id='word_1_99' title='bbox 1962 1650 1975 1658; x_wconf 86' lang='grc'><strong>·</strong></span> 
     </span>
    </p>
   </div>
   <div class='ocr_carea' id='block_1_16' title="bbox 401 1731 1960 1815">
    <p class='ocr_par' dir='ltr' id='par_1_16' title="bbox 401 1731 1960 1815">
     <span class='ocr_line' id='line_1_16' title="bbox 401 1731 1960 1815; baseline -0.012 -17"><span class='ocrx_word' id='word_1_100' title='bbox 401 1760 525 1815; x_wconf 65' lang='lat' dir='ltr'><strong>qua:</strong></span> <span class='ocrx_word' id='word_1_101' title='bbox 558 1743 748 1798; x_wconf 89' lang='lat' dir='ltr'><strong>eadem</strong></span> <span class='ocrx_word' id='word_1_102' title='bbox 780 1742 963 1796; x_wconf 89' lang='lat' dir='ltr'><strong>omnia</strong></span> <span class='ocrx_word' id='word_1_103' title='bbox 988 1739 1042 1792; x_wconf 92' lang='lat' dir='ltr'><strong>in</strong></span> <span class='ocrx_word' id='word_1_104' title='bbox 1065 1739 1170 1792; x_wconf 91' lang='lat' dir='ltr'><strong>hoc</strong></span> <span class='ocrx_word' id='word_1_105' title='bbox 1196 1736 1407 1806; x_wconf 83' lang='lat' dir='ltr'><strong>dialogo</strong></span> <span class='ocrx_word' id='word_1_106' title='bbox 1442 1732 1641 1803; x_wconf 86' lang='lat' dir='ltr'><strong>scripta</strong></span> <span class='ocrx_word' id='word_1_107' title='bbox 1664 1731 1920 1799; x_wconf 83' lang='lat' dir='ltr'><strong>leguntur</strong></span> <span class='ocrx_word' id='word_1_108' title='bbox 1948 1746 1960 1781; x_wconf 88' lang='lat'><strong>:</strong></span> 
     </span>
    </p>
   </div>
   <div class='ocr_carea' id='block_1_17' title="bbox 405 1820 1982 1901">
    <p class='ocr_par' dir='ltr' id='par_1_17' title="bbox 405 1820 1982 1901">
     <span class='ocr_line' id='line_1_17' title="bbox 405 1820 1982 1901; baseline -0.013 -10"><span class='ocrx_word' id='word_1_109' title='bbox 405 1836 660 1901; x_wconf 67' lang='lat' dir='ltr'><strong>Qua&#39;dam</strong></span> <span class='ocrx_word' id='word_1_110' title='bbox 676 1849 850 1888; x_wconf 88' lang='lat' dir='ltr'><strong>eorum</strong></span> <span class='ocrx_word' id='word_1_111' title='bbox 871 1848 934 1885; x_wconf 79' lang='lat' dir='ltr'><strong>ex</strong></span> <span class='ocrx_word' id='word_1_112' title='bbox 952 1829 1160 1901; x_wconf 82' lang='lat' dir='ltr'><strong>dialogo</strong></span> <span class='ocrx_word' id='word_1_113' title='bbox 1178 1827 1414 1882; x_wconf 82' lang='lat' dir='ltr'><strong>Palladii</strong></span> <span class='ocrx_word' id='word_1_114' title='bbox 1435 1823 1659 1893; x_wconf 83' lang='lat' dir='ltr'><strong>episcopi</strong></span> <span class='ocrx_word' id='word_1_115' title='bbox 1680 1838 1798 1875; x_wconf 89' lang='lat' dir='ltr'><strong>cum</strong></span> <span class='ocrx_word' id='word_1_116' title='bbox 1820 1820 1982 1873; x_wconf 87' lang='lat' dir='ltr'><strong>Theo-</strong></span> 
     </span>
    </p>
   </div>
   <div class='ocr_carea' id='block_1_18' title="bbox 405 1912 1980 1992">
    <p class='ocr_par' dir='ltr' id='par_1_18' title="bbox 405 1912 1980 1992">
     <span class='ocr_line' id='line_1_18' title="bbox 405 1912 1980 1992; baseline -0.013 -8"><span class='ocrx_word' id='word_1_117' title='bbox 405 1931 555 1992; x_wconf 88' lang='lat' dir='ltr'><strong>doro,</strong></span> <span class='ocrx_word' id='word_1_118' title='bbox 594 1927 840 1982; x_wconf 77' lang='lat' dir='ltr'><strong>Romana:</strong></span> <span class='ocrx_word' id='word_1_119' title='bbox 870 1924 1111 1977; x_wconf 71' lang='lat' dir='ltr'><strong>Ecclesia:</strong></span> <span class='ocrx_word' id='word_1_120' title='bbox 1142 1922 1384 1981; x_wconf 86' lang='lat' dir='ltr'><strong>diacono,</strong></span> <span class='ocrx_word' id='word_1_121' title='bbox 1403 1917 1694 1969; x_wconf 79' lang='lat' dir='ltr'><strong>hausimus.</strong></span> <span class='ocrx_word' id='word_1_122' title='bbox 1721 1912 1818 1967; x_wconf 84' lang='lat' dir='ltr'><strong>Ille</strong></span> <span class='ocrx_word' id='word_1_123' title='bbox 1847 1921 1980 1965; x_wconf 88' lang='lat' dir='ltr'><strong>tem-</strong></span> 
     </span>
    </p>
   </div>
   <div class='ocr_carea' id='block_1_19' title="bbox 407 2005 1986 2090">
    <p class='ocr_par' dir='ltr' id='par_1_19' title="bbox 407 2005 1986 2090">
     <span class='ocr_line' id='line_1_19' title="bbox 407 2005 1986 2090; baseline -0.012 -15"><span class='ocrx_word' id='word_1_124' title='bbox 407 2021 618 2090; x_wconf 90' lang='lat' dir='ltr'><strong>poribus</strong></span> <span class='ocrx_word' id='word_1_125' title='bbox 650 2020 765 2073; x_wconf 89' lang='lat' dir='ltr'><strong>istis</strong></span> <span class='ocrx_word' id='word_1_126' title='bbox 803 2018 928 2072; x_wconf 75' lang='lat' dir='ltr'><strong>via&#39;it</strong></span> <span class='ocrx_word' id='word_1_127' title='bbox 962 2010 1432 2079; x_wconf 74' lang='lat' dir='ltr'><strong>Constantinopoli,</strong></span> <span class='ocrx_word' id='word_1_128' title='bbox 1465 2019 1513 2063; x_wconf 90' lang='lat' dir='ltr'><strong>et</strong></span> <span class='ocrx_word' id='word_1_129' title='bbox 1552 2007 1790 2077; x_wconf 70' lang='lat' dir='ltr'><strong>interfuit</strong></span> <span class='ocrx_word' id='word_1_130' title='bbox 1816 2005 1986 2059; x_wconf 86' lang='lat' dir='ltr'><strong>omni—</strong></span> 
     </span>
    </p>
   </div>
   <div class='ocr_carea' id='block_1_20' title="bbox 409 2096 1987 2176">
    <p class='ocr_par' dir='ltr' id='par_1_20' title="bbox 409 2096 1987 2176">
     <span class='ocr_line' id='line_1_20' title="bbox 409 2096 1987 2176; baseline -0.012 -12"><span class='ocrx_word' id='word_1_131' title='bbox 409 2116 502 2166; x_wconf 87' lang='lat' dir='ltr'><strong>bus</strong></span> <span class='ocrx_word' id='word_1_132' title='bbox 533 2125 646 2176; x_wconf 72' lang='lat' dir='ltr'><strong>qua!</strong></span> <span class='ocrx_word' id='word_1_133' title='bbox 669 2117 789 2162; x_wconf 89' lang='lat' dir='ltr'><strong>acta</strong></span> <span class='ocrx_word' id='word_1_134' title='bbox 812 2116 931 2160; x_wconf 89' lang='lat' dir='ltr'><strong>sunt</strong></span> <span class='ocrx_word' id='word_1_135' title='bbox 958 2121 976 2158; x_wconf 89' lang='lat'><em>:</em></span> <span class='ocrx_word' id='word_1_136' title='bbox 1004 2113 1181 2171; x_wconf 86' lang='lat' dir='ltr'><strong>postea</strong></span> <span class='ocrx_word' id='word_1_137' title='bbox 1209 2116 1328 2154; x_wconf 72' lang='lat' dir='ltr'><strong>vero</strong></span> <span class='ocrx_word' id='word_1_138' title='bbox 1356 2099 1480 2153; x_wconf 86' lang='lat' dir='ltr'><strong>urbe</strong></span> <span class='ocrx_word' id='word_1_139' title='bbox 1499 2108 1657 2168; x_wconf 83' lang='lat' dir='ltr'><strong>atque</strong></span> <span class='ocrx_word' id='word_1_140' title='bbox 1686 2096 1987 2165; x_wconf 87' lang='lat' dir='ltr'><strong>episcopatu</strong></span> 
     </span>
    </p>
   </div>
   <div class='ocr_carea' id='block_1_21' title="bbox 408 2185 1986 2264">
    <p class='ocr_par' dir='ltr' id='par_1_21' title="bbox 408 2185 1986 2264">
     <span class='ocr_line' id='line_1_21' title="bbox 408 2185 1986 2264; baseline -0.014 -6"><span class='ocrx_word' id='word_1_141' title='bbox 408 2219 505 2258; x_wconf 87' lang='lat' dir='ltr'><strong>suo</strong></span> <span class='ocrx_word' id='word_1_142' title='bbox 533 2200 769 2264; x_wconf 80' lang='lat' dir='ltr'><strong>decessit,</strong></span> <span class='ocrx_word' id='word_1_143' title='bbox 802 2197 1137 2252; x_wconf 85' lang='lat' dir='ltr'><strong>abominatus</strong></span> <span class='ocrx_word' id='word_1_144' title='bbox 1166 2192 1581 2246; x_wconf 84' lang='lat' dir='ltr'><strong>communionem</strong></span> <span class='ocrx_word' id='word_1_145' title='bbox 1617 2204 1736 2241; x_wconf 89' lang='lat' dir='ltr'><strong>cum</strong></span> <span class='ocrx_word' id='word_1_146' title='bbox 1788 2186 1872 2248; x_wconf 87' lang='lat' dir='ltr'><strong>iis,</strong></span> <span class='ocrx_word' id='word_1_147' title='bbox 1897 2185 1986 2254; x_wconf 87' lang='lat' dir='ltr'><strong>qui</strong></span> 
     </span>
    </p>
   </div>
   <div class='ocr_carea' id='block_1_22' title="bbox 412 2281 1990 2349">
    <p class='ocr_par' dir='ltr' id='par_1_22' title="bbox 412 2281 1990 2349">
     <span class='ocr_line' id='line_1_22' title="bbox 412 2281 1990 2349; baseline -0.011 -1"><span class='ocrx_word' id='word_1_148' title='bbox 412 2295 637 2349; x_wconf 83' lang='lat' dir='ltr'><strong>insidias</strong></span> <span class='ocrx_word' id='word_1_149' title='bbox 674 2299 977 2347; x_wconf 72' lang='lat' dir='ltr'><strong>struxerant</strong></span> <span class='ocrx_word' id='word_1_150' title='bbox 1008 2288 1257 2341; x_wconf 84' lang='lat' dir='ltr'><strong>adversus</strong></span> <span class='ocrx_word' id='word_1_151' title='bbox 1283 2281 1804 2342; x_wconf 83' lang='lat' dir='ltr'><strong>beatum..loannent,</strong></span> <span class='ocrx_word' id='word_1_152' title='bbox 1832 2288 1990 2347; x_wconf 87' lang='lat' dir='ltr'><strong>atque</strong></span> 
     </span>
    </p>
   </div>
   <div class='ocr_carea' id='block_1_23' title="bbox 414 2371 1990 2455">
    <p class='ocr_par' dir='ltr' id='par_1_23' title="bbox 414 2371 1990 2455">
     <span class='ocr_line' id='line_1_23' title="bbox 414 2371 1990 2455; baseline -0.011 -13"><span class='ocrx_word' id='word_1_153' title='bbox 414 2397 596 2442; x_wconf 87' lang='lat' dir='ltr'><strong>contra</strong></span> <span class='ocrx_word' id='word_1_154' title='bbox 637 2386 830 2455; x_wconf 89' lang='lat' dir='ltr'><strong>ipsum,</strong></span> <span class='ocrx_word' id='word_1_155' title='bbox 856 2384 963 2436; x_wconf 87' lang='lat' dir='ltr'><strong>imo</strong></span> <span class='ocrx_word' id='word_1_156' title='bbox 987 2391 1167 2435; x_wconf 88' lang='lat' dir='ltr'><strong>contra</strong></span> <span class='ocrx_word' id='word_1_157' title='bbox 1197 2396 1293 2434; x_wconf 92' lang='lat' dir='ltr'><strong>sua</strong></span> <span class='ocrx_word' id='word_1_158' title='bbox 1335 2378 1510 2446; x_wconf 87' lang='lat' dir='ltr'><strong>capita</strong></span> <span class='ocrx_word' id='word_1_159' title='bbox 1537 2374 1823 2429; x_wconf 88' lang='lat' dir='ltr'><strong>sententias</strong></span> <span class='ocrx_word' id='word_1_160' title='bbox 1854 2371 1990 2426; x_wconf 88' lang='lat' dir='ltr'><strong>tule-</strong></span> 
     </span>
    </p>
   </div>
   <div class='ocr_carea' id='block_1_24' title="bbox 413 2464 1989 2541">
    <p class='ocr_par' dir='ltr' id='par_1_24' title="bbox 413 2464 1989 2541">
     <span class='ocr_line' id='line_1_24' title="bbox 413 2464 1989 2541; baseline -0.011 -9"><span class='ocrx_word' id='word_1_161' title='bbox 413 2490 559 2541; x_wconf 87' lang='lat' dir='ltr'><strong>rant,</strong></span> <span class='ocrx_word' id='word_1_162' title='bbox 612 2476 757 2530; x_wconf 81' lang='lat' dir='ltr'><strong>nulla</strong></span> <span class='ocrx_word' id='word_1_163' title='bbox 815 2489 1075 2527; x_wconf 88' lang='lat' dir='ltr'><strong>canonum</strong></span> <span class='ocrx_word' id='word_1_164' title='bbox 1128 2470 1307 2524; x_wconf 89' lang='lat' dir='ltr'><strong>habita</strong></span> <span class='ocrx_word' id='word_1_165' title='bbox 1358 2469 1577 2522; x_wconf 80' lang='lat' dir='ltr'><strong>ratione.</strong></span> <span class='ocrx_word' id='word_1_166' title='bbox 1628 2464 1871 2526; x_wconf 83' lang='lat' dir='ltr'><strong>Photius,</strong></span> <span class='ocrx_word' id='word_1_167' title='bbox 1897 2478 1989 2532; x_wconf 89' lang='lat' dir='ltr'><strong>qut</strong></span> 
     </span>
    </p>
   </div>
   <div class='ocr_carea' id='block_1_25' title="bbox 415 2554 1991 2632">
    <p class='ocr_par' dir='ltr' id='par_1_25' title="bbox 415 2554 1991 2632">
     <span class='ocr_line' id='line_1_25' title="bbox 415 2554 1991 2632; baseline -0.012 -7"><span class='ocrx_word' id='word_1_168' title='bbox 415 2572 560 2625; x_wconf 90' lang='lat' dir='ltr'><strong>hanc</strong></span> <span class='ocrx_word' id='word_1_169' title='bbox 607 2567 780 2623; x_wconf 80' lang='lat' dir='ltr'><strong>sancti</strong></span> <span class='ocrx_word' id='word_1_170' title='bbox 822 2564 1045 2621; x_wconf 81' lang='lat' dir='ltr'><strong>Joannis</strong></span> <span class='ocrx_word' id='word_1_171' title='bbox 1073 2578 1101 2617; x_wconf 91' lang='lat' dir='ltr'><strong>a</strong></span> <span class='ocrx_word' id='word_1_172' title='bbox 1127 2562 1359 2632; x_wconf 85' lang='lat' dir='ltr'><strong>Georgio</strong></span> <span class='ocrx_word' id='word_1_173' title='bbox 1411 2557 1764 2627; x_wconf 81' lang='lat' dir='ltr'><strong>emnpositam</strong></span> <span class='ocrx_word' id='word_1_174' title='bbox 1816 2554 1991 2609; x_wconf 76' lang='lat' dir='ltr'><strong>Vitam</strong></span> 
     </span>
    </p>
   </div>
   <div class='ocr_carea' id='block_1_26' title="bbox 419 2646 1993 2734">
    <p class='ocr_par' dir='ltr' id='par_1_26' title="bbox 419 2646 1993 2734">
     <span class='ocr_line' id='line_1_26' title="bbox 419 2646 1993 2734; baseline -0.013 -16"><span class='ocrx_word' id='word_1_175' title='bbox 419 2662 566 2734; x_wconf 91' lang='lat' dir='ltr'><strong>legit,</strong></span> <span class='ocrx_word' id='word_1_176' title='bbox 590 2670 645 2716; x_wconf 89' lang='lat' dir='ltr'><strong>et</strong></span> <span class='ocrx_word' id='word_1_177' title='bbox 672 2675 736 2714; x_wconf 77' lang='lat' dir='ltr'><strong>ex</strong></span> <span class='ocrx_word' id='word_1_178' title='bbox 769 2674 833 2713; x_wconf 90' lang='lat' dir='ltr'><strong>ea</strong></span> <span class='ocrx_word' id='word_1_179' title='bbox 863 2657 1107 2727; x_wconf 73' lang='lat' dir='ltr'><strong>quaedam</strong></span> <span class='ocrx_word' id='word_1_180' title='bbox 1136 2655 1189 2709; x_wconf 89' lang='lat' dir='ltr'><strong>in</strong></span> <span class='ocrx_word' id='word_1_181' title='bbox 1220 2669 1317 2707; x_wconf 88' lang='lat' dir='ltr'><strong>sua</strong></span> <span class='ocrx_word' id='word_1_182' title='bbox 1357 2652 1677 2705; x_wconf 67' lang='lat' dir='ltr'><strong>Bibliotheca</strong></span> <span class='ocrx_word' id='word_1_183' title='bbox 1721 2646 1879 2701; x_wconf 84' lang='lat' dir='ltr'><strong>nobis</strong></span> <span class='ocrx_word' id='word_1_184' title='bbox 1910 2661 1993 2699; x_wconf 86' lang='lat' dir='ltr'><strong>re-</strong></span> 
     </span>
    </p>
   </div>
   <div class='ocr_carea' id='block_1_27' title="bbox 419 2737 1994 2824">
    <p class='ocr_par' dir='ltr' id='par_1_27' title="bbox 419 2737 1994 2824">
     <span class='ocr_line' id='line_1_27' title="bbox 419 2737 1994 2824; baseline -0.013 -16"><span class='ocrx_word' id='word_1_185' title='bbox 419 2753 599 2824; x_wconf 86' lang='lat' dir='ltr'><strong>liquit,</strong></span> <span class='ocrx_word' id='word_1_186' title='bbox 625 2752 741 2807; x_wconf 71' lang='lat' dir='ltr'><strong>lucc</strong></span> <span class='ocrx_word' id='word_1_187' title='bbox 771 2751 958 2804; x_wconf 65' lang='grc' dir='ltr'><strong>(ΙΙ-πιθα</strong></span> <span class='ocrx_word' id='word_1_188' title='bbox 980 2748 1145 2802; x_wconf 78' lang='lat' dir='ltr'><strong>habet</strong></span> <span class='ocrx_word' id='word_1_189' title='bbox 1174 2764 1189 2799; x_wconf 89' lang='lat'><strong>:</strong></span> <span class='ocrx_word' id='word_1_190' title='bbox 1219 2745 1394 2815; x_wconf 77' lang='lat' dir='ltr'><strong>Refert</strong></span> <span class='ocrx_word' id='word_1_191' title='bbox 1436 2742 1679 2813; x_wconf 69' lang='lat' dir='ltr'><strong>qua&#39;dam</strong></span> <span class='ocrx_word' id='word_1_192' title='bbox 1715 2756 1778 2793; x_wconf 65' lang='lat' dir='ltr'><strong>ea:</strong></span> <span class='ocrx_word' id='word_1_193' title='bbox 1806 2737 1994 2792; x_wconf 82' lang='lat' dir='ltr'><strong>Palla-</strong></span> 
     </span>
    </p>
   </div>
   <div class='ocr_carea' id='block_1_28' title="bbox 417 2830 1995 2908">
    <p class='ocr_par' dir='ltr' id='par_1_28' title="bbox 417 2830 1995 2908">
     <span class='ocr_line' id='line_1_28' title="bbox 417 2830 1995 2908; baseline -0.013 -8"><span class='ocrx_word' id='word_1_194' title='bbox 417 2847 542 2899; x_wconf 84' lang='lat' dir='ltr'><strong>dio:</strong></span> <span class='ocrx_word' id='word_1_195' title='bbox 570 2844 844 2899; x_wconf 87' lang='lat' dir='ltr'><strong>Palladitts</strong></span> <span class='ocrx_word' id='word_1_196' title='bbox 883 2841 967 2895; x_wconf 83' lang='lat' dir='ltr'><strong>l&#39;lle</strong></span> <span class='ocrx_word' id='word_1_197' title='bbox 1016 2841 1285 2908; x_wconf 82' lang='lat' dir='ltr'><strong>episcopus</strong></span> <span class='ocrx_word' id='word_1_198' title='bbox 1336 2836 1454 2906; x_wconf 77' lang='lat' dir='ltr'><strong>fuit,</strong></span> <span class='ocrx_word' id='word_1_199' title='bbox 1503 2844 1547 2887; x_wconf 92' lang='lat' dir='ltr'><strong>et</strong></span> <span class='ocrx_word' id='word_1_200' title='bbox 1593 2832 1789 2901; x_wconf 84' lang='lat' dir='ltr'><strong>dialogi</strong></span> <span class='ocrx_word' id='word_1_201' title='bbox 1827 2830 1995 2899; x_wconf 79' lang='lat' dir='ltr'><strong>[arma</strong></span> 
     </span>
    </p>
   </div>
   <div class='ocr_carea' id='block_1_29' title="bbox 420 2920 1998 3007">
    <p class='ocr_par' dir='ltr' id='par_1_29' title="bbox 420 2920 1998 3007">
     <span class='ocr_line' id='line_1_29' title="bbox 420 2920 1998 3007; baseline -0.013 -15"><span class='ocrx_word' id='word_1_202' title='bbox 420 2939 638 3007; x_wconf 83' lang='lat' dir='ltr'><strong>pulchre</strong></span> <span class='ocrx_word' id='word_1_203' title='bbox 658 2946 707 2991; x_wconf 86' lang='lat' dir='ltr'><strong>et</strong></span> <span class='ocrx_word' id='word_1_204' title='bbox 732 2935 962 2990; x_wconf 88' lang='lat' dir='ltr'><strong>studiose</strong></span> <span class='ocrx_word' id='word_1_205' title='bbox 991 2949 1069 2986; x_wconf 88' lang='lat' dir='ltr'><strong>res</strong></span> <span class='ocrx_word' id='word_1_206' title='bbox 1091 2929 1442 3001; x_wconf 82' lang='lat' dir='ltr'><strong>Chrysostomi</strong></span> <span class='ocrx_word' id='word_1_207' title='bbox 1467 2924 1794 2994; x_wconf 84' lang='lat' dir='ltr'><strong>conscripsit.</strong></span> <span class='ocrx_word' id='word_1_208' title='bbox 1816 2920 1998 2975; x_wconf 86' lang='lat' dir='ltr'><strong>Theo-</strong></span> 
     </span>
    </p>
   </div>
   <div class='ocr_carea' id='block_1_30' title="bbox 423 3010 1998 3095">
    <p class='ocr_par' dir='ltr' id='par_1_30' title="bbox 423 3010 1998 3095">
     <span class='ocr_line' id='line_1_30' title="bbox 423 3010 1998 3095; baseline -0.013 -10"><span class='ocrx_word' id='word_1_209' title='bbox 423 3032 610 3095; x_wconf 91' lang='lat' dir='ltr'><strong>dorus,</strong></span> <span class='ocrx_word' id='word_1_210' title='bbox 653 3025 1040 3083; x_wconf 84' lang='lat' dir='ltr'><strong>Trimitlnmtis</strong></span> <span class='ocrx_word' id='word_1_211' title='bbox 1067 3024 1119 3077; x_wconf 93' lang='lat' dir='ltr'><strong>in</strong></span> <span class='ocrx_word' id='word_1_212' title='bbox 1145 3021 1323 3092; x_wconf 82' lang='lat' dir='ltr'><strong>Cvpro</strong></span> <span class='ocrx_word' id='word_1_213' title='bbox 1357 3019 1531 3073; x_wconf 90' lang='lat' dir='ltr'><strong>insula</strong></span> <span class='ocrx_word' id='word_1_214' title='bbox 1562 3017 1870 3086; x_wconf 79' lang='lat' dir='ltr'><strong>cpiscopus,</strong></span> <span class='ocrx_word' id='word_1_215' title='bbox 1908 3010 1998 3081; x_wconf 83' lang='lat' dir='ltr'><strong>qui</strong></span> 
     </span>
    </p>
   </div>
   <div class='ocr_carea' id='block_1_31' title="bbox 424 3104 2001 3189">
    <p class='ocr_par' dir='ltr' id='par_1_31' title="bbox 424 3104 2001 3189">
     <span class='ocr_line' id='line_1_31' title="bbox 424 3104 2001 3189; baseline -0.014 -11"><span class='ocrx_word' id='word_1_216' title='bbox 424 3123 611 3177; x_wconf 65' lang='lat' dir='ltr'><strong>Graece</strong></span> <span class='ocrx_word' id='word_1_217' title='bbox 638 3120 855 3189; x_wconf 80' lang='lat' dir='ltr'><strong>scripsit</strong></span> <span class='ocrx_word' id='word_1_218' title='bbox 882 3117 1153 3173; x_wconf 81' lang='lat' dir='ltr'><strong>Itomiliam</strong></span> <span class='ocrx_word' id='word_1_219' title='bbox 1182 3115 1253 3168; x_wconf 80' lang='lat' dir='ltr'><strong>De</strong></span> <span class='ocrx_word' id='word_1_220' title='bbox 1272 3114 1376 3168; x_wconf 79' lang='lat' dir='ltr'><strong>vita</strong></span> <span class='ocrx_word' id='word_1_221' title='bbox 1404 3122 1450 3165; x_wconf 88' lang='lat' dir='ltr'><strong>et</strong></span> <span class='ocrx_word' id='word_1_222' title='bbox 1479 3111 1680 3171; x_wconf 71' lang='lat' dir='ltr'><strong>exsilio,</strong></span> <span class='ocrx_word' id='word_1_223' title='bbox 1716 3122 1916 3161; x_wconf 80' lang='lat' dir='ltr'><strong>necnon</strong></span> <span class='ocrx_word' id='word_1_224' title='bbox 1938 3104 2001 3157; x_wconf 85' lang='lat' dir='ltr'><strong>de</strong></span> 
     </span>
    </p>
   </div>
   <div class='ocr_carea' id='block_1_32' title="bbox 428 3199 2004 3272">
    <p class='ocr_par' dir='ltr' id='par_1_32' title="bbox 428 3199 2004 3272">
     <span class='ocr_line' id='line_1_32' title="bbox 428 3199 2004 3272; baseline -0.011 -4"><span class='ocrx_word' id='word_1_225' title='bbox 428 3212 853 3269; x_wconf 82' lang='lat' dir='ltr'><strong>tribulationibus</strong></span> <span class='ocrx_word' id='word_1_226' title='bbox 882 3210 1171 3264; x_wconf 87' lang='lat' dir='ltr'><strong>beatissimi</strong></span> <span class='ocrx_word' id='word_1_227' title='bbox 1196 3206 1421 3260; x_wconf 83' lang='lat' dir='ltr'><strong>Joannis</strong></span> <span class='ocrx_word' id='word_1_228' title='bbox 1449 3201 1801 3272; x_wconf 82' lang='lat' dir='ltr'><strong>Chrysostomi</strong></span> <span class='ocrx_word' id='word_1_229' title='bbox 1827 3199 2004 3252; x_wconf 78' lang='lat' dir='ltr'><strong>archi-</strong></span> 
     </span>
    </p>
   </div>
   <div class='ocr_carea' id='block_1_33' title="bbox 428 3288 2004 3375">
    <p class='ocr_par' dir='ltr' id='par_1_33' title="bbox 428 3288 2004 3375">
     <span class='ocr_line' id='line_1_33' title="bbox 428 3288 2004 3375; baseline -0.011 -16"><span class='ocrx_word' id='word_1_230' title='bbox 428 3305 655 3375; x_wconf 83' lang='lat' dir='ltr'><strong>episcopi</strong></span> <span class='ocrx_word' id='word_1_231' title='bbox 677 3299 1265 3369; x_wconf 81' lang='lat' dir='ltr'><strong>Constantinopolitaui,</strong></span> <span class='ocrx_word' id='word_1_232' title='bbox 1292 3300 1359 3353; x_wconf 88' lang='lat' dir='ltr'><strong>de</strong></span> <span class='ocrx_word' id='word_1_233' title='bbox 1379 3296 1546 3350; x_wconf 86' lang='lat' dir='ltr'><strong>nostri</strong></span> <span class='ocrx_word' id='word_1_234' title='bbox 1569 3303 1790 3349; x_wconf 88' lang='lat' dir='ltr'><strong>auctore</strong></span> <span class='ocrx_word' id='word_1_235' title='bbox 1807 3288 2004 3359; x_wconf 81' lang='lat' dir='ltr'><strong>dialogi</strong></span> 
     </span>
    </p>
   </div>
   <div class='ocr_carea' id='block_1_34' title="bbox 430 3380 2005 3453">
    <p class='ocr_par' dir='ltr' id='par_1_34' title="bbox 430 3380 2005 3453">
     <span class='ocr_line' id='line_1_34' title="bbox 430 3380 2005 3453; baseline -0.011 -3"><span class='ocrx_word' id='word_1_236' title='bbox 430 3398 545 3452; x_wconf 70' lang='lat' dir='ltr'><strong>haec</strong></span> <span class='ocrx_word' id='word_1_237' title='bbox 568 3396 728 3451; x_wconf 79' lang='lat' dir='ltr'><strong>habet</strong></span> <span class='ocrx_word' id='word_1_238' title='bbox 752 3412 765 3449; x_wconf 91' lang='lat'><strong>:</strong></span> <span class='ocrx_word' id='word_1_239' title='bbox 788 3394 1002 3448; x_wconf 86' lang='lat' dir='ltr'><strong>Disserit</strong></span> <span class='ocrx_word' id='word_1_240' title='bbox 1033 3394 1096 3445; x_wconf 88' lang='lat' dir='ltr'><strong>de</strong></span> <span class='ocrx_word' id='word_1_241' title='bbox 1115 3391 1319 3445; x_wconf 84' lang='lat' dir='ltr'><strong>Joanne</strong></span> <span class='ocrx_word' id='word_1_242' title='bbox 1346 3400 1392 3443; x_wconf 91' lang='lat' dir='ltr'><strong>et</strong></span> <span class='ocrx_word' id='word_1_243' title='bbox 1413 3390 1476 3442; x_wconf 86' lang='lat' dir='ltr'><strong>de</strong></span> <span class='ocrx_word' id='word_1_244' title='bbox 1497 3385 1737 3441; x_wconf 86' lang='lat' dir='ltr'><strong>omnibus</strong></span> <span class='ocrx_word' id='word_1_245' title='bbox 1760 3399 1874 3453; x_wconf 76' lang='lat' dir='ltr'><strong>qua:</strong></span> <span class='ocrx_word' id='word_1_246' title='bbox 1907 3380 2005 3452; x_wconf 81' lang='lat' dir='ltr'><strong>ipsi</strong></span> 
     </span>
    </p>
   </div>
   <div class='ocr_carea' id='block_1_35' title="bbox 429 3476 2005 3549">
    <p class='ocr_par' dir='ltr' id='par_1_35' title="bbox 429 3476 2005 3549">
     <span class='ocr_line' id='line_1_35' title="bbox 429 3476 2005 3549; baseline -0.008 -11"><span class='ocrx_word' id='word_1_247' title='bbox 429 3486 759 3547; x_wconf 74' lang='lat' dir='ltr'><strong>acciderunt,</strong></span> <span class='ocrx_word' id='word_1_248' title='bbox 777 3500 891 3536; x_wconf 86' lang='lat' dir='ltr'><strong>cum</strong></span> <span class='ocrx_word' id='word_1_249' title='bbox 911 3482 1403 3549; x_wconf 69' lang='lat' dir='ltr'><strong>Theodorommgnw</strong></span> <span class='ocrx_word' id='word_1_250' title='bbox 1420 3477 1558 3531; x_wconf 89' lang='lat' dir='ltr'><strong>urbis</strong></span> <span class='ocrx_word' id='word_1_251' title='bbox 1577 3476 2005 3537; x_wconf 78' lang='lat' dir='ltr'><strong>Romtediacono,</strong></span> 
     </span>
    </p>
   </div>
   <div class='ocr_carea' id='block_1_36' title="bbox 432 3569 2005 3647">
    <p class='ocr_par' dir='ltr' id='par_1_36' title="bbox 432 3569 2005 3647">
     <span class='ocr_line' id='line_1_36' title="bbox 432 3569 2005 3647; baseline -0.008 -16"><span class='ocrx_word' id='word_1_252' title='bbox 432 3580 512 3632; x_wconf 81' lang='lat' dir='ltr'><strong>vir</strong></span> <span class='ocrx_word' id='word_1_253' title='bbox 527 3578 740 3647; x_wconf 79' lang='lat' dir='ltr'><strong>quidam</strong></span> <span class='ocrx_word' id='word_1_254' title='bbox 754 3576 1095 3634; x_wconf 75' lang='lat' dir='ltr'><strong>venerandus,</strong></span> <span class='ocrx_word' id='word_1_255' title='bbox 1123 3572 1396 3626; x_wconf 82' lang='lat' dir='ltr'><strong>Palladius</strong></span> <span class='ocrx_word' id='word_1_256' title='bbox 1414 3571 1640 3623; x_wconf 80' lang='lat' dir='ltr'><strong>nomine.</strong></span> <span class='ocrx_word' id='word_1_257' title='bbox 1665 3569 1760 3622; x_wconf 84' lang='lat' dir='ltr'><strong>Ille</strong></span> <span class='ocrx_word' id='word_1_258' title='bbox 1779 3569 2005 3634; x_wconf 82' lang='lat' dir='ltr'><strong>primunt</strong></span> 
     </span>
    </p>
   </div>
   <div class='ocr_carea' id='block_1_37' title="bbox 433 3661 2011 3729">
    <p class='ocr_par' dir='ltr' id='par_1_37' title="bbox 433 3661 2011 3729">
     <span class='ocr_line' id='line_1_37' title="bbox 433 3661 2011 3729; baseline -0.007 -7"><span class='ocrx_word' id='word_1_259' title='bbox 433 3669 626 3722; x_wconf 84' lang='lat' dir='ltr'><strong>multos</strong></span> <span class='ocrx_word' id='word_1_260' title='bbox 651 3684 815 3720; x_wconf 85' lang='lat' dir='ltr'><strong>annos</strong></span> <span class='ocrx_word' id='word_1_261' title='bbox 838 3682 1069 3719; x_wconf 81' lang='lat' dir='ltr'><strong>cremant</strong></span> <span class='ocrx_word' id='word_1_262' title='bbox 1085 3664 1323 3729; x_wconf 78' lang='lat' dir='ltr'><strong>incoluit,</strong></span> <span class='ocrx_word' id='word_1_263' title='bbox 1342 3663 1529 3717; x_wconf 87' lang='lat' dir='ltr'><strong>deinde</strong></span> <span class='ocrx_word' id='word_1_264' title='bbox 1562 3663 1632 3715; x_wconf 88' lang='lat' dir='ltr'><strong>ad</strong></span> <span class='ocrx_word' id='word_1_265' title='bbox 1648 3661 2011 3729; x_wconf 83' lang='lat' dir='ltr'><strong>episcopatum</strong></span> 
     </span>
    </p>
   </div>
   <div class='ocr_carea' id='block_1_38' title="bbox 433 3751 2015 3829">
    <p class='ocr_par' dir='ltr' id='par_1_38' title="bbox 433 3751 2015 3829">
     <span class='ocr_line' id='line_1_38' title="bbox 433 3751 2015 3829; baseline -0.006 -15"><span class='ocrx_word' id='word_1_266' title='bbox 433 3762 491 3814; x_wconf 84' lang='lat' dir='ltr'><strong>in</strong></span> <span class='ocrx_word' id='word_1_267' title='bbox 524 3761 771 3829; x_wconf 76' lang='lat' dir='ltr'><strong>Bithynia</strong></span> <span class='ocrx_word' id='word_1_268' title='bbox 803 3769 1070 3827; x_wconf 86' lang='lat' dir='ltr'><strong>promotus</strong></span> <span class='ocrx_word' id='word_1_269' title='bbox 1111 3758 1231 3828; x_wconf 79' lang='lat' dir='ltr'><strong>fuit,</strong></span> <span class='ocrx_word' id='word_1_270' title='bbox 1264 3767 1311 3810; x_wconf 91' lang='lat' dir='ltr'><strong>et</strong></span> <span class='ocrx_word' id='word_1_271' title='bbox 1338 3757 1546 3824; x_wconf 82' lang='lat' dir='ltr'><strong>scripsit</strong></span> <span class='ocrx_word' id='word_1_272' title='bbox 1575 3756 1791 3808; x_wconf 68' lang='lat' dir='ltr'><strong>virtutes</strong></span> <span class='ocrx_word' id='word_1_273' title='bbox 1826 3751 2015 3806; x_wconf 71' lang='lat' dir='ltr'><strong>inuito-</strong></span> 
     </span>
    </p>
   </div>
   <div class='ocr_carea' id='block_1_39' title="bbox 435 3844 2009 3918">
    <p class='ocr_par' dir='ltr' id='par_1_39' title="bbox 435 3844 2009 3918">
     <span class='ocr_line' id='line_1_39' title="bbox 435 3844 2009 3918; baseline -0.006 -13"><span class='ocrx_word' id='word_1_274' title='bbox 435 3868 554 3905; x_wconf 87' lang='lat' dir='ltr'><strong>rum</strong></span> <span class='ocrx_word' id='word_1_275' title='bbox 587 3850 828 3904; x_wconf 85' lang='lat' dir='ltr'><strong>Patrum.</strong></span> <span class='ocrx_word' id='word_1_276' title='bbox 854 3850 999 3904; x_wconf 80' lang='lat' dir='ltr'><strong>Idem</strong></span> <span class='ocrx_word' id='word_1_277' title='bbox 1035 3850 1144 3918; x_wconf 90' lang='lat' dir='ltr'><strong>ipse</strong></span> <span class='ocrx_word' id='word_1_278' title='bbox 1191 3847 1592 3901; x_wconf 81' lang='lat' dir='ltr'><strong>communicat-it</strong></span> <span class='ocrx_word' id='word_1_279' title='bbox 1634 3862 1751 3898; x_wconf 88' lang='lat' dir='ltr'><strong>cum</strong></span> <span class='ocrx_word' id='word_1_280' title='bbox 1787 3844 2009 3908; x_wconf 78' lang='lat' dir='ltr'><strong>Joanne,</strong></span> 
     </span>
    </p>
   </div>
   <div class='ocr_carea' id='block_1_40' title="bbox 439 3936 2009 3998">
    <p class='ocr_par' dir='ltr' id='par_1_40' title="bbox 439 3936 2009 3998">
     <span class='ocr_line' id='line_1_40' title="bbox 439 3936 2009 3998; baseline -0.006 0"><span class='ocrx_word' id='word_1_281' title='bbox 439 3954 488 3998; x_wconf 90' lang='lat' dir='ltr'><strong>et</strong></span> <span class='ocrx_word' id='word_1_282' title='bbox 538 3945 592 3997; x_wconf 87' lang='lat' dir='ltr'><strong>iu</strong></span> <span class='ocrx_word' id='word_1_283' title='bbox 645 3944 864 3998; x_wconf 81' lang='lat' dir='ltr'><strong>obseura</strong></span> <span class='ocrx_word' id='word_1_284' title='bbox 928 3942 1246 3997; x_wconf 81' lang='lat' dir='ltr'><strong>domuncula</strong></span> <span class='ocrx_word' id='word_1_285' title='bbox 1294 3939 1533 3994; x_wconf 86' lang='lat' dir='ltr'><strong>undecim</strong></span> <span class='ocrx_word' id='word_1_286' title='bbox 1589 3954 1789 3992; x_wconf 79' lang='lat' dir='ltr'><strong>menses</strong></span> <span class='ocrx_word' id='word_1_287' title='bbox 1833 3936 2009 3989; x_wconf 87' lang='lat' dir='ltr'><strong>latuit.</strong></span> 
     </span>
    </p>
   </div>
   <div class='ocr_carea' id='block_1_41' title="bbox 438 4029 2015 4107">
    <p class='ocr_par' dir='ltr' id='par_1_41' title="bbox 438 4029 2015 4107">
     <span class='ocr_line' id='line_1_41' title="bbox 438 4029 2015 4107; baseline -0.008 -14"><span class='ocrx_word' id='word_1_288' title='bbox 438 4036 518 4093; x_wconf 75' lang='lat' dir='ltr'><strong>Ex</strong></span> <span class='ocrx_word' id='word_1_289' title='bbox 572 4037 655 4092; x_wconf 90' lang='lat' dir='ltr'><strong>his</strong></span> <span class='ocrx_word' id='word_1_290' title='bbox 701 4037 951 4107; x_wconf 87' lang='lat' dir='ltr'><strong>colligere</strong></span> <span class='ocrx_word' id='word_1_291' title='bbox 1001 4035 1125 4090; x_wconf 88' lang='lat' dir='ltr'><strong>licet</strong></span> <span class='ocrx_word' id='word_1_292' title='bbox 1153 4033 1489 4103; x_wconf 88' lang='lat' dir='ltr'><strong>episcopum.</strong></span> <span class='ocrx_word' id='word_1_293' title='bbox 1525 4041 1803 4085; x_wconf 89' lang='lat' dir='ltr'><strong>auctorem</strong></span> <span class='ocrx_word' id='word_1_294' title='bbox 1854 4029 2015 4097; x_wconf 78' lang='lat' dir='ltr'><strong>lmjus</strong></span> 
     </span>
    </p>
   </div>
   <div class='ocr_carea' id='block_1_42' title="bbox 439 4119 2017 4200">
    <p class='ocr_par' dir='ltr' id='par_1_42' title="bbox 439 4119 2017 4200">
     <span class='ocr_line' id='line_1_42' title="bbox 439 4119 2017 4200; baseline -0.004 -20"><span class='ocrx_word' id='word_1_295' title='bbox 439 4129 673 4200; x_wconf 78' lang='lat' dir='ltr'><strong>dialogi,</strong></span> <span class='ocrx_word' id='word_1_296' title='bbox 725 4129 1061 4183; x_wconf 77' lang='lat' dir='ltr'><strong>norninatum</strong></span> <span class='ocrx_word' id='word_1_297' title='bbox 1140 4126 1310 4181; x_wconf 81' lang='lat' dir='ltr'><strong>fuisse</strong></span> <span class='ocrx_word' id='word_1_298' title='bbox 1369 4123 1662 4178; x_wconf 86' lang='lat' dir='ltr'><strong>Palladium</strong></span> <span class='ocrx_word' id='word_1_299' title='bbox 1720 4138 1751 4175; x_wconf 92' lang='lat' dir='ltr'><strong>a</strong></span> <span class='ocrx_word' id='word_1_300' title='bbox 1785 4119 2017 4190; x_wconf 85' lang='lat' dir='ltr'><strong>Georgio</strong></span> 
     </span>
    </p>
   </div>
   <div class='ocr_carea' id='block_1_43' title="bbox 441 4211 2018 4290">
    <p class='ocr_par' dir='ltr' id='par_1_43' title="bbox 441 4211 2018 4290">
     <span class='ocr_line' id='line_1_43' title="bbox 441 4211 2018 4290; baseline -0.01 -13"><span class='ocrx_word' id='word_1_301' title='bbox 441 4222 807 4277; x_wconf 78' lang='lat' dir='ltr'><strong>Alexandrino</strong></span> <span class='ocrx_word' id='word_1_302' title='bbox 836 4231 999 4290; x_wconf 84' lang='lat' dir='ltr'><strong>atque</strong></span> <span class='ocrx_word' id='word_1_303' title='bbox 1030 4236 1058 4273; x_wconf 91' lang='lat' dir='ltr'><strong>a</strong></span> <span class='ocrx_word' id='word_1_304' title='bbox 1090 4218 1302 4272; x_wconf 86' lang='lat' dir='ltr'><strong>Photio.</strong></span> <span class='ocrx_word' id='word_1_305' title='bbox 1331 4216 1491 4270; x_wconf 77' lang='lat' dir='ltr'><strong>Addit</strong></span> <span class='ocrx_word' id='word_1_306' title='bbox 1526 4214 1866 4275; x_wconf 87' lang='lat' dir='ltr'><strong>Theodorus,</strong></span> <span class='ocrx_word' id='word_1_307' title='bbox 1893 4211 2018 4264; x_wconf 81' lang='lat' dir='ltr'><strong>&#39;l&#39;ri-</strong></span> 
     </span>
    </p>
   </div>
   <div class='ocr_carea' id='block_1_44' title="bbox 441 4302 2020 4381">
    <p class='ocr_par' dir='ltr' id='par_1_44' title="bbox 441 4302 2020 4381">
     <span class='ocr_line' id='line_1_44' title="bbox 441 4302 2020 4381; baseline -0.009 -12"><span class='ocrx_word' id='word_1_308' title='bbox 441 4314 734 4369; x_wconf 85' lang='lat' dir='ltr'><strong>mithuntis</strong></span> <span class='ocrx_word' id='word_1_309' title='bbox 761 4316 1070 4381; x_wconf 85' lang='lat' dir='ltr'><strong>episcopus,</strong></span> <span class='ocrx_word' id='word_1_310' title='bbox 1099 4326 1224 4365; x_wconf 89' lang='lat' dir='ltr'><strong>cum</strong></span> <span class='ocrx_word' id='word_1_311' title='bbox 1255 4310 1308 4363; x_wconf 87' lang='lat' dir='ltr'><strong>in</strong></span> <span class='ocrx_word' id='word_1_312' title='bbox 1332 4306 1578 4378; x_wconf 79' lang='lat' dir='ltr'><strong>llithynia</strong></span> <span class='ocrx_word' id='word_1_313' title='bbox 1598 4307 1858 4360; x_wconf 86' lang='lat' dir='ltr'><strong>donatum</strong></span> <span class='ocrx_word' id='word_1_314' title='bbox 1900 4302 2020 4373; x_wconf 84' lang='lat' dir='ltr'><strong>epi-</strong></span> 
     </span>
    </p>
   </div>
   <div class='ocr_carea' id='block_1_45' title="bbox 443 4388 2023 4474">
    <p class='ocr_par' dir='ltr' id='par_1_45' title="bbox 443 4388 2023 4474">
     <span class='ocr_line' id='line_1_45' title="bbox 443 4388 2023 4474; baseline -0.009 -15"><span class='ocrx_word' id='word_1_315' title='bbox 443 4413 693 4474; x_wconf 83' lang='lat' dir='ltr'><strong>scopatu.</strong></span> <span class='ocrx_word' id='word_1_316' title='bbox 723 4403 881 4459; x_wconf 88' lang='lat' dir='ltr'><strong>Solus</strong></span> <span class='ocrx_word' id='word_1_317' title='bbox 907 4403 1096 4457; x_wconf 85' lang='lat' dir='ltr'><strong>mulus</strong></span> <span class='ocrx_word' id='word_1_318' title='bbox 1147 4388 1353 4455; x_wconf 82' lang='lat' dir='ltr'><strong>codicis</strong></span> <span class='ocrx_word' id='word_1_319' title='bbox 1386 4397 1555 4453; x_wconf 73' lang='lat' dir='ltr'><strong>Graeci</strong></span> <span class='ocrx_word' id='word_1_320' title='bbox 1608 4394 1824 4464; x_wconf 78' lang='lat' dir='ltr'><strong>dialogi,</strong></span> <span class='ocrx_word' id='word_1_321' title='bbox 1855 4403 1910 4446; x_wconf 89' lang='lat' dir='ltr'><strong>et</strong></span> <span class='ocrx_word' id='word_1_322' title='bbox 1945 4392 2023 4444; x_wconf 90' lang='lat' dir='ltr'><strong>in-</strong></span> 
     </span>
    </p>
   </div>
   <div class='ocr_carea' id='block_1_46' title="bbox 444 4485 2020 4563">
    <p class='ocr_par' dir='ltr' id='par_1_46' title="bbox 444 4485 2020 4563">
     <span class='ocr_line' id='line_1_46' title="bbox 444 4485 2020 4563; baseline -0.008 -16"><span class='ocrx_word' id='word_1_323' title='bbox 444 4495 658 4549; x_wconf 87' lang='lat' dir='ltr'><strong>diculus</strong></span> <span class='ocrx_word' id='word_1_324' title='bbox 680 4493 770 4563; x_wconf 88' lang='lat' dir='ltr'><strong>qui</strong></span> <span class='ocrx_word' id='word_1_325' title='bbox 805 4502 985 4548; x_wconf 75' lang='lat' dir='ltr'><strong>exstat</strong></span> <span class='ocrx_word' id='word_1_326' title='bbox 1022 4491 1161 4561; x_wconf 88' lang='lat' dir='ltr'><strong>apud</strong></span> <span class='ocrx_word' id='word_1_327' title='bbox 1203 4489 1486 4553; x_wconf 85' lang='lat' dir='ltr'><strong>Savilium,</strong></span> <span class='ocrx_word' id='word_1_328' title='bbox 1526 4489 1675 4542; x_wconf 92' lang='lat' dir='ltr'><strong>hunc</strong></span> <span class='ocrx_word' id='word_1_329' title='bbox 1706 4485 2020 4556; x_wconf 89' lang='lat' dir='ltr'><strong>episcopum</strong></span> 
     </span>
    </p>
   </div>
   <div class='ocr_carea' id='block_1_47' title="bbox 446 4585 1508 4655">
    <p class='ocr_par' dir='ltr' id='par_1_47' title="bbox 446 4585 1508 4655">
     <span class='ocr_line' id='line_1_47' title="bbox 446 4585 1508 4655; baseline -0.008 -14"><span class='ocrx_word' id='word_1_330' title='bbox 446 4586 619 4642; x_wconf 83' lang='lat' dir='ltr'><strong>fuisse</strong></span> <span class='ocrx_word' id='word_1_331' title='bbox 669 4585 1177 4655; x_wconf 81' lang='lat' dir='ltr'><strong>lleletmpolitanum</strong></span> <span class='ocrx_word' id='word_1_332' title='bbox 1222 4590 1508 4637; x_wconf 84' lang='lat' dir='ltr'><strong>testantur.</strong></span> 
     </span>
    </p>
   </div>
   <div class='ocr_carea' id='block_1_48' title="bbox 522 4737 2025 4818">
    <p class='ocr_par' dir='ltr' id='par_1_48' title="bbox 522 4737 2025 4818">
     <span class='ocr_line' id='line_1_48' title="bbox 522 4737 2025 4818; baseline -0.009 -15"><span class='ocrx_word' id='word_1_333' title='bbox 522 4748 638 4803; x_wconf 86' lang='lat' dir='ltr'><strong>lloc</strong></span> <span class='ocrx_word' id='word_1_334' title='bbox 657 4762 818 4818; x_wconf 87' lang='lat' dir='ltr'><strong>porro</strong></span> <span class='ocrx_word' id='word_1_335' title='bbox 839 4743 1376 4800; x_wconf 87' lang='lat' dir='ltr'><strong>animadvertendum</strong></span> <span class='ocrx_word' id='word_1_336' title='bbox 1395 4751 1498 4805; x_wconf 88' lang='lat' dir='ltr'><strong>est,</strong></span> <span class='ocrx_word' id='word_1_337' title='bbox 1526 4741 1579 4794; x_wconf 91' lang='lat' dir='ltr'><strong>in</strong></span> <span class='ocrx_word' id='word_1_338' title='bbox 1596 4738 1782 4794; x_wconf 88' lang='lat' dir='ltr'><strong>codice</strong></span> <span class='ocrx_word' id='word_1_339' title='bbox 1799 4737 2025 4791; x_wconf 80' lang='lat' dir='ltr'><strong>Floren-</strong></span> 
     </span>
    </p>
   </div>
   <div class='ocr_carea' id='block_1_49' title="bbox 452 4826 2027 4910">
    <p class='ocr_par' dir='ltr' id='par_1_49' title="bbox 452 4826 2027 4910">
     <span class='ocr_line' id='line_1_49' title="bbox 452 4826 2027 4910; baseline -0.011 -14"><span class='ocrx_word' id='word_1_340' title='bbox 452 4841 568 4896; x_wconf 90' lang='lat' dir='ltr'><strong>tino</strong></span> <span class='ocrx_word' id='word_1_341' title='bbox 582 4843 686 4910; x_wconf 83' lang='lat' dir='ltr'><strong>(est</strong></span> <span class='ocrx_word' id='word_1_342' title='bbox 717 4847 899 4892; x_wconf 80' lang='lat' dir='ltr'><strong>autem</strong></span> <span class='ocrx_word' id='word_1_343' title='bbox 916 4843 1298 4891; x_wconf 66' lang='lat' dir='ltr'><strong>sescentorum</strong></span> <span class='ocrx_word' id='word_1_344' title='bbox 1320 4828 1608 4897; x_wconf 88' lang='lat' dir='ltr'><strong>annorum)</strong></span> <span class='ocrx_word' id='word_1_345' title='bbox 1638 4828 1823 4883; x_wconf 64' lang='lat' dir='ltr'><strong>Graece</strong></span> <span class='ocrx_word' id='word_1_346' title='bbox 1855 4826 2027 4880; x_wconf 90' lang='lat' dir='ltr'><strong>ascri-</strong></span> 
     </span>
    </p>
   </div>
   <div class='ocr_carea' id='block_1_50' title="bbox 453 4919 2029 5002">
    <p class='ocr_par' dir='ltr' id='par_1_50' title="bbox 453 4919 2029 5002">
     <span class='ocr_line' id='line_1_50' title="bbox 453 4919 2029 5002; baseline -0.007 -19"><span class='ocrx_word' id='word_1_347' title='bbox 453 4940 606 5002; x_wconf 82' lang='lat' dir='ltr'><strong>ptum</strong></span> <span class='ocrx_word' id='word_1_348' title='bbox 639 4929 823 4983; x_wconf 87' lang='lat' dir='ltr'><strong>habcri</strong></span> <span class='ocrx_word' id='word_1_349' title='bbox 850 4927 902 4981; x_wconf 94' lang='lat' dir='ltr'><strong>in</strong></span> <span class='ocrx_word' id='word_1_350' title='bbox 922 4924 1182 4995; x_wconf 84' lang='lat' dir='ltr'><strong>margine,</strong></span> <span class='ocrx_word' id='word_1_351' title='bbox 1200 4924 1251 4976; x_wconf 91' lang='lat' dir='ltr'><strong>in</strong></span> <span class='ocrx_word' id='word_1_352' title='bbox 1268 4923 1389 4976; x_wconf 87' lang='lat' dir='ltr'><strong>aliis</strong></span> <span class='ocrx_word' id='word_1_353' title='bbox 1406 4921 1672 4984; x_wconf 73' lang='lat' dir='ltr'><strong>scribitur,</strong></span> <span class='ocrx_word' id='word_1_354' title='bbox 1689 4919 1973 4986; x_wconf 79' lang='lat' dir='ltr'><strong>Aspouum,</strong></span> <span class='ocrx_word' id='word_1_355' title='bbox 1997 4932 2029 4972; x_wconf 89' lang='lat' dir='ltr'><strong>e</strong></span> 
     </span>
    </p>
   </div>
   <div class='ocr_carea' id='block_1_51' title="bbox 453 5010 2032 5093">
    <p class='ocr_par' dir='ltr' id='par_1_51' title="bbox 453 5010 2032 5093">
     <span class='ocr_line' id='line_1_51' title="bbox 453 5010 2032 5093; baseline -0.011 -14"><span class='ocrx_word' id='word_1_356' title='bbox 453 5037 675 5093; x_wconf 78' lang='lat' dir='ltr'><strong>regione</strong></span> <span class='ocrx_word' id='word_1_357' title='bbox 705 5021 851 5074; x_wconf 87' lang='lat' dir='ltr'><strong>vocis</strong></span> <span class='ocrx_word' id='word_1_358' title='bbox 874 5016 1272 5085; x_wconf 83' lang='lat' dir='ltr'><strong>llelenopoleos:</strong></span> <span class='ocrx_word' id='word_1_359' title='bbox 1302 5029 1422 5084; x_wconf 65' lang='lat' dir='ltr'><strong>qua:</strong></span> <span class='ocrx_word' id='word_1_360' title='bbox 1444 5011 1869 5067; x_wconf 87' lang='lat' dir='ltr'><strong>notatioindicat</strong></span> <span class='ocrx_word' id='word_1_361' title='bbox 1887 5010 2032 5062; x_wconf 91' lang='lat' dir='ltr'><strong>hunc</strong></span> 
     </span>
    </p>
   </div>
   <div class='ocr_carea' id='block_1_52' title="bbox 456 5101 2033 5186">
    <p class='ocr_par' dir='ltr' id='par_1_52' title="bbox 456 5101 2033 5186">
     <span class='ocr_line' id='line_1_52' title="bbox 456 5101 2033 5186; baseline -0.011 -15"><span class='ocrx_word' id='word_1_362' title='bbox 456 5116 632 5186; x_wconf 86' lang='lat' dir='ltr'><strong>ipsum</strong></span> <span class='ocrx_word' id='word_1_363' title='bbox 659 5111 1077 5181; x_wconf 86' lang='lat' dir='ltr'><strong>Palladium,qui</strong></span> <span class='ocrx_word' id='word_1_364' title='bbox 1098 5110 1296 5165; x_wconf 89' lang='lat' dir='ltr'><strong>dicitur</strong></span> <span class='ocrx_word' id='word_1_365' title='bbox 1327 5104 1832 5175; x_wconf 85' lang='lat' dir='ltr'><strong>llelenopolitanus,</strong></span> <span class='ocrx_word' id='word_1_366' title='bbox 1865 5101 2033 5155; x_wconf 90' lang='lat' dir='ltr'><strong>etiam</strong></span> 
     </span>
    </p>
   </div>
   <div class='ocr_carea' id='block_1_53' title="bbox 456 5194 2034 5272">
    <p class='ocr_par' dir='ltr' id='par_1_53' title="bbox 456 5194 2034 5272">
     <span class='ocr_line' id='line_1_53' title="bbox 456 5194 2034 5272; baseline -0.008 -11"><span class='ocrx_word' id='word_1_367' title='bbox 456 5208 661 5261; x_wconf 72' lang='lat' dir='ltr'><strong>dictum</strong></span> <span class='ocrx_word' id='word_1_368' title='bbox 712 5204 879 5259; x_wconf 84' lang='lat' dir='ltr'><strong>fuisse</strong></span> <span class='ocrx_word' id='word_1_369' title='bbox 917 5204 985 5258; x_wconf 90' lang='lat' dir='ltr'><strong>ab</strong></span> <span class='ocrx_word' id='word_1_370' title='bbox 1019 5203 1139 5257; x_wconf 91' lang='lat' dir='ltr'><strong>aliis</strong></span> <span class='ocrx_word' id='word_1_371' title='bbox 1164 5201 1478 5272; x_wconf 88' lang='lat' dir='ltr'><strong>episcopum</strong></span> <span class='ocrx_word' id='word_1_372' title='bbox 1511 5197 1908 5266; x_wconf 88' lang='lat' dir='ltr'><strong>Asponensem.</strong></span> <span class='ocrx_word' id='word_1_373' title='bbox 1937 5194 2034 5248; x_wconf 87' lang='lat' dir='ltr'><strong>llis</strong></span> 
     </span>
    </p>
   </div>
   <div class='ocr_carea' id='block_1_54' title="bbox 459 5291 2030 5369">
    <p class='ocr_par' dir='ltr' id='par_1_54' title="bbox 459 5291 2030 5369">
     <span class='ocr_line' id='line_1_54' title="bbox 459 5291 2030 5369; baseline -0.008 -14"><span class='ocrx_word' id='word_1_374' title='bbox 459 5300 745 5369; x_wconf 87' lang='lat' dir='ltr'><strong>astipulari</strong></span> <span class='ocrx_word' id='word_1_375' title='bbox 780 5298 996 5353; x_wconf 88' lang='lat' dir='ltr'><strong>videtur</strong></span> <span class='ocrx_word' id='word_1_376' title='bbox 1031 5296 1301 5360; x_wconf 86' lang='lat' dir='ltr'><strong>Socrates,</strong></span> <span class='ocrx_word' id='word_1_377' title='bbox 1331 5293 1423 5363; x_wconf 89' lang='lat' dir='ltr'><strong>qui</strong></span> <span class='ocrx_word' id='word_1_378' title='bbox 1464 5292 1602 5347; x_wconf 90' lang='lat' dir='ltr'><strong>libro</strong></span> <span class='ocrx_word' id='word_1_379' title='bbox 1631 5291 1881 5360; x_wconf 89' lang='lat' dir='ltr'><strong>septimo,</strong></span> <span class='ocrx_word' id='word_1_380' title='bbox 1912 5304 2030 5357; x_wconf 88' lang='lat' dir='ltr'><strong>cap.</strong></span> 
     </span>
    </p>
   </div>
   <div class='ocr_carea' id='block_1_55' title="bbox 458 5382 2033 5454">
    <p class='ocr_par' dir='ltr' id='par_1_55' title="bbox 458 5382 2033 5454">
     <span class='ocr_line' id='line_1_55' title="bbox 458 5382 2033 5454; baseline -0.01 -6"><span class='ocrx_word' id='word_1_381' title='bbox 458 5393 529 5449; x_wconf 74' lang='lat'><strong>26</strong></span> <span class='ocrx_word' id='word_1_382' title='bbox 561 5394 811 5447; x_wconf 71' lang='lat' dir='ltr'><strong>Historia:</strong></span> <span class='ocrx_word' id='word_1_383' title='bbox 838 5389 1227 5452; x_wconf 62' lang='lat' dir='ltr'><strong>ecclesiasticas,</strong></span> <span class='ocrx_word' id='word_1_384' title='bbox 1263 5387 1320 5441; x_wconf 91' lang='lat' dir='ltr'><strong>in</strong></span> <span class='ocrx_word' id='word_1_385' title='bbox 1354 5384 1598 5454; x_wconf 81' lang='lat' dir='ltr'><strong>catalogo</strong></span> <span class='ocrx_word' id='word_1_386' title='bbox 1633 5382 2033 5453; x_wconf 85' lang='lat' dir='ltr'><strong>episcoporum,</strong></span> 
     </span>
    </p>
   </div>
   <div class='ocr_carea' id='block_1_56' title="bbox 460 5473 2033 5565">
    <p class='ocr_par' dir='ltr' id='par_1_56' title="bbox 460 5473 2033 5565">
     <span class='ocr_line' id='line_1_56' title="bbox 460 5473 2033 5565; baseline -0.01 -25"><span class='ocrx_word' id='word_1_387' title='bbox 460 5484 552 5555; x_wconf 89' lang='lat' dir='ltr'><strong>qui</strong></span> <span class='ocrx_word' id='word_1_388' title='bbox 570 5484 639 5539; x_wconf 91' lang='lat' dir='ltr'><strong>ab</strong></span> <span class='ocrx_word' id='word_1_389' title='bbox 657 5499 765 5537; x_wconf 92' lang='lat' dir='ltr'><strong>uno</strong></span> <span class='ocrx_word' id='word_1_390' title='bbox 787 5483 1103 5565; x_wconf 65' lang='lat' dir='ltr'><strong>episcopatu</strong></span> <span class='ocrx_word' id='word_1_391' title='bbox 1116 5481 1183 5535; x_wconf 88' lang='lat' dir='ltr'><strong>ad</strong></span> <span class='ocrx_word' id='word_1_392' title='bbox 1209 5480 1373 5534; x_wconf 91' lang='lat' dir='ltr'><strong>alium</strong></span> <span class='ocrx_word' id='word_1_393' title='bbox 1403 5477 1646 5532; x_wconf 86' lang='lat' dir='ltr'><strong>translati</strong></span> <span class='ocrx_word' id='word_1_394' title='bbox 1668 5475 1911 5539; x_wconf 83' lang='lat' dir='ltr'><strong>fuerunt,</strong></span> <span class='ocrx_word' id='word_1_395' title='bbox 1930 5473 2033 5527; x_wconf 88' lang='lat' dir='ltr'><strong>ait:</strong></span> 
     </span>
    </p>
   </div>
   <div class='ocr_carea' id='block_1_57' title="bbox 463 5565 2043 5643">
    <p class='ocr_par' dir='ltr' id='par_1_57' title="bbox 463 5565 2043 5643">
     <span class='ocr_line' id='line_1_57' title="bbox 463 5565 2043 5643; baseline -0.01 -10"><span class='ocrx_word' id='word_1_396' title='bbox 463 5578 743 5632; x_wconf 82' lang='lat' dir='ltr'><strong>Palladius</strong></span> <span class='ocrx_word' id='word_1_397' title='bbox 768 5577 834 5630; x_wconf 90' lang='lat' dir='ltr'><strong>ab</strong></span> <span class='ocrx_word' id='word_1_398' title='bbox 865 5573 1168 5643; x_wconf 88' lang='lat' dir='ltr'><strong>Helenopoli</strong></span> <span class='ocrx_word' id='word_1_399' title='bbox 1191 5572 1457 5641; x_wconf 80' lang='lat' dir='ltr'><strong>Asponam</strong></span> <span class='ocrx_word' id='word_1_400' title='bbox 1478 5567 1768 5623; x_wconf 84' lang='lat' dir='ltr'><strong>translatus</strong></span> <span class='ocrx_word' id='word_1_401' title='bbox 1802 5576 1908 5620; x_wconf 88' lang='lat' dir='ltr'><strong>est:</strong></span> <span class='ocrx_word' id='word_1_402' title='bbox 1929 5565 2043 5618; x_wconf 79' lang='lat' dir='ltr'><strong>Ale-</strong></span> 
     </span>
    </p>
   </div>
   <div class='ocr_carea' id='block_1_58' title="bbox 461 5659 2042 5735">
    <p class='ocr_par' dir='ltr' id='par_1_58' title="bbox 461 5659 2042 5735">
     <span class='ocr_line' id='line_1_58' title="bbox 461 5659 2042 5735; baseline -0.009 -8"><span class='ocrx_word' id='word_1_403' title='bbox 461 5672 667 5728; x_wconf 77' lang='lat' dir='ltr'><strong>aander</strong></span> <span class='ocrx_word' id='word_1_404' title='bbox 681 5670 745 5724; x_wconf 89' lang='lat' dir='ltr'><strong>ab</strong></span> <span class='ocrx_word' id='word_1_405' title='bbox 758 5667 1061 5735; x_wconf 85' lang='lat' dir='ltr'><strong>Helenopoli</strong></span> <span class='ocrx_word' id='word_1_406' title='bbox 1078 5666 1338 5719; x_wconf 73' lang='lat' dir='ltr'><strong>Adi-ianos</strong></span> <span class='ocrx_word' id='word_1_407' title='bbox 1355 5663 1582 5716; x_wconf 81' lang='lat' dir='ltr'><strong>transiit.</strong></span> <span class='ocrx_word' id='word_1_408' title='bbox 1602 5659 1948 5729; x_wconf 81' lang='lat' dir='ltr'><strong>HelenOpolis</strong></span> <span class='ocrx_word' id='word_1_409' title='bbox 1959 5667 2042 5712; x_wconf 91' lang='lat' dir='ltr'><strong>est</strong></span> 
     </span>
    </p>
   </div>
   <div class='ocr_carea' id='block_1_59' title="bbox 467 5749 2040 5837">
    <p class='ocr_par' dir='ltr' id='par_1_59' title="bbox 467 5749 2040 5837">
     <span class='ocr_line' id='line_1_59' title="bbox 467 5749 2040 5837; baseline -0.01 -18"><span class='ocrx_word' id='word_1_410' title='bbox 467 5765 526 5819; x_wconf 89' lang='lat' dir='ltr'><strong>in</strong></span> <span class='ocrx_word' id='word_1_411' title='bbox 551 5763 822 5837; x_wconf 71' lang='lat' dir='ltr'><strong>dithynia,</strong></span> <span class='ocrx_word' id='word_1_412' title='bbox 853 5759 1089 5831; x_wconf 84' lang='lat' dir='ltr'><strong>Asponia</strong></span> <span class='ocrx_word' id='word_1_413' title='bbox 1123 5774 1252 5816; x_wconf 80' lang='lat' dir='ltr'><strong>vero</strong></span> <span class='ocrx_word' id='word_1_414' title='bbox 1279 5757 1334 5812; x_wconf 92' lang='lat' dir='ltr'><strong>in</strong></span> <span class='ocrx_word' id='word_1_415' title='bbox 1356 5755 1559 5813; x_wconf 86' lang='lat' dir='ltr'><strong>Galatia</strong></span> <span class='ocrx_word' id='word_1_416' title='bbox 1591 5753 1784 5825; x_wconf 88' lang='lat' dir='ltr'><strong>prima,</strong></span> <span class='ocrx_word' id='word_1_417' title='bbox 1805 5751 1906 5809; x_wconf 89' lang='lat' dir='ltr'><strong>sub</strong></span> <span class='ocrx_word' id='word_1_418' title='bbox 1925 5749 2040 5805; x_wconf 82' lang='lat' dir='ltr'><strong>An-</strong></span> 
     </span>
    </p>
   </div>
   <div class='ocr_carea' id='block_1_60' title="bbox 1230 307 2620 382">
    <p class='ocr_par' dir='ltr' id='par_1_60' title="bbox 1230 307 2620 382">
     <span class='ocr_line' id='line_1_60' title="bbox 1230 307 2620 382; baseline -0.014 -1"><span class='ocrx_word' id='word_1_419' title='bbox 1230 326 1349 382; x_wconf 76' lang='lat' dir='ltr'><strong>EM.</strong></span> <span class='ocrx_word' id='word_1_420' title='bbox 1390 319 1642 380; x_wconf 78' lang='lat' dir='ltr'><strong>BlGOTll</strong></span> <span class='ocrx_word' id='word_1_421' title='bbox 1680 309 2053 373; x_wconf 65' lang='lat' dir='ltr'><strong>PRAEFATIO</strong></span> <span class='ocrx_word' id='word_1_422' title='bbox 2092 308 2167 363; x_wconf 85' lang='lat' dir='ltr'><strong>IN</strong></span> <span class='ocrx_word' id='word_1_423' title='bbox 2206 307 2620 365; x_wconf 66' lang='lat' dir='ltr'><strong>PALLADIUM.</strong></span> 
     </span>
    </p>
   </div>
   <div class='ocr_carea' id='block_1_61' title="bbox 3519 315 3641 355">
    <p class='ocr_par' dir='ltr' id='par_1_61' title="bbox 3519 315 3641 355">
     <span class='ocr_line' id='line_1_61' title="bbox 3519 315 3641 355; baseline -0.025 -2"><span class='ocrx_word' id='word_1_424' title='bbox 3519 315 3641 355; x_wconf 71' lang='lat' dir='ltr'><strong>)‘CVl</strong></span> 
     </span>
    </p>
   </div>
   <div class='ocr_carea' id='block_1_62' title="bbox 2061 414 3644 496">
    <p class='ocr_par' dir='ltr' id='par_1_62' title="bbox 2061 414 3644 496">
     <span class='ocr_line' id='line_1_62' title="bbox 2061 414 3644 496; baseline -0.008 -16"><span class='ocrx_word' id='word_1_425' title='bbox 2061 441 2186 496; x_wconf 85' lang='lat' dir='ltr'><strong>eyra</strong></span> <span class='ocrx_word' id='word_1_426' title='bbox 2217 424 2525 493; x_wconf 86' lang='lat' dir='ltr'><strong>metropoli.</strong></span> <span class='ocrx_word' id='word_1_427' title='bbox 2560 421 2691 475; x_wconf 81' lang='lat' dir='ltr'><strong>Mihi</strong></span> <span class='ocrx_word' id='word_1_428' title='bbox 2731 426 2909 473; x_wconf 89' lang='lat' dir='ltr'><strong>autem</strong></span> <span class='ocrx_word' id='word_1_429' title='bbox 2934 416 3222 471; x_wconf 86' lang='lat' dir='ltr'><strong>admodum</strong></span> <span class='ocrx_word' id='word_1_430' title='bbox 3264 416 3538 484; x_wconf 85' lang='lat' dir='ltr'><strong>probabile</strong></span> <span class='ocrx_word' id='word_1_431' title='bbox 3559 414 3644 469; x_wconf 86' lang='lat' dir='ltr'><strong>vi—</strong></span> 
     </span>
    </p>
   </div>
   <div class='ocr_carea' id='block_1_63' title="bbox 2063 509 3645 582">
    <p class='ocr_par' dir='ltr' id='par_1_63' title="bbox 2063 509 3645 582">
     <span class='ocr_line' id='line_1_63' title="bbox 2063 509 3645 582; baseline -0.006 -11"><span class='ocrx_word' id='word_1_432' title='bbox 2063 518 2241 581; x_wconf 86' lang='lat' dir='ltr'><strong>detur,</strong></span> <span class='ocrx_word' id='word_1_433' title='bbox 2266 525 2544 569; x_wconf 89' lang='lat' dir='ltr'><strong>auctorem</strong></span> <span class='ocrx_word' id='word_1_434' title='bbox 2588 512 2752 582; x_wconf 87' lang='lat' dir='ltr'><strong>hujus</strong></span> <span class='ocrx_word' id='word_1_435' title='bbox 2788 510 2981 581; x_wconf 83' lang='lat' dir='ltr'><strong>dialogi</strong></span> <span class='ocrx_word' id='word_1_436' title='bbox 3012 526 3211 564; x_wconf 87' lang='lat' dir='ltr'><strong>nomen</strong></span> <span class='ocrx_word' id='word_1_437' title='bbox 3261 524 3419 561; x_wconf 89' lang='lat' dir='ltr'><strong>suum</strong></span> <span class='ocrx_word' id='word_1_438' title='bbox 3462 509 3645 563; x_wconf 86' lang='lat' dir='ltr'><strong>dedita</strong></span> 
     </span>
    </p>
   </div>
   <div class='ocr_carea' id='block_1_64' title="bbox 2066 598 3650 672">
    <p class='ocr_par' dir='ltr' id='par_1_64' title="bbox 2066 598 3650 672">
     <span class='ocr_line' id='line_1_64' title="bbox 2066 598 3650 672; baseline -0.002 -15"><span class='ocrx_word' id='word_1_439' title='bbox 2066 617 2230 672; x_wconf 77' lang='lat' dir='ltr'><strong>Opera</strong></span> <span class='ocrx_word' id='word_1_440' title='bbox 2258 602 2540 656; x_wconf 79' lang='lat' dir='ltr'><strong>reticuisse</strong></span> <span class='ocrx_word' id='word_1_441' title='bbox 2561 643 2574 665; x_wconf 94' lang='lat'><strong>,</strong></span> <span class='ocrx_word' id='word_1_442' title='bbox 2601 615 2779 670; x_wconf 87' lang='lat' dir='ltr'><strong>neque</strong></span> <span class='ocrx_word' id='word_1_443' title='bbox 2807 600 3123 668; x_wconf 86' lang='lat' dir='ltr'><strong>ascripsisse</strong></span> <span class='ocrx_word' id='word_1_444' title='bbox 3149 599 3310 652; x_wconf 84' lang='lat' dir='ltr'><strong>fronti</strong></span> <span class='ocrx_word' id='word_1_445' title='bbox 3340 598 3537 668; x_wconf 89' lang='lat' dir='ltr'><strong>operis,</strong></span> <span class='ocrx_word' id='word_1_446' title='bbox 3553 609 3650 654; x_wconf 84' lang='lat' dir='ltr'><strong>aut</strong></span> 
     </span>
    </p>
   </div>
   <div class='ocr_carea' id='block_1_65' title="bbox 2068 689 3644 764">
    <p class='ocr_par' dir='ltr' id='par_1_65' title="bbox 2068 689 3644 764">
     <span class='ocr_line' id='line_1_65' title="bbox 2068 689 3644 764; baseline -0.004 -15"><span class='ocrx_word' id='word_1_447' title='bbox 2068 694 2395 749; x_wconf 86' lang='lat' dir='ltr'><strong>narrationis</strong></span> <span class='ocrx_word' id='word_1_448' title='bbox 2410 694 2624 764; x_wconf 89' lang='lat' dir='ltr'><strong>corpori</strong></span> <span class='ocrx_word' id='word_1_449' title='bbox 2645 692 2942 747; x_wconf 88' lang='lat' dir='ltr'><strong>inseruisse</strong></span> <span class='ocrx_word' id='word_1_450' title='bbox 2966 710 2978 744; x_wconf 90' lang='lat'>:</span> <span class='ocrx_word' id='word_1_451' title='bbox 3008 692 3111 746; x_wconf 91' lang='lat' dir='ltr'><strong>hoc</strong></span> <span class='ocrx_word' id='word_1_452' title='bbox 3139 691 3313 745; x_wconf 90' lang='lat' dir='ltr'><strong>solum</strong></span> <span class='ocrx_word' id='word_1_453' title='bbox 3342 691 3410 745; x_wconf 90' lang='lat' dir='ltr'><strong>de</strong></span> <span class='ocrx_word' id='word_1_454' title='bbox 3436 705 3496 745; x_wconf 91' lang='lat' dir='ltr'><strong>se</strong></span> <span class='ocrx_word' id='word_1_455' title='bbox 3518 689 3644 744; x_wconf 90' lang='lat' dir='ltr'><strong>sciri</strong></span> 
     </span>
    </p>
   </div>
   <div class='ocr_carea' id='block_1_66' title="bbox 2071 781 3647 856">
    <p class='ocr_par' dir='ltr' id='par_1_66' title="bbox 2071 781 3647 856">
     <span class='ocr_line' id='line_1_66' title="bbox 2071 781 3647 856; baseline -0.004 -16"><span class='ocrx_word' id='word_1_456' title='bbox 2071 787 2261 851; x_wconf 87' lang='lat' dir='ltr'><strong>voluit,</strong></span> <span class='ocrx_word' id='word_1_457' title='bbox 2276 786 2422 856; x_wconf 91' lang='lat' dir='ltr'><strong>quod</strong></span> <span class='ocrx_word' id='word_1_458' title='bbox 2437 786 2725 855; x_wconf 87' lang='lat' dir='ltr'><strong>episcopus</strong></span> <span class='ocrx_word' id='word_1_459' title='bbox 2744 783 2907 838; x_wconf 79' lang='lat' dir='ltr'><strong>fuerit</strong></span> <span class='ocrx_word' id='word_1_460' title='bbox 2927 797 3134 853; x_wconf 61' lang='lat' dir='ltr'><strong>magna:</strong></span> <span class='ocrx_word' id='word_1_461' title='bbox 3161 781 3480 845; x_wconf 88' lang='lat' dir='ltr'><strong>civitatis,et</strong></span> <span class='ocrx_word' id='word_1_462' title='bbox 3503 781 3647 850; x_wconf 91' lang='lat' dir='ltr'><strong>quod</strong></span> 
     </span>
    </p>
   </div>
   <div class='ocr_carea' id='block_1_67' title="bbox 2072 872 3645 947">
    <p class='ocr_par' dir='ltr' id='par_1_67' title="bbox 2072 872 3645 947">
     <span class='ocr_line' id='line_1_67' title="bbox 2072 872 3645 947; baseline -0.004 -15"><span class='ocrx_word' id='word_1_463' title='bbox 2072 880 2215 933; x_wconf 90' lang='lat' dir='ltr'><strong>lauta</strong></span> <span class='ocrx_word' id='word_1_464' title='bbox 2240 888 2403 947; x_wconf 88' lang='lat' dir='ltr'><strong>atque</strong></span> <span class='ocrx_word' id='word_1_465' title='bbox 2421 877 2643 947; x_wconf 88' lang='lat' dir='ltr'><strong>opipara</strong></span> <span class='ocrx_word' id='word_1_466' title='bbox 2667 874 2913 930; x_wconf 86' lang='lat' dir='ltr'><strong>convivia</strong></span> <span class='ocrx_word' id='word_1_467' title='bbox 2929 873 3216 943; x_wconf 86' lang='lat' dir='ltr'><strong>aliquando</strong></span> <span class='ocrx_word' id='word_1_468' title='bbox 3237 872 3574 937; x_wconf 78' lang='lat' dir='ltr'><strong>instruxerit,</strong></span> <span class='ocrx_word' id='word_1_469' title='bbox 3590 882 3645 926; x_wconf 92' lang='lat' dir='ltr'><strong>ut</strong></span> 
     </span>
    </p>
   </div>
   <div class='ocr_carea' id='block_1_68' title="bbox 2072 963 3650 1041">
    <p class='ocr_par' dir='ltr' id='par_1_68' title="bbox 2072 963 3650 1041">
     <span class='ocr_line' id='line_1_68' title="bbox 2072 963 3650 1041; baseline -0.004 -17"><span class='ocrx_word' id='word_1_470' title='bbox 2072 972 2189 1041; x_wconf 91' lang='lat' dir='ltr'><strong>ipse</strong></span> <span class='ocrx_word' id='word_1_471' title='bbox 2220 969 2421 1024; x_wconf 80' lang='lat' dir='ltr'><strong>fatetur</strong></span> <span class='ocrx_word' id='word_1_472' title='bbox 2443 969 2497 1023; x_wconf 91' lang='lat' dir='ltr'><strong>in</strong></span> <span class='ocrx_word' id='word_1_473' title='bbox 2530 966 2806 1038; x_wconf 83' lang='lat' dir='ltr'><strong>Apologia,</strong></span> <span class='ocrx_word' id='word_1_474' title='bbox 2834 982 2995 1034; x_wconf 89' lang='lat' dir='ltr'><strong>quam</strong></span> <span class='ocrx_word' id='word_1_475' title='bbox 3026 965 3261 1035; x_wconf 89' lang='lat' dir='ltr'><strong>scripsit,</strong></span> <span class='ocrx_word' id='word_1_476' title='bbox 3286 980 3385 1018; x_wconf 86' lang='lat' dir='ltr'><strong>cur</strong></span> <span class='ocrx_word' id='word_1_477' title='bbox 3411 963 3650 1019; x_wconf 83' lang='lat' dir='ltr'><strong>Joannes</strong></span> 
     </span>
    </p>
   </div>
   <div class='ocr_carea' id='block_1_69' title="bbox 2072 1056 3651 1117">
    <p class='ocr_par' dir='ltr' id='par_1_69' title="bbox 2072 1056 3651 1117">
     <span class='ocr_line' id='line_1_69' title="bbox 2072 1056 3651 1117; baseline -0.005 0"><span class='ocrx_word' id='word_1_478' title='bbox 2072 1069 2258 1117; x_wconf 85' lang='lat' dir='ltr'><strong>noster</strong></span> <span class='ocrx_word' id='word_1_479' title='bbox 2287 1061 2437 1116; x_wconf 87' lang='lat' dir='ltr'><strong>solus</strong></span> <span class='ocrx_word' id='word_1_480' title='bbox 2465 1060 2795 1115; x_wconf 88' lang='lat' dir='ltr'><strong>comederet.</strong></span> <span class='ocrx_word' id='word_1_481' title='bbox 2833 1059 3130 1112; x_wconf 85' lang='lat' dir='ltr'><strong>Diaconum</strong></span> <span class='ocrx_word' id='word_1_482' title='bbox 3165 1065 3353 1111; x_wconf 78' lang='lat' dir='ltr'><strong>contra</strong></span> <span class='ocrx_word' id='word_1_483' title='bbox 3396 1056 3477 1110; x_wconf 83' lang='lat' dir='ltr'><strong>bis</strong></span> <span class='ocrx_word' id='word_1_484' title='bbox 3504 1064 3651 1112; x_wconf 87' lang='lat' dir='ltr'><strong>terve</strong></span> 
     </span>
    </p>
   </div>
   <div class='ocr_carea' id='block_1_70' title="bbox 2075 1147 3651 1224">
    <p class='ocr_par' dir='ltr' id='par_1_70' title="bbox 2075 1147 3651 1224">
     <span class='ocr_line' id='line_1_70' title="bbox 2075 1147 3651 1224; baseline -0.006 -16"><span class='ocrx_word' id='word_1_485' title='bbox 2075 1155 2253 1224; x_wconf 89' lang='lat' dir='ltr'><strong>ipsum</strong></span> <span class='ocrx_word' id='word_1_486' title='bbox 2272 1152 2620 1207; x_wconf 88' lang='lat' dir='ltr'><strong>Theodorum</strong></span> <span class='ocrx_word' id='word_1_487' title='bbox 2637 1151 2892 1205; x_wconf 80' lang='lat' dir='ltr'><strong>vocitavit</strong></span> <span class='ocrx_word' id='word_1_488' title='bbox 2910 1167 2924 1215; x_wconf 91' lang='lat'><strong>;</strong></span> <span class='ocrx_word' id='word_1_489' title='bbox 2945 1148 3167 1204; x_wconf 89' lang='lat' dir='ltr'><strong>Palladii</strong></span> <span class='ocrx_word' id='word_1_490' title='bbox 3194 1162 3394 1202; x_wconf 89' lang='lat' dir='ltr'><strong>nomen</strong></span> <span class='ocrx_word' id='word_1_491' title='bbox 3410 1147 3651 1201; x_wconf 87' lang='lat' dir='ltr'><strong>additum</strong></span> 
     </span>
    </p>
   </div>
   <div class='ocr_carea' id='block_1_71' title="bbox 2076 1238 3652 1309">
    <p class='ocr_par' dir='ltr' id='par_1_71' title="bbox 2076 1238 3652 1309">
     <span class='ocr_line' id='line_1_71' title="bbox 2076 1238 3652 1309; baseline -0.006 -8"><span class='ocrx_word' id='word_1_492' title='bbox 2076 1246 2272 1301; x_wconf 89' lang='lat' dir='ltr'><strong>deinde</strong></span> <span class='ocrx_word' id='word_1_493' title='bbox 2303 1245 2398 1299; x_wconf 81' lang='lat' dir='ltr'><strong>fuit</strong></span> <span class='ocrx_word' id='word_1_494' title='bbox 2424 1262 2439 1309; x_wconf 88' lang='lat'><strong>;</strong></span> <span class='ocrx_word' id='word_1_495' title='bbox 2460 1260 2524 1299; x_wconf 89' lang='lat' dir='ltr'><strong>ac</strong></span> <span class='ocrx_word' id='word_1_496' title='bbox 2556 1243 2774 1299; x_wconf 82' lang='lat' dir='ltr'><strong>tandem</strong></span> <span class='ocrx_word' id='word_1_497' title='bbox 2785 1242 3053 1295; x_wconf 86' lang='lat' dir='ltr'><strong>Palladius</strong></span> <span class='ocrx_word' id='word_1_498' title='bbox 3069 1241 3137 1295; x_wconf 85' lang='lat' dir='ltr'><strong>ab</strong></span> <span class='ocrx_word' id='word_1_499' title='bbox 3157 1239 3429 1308; x_wconf 87' lang='lat' dir='ltr'><strong>aliquibus</strong></span> <span class='ocrx_word' id='word_1_500' title='bbox 3449 1238 3652 1306; x_wconf 86' lang='lat' dir='ltr'><strong>episco-</strong></span> 
     </span>
    </p>
   </div>
   <div class='ocr_carea' id='block_1_72' title="bbox 2076 1327 3653 1407">
    <p class='ocr_par' dir='ltr' id='par_1_72' title="bbox 2076 1327 3653 1407">
     <span class='ocr_line' id='line_1_72' title="bbox 2076 1327 3653 1407; baseline -0.006 -17"><span class='ocrx_word' id='word_1_501' title='bbox 2076 1351 2180 1407; x_wconf 88' lang='lat' dir='ltr'><strong>pus</strong></span> <span class='ocrx_word' id='word_1_502' title='bbox 2212 1334 2713 1404; x_wconf 83' lang='lat' dir='ltr'><strong>llelenopolitanus,</strong></span> <span class='ocrx_word' id='word_1_503' title='bbox 2750 1333 2818 1386; x_wconf 91' lang='lat' dir='ltr'><strong>ab</strong></span> <span class='ocrx_word' id='word_1_504' title='bbox 2847 1331 2966 1385; x_wconf 88' lang='lat' dir='ltr'><strong>aliis</strong></span> <span class='ocrx_word' id='word_1_505' title='bbox 2994 1331 3281 1400; x_wconf 86' lang='lat' dir='ltr'><strong>episcopus</strong></span> <span class='ocrx_word' id='word_1_506' title='bbox 3316 1327 3653 1397; x_wconf 79' lang='lat' dir='ltr'><strong>Asponensis</strong></span> 
     </span>
    </p>
   </div>
   <div class='ocr_carea' id='block_1_73' title="bbox 2079 1419 3656 1493">
    <p class='ocr_par' dir='ltr' id='par_1_73' title="bbox 2079 1419 3656 1493">
     <span class='ocr_line' id='line_1_73' title="bbox 2079 1419 3656 1493; baseline -0.006 -11"><span class='ocrx_word' id='word_1_507' title='bbox 2079 1428 2415 1493; x_wconf 89' lang='lat' dir='ltr'><strong>nominatur,</strong></span> <span class='ocrx_word' id='word_1_508' title='bbox 2448 1426 2516 1480; x_wconf 91' lang='lat' dir='ltr'><strong>ab</strong></span> <span class='ocrx_word' id='word_1_509' title='bbox 2549 1425 2670 1479; x_wconf 88' lang='lat' dir='ltr'><strong>aliis</strong></span> <span class='ocrx_word' id='word_1_510' title='bbox 2699 1434 2883 1479; x_wconf 87' lang='lat' dir='ltr'><strong>autem</strong></span> <span class='ocrx_word' id='word_1_511' title='bbox 2916 1424 3155 1478; x_wconf 89' lang='lat' dir='ltr'><strong>creditus</strong></span> <span class='ocrx_word' id='word_1_512' title='bbox 3182 1431 3265 1477; x_wconf 87' lang='lat' dir='ltr'><strong>est</strong></span> <span class='ocrx_word' id='word_1_513' title='bbox 3291 1422 3578 1491; x_wconf 89' lang='lat' dir='ltr'><strong>episcopus</strong></span> <span class='ocrx_word' id='word_1_514' title='bbox 3599 1419 3656 1473; x_wconf 86' lang='lat' dir='ltr'><strong>in</strong></span> 
     </span>
    </p>
   </div>
   <div class='ocr_carea' id='block_1_74' title="bbox 2080 1512 3657 1589">
    <p class='ocr_par' dir='ltr' id='par_1_74' title="bbox 2080 1512 3657 1589">
     <span class='ocr_line' id='line_1_74' title="bbox 2080 1512 3657 1589; baseline -0.005 -17"><span class='ocrx_word' id='word_1_515' title='bbox 2080 1518 2328 1589; x_wconf 80' lang='lat' dir='ltr'><strong>Bithynia</strong></span> <span class='ocrx_word' id='word_1_516' title='bbox 2344 1557 2359 1581; x_wconf 93' lang='lat'><strong>,</strong></span> <span class='ocrx_word' id='word_1_517' title='bbox 2385 1526 2442 1572; x_wconf 84' lang='lat' dir='ltr'><strong>et</strong></span> <span class='ocrx_word' id='word_1_518' title='bbox 2469 1517 2612 1571; x_wconf 89' lang='lat' dir='ltr'><strong>idem</strong></span> <span class='ocrx_word' id='word_1_519' title='bbox 2635 1524 2823 1570; x_wconf 90' lang='lat' dir='ltr'><strong>auctor</strong></span> <span class='ocrx_word' id='word_1_520' title='bbox 2840 1514 3087 1568; x_wconf 70' lang='lat' dir='ltr'><strong>Historia:</strong></span> <span class='ocrx_word' id='word_1_521' title='bbox 3115 1513 3394 1567; x_wconf 77' lang='lat' dir='ltr'><strong>eremitica:</strong></span> <span class='ocrx_word' id='word_1_522' title='bbox 3418 1513 3488 1565; x_wconf 88' lang='lat' dir='ltr'><strong>ad</strong></span> <span class='ocrx_word' id='word_1_523' title='bbox 3510 1512 3657 1565; x_wconf 88' lang='lat' dir='ltr'><strong>Lau-</strong></span> 
     </span>
    </p>
   </div>
   <div class='ocr_carea' id='block_1_75' title="bbox 2080 1602 3658 1680">
    <p class='ocr_par' dir='ltr' id='par_1_75' title="bbox 2080 1602 3658 1680">
     <span class='ocr_line' id='line_1_75' title="bbox 2080 1602 3658 1680; baseline -0.006 -15"><span class='ocrx_word' id='word_1_524' title='bbox 2080 1628 2218 1673; x_wconf 87' lang='lat' dir='ltr'><strong>sum,</strong></span> <span class='ocrx_word' id='word_1_525' title='bbox 2254 1626 2375 1680; x_wconf 71' lang='lat' dir='ltr'><strong>quae</strong></span> <span class='ocrx_word' id='word_1_526' title='bbox 2402 1611 2562 1680; x_wconf 81' lang='lat' dir='ltr'><strong>vulgo</strong></span> <span class='ocrx_word' id='word_1_527' title='bbox 2593 1611 2854 1665; x_wconf 85' lang='lat' dir='ltr'><strong>Lausiaca</strong></span> <span class='ocrx_word' id='word_1_528' title='bbox 2883 1607 3104 1662; x_wconf 88' lang='lat' dir='ltr'><strong>dicitur.</strong></span> <span class='ocrx_word' id='word_1_529' title='bbox 3137 1604 3254 1670; x_wconf 83' lang='lat' dir='ltr'><strong>Qua</strong></span> <span class='ocrx_word' id='word_1_530' title='bbox 3300 1605 3354 1658; x_wconf 90' lang='lat' dir='ltr'><strong>in</strong></span> <span class='ocrx_word' id='word_1_531' title='bbox 3389 1602 3658 1658; x_wconf 90' lang='lat' dir='ltr'><strong>sententia</strong></span> 
     </span>
    </p>
   </div>
   <div class='ocr_carea' id='block_1_76' title="bbox 2084 1697 3660 1767">
    <p class='ocr_par' dir='ltr' id='par_1_76' title="bbox 2084 1697 3660 1767">
     <span class='ocr_line' id='line_1_76' title="bbox 2084 1697 3660 1767; baseline -0.004 -9"><span class='ocrx_word' id='word_1_532' title='bbox 2084 1704 2108 1758; x_wconf 86' lang='lat' dir='ltr'><strong>l‘</strong></span> <span class='ocrx_word' id='word_1_533' title='bbox 2109 1704 2250 1759; x_wconf 88' lang='lat' dir='ltr'><strong>uisse</strong></span> <span class='ocrx_word' id='word_1_534' title='bbox 2263 1702 2628 1765; x_wconf 89' lang='lat' dir='ltr'><strong>Theodorum,</strong></span> <span class='ocrx_word' id='word_1_535' title='bbox 2649 1699 3133 1754; x_wconf 88' lang='lat' dir='ltr'><strong>Trimithuntinum</strong></span> <span class='ocrx_word' id='word_1_536' title='bbox 3150 1697 3486 1767; x_wconf 86' lang='lat' dir='ltr'><strong>episcopum,</strong></span> <span class='ocrx_word' id='word_1_537' title='bbox 3510 1705 3660 1751; x_wconf 88' lang='lat' dir='ltr'><strong>certo</strong></span> 
     </span>
    </p>
   </div>
   <div class='ocr_carea' id='block_1_77' title="bbox 2085 1790 3662 1865">
    <p class='ocr_par' dir='ltr' id='par_1_77' title="bbox 2085 1790 3662 1865">
     <span class='ocr_line' id='line_1_77' title="bbox 2085 1790 3662 1865; baseline -0.006 -13"><span class='ocrx_word' id='word_1_538' title='bbox 2085 1797 2369 1852; x_wconf 88' lang='lat' dir='ltr'><strong>allirmabit</strong></span> <span class='ocrx_word' id='word_1_539' title='bbox 2396 1795 2487 1865; x_wconf 90' lang='lat' dir='ltr'><strong>qui</strong></span> <span class='ocrx_word' id='word_1_540' title='bbox 2522 1794 2888 1850; x_wconf 82' lang='lat' dir='ltr'><strong>observaverit</strong></span> <span class='ocrx_word' id='word_1_541' title='bbox 2914 1793 3104 1847; x_wconf 90' lang='lat' dir='ltr'><strong>eadem</strong></span> <span class='ocrx_word' id='word_1_542' title='bbox 3131 1791 3199 1846; x_wconf 92' lang='lat' dir='ltr'><strong>dc</strong></span> <span class='ocrx_word' id='word_1_543' title='bbox 3240 1800 3461 1845; x_wconf 89' lang='lat' dir='ltr'><strong>auctore</strong></span> <span class='ocrx_word' id='word_1_544' title='bbox 3501 1790 3662 1859; x_wconf 87' lang='lat' dir='ltr'><strong>hujus</strong></span> 
     </span>
    </p>
   </div>
   <div class='ocr_carea' id='block_1_78' title="bbox 2086 1882 3664 1960">
    <p class='ocr_par' dir='ltr' id='par_1_78' title="bbox 2086 1882 3664 1960">
     <span class='ocr_line' id='line_1_78' title="bbox 2086 1882 3664 1960; baseline -0.006 -14"><span class='ocrx_word' id='word_1_545' title='bbox 2086 1890 2279 1960; x_wconf 85' lang='lat' dir='ltr'><strong>dialogi</strong></span> <span class='ocrx_word' id='word_1_546' title='bbox 2312 1889 2576 1949; x_wconf 87' lang='lat' dir='ltr'><strong>scribere,</strong></span> <span class='ocrx_word' id='word_1_547' title='bbox 2607 1902 2728 1956; x_wconf 66' lang='lat' dir='ltr'><strong>quae</strong></span> <span class='ocrx_word' id='word_1_548' title='bbox 2774 1886 2842 1940; x_wconf 92' lang='lat' dir='ltr'><strong>de</strong></span> <span class='ocrx_word' id='word_1_549' title='bbox 2884 1900 2943 1939; x_wconf 90' lang='lat' dir='ltr'><strong>se</strong></span> <span class='ocrx_word' id='word_1_550' title='bbox 2989 1884 3177 1938; x_wconf 89' lang='lat' dir='ltr'><strong>scribit</strong></span> <span class='ocrx_word' id='word_1_551' title='bbox 3206 1892 3395 1937; x_wconf 90' lang='lat' dir='ltr'><strong>auctor</strong></span> <span class='ocrx_word' id='word_1_552' title='bbox 3422 1882 3664 1936; x_wconf 69' lang='lat' dir='ltr'><strong>Historia:</strong></span> 
     </span>
    </p>
   </div>
   <div class='ocr_carea' id='block_1_79' title="bbox 2089 1974 3665 2045">
    <p class='ocr_par' dir='ltr' id='par_1_79' title="bbox 2089 1974 3665 2045">
     <span class='ocr_line' id='line_1_79' title="bbox 2089 1974 3665 2045; baseline -0.006 -10"><span class='ocrx_word' id='word_1_553' title='bbox 2089 1982 2362 2036; x_wconf 81' lang='lat' dir='ltr'><strong>Lausian</strong></span> <span class='ocrx_word' id='word_1_554' title='bbox 2381 1996 2398 2033; x_wconf 95' lang='lat'><em>:</em></span> <span class='ocrx_word' id='word_1_555' title='bbox 2420 1978 2620 2034; x_wconf 81' lang='lat' dir='ltr'><strong>Relicta</strong></span> <span class='ocrx_word' id='word_1_556' title='bbox 2650 1978 2963 2041; x_wconf 77' lang='lat' dir='ltr'><strong>Paltestina,</strong></span> <span class='ocrx_word' id='word_1_557' title='bbox 2994 1976 3178 2045; x_wconf 89' lang='lat' dir='ltr'><strong>repetii</strong></span> <span class='ocrx_word' id='word_1_558' title='bbox 3204 1974 3508 2045; x_wconf 86' lang='lat' dir='ltr'><strong>Bithyniam</strong></span> <span class='ocrx_word' id='word_1_559' title='bbox 3537 1984 3584 2028; x_wconf 89' lang='lat' dir='ltr'><strong>et</strong></span> <span class='ocrx_word' id='word_1_560' title='bbox 3609 1976 3665 2028; x_wconf 88' lang='lat' dir='ltr'><strong>in</strong></span> 
     </span>
    </p>
   </div>
   <div class='ocr_carea' id='block_1_80' title="bbox 2090 2068 3669 2142">
    <p class='ocr_par' dir='ltr' id='par_1_80' title="bbox 2090 2068 3669 2142">
     <span class='ocr_line' id='line_1_80' title="bbox 2090 2068 3669 2142; baseline -0.005 -14"><span class='ocrx_word' id='word_1_561' title='bbox 2090 2091 2174 2139; x_wconf 90' lang='lat' dir='ltr'><strong>ea,</strong></span> <span class='ocrx_word' id='word_1_562' title='bbox 2196 2089 2299 2127; x_wconf 87' lang='lat' dir='ltr'><strong>non</strong></span> <span class='ocrx_word' id='word_1_563' title='bbox 2326 2089 2533 2142; x_wconf 87' lang='lat' dir='ltr'><strong>possum</strong></span> <span class='ocrx_word' id='word_1_564' title='bbox 2550 2073 2720 2125; x_wconf 88' lang='lat' dir='ltr'><strong>dicere</strong></span> <span class='ocrx_word' id='word_1_565' title='bbox 2749 2070 3005 2141; x_wconf 85' lang='lat' dir='ltr'><strong>quomodo</strong></span> <span class='ocrx_word' id='word_1_566' title='bbox 3033 2070 3088 2123; x_wconf 86' lang='lat' dir='ltr'><strong>id</strong></span> <span class='ocrx_word' id='word_1_567' title='bbox 3118 2070 3316 2141; x_wconf 73' lang='lat' dir='ltr'><strong>factum</strong></span> <span class='ocrx_word' id='word_1_568' title='bbox 3335 2068 3421 2131; x_wconf 86' lang='lat' dir='ltr'><strong>sit,</strong></span> <span class='ocrx_word' id='word_1_569' title='bbox 3442 2068 3548 2121; x_wconf 84' lang='lat' dir='ltr'><strong>sive</strong></span> <span class='ocrx_word' id='word_1_570' title='bbox 3570 2068 3669 2121; x_wconf 80' lang='lat' dir='ltr'><strong>ho-</strong></span> 
     </span>
    </p>
   </div>
   <div class='ocr_carea' id='block_1_81' title="bbox 2092 2153 3664 2226">
    <p class='ocr_par' dir='ltr' id='par_1_81' title="bbox 2092 2153 3664 2226">
     <span class='ocr_line' id='line_1_81' title="bbox 2092 2153 3664 2226; baseline -0.007 -9"><span class='ocrx_word' id='word_1_571' title='bbox 2092 2164 2293 2216; x_wconf 86' lang='lat' dir='ltr'><strong>minum</strong></span> <span class='ocrx_word' id='word_1_572' title='bbox 2326 2162 2532 2225; x_wconf 87' lang='lat' dir='ltr'><strong>studiis,</strong></span> <span class='ocrx_word' id='word_1_573' title='bbox 2553 2160 2660 2214; x_wconf 84' lang='lat' dir='ltr'><strong>sive</strong></span> <span class='ocrx_word' id='word_1_574' title='bbox 2687 2158 2782 2213; x_wconf 89' lang='lat' dir='ltr'><strong>Dei</strong></span> <span class='ocrx_word' id='word_1_575' title='bbox 2805 2157 3066 2226; x_wconf 81' lang='lat' dir='ltr'><strong>beneficio,</strong></span> <span class='ocrx_word' id='word_1_576' title='bbox 3084 2155 3223 2210; x_wconf 89' lang='lat' dir='ltr'><strong>solus</strong></span> <span class='ocrx_word' id='word_1_577' title='bbox 3253 2155 3306 2208; x_wconf 89' lang='lat' dir='ltr'><strong>id</strong></span> <span class='ocrx_word' id='word_1_578' title='bbox 3339 2154 3479 2207; x_wconf 85' lang='lat' dir='ltr'><strong>novit</strong></span> <span class='ocrx_word' id='word_1_579' title='bbox 3506 2153 3664 2213; x_wconf 81' lang='lat' dir='ltr'><strong>Deus.</strong></span> 
     </span>
    </p>
   </div>
   <div class='ocr_carea' id='block_1_82' title="bbox 2092 2250 3669 2327">
    <p class='ocr_par' dir='ltr' id='par_1_82' title="bbox 2092 2250 3669 2327">
     <span class='ocr_line' id='line_1_82' title="bbox 2092 2250 3669 2327; baseline -0.007 -18"><span class='ocrx_word' id='word_1_580' title='bbox 2092 2257 2278 2327; x_wconf 84' lang='lat' dir='ltr'><strong>dignus</strong></span> <span class='ocrx_word' id='word_1_581' title='bbox 2310 2255 2517 2309; x_wconf 87' lang='lat' dir='ltr'><strong>habitus</strong></span> <span class='ocrx_word' id='word_1_582' title='bbox 2540 2271 2658 2307; x_wconf 88' lang='lat' dir='ltr'><strong>sum</strong></span> <span class='ocrx_word' id='word_1_583' title='bbox 2683 2252 3011 2306; x_wconf 85' lang='lat' dir='ltr'><strong>ordinatione</strong></span> <span class='ocrx_word' id='word_1_584' title='bbox 3033 2267 3150 2321; x_wconf 80' lang='lat' dir='ltr'><strong>qua:</strong></span> <span class='ocrx_word' id='word_1_585' title='bbox 3180 2250 3313 2303; x_wconf 82' lang='lat' dir='ltr'><strong>vires</strong></span> <span class='ocrx_word' id='word_1_586' title='bbox 3345 2263 3488 2301; x_wconf 86' lang='lat' dir='ltr'><strong>meas</strong></span> <span class='ocrx_word' id='word_1_587' title='bbox 3512 2263 3669 2314; x_wconf 88' lang='lat' dir='ltr'><strong>supe-</strong></span> 
     </span>
    </p>
   </div>
   <div class='ocr_carea' id='block_1_83' title="bbox 2094 2340 3672 2417">
    <p class='ocr_par' dir='ltr' id='par_1_83' title="bbox 2094 2340 3672 2417">
     <span class='ocr_line' id='line_1_83' title="bbox 2094 2340 3672 2417; baseline -0.006 -15"><span class='ocrx_word' id='word_1_588' title='bbox 2094 2358 2200 2410; x_wconf 88' lang='lat' dir='ltr'><strong>rat,</strong></span> <span class='ocrx_word' id='word_1_589' title='bbox 2219 2358 2267 2402; x_wconf 87' lang='lat' dir='ltr'><strong>et</strong></span> <span class='ocrx_word' id='word_1_590' title='bbox 2296 2348 2556 2416; x_wconf 89' lang='lat' dir='ltr'><strong>particeps</strong></span> <span class='ocrx_word' id='word_1_591' title='bbox 2585 2347 2662 2417; x_wconf 79' lang='lat' dir='ltr'><strong>fui</strong></span> <span class='ocrx_word' id='word_1_592' title='bbox 2687 2343 3058 2415; x_wconf 87' lang='lat' dir='ltr'><strong>persecutionis</strong></span> <span class='ocrx_word' id='word_1_593' title='bbox 3087 2342 3225 2395; x_wconf 89' lang='lat' dir='ltr'><strong>beati</strong></span> <span class='ocrx_word' id='word_1_594' title='bbox 3251 2340 3489 2401; x_wconf 85' lang='lat' dir='ltr'><strong>Joannis,</strong></span> <span class='ocrx_word' id='word_1_595' title='bbox 3513 2349 3672 2409; x_wconf 84' lang='lat' dir='ltr'><strong>atque</strong></span> 
     </span>
    </p>
   </div>
   <div class='ocr_carea' id='block_1_84' title="bbox 2098 2430 3673 2503">
    <p class='ocr_par' dir='ltr' id='par_1_84' title="bbox 2098 2430 3673 2503">
     <span class='ocr_line' id='line_1_84' title="bbox 2098 2430 3673 2503; baseline -0.008 -9"><span class='ocrx_word' id='word_1_596' title='bbox 2098 2441 2333 2494; x_wconf 83' lang='lat' dir='ltr'><strong>undecim</strong></span> <span class='ocrx_word' id='word_1_597' title='bbox 2356 2455 2552 2493; x_wconf 90' lang='lat' dir='ltr'><strong>menses</strong></span> <span class='ocrx_word' id='word_1_598' title='bbox 2580 2439 2633 2491; x_wconf 89' lang='lat' dir='ltr'><strong>in</strong></span> <span class='ocrx_word' id='word_1_599' title='bbox 2653 2438 2869 2490; x_wconf 87' lang='lat' dir='ltr'><strong>obscura</strong></span> <span class='ocrx_word' id='word_1_600' title='bbox 2893 2434 3022 2488; x_wconf 87' lang='lat' dir='ltr'><strong>cella</strong></span> <span class='ocrx_word' id='word_1_601' title='bbox 3044 2433 3195 2487; x_wconf 85' lang='lat' dir='ltr'><strong>latui.</strong></span> <span class='ocrx_word' id='word_1_602' title='bbox 3210 2430 3470 2503; x_wconf 84' lang='lat' dir='ltr'><strong>Agnoscis</strong></span> <span class='ocrx_word' id='word_1_603' title='bbox 3498 2430 3673 2484; x_wconf 86' lang='lat' dir='ltr'><strong>Palla-</strong></span> 
     </span>
    </p>
   </div>
   <div class='ocr_carea' id='block_1_85' title="bbox 2097 2525 3672 2600">
    <p class='ocr_par' dir='ltr' id='par_1_85' title="bbox 2097 2525 3672 2600">
     <span class='ocr_line' id='line_1_85' title="bbox 2097 2525 3672 2600; baseline -0.006 -14"><span class='ocrx_word' id='word_1_604' title='bbox 2097 2533 2266 2596; x_wconf 91' lang='lat' dir='ltr'><strong>dium,</strong></span> <span class='ocrx_word' id='word_1_605' title='bbox 2305 2530 2812 2600; x_wconf 89' lang='lat' dir='ltr'><strong>llelenopolitanum</strong></span> <span class='ocrx_word' id='word_1_606' title='bbox 2840 2528 3176 2597; x_wconf 85' lang='lat' dir='ltr'><strong>episcopum,</strong></span> <span class='ocrx_word' id='word_1_607' title='bbox 3203 2526 3295 2596; x_wconf 89' lang='lat' dir='ltr'><strong>qui</strong></span> <span class='ocrx_word' id='word_1_608' title='bbox 3346 2534 3470 2596; x_wconf 90' lang='lat' dir='ltr'><strong>post</strong></span> <span class='ocrx_word' id='word_1_609' title='bbox 3512 2525 3672 2594; x_wconf 79' lang='lat' dir='ltr'><strong>Euly-</strong></span> 
     </span>
    </p>
   </div>
   <div class='ocr_carea' id='block_1_86' title="bbox 2100 2615 3672 2692">
    <p class='ocr_par' dir='ltr' id='par_1_86' title="bbox 2100 2615 3672 2692">
     <span class='ocr_line' id='line_1_86' title="bbox 2100 2615 3672 2692; baseline -0.006 -13"><span class='ocrx_word' id='word_1_610' title='bbox 2100 2626 2242 2679; x_wconf 89' lang='lat' dir='ltr'><strong>sium</strong></span> <span class='ocrx_word' id='word_1_611' title='bbox 2267 2634 2322 2679; x_wconf 90' lang='lat' dir='ltr'><strong>et</strong></span> <span class='ocrx_word' id='word_1_612' title='bbox 2346 2624 2677 2679; x_wconf 86' lang='lat' dir='ltr'><strong>Demetrium</strong></span> <span class='ocrx_word' id='word_1_613' title='bbox 2704 2622 3009 2692; x_wconf 88' lang='lat' dir='ltr'><strong>episcopos,</strong></span> <span class='ocrx_word' id='word_1_614' title='bbox 3029 2620 3252 2673; x_wconf 81' lang='lat' dir='ltr'><strong>Romam</strong></span> <span class='ocrx_word' id='word_1_615' title='bbox 3269 2618 3469 2672; x_wconf 87' lang='lat' dir='ltr'><strong>missus</strong></span> <span class='ocrx_word' id='word_1_616' title='bbox 3492 2615 3672 2670; x_wconf 76' lang='lat' dir='ltr'><strong>fuitat]</strong></span> 
     </span>
    </p>
   </div>
   <div class='ocr_carea' id='block_1_87' title="bbox 2102 2709 3673 2783">
    <p class='ocr_par' dir='ltr' id='par_1_87' title="bbox 2102 2709 3673 2783">
     <span class='ocr_line' id='line_1_87' title="bbox 2102 2709 3673 2783; baseline -0.006 -15"><span class='ocrx_word' id='word_1_617' title='bbox 2102 2715 2477 2768; x_wconf 87' lang='lat' dir='ltr'><strong>Innocentium</strong></span> <span class='ocrx_word' id='word_1_618' title='bbox 2528 2728 2755 2783; x_wconf 86' lang='lat' dir='ltr'><strong>papam;</strong></span> <span class='ocrx_word' id='word_1_619' title='bbox 2783 2712 2983 2781; x_wconf 90' lang='lat' dir='ltr'><strong>quique</strong></span> <span class='ocrx_word' id='word_1_620' title='bbox 3016 2717 3202 2779; x_wconf 90' lang='lat' dir='ltr'><strong>postea</strong></span> <span class='ocrx_word' id='word_1_621' title='bbox 3258 2709 3518 2762; x_wconf 87' lang='lat' dir='ltr'><strong>remissus</strong></span> <span class='ocrx_word' id='word_1_622' title='bbox 3550 2722 3673 2761; x_wconf 84' lang='lat' dir='ltr'><strong>etnn</strong></span> 
     </span>
    </p>
   </div>
   <div class='ocr_carea' id='block_1_88' title="bbox 2103 2799 3674 2875">
    <p class='ocr_par' dir='ltr' id='par_1_88' title="bbox 2103 2799 3674 2875">
     <span class='ocr_line' id='line_1_88' title="bbox 2103 2799 3674 2875; baseline -0.006 -15"><span class='ocrx_word' id='word_1_623' title='bbox 2103 2807 2312 2861; x_wconf 87' lang='lat' dir='ltr'><strong>Latinis</strong></span> <span class='ocrx_word' id='word_1_624' title='bbox 2339 2807 2612 2875; x_wconf 88' lang='lat' dir='ltr'><strong>episc0pis</strong></span> <span class='ocrx_word' id='word_1_625' title='bbox 2640 2805 2847 2858; x_wconf 87' lang='lat' dir='ltr'><strong>litteras</strong></span> <span class='ocrx_word' id='word_1_626' title='bbox 2860 2802 3085 2858; x_wconf 86' lang='lat' dir='ltr'><strong>Honorii</strong></span> <span class='ocrx_word' id='word_1_627' title='bbox 3115 2801 3457 2871; x_wconf 86' lang='lat' dir='ltr'><strong>imperatoris</strong></span> <span class='ocrx_word' id='word_1_628' title='bbox 3484 2801 3549 2853; x_wconf 91' lang='lat' dir='ltr'><strong>ad</strong></span> <span class='ocrx_word' id='word_1_629' title='bbox 3570 2799 3674 2852; x_wconf 84' lang='lat' dir='ltr'><strong>Ar-</strong></span> 
     </span>
    </p>
   </div>
   <div class='ocr_carea' id='block_1_89' title="bbox 2103 2896 3678 2964">
    <p class='ocr_par' dir='ltr' id='par_1_89' title="bbox 2103 2896 3678 2964">
     <span class='ocr_line' id='line_1_89' title="bbox 2103 2896 3678 2964; baseline -0.001 -12"><span class='ocrx_word' id='word_1_630' title='bbox 2103 2899 2316 2953; x_wconf 90' lang='lat' dir='ltr'><strong>cadium</strong></span> <span class='ocrx_word' id='word_1_631' title='bbox 2359 2897 2760 2959; x_wconf 84' lang='lat' dir='ltr'><strong>deferentibus,</strong></span> <span class='ocrx_word' id='word_1_632' title='bbox 2793 2897 2846 2950; x_wconf 93' lang='lat' dir='ltr'><strong>in</strong></span> <span class='ocrx_word' id='word_1_633' title='bbox 2877 2911 3149 2950; x_wconf 88' lang='lat' dir='ltr'><strong>carcerem</strong></span> <span class='ocrx_word' id='word_1_634' title='bbox 3180 2896 3459 2964; x_wconf 85' lang='lat' dir='ltr'><strong>conjectus</strong></span> <span class='ocrx_word' id='word_1_635' title='bbox 3485 2903 3584 2956; x_wconf 83' lang='lat' dir='ltr'><strong>est,</strong></span> <span class='ocrx_word' id='word_1_636' title='bbox 3618 2905 3678 2950; x_wconf 91' lang='lat' dir='ltr'><strong>ut</strong></span> 
     </span>
    </p>
   </div>
   <div class='ocr_carea' id='block_1_90' title="bbox 2104 2989 3678 3061">
    <p class='ocr_par' dir='ltr' id='par_1_90' title="bbox 2104 2989 3678 3061">
     <span class='ocr_line' id='line_1_90' title="bbox 2104 2989 3678 3061; baseline -0.003 -16"><span class='ocrx_word' id='word_1_637' title='bbox 2104 2990 2420 3061; x_wconf 82' lang='lat' dir='ltr'><strong>perhibetur</strong></span> <span class='ocrx_word' id='word_1_638' title='bbox 2459 2991 2513 3043; x_wconf 92' lang='lat' dir='ltr'><strong>in</strong></span> <span class='ocrx_word' id='word_1_639' title='bbox 2543 2990 2774 3059; x_wconf 87' lang='lat' dir='ltr'><strong>dialogo.</strong></span> <span class='ocrx_word' id='word_1_640' title='bbox 2808 2989 2865 3043; x_wconf 89' lang='lat' dir='ltr'><strong>Si</strong></span> <span class='ocrx_word' id='word_1_641' title='bbox 2909 2989 2981 3042; x_wconf 91' lang='lat' dir='ltr'><strong>ita</strong></span> <span class='ocrx_word' id='word_1_642' title='bbox 3012 3004 3069 3043; x_wconf 90' lang='lat' dir='ltr'><strong>se</strong></span> <span class='ocrx_word' id='word_1_643' title='bbox 3099 3005 3186 3043; x_wconf 88' lang='lat' dir='ltr'><strong>res</strong></span> <span class='ocrx_word' id='word_1_644' title='bbox 3216 2990 3457 3052; x_wconf 85' lang='lat' dir='ltr'><strong>haberet,</strong></span> <span class='ocrx_word' id='word_1_645' title='bbox 3488 2990 3678 3044; x_wconf 90' lang='lat' dir='ltr'><strong>dicen-</strong></span> 
     </span>
    </p>
   </div>
   <div class='ocr_carea' id='block_1_91' title="bbox 2105 3079 3682 3147">
    <p class='ocr_par' dir='ltr' id='par_1_91' title="bbox 2105 3079 3682 3147">
     <span class='ocr_line' id='line_1_91' title="bbox 2105 3079 3682 3147; baseline -0.003 -12"><span class='ocrx_word' id='word_1_646' title='bbox 2105 3081 2233 3135; x_wconf 80' lang='lat' dir='ltr'><strong>dum</strong></span> <span class='ocrx_word' id='word_1_647' title='bbox 2256 3088 2421 3143; x_wconf 86' lang='lat' dir='ltr'><strong>esset,</strong></span> <span class='ocrx_word' id='word_1_648' title='bbox 2449 3080 2699 3133; x_wconf 90' lang='lat' dir='ltr'><strong>eumdem</strong></span> <span class='ocrx_word' id='word_1_649' title='bbox 2728 3094 2847 3133; x_wconf 90' lang='lat' dir='ltr'><strong>esse</strong></span> <span class='ocrx_word' id='word_1_650' title='bbox 2878 3079 3485 3144; x_wconf 89' lang='lat' dir='ltr'><strong>Palladium,auctorcm</strong></span> <span class='ocrx_word' id='word_1_651' title='bbox 3520 3080 3682 3147; x_wconf 89' lang='lat' dir='ltr'><strong>hujus</strong></span> 
     </span>
    </p>
   </div>
   <div class='ocr_carea' id='block_1_92' title="bbox 2106 3169 3683 3241">
    <p class='ocr_par' dir='ltr' id='par_1_92' title="bbox 2106 3169 3683 3241">
     <span class='ocr_line' id='line_1_92' title="bbox 2106 3169 3683 3241; baseline -0.002 -16"><span class='ocrx_word' id='word_1_652' title='bbox 2106 3170 2322 3241; x_wconf 81' lang='lat' dir='ltr'><strong>dialogi,</strong></span> <span class='ocrx_word' id='word_1_653' title='bbox 2337 3185 2399 3224; x_wconf 88' lang='lat' dir='ltr'><strong>ac</strong></span> <span class='ocrx_word' id='word_1_654' title='bbox 2418 3169 2714 3224; x_wconf 88' lang='lat' dir='ltr'><strong>Palladium</strong></span> <span class='ocrx_word' id='word_1_655' title='bbox 2731 3170 2820 3239; x_wconf 87' lang='lat' dir='ltr'><strong>qui</strong></span> <span class='ocrx_word' id='word_1_656' title='bbox 2841 3170 3064 3224; x_wconf 81' lang='lat' dir='ltr'><strong>Romam</strong></span> <span class='ocrx_word' id='word_1_657' title='bbox 3090 3186 3119 3224; x_wconf 91' lang='lat' dir='ltr'><strong>a</strong></span> <span class='ocrx_word' id='word_1_658' title='bbox 3141 3170 3349 3226; x_wconf 88' lang='lat' dir='ltr'><strong>Joanne</strong></span> <span class='ocrx_word' id='word_1_659' title='bbox 3369 3170 3683 3225; x_wconf 82' lang='lat' dir='ltr'><strong>Constanti-</strong></span> 
     </span>
    </p>
   </div>
   <div class='ocr_carea' id='block_1_93' title="bbox 2108 3262 3681 3332">
    <p class='ocr_par' dir='ltr' id='par_1_93' title="bbox 2108 3262 3681 3332">
     <span class='ocr_line' id='line_1_93' title="bbox 2108 3262 3681 3332; baseline -0.002 -15"><span class='ocrx_word' id='word_1_660' title='bbox 2108 3263 2424 3332; x_wconf 87' lang='lat' dir='ltr'><strong>nopolitano</strong></span> <span class='ocrx_word' id='word_1_661' title='bbox 2462 3262 2659 3317; x_wconf 89' lang='lat' dir='ltr'><strong>missus</strong></span> <span class='ocrx_word' id='word_1_662' title='bbox 2687 3262 2806 3324; x_wconf 84' lang='lat' dir='ltr'><strong>fuit,</strong></span> <span class='ocrx_word' id='word_1_663' title='bbox 2838 3272 2894 3317; x_wconf 91' lang='lat' dir='ltr'><strong>et</strong></span> <span class='ocrx_word' id='word_1_664' title='bbox 2917 3264 3008 3332; x_wconf 90' lang='lat' dir='ltr'><strong>qui</strong></span> <span class='ocrx_word' id='word_1_665' title='bbox 3040 3263 3333 3317; x_wconf 81' lang='lat' dir='ltr'><strong>Historiam</strong></span> <span class='ocrx_word' id='word_1_666' title='bbox 3361 3263 3681 3316; x_wconf 84' lang='lat' dir='ltr'><strong>eremiticam</strong></span> 
     </span>
    </p>
   </div>
   <div class='ocr_carea' id='block_1_94' title="bbox 2110 3352 3685 3422">
    <p class='ocr_par' dir='ltr' id='par_1_94' title="bbox 2110 3352 3685 3422">
     <span class='ocr_line' id='line_1_94' title="bbox 2110 3352 3685 3422; baseline -0.001 -16"><span class='ocrx_word' id='word_1_667' title='bbox 2110 3355 2179 3408; x_wconf 86' lang='lat' dir='ltr'><strong>ad</strong></span> <span class='ocrx_word' id='word_1_668' title='bbox 2209 3354 2441 3407; x_wconf 87' lang='lat' dir='ltr'><strong>Lausum</strong></span> <span class='ocrx_word' id='word_1_669' title='bbox 2472 3353 2684 3422; x_wconf 87' lang='lat' dir='ltr'><strong>scripsit</strong></span> <span class='ocrx_word' id='word_1_670' title='bbox 2711 3371 2723 3405; x_wconf 92' lang='lat'><strong>:</strong></span> <span class='ocrx_word' id='word_1_671' title='bbox 2756 3353 2900 3422; x_wconf 91' lang='lat' dir='ltr'><strong>quod</strong></span> <span class='ocrx_word' id='word_1_672' title='bbox 2942 3352 3103 3407; x_wconf 88' lang='lat' dir='ltr'><strong>simul</strong></span> <span class='ocrx_word' id='word_1_673' title='bbox 3139 3362 3281 3407; x_wconf 84' lang='lat' dir='ltr'><strong>stare</strong></span> <span class='ocrx_word' id='word_1_674' title='bbox 3323 3353 3546 3407; x_wconf 90' lang='lat' dir='ltr'><strong>omnino</strong></span> <span class='ocrx_word' id='word_1_675' title='bbox 3576 3368 3685 3405; x_wconf 90' lang='lat' dir='ltr'><strong>non</strong></span> 
     </span>
    </p>
   </div>
   <div class='ocr_carea' id='block_1_95' title="bbox 2109 3445 3685 3517">
    <p class='ocr_par' dir='ltr' id='par_1_95' title="bbox 2109 3445 3685 3517">
     <span class='ocr_line' id='line_1_95' title="bbox 2109 3445 3685 3517; baseline -0.001 -18"><span class='ocrx_word' id='word_1_676' title='bbox 2109 3455 2304 3516; x_wconf 86' lang='lat' dir='ltr'><strong>potest.</strong></span> <span class='ocrx_word' id='word_1_677' title='bbox 2323 3447 2454 3499; x_wconf 84' lang='lat' dir='ltr'><strong>Nam</strong></span> <span class='ocrx_word' id='word_1_678' title='bbox 2472 3457 2662 3500; x_wconf 90' lang='lat' dir='ltr'><strong>auctor</strong></span> <span class='ocrx_word' id='word_1_679' title='bbox 2679 3446 2839 3515; x_wconf 83' lang='lat' dir='ltr'><strong>lntjus</strong></span> <span class='ocrx_word' id='word_1_680' title='bbox 2854 3445 3067 3517; x_wconf 87' lang='lat' dir='ltr'><strong>dialogi,</strong></span> <span class='ocrx_word' id='word_1_681' title='bbox 3083 3446 3452 3515; x_wconf 86' lang='lat' dir='ltr'><strong>cujuscunque</strong></span> <span class='ocrx_word' id='word_1_682' title='bbox 3471 3446 3685 3500; x_wconf 87' lang='lat' dir='ltr'><strong>tandem</strong></span> 
     </span>
    </p>
   </div>
   <div class='ocr_carea' id='block_1_96' title="bbox 2111 3538 3689 3607">
    <p class='ocr_par' dir='ltr' id='par_1_96' title="bbox 2111 3538 3689 3607">
     <span class='ocr_line' id='line_1_96' title="bbox 2111 3538 3689 3607; baseline -0.001 -16"><span class='ocrx_word' id='word_1_683' title='bbox 2111 3538 2345 3591; x_wconf 70' lang='lat' dir='ltr'><strong>civitatis</strong></span> <span class='ocrx_word' id='word_1_684' title='bbox 2376 3538 2665 3607; x_wconf 86' lang='lat' dir='ltr'><strong>episcopus</strong></span> <span class='ocrx_word' id='word_1_685' title='bbox 2697 3538 3169 3607; x_wconf 83' lang='lat' dir='ltr'><strong>fuerit,aliquanto</strong></span> <span class='ocrx_word' id='word_1_686' title='bbox 3198 3546 3319 3606; x_wconf 90' lang='lat' dir='ltr'><strong>post</strong></span> <span class='ocrx_word' id='word_1_687' title='bbox 3361 3547 3603 3606; x_wconf 89' lang='lat' dir='ltr'><strong>tempore</strong></span> <span class='ocrx_word' id='word_1_688' title='bbox 3629 3552 3689 3590; x_wconf 88' lang='lat' dir='ltr'><strong>se</strong></span> 
     </span>
    </p>
   </div>
   <div class='ocr_carea' id='block_1_97' title="bbox 2116 3628 3684 3698">
    <p class='ocr_par' dir='ltr' id='par_1_97' title="bbox 2116 3628 3684 3698">
     <span class='ocr_line' id='line_1_97' title="bbox 2116 3628 3684 3698; baseline -0.003 -16"><span class='ocrx_word' id='word_1_689' title='bbox 2116 3630 2351 3698; x_wconf 85' lang='lat' dir='ltr'><strong>primum</strong></span> <span class='ocrx_word' id='word_1_690' title='bbox 2372 3630 2598 3683; x_wconf 84' lang='lat' dir='ltr'><strong>Romam</strong></span> <span class='ocrx_word' id='word_1_691' title='bbox 2629 3630 2845 3684; x_wconf 89' lang='lat' dir='ltr'><strong>venisse</strong></span> <span class='ocrx_word' id='word_1_692' title='bbox 2865 3631 2961 3691; x_wconf 77' lang='lat' dir='ltr'><strong>ait,</strong></span> <span class='ocrx_word' id='word_1_693' title='bbox 2979 3645 3141 3698; x_wconf 91' lang='lat' dir='ltr'><strong>quam</strong></span> <span class='ocrx_word' id='word_1_694' title='bbox 3159 3628 3684 3690; x_wconf 79' lang='lat' dir='ltr'><strong>veneratPalladius,</strong></span> 
     </span>
    </p>
   </div>
   <div class='ocr_carea' id='block_1_98' title="bbox 2115 3720 3688 3791">
    <p class='ocr_par' dir='ltr' id='par_1_98' title="bbox 2115 3720 3688 3791">
     <span class='ocr_line' id='line_1_98' title="bbox 2115 3720 3688 3791; baseline -0.002 -16"><span class='ocrx_word' id='word_1_695' title='bbox 2115 3722 2402 3791; x_wconf 88' lang='lat' dir='ltr'><strong>episcopus</strong></span> <span class='ocrx_word' id='word_1_696' title='bbox 2419 3721 2926 3791; x_wconf 85' lang='lat' dir='ltr'><strong>Helenopolitanus;</strong></span> <span class='ocrx_word' id='word_1_697' title='bbox 2943 3737 3103 3791; x_wconf 90' lang='lat' dir='ltr'><strong>quem</strong></span> <span class='ocrx_word' id='word_1_698' title='bbox 3124 3729 3366 3790; x_wconf 86' lang='lat' dir='ltr'><strong>tempore</strong></span> <span class='ocrx_word' id='word_1_699' title='bbox 3391 3720 3688 3774; x_wconf 87' lang='lat' dir='ltr'><strong>Innocentii</strong></span> 
     </span>
    </p>
   </div>
   <div class='ocr_carea' id='block_1_99' title="bbox 2115 3811 3692 3882">
    <p class='ocr_par' dir='ltr' id='par_1_99' title="bbox 2115 3811 3692 3882">
     <span class='ocr_line' id='line_1_99' title="bbox 2115 3811 3692 3882; baseline -0.001 -16"><span class='ocrx_word' id='word_1_700' title='bbox 2115 3813 2340 3867; x_wconf 89' lang='lat' dir='ltr'><strong>Romam</strong></span> <span class='ocrx_word' id='word_1_701' title='bbox 2362 3813 2596 3877; x_wconf 83' lang='lat' dir='ltr'><strong>venisse,</strong></span> <span class='ocrx_word' id='word_1_702' title='bbox 2612 3813 2725 3882; x_wconf 87' lang='lat' dir='ltr'><strong>ipse</strong></span> <span class='ocrx_word' id='word_1_703' title='bbox 2749 3812 2956 3877; x_wconf 84' lang='lat' dir='ltr'><strong>scribit,</strong></span> <span class='ocrx_word' id='word_1_704' title='bbox 2982 3824 3271 3880; x_wconf 87' lang='lat' dir='ltr'><strong>antequam</strong></span> <span class='ocrx_word' id='word_1_705' title='bbox 3285 3812 3578 3866; x_wconf 88' lang='lat' dir='ltr'><strong>haberetur</strong></span> <span class='ocrx_word' id='word_1_706' title='bbox 3604 3811 3692 3865; x_wconf 88' lang='lat' dir='ltr'><strong>hic</strong></span> 
     </span>
    </p>
   </div>
   <div class='ocr_carea' id='block_1_100' title="bbox 2117 3904 3690 3976">
    <p class='ocr_par' dir='ltr' id='par_1_100' title="bbox 2117 3904 3690 3976">
     <span class='ocr_line' id='line_1_100' title="bbox 2117 3904 3690 3976; baseline -0.003 -16"><span class='ocrx_word' id='word_1_707' title='bbox 2117 3905 2375 3975; x_wconf 84' lang='lat' dir='ltr'><strong>dialogus.</strong></span> <span class='ocrx_word' id='word_1_708' title='bbox 2396 3904 2662 3959; x_wconf 64' lang='lat' dir='ltr'><strong>Prmtcrea</strong></span> <span class='ocrx_word' id='word_1_709' title='bbox 2692 3920 2816 3958; x_wconf 91' lang='lat' dir='ltr'><strong>eum</strong></span> <span class='ocrx_word' id='word_1_710' title='bbox 2842 3905 3022 3959; x_wconf 88' lang='lat' dir='ltr'><strong>adhuc</strong></span> <span class='ocrx_word' id='word_1_711' title='bbox 3048 3905 3191 3974; x_wconf 89' lang='lat' dir='ltr'><strong>apud</strong></span> <span class='ocrx_word' id='word_1_712' title='bbox 3217 3904 3518 3976; x_wconf 81' lang='lat' dir='ltr'><strong>Blemmyas</strong></span> <span class='ocrx_word' id='word_1_713' title='bbox 3550 3904 3690 3959; x_wconf 82' lang='lat' dir='ltr'><strong>deti-</strong></span> 
     </span>
    </p>
   </div>
   <div class='ocr_carea' id='block_1_101' title="bbox 2118 3996 3692 4068">
    <p class='ocr_par' dir='ltr' id='par_1_101' title="bbox 2118 3996 3692 4068">
     <span class='ocr_line' id='line_1_101' title="bbox 2118 3996 3692 4068; baseline -0.002 -16"><span class='ocrx_word' id='word_1_714' title='bbox 2118 3999 2233 4052; x_wconf 87' lang='lat' dir='ltr'><strong>neri</strong></span> <span class='ocrx_word' id='word_1_715' title='bbox 2257 3998 2445 4052; x_wconf 81' lang='lat' dir='ltr'><strong>seribit</strong></span> <span class='ocrx_word' id='word_1_716' title='bbox 2473 4014 2539 4052; x_wconf 89' lang='lat' dir='ltr'><strong>eo</strong></span> <span class='ocrx_word' id='word_1_717' title='bbox 2562 3997 2677 4068; x_wconf 90' lang='lat' dir='ltr'><strong>ipso</strong></span> <span class='ocrx_word' id='word_1_718' title='bbox 2701 4007 2961 4067; x_wconf 85' lang='lat' dir='ltr'><strong>tempore,</strong></span> <span class='ocrx_word' id='word_1_719' title='bbox 2993 4013 3101 4067; x_wconf 86' lang='lat' dir='ltr'><strong>quo</strong></span> <span class='ocrx_word' id='word_1_720' title='bbox 3130 3998 3272 4052; x_wconf 90' lang='lat' dir='ltr'><strong>hanc</strong></span> <span class='ocrx_word' id='word_1_721' title='bbox 3287 3996 3517 4065; x_wconf 74' lang='grc' dir='ltr'><strong>διάλεξιν</strong></span> <span class='ocrx_word' id='word_1_722' title='bbox 3545 3997 3692 4051; x_wconf 89' lang='lat' dir='ltr'><strong>insti-</strong></span> 
     </span>
    </p>
   </div>
   <div class='ocr_carea' id='block_1_102' title="bbox 2122 4085 3692 4156">
    <p class='ocr_par' dir='ltr' id='par_1_102' title="bbox 2122 4085 3692 4156">
     <span class='ocr_line' id='line_1_102' title="bbox 2122 4085 3692 4156; baseline 0 -18"><span class='ocrx_word' id='word_1_723' title='bbox 2122 4086 2308 4140; x_wconf 87' lang='lat' dir='ltr'><strong>tuebat</strong></span> <span class='ocrx_word' id='word_1_724' title='bbox 2336 4101 2459 4140; x_wconf 90' lang='lat' dir='ltr'><strong>cum</strong></span> <span class='ocrx_word' id='word_1_725' title='bbox 2486 4085 2773 4140; x_wconf 87' lang='lat' dir='ltr'><strong>Theodoro</strong></span> <span class='ocrx_word' id='word_1_726' title='bbox 2809 4105 2821 4140; x_wconf 86' lang='lat'><strong>:</strong></span> <span class='ocrx_word' id='word_1_727' title='bbox 2852 4102 2972 4156; x_wconf 74' lang='lat' dir='ltr'><strong>quae</strong></span> <span class='ocrx_word' id='word_1_728' title='bbox 2996 4087 3138 4141; x_wconf 88' lang='lat' dir='ltr'><strong>inter</strong></span> <span class='ocrx_word' id='word_1_729' title='bbox 3161 4103 3220 4141; x_wconf 90' lang='lat' dir='ltr'><strong>se</strong></span> <span class='ocrx_word' id='word_1_730' title='bbox 3248 4088 3520 4141; x_wconf 90' lang='lat' dir='ltr'><strong>conciliari</strong></span> <span class='ocrx_word' id='word_1_731' title='bbox 3543 4087 3692 4141; x_wconf 86' lang='lat' dir='ltr'><strong>nullo</strong></span> 
     </span>
    </p>
   </div>
   <div class='ocr_carea' id='block_1_103' title="bbox 2121 4178 3695 4250">
    <p class='ocr_par' dir='ltr' id='par_1_103' title="bbox 2121 4178 3695 4250">
     <span class='ocr_line' id='line_1_103' title="bbox 2121 4178 3695 4250; baseline -0.002 -15"><span class='ocrx_word' id='word_1_732' title='bbox 2121 4180 2282 4235; x_wconf 90' lang='lat' dir='ltr'><strong>modo</strong></span> <span class='ocrx_word' id='word_1_733' title='bbox 2321 4187 2569 4250; x_wconf 88' lang='lat' dir='ltr'><strong>possunt.</strong></span> <span class='ocrx_word' id='word_1_734' title='bbox 2608 4178 2834 4233; x_wconf 90' lang='lat' dir='ltr'><strong>Demum</strong></span> <span class='ocrx_word' id='word_1_735' title='bbox 2868 4179 3101 4232; x_wconf 78' lang='lat' dir='ltr'><strong>Historia</strong></span> <span class='ocrx_word' id='word_1_736' title='bbox 3134 4179 3395 4232; x_wconf 84' lang='lat' dir='ltr'><strong>Lausiaca</strong></span> <span class='ocrx_word' id='word_1_737' title='bbox 3446 4179 3575 4233; x_wconf 85' lang='lat' dir='ltr'><strong>mihi</strong></span> <span class='ocrx_word' id='word_1_738' title='bbox 3610 4179 3695 4233; x_wconf 84' lang='lat' dir='ltr'><strong>vi-</strong></span> 
     </span>
    </p>
   </div>
   <div class='ocr_carea' id='block_1_104' title="bbox 2122 4269 3694 4340">
    <p class='ocr_par' dir='ltr' id='par_1_104' title="bbox 2122 4269 3694 4340">
     <span class='ocr_line' id='line_1_104' title="bbox 2122 4269 3694 4340; baseline -0.003 -13"><span class='ocrx_word' id='word_1_739' title='bbox 2122 4271 2281 4327; x_wconf 89' lang='lat' dir='ltr'><strong>detur</strong></span> <span class='ocrx_word' id='word_1_740' title='bbox 2305 4270 2504 4340; x_wconf 85' lang='lat' dir='ltr'><strong>scripta</strong></span> <span class='ocrx_word' id='word_1_741' title='bbox 2534 4269 2675 4324; x_wconf 90' lang='lat' dir='ltr'><strong>circa</strong></span> <span class='ocrx_word' id='word_1_742' title='bbox 2701 4284 2903 4323; x_wconf 90' lang='lat' dir='ltr'><strong>annum</strong></span> <span class='ocrx_word' id='word_1_743' title='bbox 2920 4270 3017 4323; x_wconf 70' lang='grc'><strong>421</strong></span> <span class='ocrx_word' id='word_1_744' title='bbox 3044 4284 3182 4339; x_wconf 86' lang='lat' dir='ltr'><strong>:quo</strong></span> <span class='ocrx_word' id='word_1_745' title='bbox 3207 4285 3351 4323; x_wconf 82' lang='lat' dir='ltr'><strong>anno</strong></span> <span class='ocrx_word' id='word_1_746' title='bbox 3378 4276 3567 4324; x_wconf 86' lang='lat' dir='ltr'><strong>auctor</strong></span> <span class='ocrx_word' id='word_1_747' title='bbox 3590 4270 3694 4323; x_wconf 91' lang='lat' dir='ltr'><strong>hu-</strong></span> 
     </span>
    </p>
   </div>
   <div class='ocr_carea' id='block_1_105' title="bbox 2120 4362 3692 4434">
    <p class='ocr_par' dir='ltr' id='par_1_105' title="bbox 2120 4362 3692 4434">
     <span class='ocr_line' id='line_1_105' title="bbox 2120 4362 3692 4434; baseline -0.001 -16"><span class='ocrx_word' id='word_1_748' title='bbox 2120 4365 2209 4434; x_wconf 89' lang='lat' dir='ltr'><strong>jus</strong></span> <span class='ocrx_word' id='word_1_749' title='bbox 2227 4362 2466 4417; x_wconf 78' lang='lat' dir='ltr'><strong>historia:</strong></span> <span class='ocrx_word' id='word_1_750' title='bbox 2495 4371 2681 4416; x_wconf 90' lang='lat' dir='ltr'><strong>natum</strong></span> <span class='ocrx_word' id='word_1_751' title='bbox 2708 4378 2767 4416; x_wconf 90' lang='lat' dir='ltr'><strong>se</strong></span> <span class='ocrx_word' id='word_1_752' title='bbox 2795 4377 2916 4416; x_wconf 90' lang='lat' dir='ltr'><strong>esse</strong></span> <span class='ocrx_word' id='word_1_753' title='bbox 2946 4377 3119 4416; x_wconf 89' lang='lat' dir='ltr'><strong>annos</strong></span> <span class='ocrx_word' id='word_1_754' title='bbox 3145 4363 3530 4434; x_wconf 85' lang='lat' dir='ltr'><strong>quinquaginta</strong></span> <span class='ocrx_word' id='word_1_755' title='bbox 3564 4370 3692 4426; x_wconf 89' lang='lat' dir='ltr'><strong>tres,</strong></span> 
     </span>
    </p>
   </div>
   <div class='ocr_carea' id='block_1_106' title="bbox 2124 4452 3696 4524">
    <p class='ocr_par' dir='ltr' id='par_1_106' title="bbox 2124 4452 3696 4524">
     <span class='ocr_line' id='line_1_106' title="bbox 2124 4452 3696 4524; baseline -0.001 -16"><span class='ocrx_word' id='word_1_756' title='bbox 2124 4464 2219 4508; x_wconf 90' lang='lat' dir='ltr'><strong>eta</strong></span> <span class='ocrx_word' id='word_1_757' title='bbox 2233 4454 2418 4524; x_wconf 83' lang='lat' dir='ltr'><strong>viginti</strong></span> <span class='ocrx_word' id='word_1_758' title='bbox 2435 4454 2593 4508; x_wconf 91' lang='lat' dir='ltr'><strong>annis</strong></span> <span class='ocrx_word' id='word_1_759' title='bbox 2611 4453 2661 4506; x_wconf 91' lang='lat' dir='ltr'><strong>in</strong></span> <span class='ocrx_word' id='word_1_760' title='bbox 2693 4452 2941 4524; x_wconf 86' lang='lat' dir='ltr'><strong>Bithynia</strong></span> <span class='ocrx_word' id='word_1_761' title='bbox 2965 4454 3279 4523; x_wconf 89' lang='lat' dir='ltr'><strong>episcopum</strong></span> <span class='ocrx_word' id='word_1_762' title='bbox 3307 4469 3424 4508; x_wconf 91' lang='lat' dir='ltr'><strong>esse</strong></span> <span class='ocrx_word' id='word_1_763' title='bbox 3447 4463 3696 4508; x_wconf 88' lang='lat' dir='ltr'><strong>testatur.</strong></span> 
     </span>
    </p>
   </div>
   <div class='ocr_carea' id='block_1_107' title="bbox 2124 4546 3695 4615">
    <p class='ocr_par' dir='ltr' id='par_1_107' title="bbox 2124 4546 3695 4615">
     <span class='ocr_line' id='line_1_107' title="bbox 2124 4546 3695 4615; baseline -0.003 -12"><span class='ocrx_word' id='word_1_764' title='bbox 2124 4548 2243 4603; x_wconf 90' lang='lat' dir='ltr'><strong>Jam</strong></span> <span class='ocrx_word' id='word_1_765' title='bbox 2278 4546 2323 4601; x_wconf 89' lang='lat' dir='ltr'><strong>si</strong></span> <span class='ocrx_word' id='word_1_766' title='bbox 2357 4547 2612 4602; x_wconf 89' lang='lat' dir='ltr'><strong>detrahas</strong></span> <span class='ocrx_word' id='word_1_767' title='bbox 2648 4562 2712 4600; x_wconf 76' lang='lat' dir='ltr'><strong>ex</strong></span> <span class='ocrx_word' id='word_1_768' title='bbox 2759 4547 2914 4600; x_wconf 90' lang='lat' dir='ltr'><strong>annis</strong></span> <span class='ocrx_word' id='word_1_769' title='bbox 2943 4546 3039 4600; x_wconf 71' lang='grc'><strong>421</strong></span> <span class='ocrx_word' id='word_1_770' title='bbox 3074 4561 3246 4600; x_wconf 90' lang='lat' dir='ltr'><strong>annos</strong></span> <span class='ocrx_word' id='word_1_771' title='bbox 3270 4546 3695 4615; x_wconf 85' lang='lat' dir='ltr'><strong>quatuordecim,</strong></span> 
     </span>
    </p>
   </div>
   <div class='ocr_carea' id='block_1_108' title="bbox 2126 4636 3699 4708">
    <p class='ocr_par' dir='ltr' id='par_1_108' title="bbox 2126 4636 3699 4708">
     <span class='ocr_line' id='line_1_108' title="bbox 2126 4636 3699 4708; baseline -0.002 -15"><span class='ocrx_word' id='word_1_772' title='bbox 2126 4654 2271 4693; x_wconf 91' lang='lat' dir='ltr'><strong>anno</strong></span> <span class='ocrx_word' id='word_1_773' title='bbox 2317 4639 2440 4703; x_wconf 64' lang='lat'><strong>407,</strong></span> <span class='ocrx_word' id='word_1_774' title='bbox 2474 4655 2583 4707; x_wconf 92' lang='lat' dir='ltr'><strong>quo</strong></span> <span class='ocrx_word' id='word_1_775' title='bbox 2612 4647 2858 4693; x_wconf 89' lang='lat' dir='ltr'><strong>mortuus</strong></span> <span class='ocrx_word' id='word_1_776' title='bbox 2904 4646 2987 4692; x_wconf 89' lang='lat' dir='ltr'><strong>est</strong></span> <span class='ocrx_word' id='word_1_777' title='bbox 3015 4636 3455 4708; x_wconf 87' lang='lat' dir='ltr'><strong>Chrysostomus,</strong></span> <span class='ocrx_word' id='word_1_778' title='bbox 3497 4653 3699 4691; x_wconf 89' lang='lat' dir='ltr'><strong>annum</strong></span> 
     </span>
    </p>
   </div>
   <div class='ocr_carea' id='block_1_109' title="bbox 2130 4729 3701 4801">
    <p class='ocr_par' dir='ltr' id='par_1_109' title="bbox 2130 4729 3701 4801">
     <span class='ocr_line' id='line_1_109' title="bbox 2130 4729 3701 4801; baseline -0.001 -17"><span class='ocrx_word' id='word_1_779' title='bbox 2130 4740 2260 4785; x_wconf 90' lang='lat' dir='ltr'><strong>tunc</strong></span> <span class='ocrx_word' id='word_1_780' title='bbox 2286 4730 2477 4801; x_wconf 85' lang='lat' dir='ltr'><strong>agebat</strong></span> <span class='ocrx_word' id='word_1_781' title='bbox 2506 4730 2773 4784; x_wconf 87' lang='lat' dir='ltr'><strong>Palladius</strong></span> <span class='ocrx_word' id='word_1_782' title='bbox 2803 4729 3138 4801; x_wconf 87' lang='lat' dir='ltr'><strong>trigesimum</strong></span> <span class='ocrx_word' id='word_1_783' title='bbox 3170 4744 3393 4783; x_wconf 91' lang='lat' dir='ltr'><strong>nonum.</strong></span> <span class='ocrx_word' id='word_1_784' title='bbox 3413 4729 3577 4800; x_wconf 86' lang='lat' dir='ltr'><strong>Igitur</strong></span> <span class='ocrx_word' id='word_1_785' title='bbox 3603 4745 3701 4783; x_wconf 82' lang='lat' dir='ltr'><strong>ve-</strong></span> 
     </span>
    </p>
   </div>
   <div class='ocr_carea' id='block_1_110' title="bbox 2130 4821 3703 4892">
    <p class='ocr_par' dir='ltr' id='par_1_110' title="bbox 2130 4821 3703 4892">
     <span class='ocr_line' id='line_1_110' title="bbox 2130 4821 3703 4892; baseline -0.001 -17"><span class='ocrx_word' id='word_1_786' title='bbox 2130 4823 2353 4877; x_wconf 84' lang='lat' dir='ltr'><strong>risimile.</strong></span> <span class='ocrx_word' id='word_1_787' title='bbox 2386 4833 2470 4876; x_wconf 67' lang='lat' dir='ltr'><strong>etst</strong></span> <span class='ocrx_word' id='word_1_788' title='bbox 2511 4838 2577 4875; x_wconf 76' lang='lat' dir='ltr'><strong>ex</strong></span> <span class='ocrx_word' id='word_1_789' title='bbox 2627 4822 2877 4891; x_wconf 91' lang='lat' dir='ltr'><strong>superius</strong></span> <span class='ocrx_word' id='word_1_790' title='bbox 2916 4821 3119 4887; x_wconf 89' lang='lat' dir='ltr'><strong>allatis,</strong></span> <span class='ocrx_word' id='word_1_791' title='bbox 3156 4822 3427 4892; x_wconf 86' lang='lat' dir='ltr'><strong>dialogum</strong></span> <span class='ocrx_word' id='word_1_792' title='bbox 3459 4822 3703 4876; x_wconf 87' lang='lat' dir='ltr'><strong>habitum</strong></span> 
     </span>
    </p>
   </div>
   <div class='ocr_carea' id='block_1_111' title="bbox 2132 4911 3703 4983">
    <p class='ocr_par' dir='ltr' id='par_1_111' title="bbox 2132 4911 3703 4983">
     <span class='ocr_line' id='line_1_111' title="bbox 2132 4911 3703 4983; baseline -0.001 -16"><span class='ocrx_word' id='word_1_793' title='bbox 2132 4912 2298 4967; x_wconf 79' lang='lat' dir='ltr'><strong>fuisse</strong></span> <span class='ocrx_word' id='word_1_794' title='bbox 2319 4913 2478 4983; x_wconf 93' lang='lat' dir='ltr'><strong>paulo</strong></span> <span class='ocrx_word' id='word_1_795' title='bbox 2504 4921 2627 4982; x_wconf 92' lang='lat' dir='ltr'><strong>post</strong></span> <span class='ocrx_word' id='word_1_796' title='bbox 2650 4921 2879 4966; x_wconf 88' lang='lat' dir='ltr'><strong>mortem</strong></span> <span class='ocrx_word' id='word_1_797' title='bbox 2895 4911 3119 4966; x_wconf 90' lang='lat' dir='ltr'><strong>Joannis</strong></span> <span class='ocrx_word' id='word_1_798' title='bbox 3143 4912 3528 4983; x_wconf 87' lang='lat' dir='ltr'><strong>Chrysostomi,</strong></span> <span class='ocrx_word' id='word_1_799' title='bbox 3560 4912 3703 4966; x_wconf 89' lang='lat' dir='ltr'><strong>circa</strong></span> 
     </span>
    </p>
   </div>
   <div class='ocr_carea' id='block_1_112' title="bbox 2132 5004 3704 5074">
    <p class='ocr_par' dir='ltr' id='par_1_112' title="bbox 2132 5004 3704 5074">
     <span class='ocr_line' id='line_1_112' title="bbox 2132 5004 3704 5074; baseline -0.001 -14"><span class='ocrx_word' id='word_1_800' title='bbox 2132 5021 2334 5060; x_wconf 91' lang='lat' dir='ltr'><strong>annum</strong></span> <span class='ocrx_word' id='word_1_801' title='bbox 2380 5006 2505 5069; x_wconf 69' lang='lat'><strong>408,</strong></span> <span class='ocrx_word' id='word_1_802' title='bbox 2551 5020 2659 5074; x_wconf 92' lang='lat' dir='ltr'><strong>quo</strong></span> <span class='ocrx_word' id='word_1_803' title='bbox 2704 5020 2849 5059; x_wconf 90' lang='lat' dir='ltr'><strong>anno</strong></span> <span class='ocrx_word' id='word_1_804' title='bbox 2895 5004 3184 5069; x_wconf 89' lang='lat' dir='ltr'><strong>Palladius,</strong></span> <span class='ocrx_word' id='word_1_805' title='bbox 3220 5013 3409 5059; x_wconf 89' lang='lat' dir='ltr'><strong>auctor</strong></span> <span class='ocrx_word' id='word_1_806' title='bbox 3456 5005 3704 5059; x_wconf 71' lang='lat' dir='ltr'><strong>Historia:</strong></span> 
     </span>
    </p>
   </div>
   <div class='ocr_carea' id='block_1_113' title="bbox 2138 5094 3706 5166">
    <p class='ocr_par' dir='ltr' id='par_1_113' title="bbox 2138 5094 3706 5166">
     <span class='ocr_line' id='line_1_113' title="bbox 2138 5094 3706 5166; baseline -0.003 -12"><span class='ocrx_word' id='word_1_807' title='bbox 2138 5100 2605 5163; x_wconf 63' lang='lat' dir='ltr'><strong>Lausiactematus</strong></span> <span class='ocrx_word' id='word_1_808' title='bbox 2635 5106 2749 5151; x_wconf 88' lang='lat' dir='ltr'><strong>erat</strong></span> <span class='ocrx_word' id='word_1_809' title='bbox 2779 5112 2950 5151; x_wconf 90' lang='lat' dir='ltr'><strong>annos</strong></span> <span class='ocrx_word' id='word_1_810' title='bbox 2978 5094 3513 5166; x_wconf 86' lang='lat' dir='ltr'><strong>quadraginta:quod</strong></span> <span class='ocrx_word' id='word_1_811' title='bbox 3538 5098 3706 5150; x_wconf 57' lang='lat' dir='ltr'><strong>omni.</strong></span> 
     </span>
    </p>
   </div>
   <div class='ocr_carea' id='block_1_114' title="bbox 2134 5187 3709 5257">
    <p class='ocr_par' dir='ltr' id='par_1_114' title="bbox 2134 5187 3709 5257">
     <span class='ocr_line' id='line_1_114' title="bbox 2134 5187 3709 5257; baseline -0.001 -15"><span class='ocrx_word' id='word_1_812' title='bbox 2134 5205 2208 5242; x_wconf 89' lang='lat' dir='ltr'><strong>no</strong></span> <span class='ocrx_word' id='word_1_813' title='bbox 2252 5188 2716 5243; x_wconf 81' lang='lat' dir='ltr'><strong>animadversione</strong></span> <span class='ocrx_word' id='word_1_814' title='bbox 2766 5187 2990 5257; x_wconf 88' lang='lat' dir='ltr'><strong>dignum</strong></span> <span class='ocrx_word' id='word_1_815' title='bbox 3036 5196 3186 5256; x_wconf 89' lang='lat' dir='ltr'><strong>puto,</strong></span> <span class='ocrx_word' id='word_1_816' title='bbox 3217 5187 3343 5256; x_wconf 89' lang='lat' dir='ltr'><strong>quia</strong></span> <span class='ocrx_word' id='word_1_817' title='bbox 3392 5187 3709 5242; x_wconf 79' lang='lat' dir='ltr'><strong>Theodorus</strong></span> 
     </span>
    </p>
   </div>
   <div class='ocr_carea' id='block_1_115' title="bbox 2137 5278 3708 5350">
    <p class='ocr_par' dir='ltr' id='par_1_115' title="bbox 2137 5278 3708 5350">
     <span class='ocr_line' id='line_1_115' title="bbox 2137 5278 3708 5350; baseline -0.004 -13"><span class='ocrx_word' id='word_1_818' title='bbox 2137 5295 2280 5350; x_wconf 75' lang='lat' dir='ltr'><strong>saepe</strong></span> <span class='ocrx_word' id='word_1_819' title='bbox 2309 5279 2596 5349; x_wconf 88' lang='lat' dir='ltr'><strong>compellat</strong></span> <span class='ocrx_word' id='word_1_820' title='bbox 2623 5278 2917 5348; x_wconf 85' lang='lat' dir='ltr'><strong>episcopum</strong></span> <span class='ocrx_word' id='word_1_821' title='bbox 2959 5287 3236 5332; x_wconf 89' lang='lat' dir='ltr'><strong>auctorem</strong></span> <span class='ocrx_word' id='word_1_822' title='bbox 3266 5278 3503 5349; x_wconf 87' lang='lat' dir='ltr'><strong>dialogi,</strong></span> <span class='ocrx_word' id='word_1_823' title='bbox 3542 5279 3708 5333; x_wconf 87' lang='lat' dir='ltr'><strong>veluti</strong></span> 
     </span>
    </p>
   </div>
   <div class='ocr_carea' id='block_1_116' title="bbox 2139 5367 3709 5443">
    <p class='ocr_par' dir='ltr' id='par_1_116' title="bbox 2139 5367 3709 5443">
     <span class='ocr_line' id='line_1_116' title="bbox 2139 5367 3709 5443; baseline -0.004 -15"><span class='ocrx_word' id='word_1_824' title='bbox 2139 5389 2347 5437; x_wconf 85' lang='lat' dir='ltr'><strong>senem,</strong></span> <span class='ocrx_word' id='word_1_825' title='bbox 2366 5388 2597 5443; x_wconf 91' lang='lat' dir='ltr'><strong>eumque</strong></span> <span class='ocrx_word' id='word_1_826' title='bbox 2622 5388 2720 5441; x_wconf 91' lang='lat' dir='ltr'><strong>per</strong></span> <span class='ocrx_word' id='word_1_827' title='bbox 2733 5387 2898 5425; x_wconf 89' lang='lat' dir='ltr'><strong>canos</strong></span> <span class='ocrx_word' id='word_1_828' title='bbox 2914 5371 3034 5440; x_wconf 92' lang='lat' dir='ltr'><strong>ejus</strong></span> <span class='ocrx_word' id='word_1_829' title='bbox 3057 5371 3287 5440; x_wconf 87' lang='lat' dir='ltr'><strong>adjurat,</strong></span> <span class='ocrx_word' id='word_1_830' title='bbox 3306 5380 3366 5424; x_wconf 89' lang='lat' dir='ltr'><strong>ut</strong></span> <span class='ocrx_word' id='word_1_831' title='bbox 3392 5386 3578 5424; x_wconf 82' lang='lat' dir='ltr'><strong>verum</strong></span> <span class='ocrx_word' id='word_1_832' title='bbox 3608 5367 3709 5439; x_wconf 89' lang='lat' dir='ltr'><strong>ipsi</strong></span> 
     </span>
    </p>
   </div>
   <div class='ocr_carea' id='block_1_117' title="bbox 2131 5460 3710 5536">
    <p class='ocr_par' dir='ltr' id='par_1_117' title="bbox 2131 5460 3710 5536">
     <span class='ocr_line' id='line_1_117' title="bbox 2131 5460 3710 5536; baseline -0.008 -12"><span class='ocrx_word' id='word_1_833' title='bbox 2131 5476 2323 5524; x_wconf 90' lang='lat' dir='ltr'><strong>.narret</strong></span> <span class='ocrx_word' id='word_1_834' title='bbox 2354 5484 2365 5520; x_wconf 92' lang='lat'>:</span> <span class='ocrx_word' id='word_1_835' title='bbox 2396 5482 2515 5536; x_wconf 82' lang='lat' dir='ltr'><strong>quae</strong></span> <span class='ocrx_word' id='word_1_836' title='bbox 2544 5463 2884 5534; x_wconf 87' lang='lat' dir='ltr'><strong>compellatio</strong></span> <span class='ocrx_word' id='word_1_837' title='bbox 2919 5462 3112 5517; x_wconf 85' lang='lat' dir='ltr'><strong>cadere</strong></span> <span class='ocrx_word' id='word_1_838' title='bbox 3138 5462 3226 5516; x_wconf 81' lang='lat' dir='ltr'><strong>vix</strong></span> <span class='ocrx_word' id='word_1_839' title='bbox 3255 5471 3431 5532; x_wconf 84' lang='lat' dir='ltr'><strong>potest</strong></span> <span class='ocrx_word' id='word_1_840' title='bbox 3460 5462 3512 5514; x_wconf 92' lang='lat' dir='ltr'><strong>in</strong></span> <span class='ocrx_word' id='word_1_841' title='bbox 3536 5460 3710 5515; x_wconf 86' lang='lat' dir='ltr'><strong>virum</strong></span> 
     </span>
    </p>
   </div>
   <div class='ocr_carea' id='block_1_118' title="bbox 2142 5557 2809 5628">
    <p class='ocr_par' dir='ltr' id='par_1_118' title="bbox 2142 5557 2809 5628">
     <span class='ocr_line' id='line_1_118' title="bbox 2142 5557 2809 5628; baseline -0.006 -14"><span class='ocrx_word' id='word_1_842' title='bbox 2142 5575 2408 5615; x_wconf 89' lang='lat' dir='ltr'><strong>annorum</strong></span> <span class='ocrx_word' id='word_1_843' title='bbox 2441 5557 2809 5628; x_wconf 85' lang='lat' dir='ltr'><strong>quadraginta.</strong></span> 
     </span>
    </p>
   </div>
   <div class='ocr_carea' id='block_1_119' title="bbox 2213 5630 3759 5713">
    <p class='ocr_par' dir='ltr' id='par_1_119' title="bbox 2213 5630 3759 5713">
     <span class='ocr_line' id='line_1_119' title="bbox 2213 5630 3759 5713; baseline -0.005 -8"><span class='ocrx_word' id='word_1_844' title='bbox 2213 5650 2269 5705; x_wconf 88' lang='lat' dir='ltr'><strong>Si</strong></span> <span class='ocrx_word' id='word_1_845' title='bbox 2332 5650 2656 5706; x_wconf 86' lang='lat' dir='ltr'><strong>sententiam</strong></span> <span class='ocrx_word' id='word_1_846' title='bbox 2720 5649 2820 5702; x_wconf 90' lang='lat' dir='ltr'><strong>hac</strong></span> <span class='ocrx_word' id='word_1_847' title='bbox 2883 5648 2951 5703; x_wconf 91' lang='lat' dir='ltr'><strong>de</strong></span> <span class='ocrx_word' id='word_1_848' title='bbox 3006 5663 3066 5701; x_wconf 92' lang='lat' dir='ltr'><strong>re</strong></span> <span class='ocrx_word' id='word_1_849' title='bbox 3131 5661 3305 5702; x_wconf 90' lang='lat' dir='ltr'><strong>meam</strong></span> <span class='ocrx_word' id='word_1_850' title='bbox 3368 5630 3759 5713; x_wconf 25' lang='lat' dir='ltr'><strong>interponere.</strong></span> 
     </span>
    </p>
   </div>
   <div class='ocr_carea' id='block_1_120' title="bbox 2144 5733 3712 5814">
    <p class='ocr_par' dir='ltr' id='par_1_120' title="bbox 2144 5733 3712 5814">
     <span class='ocr_line' id='line_1_120' title="bbox 2144 5733 3712 5814; baseline -0.01 -10"><span class='ocrx_word' id='word_1_851' title='bbox 2144 5747 2236 5804; x_wconf 87' lang='lat' dir='ltr'><strong>hic</strong></span> <span class='ocrx_word' id='word_1_852' title='bbox 2270 5746 2474 5814; x_wconf 86' lang='lat' dir='ltr'><strong>liceret,</strong></span> <span class='ocrx_word' id='word_1_853' title='bbox 2514 5743 2644 5800; x_wconf 91' lang='lat' dir='ltr'><strong>illud</strong></span> <span class='ocrx_word' id='word_1_854' title='bbox 2692 5751 2902 5798; x_wconf 85' lang='lat' dir='ltr'><strong>tantum</strong></span> <span class='ocrx_word' id='word_1_855' title='bbox 2939 5742 3007 5797; x_wconf 85' lang='lat' dir='ltr'><strong>de</strong></span> <span class='ocrx_word' id='word_1_856' title='bbox 3032 5751 3253 5795; x_wconf 79' lang='lat' dir='ltr'><strong>auctore</strong></span> <span class='ocrx_word' id='word_1_857' title='bbox 3292 5738 3453 5809; x_wconf 88' lang='lat' dir='ltr'><strong>hujus</strong></span> <span class='ocrx_word' id='word_1_858' title='bbox 3499 5733 3712 5805; x_wconf 82' lang='lat' dir='ltr'><strong>dialogi,</strong></span> 
     </span>
    </p>
   </div>
  </div>
