4114 6392
435 362 451 413 ἑ

502 314 647 355 XCVII

509 435 654 505 quod
710 434 824 502 ipse
892 433 960 491 de
1022 449 1084 490 se
1138 435 1305 499 dixit,
1344 436 1820 507 pronuntiandum
1876 452 2082 494 cense-

510 543 625 582 rem
644 543 658 580 :
675 528 851 598 ipsum
866 527 1071 583 scilicet
1090 544 1302 599 magna:
1316 528 1547 583 civitatis
1564 529 1878 600 episcopum
1894 530 2079 597 fuisse,

508 620 668 677 sicuti
709 621 967 693 Georgius
992 620 1390 676 Alexandrinus
1406 630 1460 676 et
1478 621 1703 677 Pbotius
1728 623 2081 693 scripserunt.

505 713 565 769 Si
586 730 715 769 vero
741 712 1007 767 Palladius
1028 713 1289 768 dicendus
1314 722 1399 768 cst
1425 715 1712 785 episcopus
1734 714 2083 786 Helenopoli-

504 814 685 869 tanus,
713 805 1000 859 dicendum
1031 821 1244 875 quoque
1276 805 1409 859 mihi
1441 806 1736 873 videretur,
1755 823 1823 861 ex
1847 807 2083 863 Heleno-

500 896 612 963 poli
643 896 960 951 translatum
985 895 1153 950 fuisse
1180 895 1472 968 Asponam,
1491 906 1652 967 atque
1682 898 1737 953 in
1766 900 1886 969 ejus
1902 900 2082 955 locum

503 986 791 1041 suffectum
818 1002 937 1041 esse
954 987 1247 1041 Palladium
1267 988 1515 1055 alterum,
1530 990 1624 1060 qui
1641 990 1869 1045 Romam
1884 991 2082 1047 missus

500 1076 666 1133 fuerit
689 1095 719 1132 a
740 1078 947 1134 Joanne
967 1081 1033 1135 ad
1064 1095 1257 1150 papam
1286 1082 1660 1137 Innocentium
1682 1082 1863 1151 :isque
1890 1093 2081 1139 auctor

500 1171 609 1225 erit
641 1170 891 1226 Historiw
928 1172 1223 1237 Lausiacae,
1256 1182 1311 1228 et
1336 1173 1631 1244 discipulus
1662 1174 1892 1244 Evagrii.
1913 1173 2080 1228 Porro

500 1261 796 1317 Palladium
814 1278 882 1317 ex
904 1263 1222 1333 Helenopoli
1250 1265 1572 1319 translatum
1600 1264 1896 1334 Asponam,
1918 1267 2082 1321 tradit

501 1348 780 1418 Socrates;
812 1363 1091 1409 auctorem
1118 1371 1247 1409 vero
1272 1356 1464 1427 dialogi
1490 1356 1805 1425 episcopatu
1824 1357 2073 1422 cessisse,

494 1460 565 1497 ex
594 1443 807 1517 Georgii
836 1447 1017 1502 verbis
1037 1448 1287 1517 superius
1316 1448 1498 1503 relatis
1523 1448 1826 1503 conficitur.
1848 1449 1959 1505 Hac
1988 1465 2075 1503 ra-

501 1537 649 1592 tione
679 1539 765 1592 via
794 1540 1141 1608 praecluditur
1168 1541 1355 1596 multis
1382 1541 1717 1612 ambagibus,
1749 1557 1884 1611 quas
1920 1539 2078 1596 aliter

498 1630 729 1684 evadere
758 1631 940 1686 nullus
986 1633 1179 1701 possit.
1216 1632 1269 1687 Si
1311 1634 1440 1703 quid
1469 1641 1651 1687 tamen
1681 1633 1875 1687 rationi
1913 1642 2075 1703 atque

499 1720 771 1776 historica:
798 1722 1009 1778 veritati
1035 1724 1203 1795 magis
1231 1732 1660 1779 consentaneum
1692 1726 1813 1795 quis
1834 1727 2076 1782 attulerit

498 1809 554 1863 in
588 1811 1172 1875 medium,nullatcnus
1198 1815 1796 1885 repugnabo:quinimo
1814 1815 2079 1885 quidquid

498 1900 630 1955 illud
647 1902 769 1967 erit,
790 1904 1053 1959 ambabus
1080 1905 1224 1961 ulnis
1245 1906 1386 1961 ultro
1410 1907 1691 1976 excipiam.
1726 1906 1833 1961 Sed
1855 1907 1983 1961 dum
2008 1907 2077 1961 de

496 1993 763 2064 scriptore
793 1996 955 2066 hujus
994 1998 1187 2053 dialovi
1242 1999 1415 2055 fusius
1460 2000 1703 2056 edissero
1725 2041 1740 2066 ,
1772 2015 1913 2070 pene
1940 2000 2075 2055 mihi

792 5814 1065 5878 ΡΑτιιοι..
1106 5813 1225 5877 Gn.
1273 5813 1525 5877 XLVII.

1486 294 1613 351 ΕΜ.
1642 293 1906 361 εβιϐυϊιῐ
1944 290 2315 362 ΡΒᾹΞΕΔΤΙΟ
2333 302 2400 361 IN
2421 304 2841 363 PALLADIUM.

3595 337 3760 379 XCVI"

2184 427 2458 484 exciderat
2488 428 2633 499 loqui
2659 432 2726 486 de
2752 431 3066 499 Theodoro;
3098 449 3257 504 quem
3288 434 3451 507 aliqui
3480 446 3757 493 auctorem

2186 518 2477 587 perhibent
2505 519 2669 589 hujus
2691 521 2906 593 dialogi,
2928 523 3023 578 sed
3050 524 3152 577 levi
3180 539 3402 594 prorsus
3425 537 3764 598 argumento.

2186 608 2525 675 Theodorus,
2553 612 2824 683 inquiunt,
2848 617 3178 686 compellans
3208 617 3548 689 episcopum,
3577 636 3636 675 se
3659 622 3762 676 ali-

2183 701 2401 771 quando
2419 702 2555 758 forte
2575 704 2642 758 de
2658 705 2822 760 rebus
2837 707 3010 762 sancti
3034 707 3405 779 Chrysostomi
3435 712 3764 783 scripturum

2183 794 2277 848 ait.
2293 795 2425 861 Quis
2439 794 2843 866 dialogistarum
2870 813 3077 853 morem
3099 816 3209 855 non
3227 802 3627 870 animadvertit,
3647 804 3761 875 qui,

2182 896 2243 942 ut
2270 889 2357 942 vel
2409 889 2632 944 minima
2660 906 2887 960 quaeque
2926 892 2995 947 ab
3046 892 3434 951 interlocutore
3492 897 3763 967 expiscari

2181 981 2414 1050 possint,
2444 982 2622 1038 varias
2649 982 2959 1038 sciscitandi
2989 984 3228 1041 rationes
3251 987 3759 1055 comminiscuntur,

2181 1082 2343 1142 atque
2369 1074 2510 1129 hanc
2538 1074 2594 1129 in
2620 1076 2940 1147 primis,aut
2968 1078 3099 1134 alias
3119 1078 3469 1146 similes?Qui
3498 1081 3639 1136 hanc
3665 1098 3763 1136 su-

2183 1165 2484 1234 spicionem
2536 1166 2697 1236 primi
2733 1168 3097 1238 protulerunt,
3125 1184 3468 1240 nequaquam
3509 1173 3762 1229 attende-

2180 1268 2329 1324 runt,
2344 1259 2558 1329 opinor,
2577 1261 2757 1316 omnia
2792 1261 3198 1327 incohmrentia,
3217 1279 3338 1333 qua:
3366 1264 3529 1320 modo
3552 1266 3758 1331 notavi,

2180 1368 2209 1406 a
2228 1352 2467 1409 Palladio
2495 1370 2607 1409 non
2635 1355 2925 1425 depellere,
2945 1355 3032 1411 cui
3059 1365 3239 1411 tamen
3269 1358 3346 1412 rei
3366 1360 3637 1429 praecipue
3666 1374 3760 1414 ca-

2178 1445 2414 1499 vendum
2444 1444 2567 1500 fuit.
2588 1445 2796 1501 Deinde
2824 1446 3025 1501 faciant
3043 1447 3179 1502 mihi
3207 1448 3357 1513 satis,
3380 1449 3425 1502 si
3452 1448 3678 1519 possint,
3704 1458 3760 1505 ct

2178 1536 2446 1604 quaerenti
2503 1538 2894 1607 respondeant,
2927 1554 3093 1608 quare
3123 1538 3461 1607 Theodorus,
3498 1540 3759 1598 Romana:

2178 1621 2434 1681 Ecclesia:
2463 1626 2741 1693 diaconus,
2774 1626 2964 1683 Latine
2988 1644 3099 1683 non
3120 1630 3397 1699 scripserit
3421 1647 3433 1683 :
3462 1639 3555 1685 aut
3576 1632 3621 1686 si
3651 1631 3759 1685 La-

2178 1719 2291 1773 tine
2329 1719 2564 1790 scripsit,
2598 1730 2658 1775 ut
2703 1737 2813 1776 non
2852 1722 3058 1776 nemini
3097 1723 3274 1777 visum
3306 1734 3408 1790 est,
3443 1740 3612 1795 quare
3651 1726 3754 1782 hoc

2174 1823 2312 1876 Opus
2334 1810 2614 1880 hucusque
2635 1810 2842 1866 Latinis
2865 1812 3087 1868 auribus
3118 1813 3420 1869 inauditum
3448 1814 3752 1870 fuerit.Scd

2173 1901 2335 1956 missa
2367 1903 2467 1956 ista
2493 1902 2773 1968 faciamus,
2809 1920 2929 1975 qua:
2958 1905 3106 1960 omni
3134 1905 3343 1962 ratione
3369 1916 3529 1978 atque
3552 1921 3752 1977 proba-

2174 1993 2268 2047 bili
2303 1994 2617 2065 conjectura
2646 2003 2851 2051 carent.
2890 2014 2909 2047 ι
