4114 6392
421 357 448 359 κ.
487 356 510 360 »Α
550 356 652 361 ...η-α
667 357 706 361 ᾼΑ
721 358 826 363 -κ
881 357 942 362 -___
968 355 976 361 .
1059 356 1318 362 κάρη-ᾑ-
1384 349 1411 359 cn
1553 359 1718 365 ,ου-ῂῄ
1777 359 1990 365 _,___.____
2009 361 2046 364 _-
2131 362 2146 365 _
2205 364 2214 366 _
2233 365 2242 367 _
2347 365 2360 368 ρ
2429 366 2434 367 γ
2461 366 2520 370 ν-,ή
2573 364 2638 368 V7_‘
2679 355 3236 366 __,__‘.__‘___....___-_.0__
3269 362 3274 363 γ
3319 359 3444 365 -,--.
3469 357 3562 364 ...ι-

419 384 952 394 -ςη--ν-ρο-ρῂΡ--
987 386 1035 390 ---
1137 384 2294 396 m__—_________—_—___
2319 392 2394 396 _______
2479 386 3574 397 w_—————_——~

662 548 1451 673 ΔΙΑΛΟΓΟΣ
1506 551 2344 671 ΙΣΤΟΡΙΚΟΣ
2420 545 3323 669 ΠΑΛΑΑΔΙΟΥ

1487 805 1505 827 ⁸
1531 795 1930 850 ΕΠΙΣΚΟΠΟΥ
1968 793 2543 860 ΕΛΕΝΟΥΠΟΛΕΩΣ,

1085 950 1541 1005 ΓΕΝΟΜΕΝΟΣ
1577 952 1775 1004 ΠΡΟΣ
1813 949 2204 1016 ΘΕΟΔΩΡΟΝ,
2245 950 2613 1005 ΔῙΑΚΟΝΟΝ
2642 948 2942 1018 ΡΩΜΗΣ,

377 1113 519 1184 Περὶ
538 1114 685 1179 ,βίου
710 1112 811 1166 καί
833 1111 1141 1176 πολιτείας
1165 1108 1271 1163 τοῦ
1281 1108 1581 1179 μακαρίου
1606 1106 1892 1164 Ἰωάννου
1922 1106 2262 1161 ἐπισκόπου
2294 1106 2994 1176 Κωνσταντινουπόλεως
3020 1107 3128 1164 τοῦ
3151 1105 3584 1178 Χρυσοστόμου
3602 1108 3654 1163 1.

447 1456 605 1512 ΚΕΦ.
625 1451 778 1506 A’.—
807 1450 929 1506 Τῶν
949 1451 1044 1505 τοῦ
1063 1450 1200 1505 Θεοῦ
1223 1450 1371 1524 δωρη
1380 1452 1565 1523 μάτων
1584 1454 1655 1508 τὰ
1674 1457 1774 1527 μὲν
1791 1457 1960 1523 ἔστιν,

376 1540 453 1605 ὼς
507 1539 672 1602 ἔοικε,
727 1536 882 1590 κοινά
940 1537 1035 1589 καὶ
1092 1536 1388 1608 ἀμέριστα,
1444 1536 1705 1607 κράτιστε
1768 1540 1964 1610 ἀδελφέ

377 1623 657 1694 θεόδωρε,
699 1619 768 1674 τά
811 1620 871 1673 δὲ
913 1619 1070 1674 κοινὰ
1098 1620 1195 1673 κα)⁸
1238 1619 1493 1691 μεριστά.
1536 1622 1711 1692 Τρίτα
1759 1625 1964 1679 τούτων

378 1709 549 1771 ἐστὶν,
580 1706 617 1761 ἃ.
648 1703 773 1757 οὔτε
808 1702 985 1765 κοινὰ,
1011 1700 1136 1755 οὔτε
1170 1702 1404 1774 μεριστὰ
1448 1703 1480 1773 ἢ
1522 1704 1818 1777 ἀμέριστα,
1849 1708 1963 1762 ἀλλ’

380 1791 489 1846 ῑδια
521 1790 643 1843 κατ’
676 1788 954 1859 ἐξαίρετον
986 1785 1250 1857 δεδομένα
1272 1781 1353 1850 οἷς
1381 1786 1611 1843 δέδοται.
1643 1787 1703 1843 ’0
1730 1790 1965 1845 ΔΙΛΚΟ-

377 1874 534 1928 ΝΟΣ.
570 1871 741 1944 Δεῦρο
788 1869 854 1941 δὴ
906 1871 1113 1941 φράσον
1147 1871 1281 1940 ἡμῖν
1339 1871 1570 1924 ἑκάστου
1631 1872 1820 1940 γένους
1867 1872 1964 1944 τὴν

376 1954 553 2021 τάξιν·
574 1953 886 2017 εὖπιθάνως
909 1952 1018 2023 γὰρ
1034 1952 1401 2024 προοιμιάσω.
1437 1954 1498 2006 '0
1532 1952 1962 2009 ἘΠΙΣΚΟΠΟΣ.

378 2041 463 2094 Τὰ
486 2042 553 2111 τῇ
584 2037 743 2109 φύσει
779 2035 944 2098 καλὰ,
991 2028 1068 2089 ὧν
1105 2035 1235 2090 ἄνευ
1272 2036 1334 2089 τὸ
1366 2036 1466 2108 ζῇν
1490 2048 1527 2076 δε
1560 2037 1775 2109 μιαρὸν,
1802 2039 1966 2093 κοινὰ

380 2125 476 2178 καὶ
500 2122 792 2195 ἀμέριστα.
816 2120 876 2171 Ὀ
896 2120 1081 2173 ΔΙΛΚ.
1116 2113 1244 2173 Οἷον
1266 2120 1342 2185 τί,
1382 2122 1594 2193 Πάτερ;
1635 2123 1693 2174 '0
1713 2122 1963 2176 ’EIIIZK.

379 2208 625 2279 Πρῶτον,
659 2206 688 2256 6
723 2201 835 2256 τῶν
865 2202 1001 2255 ὅλων
1035 2201 1189 2264 Θεὸς.
1224 2204 1340 2274 ἅμα
1376 2203 1455 2274 τῷ
1487 2207 1767 2275 μονογενεῖ
1800 2205 1964 2258 αὐτοῦ

376 2288 496 2360 Υίῷ
518 2290 614 2342 καὶ
645 2289 724 2357 τῷ
759 2286 901 2357 ἁγίῳ
938 2285 1236 2356 Πνεύματι,
1284 2287 1461 2351 κοινός
1491 2290 1607 2341 ἐστι
1639 2290 1734 2342 καὶ
1774 2288 1966 2360 ἀμέρι-

380 2390 525 2437 στος⁸
560 2372 738 2438 ἔξεστι
789 2370 893 2442 γὰρ
922 2369 1000 2439 τῷ
1044 2369 1353 2442 βουλομένῳ
1409 2374 1574 2426 παντὶ
1626 2373 1746 2427 ὅλον
1805 2372 1965 2428 αὐτὸν

379 2457 565 2512 λαϐεῖν
621 2457 687 2526 τῇ
745 2452 982 2525 θεωρίᾳ,
1058 2454 1403 2524 πραγμάτων
1471 2454 1547 2528 μὴ
1607 2455 1961 2529 πειρώμενον.

384 2539 623 2595 Ἔπειτα
659 2536 799 2611 μετά
824 2536 917 2590 τὸν
942 2535 1075 2589 Θεὸν
1097 2539 1155 2590 αἱ
1182 2536 1325 2590 θεῖαι
1352 2538 1567 2610 Γραφαὶ
1587 2540 1679 2592 καὶ
1711 2542 1767 2593 αί
1798 2540 1966 2612 ὑπερ-
1985 2565 1999 2574 -

379 2626 606 2696 κόσμιαι
651 2621 929 2693 δυνάμεις.
984 2621 1129 2692 Πρὸς
1180 2621 1409 2684 ταύταις
1456 2624 1720 2694 οὐρανὸς,
1773 2624 1962 2696 ἥλιος,

381 2709 602 2777 σελήνη,
643 2706 737 2759 καὶ
763 2704 984 2775 σύμπας
1006 2706 1035 2757 6
1060 2703 1168 2756 τῶν
1200 2704 1417 2775 ἄστρων
1451 2707 1612 2779 χορὸς
1633 2748 1648 2771 ,
1679 2708 1773 2760 καὶ
1801 2708 1964 2772 αὐτὸς

378 2797 408 2847 6
441 2795 571 2863 ἀὴρ,
603 2790 759 2844 κοινά
784 2790 878 2842 καὶ
915 2788 1208 2859 ἀμέριστα,
1247 2788 1343 2842 ὅλα
1366 2788 1521 2843 ὅλων.
1558 2789 1735 2861 Μέχρι
1762 2790 1967 2845 τούτων

375 2880 511 2949 ἡμῖν
548 2875 785 2930 ἱστάσθω
820 2872 928 2927 τῶν
959 2872 1275 2943 ἀμερίστων
1301 2873 1362 2926 τὸ
1394 2874 1570 2943 γένος.
1590 2870 1700 2929 Ἦν
1736 2874 1792 2929 δὲ
1836 2876 1967 2930 ποτὲ

379 2963 475 3015 καὶ
506 2962 540 3031 ή
571 2958 644 3029 γῆ
674 2958 827 3029 κοινὴ
851 2956 950 3010 καὶ
978 2955 1277 3027 ἀμέριστος
1318 2956 1435 3027 ἅμα
1473 2959 1587 3021 τοῖς
1621 2956 1732 3011 τῶν
1759 2958 1967 3013 ὑδάτων

381 3043 640 3116 ῥείθροιςο
677 3039 737 3108 ἐξ
774 3036 836 3094 οὗ
858 3039 914 3093 δὲ
939 3041 967 3092 6
998 3039 1097 3111 τῆς
1118 3039 1434 3105 πλεονεξίας
1472 3036 1688 3114 οἶστρος
1711 3042 1969 3096 ἐνεπετά-

381 3130 448 3201 θη
470 3131 589 3192 ταῖς
608 3126 715 3181 τῶν
740 3126 1038 3197 φιληδόνων
1067 3123 1289 3195 ψυχαῖς,
1318 3126 1555 3197 κατέστη
1582 3125 1653 3179 τὰ
1690 3126 1967 3198 βαρύτερα

380 3215 622 3283 στοιχεῖα
645 3210 755 3281 γῆς
799 3227 858 3262 τε
897 3209 992 3263 καὶ
1024 3208 1218 3272 ὓδατος
1254 3209 1507 3279 μεριστά.
1545 3211 1602 3262 ’0
1648 3212 1831 3265 ΔΙΑΚ.
1859 3211 1967 3264 Σα-

380 3299 620 3366 φέστατσ
648 3296 765 3366 ἔχει
796 3294 865 3348 τὰ
887 3294 1173 3365 εἰρημένω
1208 3294 1747 3366 προσαναπλήρωσον
1779 3294 1834 3348 δὲ
1874 3297 1965 3349 τὸν

379 3383 538 3450 λόγον
564 3375 658 3434 τοῦ
678 3380 931 3451 δευτέρου
949 3379 1141 3446 γένους
1156 3377 1265 3432 τῶν
1290 3377 1588 3449 μεριστῶν.
1610 3379 1675 3432 Ὅ
1717 3378 1964 3438 ἘΠΙΣΚ.

381 3466 728 3533 Ἐπάναγκές
758 3466 874 3517 ἐστι
912 3462 987 3534 μὴ
1014 3461 1205 3524 ἀτελὲς
1238 3461 1556 3533 καταλείψαι
1587 3462 1649 3516 τὸ
1684 3464 1783 3534 τῆς
1827 3465 1964 3518 ὑπο-

381 3549 584 3613 θέσεως
611 3548 764 3617 ὖφος.
798 3546 1012 3617 Χρυσὺς
1052 3543 1230 3599 τοίνυν
1276 3548 1371 3599 καὶ
1415 3548 1655 3618 ἄργυρος
1687 3549 1780 3601 καὶ
1816 3550 1965 3602 πᾶσα

380 3635 416 3704 ἡ
462 3630 764 3705 ,μεταλλικὴ
817 3629 999 3699 φύσις,
1054 3628 1194 3700 πρός
1238 3646 1299 3682 τε
1345 3628 1676 3702 δρυοτομικὴ
1713 3628 1837 3702 ὕλη,
1873 3633 1965 3685 καὶ

378 3718 475 3773 ὅσα
507 3716 616 3769 τῶν
660 3716 863 3787 μέσων,
899 3713 1199 3785 συλλήϐδην
1233 3716 1441 3778 εἰπεῖν,
1478 3715 1637 3768 κοινὰ
1672 3715 1770 3786 μὲν
1795 3715 1959 3783 ἔστιν,

380 3802 494 3857 ἀλλ’
533 3802 682 3871 ὅμως
715 3800 966 3871 μεριστά·
994 3801 1054 3853 ού
1090 3799 1199 3871 γὰρ
1232 3800 1396 3853 παντὶ
1424 3798 1502 3870 τῷ
1543 3798 1748 3853 θέλοντι
1775 3799 1870 3854 ὅλα
1895 3801 1962 3856 δι’

380 3887 501 3940 ὅλου
539 3887 624 3940 ἐπ’
667 3885 914 3951 ἐξουσίας
966 3885 1221 3955 ὑπάρχει.
1270 3885 1330 3937 '0
1367 3884 1549 3937 AIAK.
1586 3882 1820 3954 Εὖδηλος
1868 3885 1964 3938 καὶ

380 3964 539 4035 οὗτος
567 3972 596 4023 6
621 3968 796 4038 λόγος·
826 3967 1150 4037 ἀμφιϐάλλω
1196 3968 1255 4021 δὲ
1291 3968 1500 4038 μήποτε
1539 3968 1805 4040 ἀτονήσῃς
1835 3970 1964 4039 περὶ

379 4056 482 4120 τὰς
517 4053 820 4121 ἀποδείξεις
864 4053 958 4107 τοῦ
1014 4053 1197 4125 τρίτου
1256 4051 1445 4120 γένους
1489 4050 1599 4105 τῶν
1646 4050 1959 4122 ὲξαιρέτων,

380 4140 775 4211 ὑποσχόμενος,
808 4139 911 4201 ὅτι,
943 4136 1201 4191 ἔστιτινά
1240 4136 1277 4190 ἃ
1315 4138 1453 4207 μήτε
1479 4136 1634 4190 κοινά
1654 4138 1789 4199 ἐστι,
1822 4139 1960 4207 μήτε

384 4222 638 4296 μεριστὰ,
692 4222 805 4275 ἀλλ’
840 4222 949 4275 ῐδια
1005 4221 1125 4275 κατ’
1167 4219 1444 4291 ἐξαίρετον
1491 4219 1601 4273 τῶν
1640 4218 1808 4285 ἀξίων
1860 4222 1963 4291 τῆς

379 4309 607 4381 δωρεᾶς.
632 4306 871 4372 Ἐπιθεὶς
899 4302 992 4361 οὖν
1030 4305 1132 4377 τὴν
1154 4304 1420 4376 κορωνίδα
1447 4303 1526 4374 τῷ
1558 4304 1721 4375 λόγῳ,
1749 4306 1963 4378 ἀφήγη-

381 4409 472 4446 σαι
498 4393 649 4462 ἡμῖν,
685 4390 847 4444 πόθεν
874 4388 1276 4459 παραγέγονας,
1297 4389 1393 4441 καὶ
1422 4388 1552 4459 περὶ
1584 4382 1660 4442 ῶν
1690 4388 1960 4460 ποθοῦμεν

383 4477 575 4549 μαθεῖν
607 4475 837 4547 τάληθῆ.
870 4476 930 4528 '0
967 4471 1209 4528 ‘EIIISK.
1240 4473 1306 4528 Εί
1353 4473 1452 4545 μὲν
1476 4474 1562 4526 ἐπ’
1600 4474 1723 4543 ἐμοὶ
1763 4477 1958 4542 κεῖται,

380 4562 474 4615 καὶ
502 4559 709 4614 τούτων
744 4559 851 4630 ἔχω
886 4559 984 4628 τὴν
1016 4556 1238 4625 γνῶσιν,
1267 4556 1395 4627 περὶ
1428 4549 1503 4610 ὧν
1532 4557 1717 4620 ποθεῖς
1760 4574 1813 4611 τι
1852 4576 1957 4630 μα-

379 4645 516 4708 θεῖν,
561 4643 662 4697 οὑκ
710 4644 1002 4714 ἀποκνήσω
1037 4641 1072 4713 ἢ
1121 4638 1456 4713 ἀποκρύψωο
1493 4640 1553 4695 τὺ
1591 4640 1773 4711 μέντοι
1803 4642 1961 4714 χρέος

376 4727 475 4781 τοῦ
522 4726 705 4797 λόγου,
745 4726 821 4790 ὡς
873 4725 1278 4797 ὑπολαμϐάνω,
1321 4722 1465 4778 κατά
1510 4724 1741 4795 δύναμιν
1789 4743 1958 4796 προσ-

378 4810 663 4866 αποδιῦσω.
704 4809 1009 4882 Παρθενίας
1042 4807 1175 4878 γοῦν
1231 4808 1329 4861 καὶ
1367 4808 1466 4877 τῆς
1495 4806 1689 4878 λοιπῆς
1718 4810 1961 4881 ἀγαμίας

381 4894 647 4967 μερισμὸν
678 4896 777 4965 οὐχ
814 4894 1088 4965 εὑρήσεις
1139 4893 1200 4945 ού
1228 4892 1337 4961 γάρ
1378 4892 1485 4944 εἰσι
1516 4892 1611 4945 τοῦ
1636 4892 1828 4960 γένους
1850 4894 1960 4947 τῶν

379 4978 574 5034 κοινῶν
606 4978 641 5050 ἢ
673 4979 782 5033 τῶν
828 4977 1119 5048 μεριστῶν·
1168 4975 1357 5047 ἐπειδὴ
1398 4977 1458 5029 ού
1492 4978 1600 5040 πᾶς
1635 4979 1665 5030 ὁ
1691 4976 1873 5031 ποθῶν
1898 4979 1961 5033 τὸ

378 5065 611 5134 πρᾶγμα
639 5064 734 5117 καὶ
761 5060 1107 5133 παρθενεύει,
1142 5059 1257 5115 ἀλλ’
1291 5062 1320 5112 6
1345 5059 1669 5130 δυνάμενος·
1702 5061 1813 5115 τῶν
1849 5062 1959 5134 γὰρ

375 5148 772 5218 γεγαμηκότων
813 5145 998 5200 πολλοὶ
1040 5144 1315 5215 γλίχονται
1366 5144 1485 5214 μὲν,
1526 5146 1585 5196 οὐ
1612 5145 1872 5214 φθάνουσι
1900 5147 1958 5200 δὲ

376 5228 466 5283 διὰ
488 5229 550 5282 τὸ
575 5228 936 5300 προειλῆφθαι
965 5231 1023 5282 ὲν
1048 5227 1353 5297 συζυγίαις.
1381 5228 1590 5298 Ὠσπερ
1615 5230 1709 5283 καὶ
1745 5233 1804 5283 ὲν
1844 5231 1957 5293 τοῖς

390 5314 780 5383 Ὀλυμπιακοῖς
811 5312 986 5379 ἀγῶσι
1021 5311 1175 5365 καλεῖ
1201 5311 1300 5380 μὲν
1329 5313 1359 5364 6
1377 5309 1550 5387 κῆρυξ
1573 5312 1662 5365 τὸν
1699 5312 1959 5383 βουλόμε-

376 5413 486 5460 νον,
533 5398 788 5465 στεφανοῖ
840 5394 897 5447 δὲ
944 5394 1037 5448 τὸν
1082 5394 1401 5465 νικήσανταο
1430 5393 1604 5464 τούτῳ
1648 5394 1726 5465 τῷ
1768 5397 1954 5466 τρόπῳ

375 5480 472 5535 καὶ
500 5480 593 5534 ἐπὶ
621 5480 719 5550 τῆς
743 5479 988 5547 ἁγνείας,
1013 5476 1195 5541 καθὼς
1210 5477 1272 5531 τὸ
1298 5476 1631 5545 Εὐαγγέλιον
1659 5477 1824 5547 λέγει.
1846 5478 1951 5532 Τοῦ

440 5614 469 5643 ⁸
488 5612 579 5663 Ed.
604 5610 933 5665 Montfaucon.
960 5606 1147 5668 ῑ.Χ1ἷῙ,
1169 5608 1367 5672 ρ.1-89.

440 5677 470 5715 δ
496 5674 579 5738 ξΕν
597 5674 757 5738 ἄλλοις
770 5690 845 5738 γρ.
870 5694 897 5718 ι
920 5670 1474 5738 ἐπισκόπού-ξλσπονῶν.
1506 5692 1530 5738 ιε

436 5740 466 5769 ⁸
491 5736 664 5789 Placet
687 5731 846 5799 Βιαὸιί
868 5731 1168 5794 eodem.
1193 5732 1343 5783 Forte
1365 5733 1570 5797 ἀνιαρόν.
1595 5732 1732 5784 Enn.

2071 1462 2179 1534 γὰρ
2205 1461 2416 1532 Πέτρου
2450 1460 2949 1531 ἁνθυπενεγκόντος
2974 1459 3052 1530 τῷ
3079 1460 3329 1532 Σωτῆρι,
3374 1464 3443 1516 El
3470 1462 3657 1528 οὕτως

2062 1545 2244 1599 ἐστὶν
2270 1545 2309 1611 ἡ
2336 1546 2495 1598 αἰτία
2529 1546 2637 1600 τοῦ
2677 1544 2994 1614 ἀνθρώπου
3020 1546 3170 1614 μετὰ
3211 1542 3323 1612 τῆς
3348 1545 3656 1615 γυναικὸς,

2071 1632 2144 1683 οὐ
2193 1628 2486 1698 συμφέρει
2529 1628 2816 1699 γαμῆσαι·
2863 1634 3000 1700 πρὸς
3043 1622 3125 1691 οἷς
3155 1628 3404 1698 έφησενό
3432 1630 3654 1700 Σωτήρ·

2074 1712 2237 1768 Ἀλλ’
2268 1716 2340 1767 οὐ
2365 1714 2611 1767 πάντων
2629 1713 2760 1767 ἐστὶ
2785 1712 3055 1781 χωρῆσαι
3082 1711 3191 1765 τὸν
3210 1712 3399 1782 λόγον
3422 1713 3656 1775 τοῦτον,

2073 1797 2211 1851 ἀλλ’
2240 1792 2331 1862 οἷς
2362 1796 2618 1851 δέδοται.
2647 1796 2832 1868 Ὁρᾷς,
2867 1787 3032 1849 ὅτιόὺ
3056 1797 3245 1857 πᾶσιν,
3274 1794 3390 1849 ἀλλ’
3409 1791 3489 1859 οἷς
3516 1796 3661 1850 δέδο-

2072 1898 2197 1948 ται;
2248 1882 2305 1935 Ὀ
2330 1881 2513 1935 ΔῙΑΚ.
2554 1882 2735 1953 ᾭμην
2799 1898 2859 1934 σε
2899 1880 3274 1951 δυσπορίστως
3326 1880 3472 1951 ἔχειν
3530 1882 3658 1953 περί

2073 1966 2171 2037 τὴν
2199 1966 2307 2019 τῶν
2345 1965 2640 2036 ὲξαιρέτων
2681 1964 2978 2032 ἀπόδειξιν,
3028 1964 3167 2029 ἀλλ’,
3212 1966 3289 2028 ὡς
3338 1964 3506 2025 ἔοικε,
3562 1965 3657 2019 καὶ

2071 2048 2363 2123 γραφικῶς
2395 2048 2481 2106 κςὶι
2517 2049 2751 2119 ἰσχυρῶς
2774 2050 2921 2120 ἡμᾶς
2950 2048 3194 2112 ἔπεισας.
3234 2049 3293 2101 '0
3326 2048 3574 2102 'EIIIEK.
3594 2048 3657 2103 El

2071 2134 2246 2188 ταῦτα
2274 2133 2425 2203 σαφῆ
2459 2150 2543 2186 σοι
2568 2132 2897 2202 καθέστηκε,
2944 2133 3040 2186 καὶ
3080 2132 3299 2196 λοιπαῖς
3328 2130 3655 2203 μαρτυρίαις

2072 2216 2284 2272 λιπανῶ
2328 2217 2420 2271 τὸν
2473 2217 2654 2285 λόγον,
2699 2216 2765 2269 ἵν’
2795 2218 2845 2269 οί
2895 2214 3087 2286 φαῦλοι
3128 2216 3226 2285 τὴν
3256 2214 3502 2287 γνώμην,
3538 2232 3658 2269 πει-

2075 2303 2292 2367 σθέντες
2320 2304 2385 2356 ὲκ
2422 2302 2661 2365 τούτων,
2709 2301 3027 2355 παύσωνται
3063 2298 3158 2353 τοῦ
3205 2298 3473 2370 ἁρπάζειν
3499 2298 3536 2353 ἃ
3562 2298 3654 2351 λα-

2074 2385 2189 2439 ϐεῖν
2216 2386 2277 2439 οὐ
2308 2384 2644 2452 δεδύνηνται.
2678 2383 2927 2456 Ε’ύρομεν
2958 2383 3069 2456 γάρ
3096 2383 3191 2437 καὶ
3220 2382 3320 2455 τὴν
3356 2381 3657 2454 ἱερωσύνην

2075 2470 2229 2541 παρά
2272 2472 2393 2533 ταῖς
2435 2467 2604 2532 θείαις
2636 2469 2878 2539 Γραφαῖς
2909 2467 3032 2522 οὔτε
3082 2471 3266 2539 κοινὴν
3298 2461 3486 2534 οὖσαν,
3531 2465 3656 2521 οὔτε

2078 2554 2372 2626 μεριστὴν,
2405 2553 2520 2607 ἀλλ’
2557 2553 2837 2625 ἐξαίρετον
2883 2552 2991 2607 τῶν
3026 2551 3213 2617 ἀξίων,
3261 2550 3442 2616 καθὼς
3473 2551 3658 2605 νουθε-

2073 2635 2180 2691 τῶν
2217 2637 2503 2709 Ἐϐραίους
2530 2635 2679 2705 λέγει
2708 2639 2738 2691 6
2769 2636 3126 2709 μεγαλόφρων
3158 2635 3390 2701 Παῦλος·
3435 2637 3518 2690 Οὐ
3541 2633 3651 2705 γὰρ

2073 2720 2265 2787 ἑαυτῷ
2294 2740 2384 2789 τις
2413 2721 2702 2791 λαμϐάνει
2737 2721 2851 2790 τὴν
2889 2720 3089 2791 τιμὴν,
3120 2720 3260 2775 ἀλλ’
3289 2723 3323 2774 ό
3364 2719 3655 2788 καλούμεο

2070 2821 2177 2871 νος
2207 2806 2327 2859 ὑπὸ
2359 2804 2466 2860 τοῦ
2506 2805 2676 2860 Θεοῦ.
2704 2805 2901 2871 Οὕτως
2929 2805 3028 2858 καὶ
3060 2802 3304 2873 Ἀαρὼν,
3338 2804 3521 2874 φησὶν,
3540 2802 3653 2869 οὐχ

2068 2885 2289 2941 ἑαυτὸν
2334 2887 2592 2953 ἐδόξασε
2645 2886 2923 2959 γενέσθαι
2975 2885 3271 2955 ἀρχιερέα.
3326 2884 3654 2951 Ἐξακοσίων

2070 2968 2179 3041 γὰρ
2214 2969 2390 3024 οὐσῶν
2435 2970 2689 3042 χιλιάδων
2740 2969 2971 3041 ἀνδρῶν,
3022 2970 3117 3022 καὶ
3147 2968 3357 3022 πολλῶν
3383 2970 3440 3021 έν
3469 2968 3651 3030 αὐτοῖς

2070 3052 2230 3123 ζῆλον
2271 3053 2504 3123 ἑχόντων
2523 3092 2538 3116 ,
2574 3048 2656 3117 εἷς
2680 3052 3021 3124 ἀνηγορεύθη
3048 3054 3077 3105 6
3104 3051 3335 3125 Ἀαρὼν,
3369 3046 3431 3106 οῦ
3452 3051 3514 3104 τὸ
3547 3068 3652 3104 πα-

2072 3136 2291 3208 ράδοξον
2322 3138 2421 3207 τῆς
2452 3137 2672 3210 ῥάϐδου,
2704 3137 3089 3207 βλαπησάσης
3104 3138 3303 3208 κάρυα,
3334 3136 3652 3209 ὲδυσώπησε

2068 3223 2196 3285 τοὺς
2242 3222 2473 3286 πολλοὺς
2525 3222 2824 3293 θεόληπτον
2869 3217 3012 3276 εἶναι
3057 3221 3148 3274 τὸν
3198 3220 3372 3291 ίερέα.
3402 3221 3559 3285 Τινὲς
3595 3222 3652 3274 δὲ

2067 3306 2179 3360 τῶν
2206 3307 2386 3361 καλῶν
2428 3308 2881 3378 ἀνεπιστήμονες,
2942 3304 3105 3361 πάθει
3134 3305 3438 3377 τρωθέντες
3490 3305 3652 3375 κενῆς

2068 3389 2331 3456 εὐδοξίας,
2362 3391 2473 3445 τῶν
2507 3391 2700 3445 κοινῶν
2724 3390 2758 3462 ἦ
2787 3390 2894 3444 τῶν
2918 3389 3189 3461 μεριστῶν
3210 3389 3652 3460 ὑποτοπήσαντες

2069 3470 2208 3529 εἶναι
2261 3475 2501 3545 ταύτην,
2567 3475 3078 3547 αὐτοχειροτόνητοι
3146 3473 3510 3545 ὲπισκιρτῶσι
3573 3470 3654 3542 τῷ

2068 3560 2380 3630 πράγματι,
2414 3559 2563 3625 ἄξιον
2597 3559 2658 3613 τὸ
2686 3558 2839 3621 τέλος
2860 3559 2960 3629 τῆς
2993 3558 3191 3628 μανίας
3218 3558 3525 3630 εὑρόμενοι,
3549 3556 3651 3610 αύο

2067 3644 2165 3715 τὴν
2192 3643 2290 3716 τὴν
2323 3644 2428 3714 γῆν
2453 3642 2779 3713 συναγωγῆς
2805 3642 2906 3713 τῆς
2942 3642 3271 3712 προπετείας
3311 3641 3410 3712 τῆς
3441 3639 3652 3694 ἑαυτῶν

2068 3729 2510 3799 καταστήσαντες
2557 3728 2831 3799 μάρτυρα.
2887 3725 3064 3780 Δαθάν
3095 3724 3204 3797 γάρ
3245 3722 3650 3796 καὶἈϐειρὼν,

2067 3810 2309 3884 πορνικῷ
2344 3809 2609 3881 ὀφθαλμῷ
2652 3809 2747 3864 τοῦ
2789 3808 3099 3880 ἀξιώματος
3134 3808 3489 3881 ἐρασθέντες,
3518 3809 3654 3862 ὑπο-

2069 3896 2412 3966 ϐρύχιοι⁸σὺν
2438 3896 2550 3958 τοῖς
2579 3894 2925 3964 πειθομένοις
2953 3892 3232 3947 ἀπώλοντο
3253 3932 3268 3956 ,
3306 3892 3651 3963 αὐτοσχέδιον

2068 3978 2235 4048 τάφον
2265 3977 2362 4050 τὴν
2399 3976 2610 4032 ἑαυτῶν
2653 3977 2950 4047 ἐκκλησίαν
2983 3977 3288 4049 εὑρόμενοι.
3340 3974 3491 4030 Μετὰ
3526 3976 3650 4029 τού-

2071 4080 2196 4126 τους
2236 4063 2397 4126 Ὀζᾶν
2445 4062 2506 4115 ού
2562 4060 2910 4133 μεμνημένος
2955 4060 3064 4114 τῶν
3113 4060 3511 4132 προλαϐόντων,
3545 4060 3651 4114 ὑπὸ

2070 4146 2164 4199 τοῦ
2198 4146 2403 4209 πάθους
2432 4144 2750 4215 συρόμενος,
2779 4144 2891 4216 ἦρα
2929 4142 3025 4197 τοῦ
3066 4145 3410 4217 πράγματος·
3451 4146 3545 4199 καὶ
3584 4146 3647 4219 δὴ

2068 4230 2170 4293 τῆς
2219 4228 2453 4283 κιϐωτοῦ
2511 4229 2609 4300 μιᾷ
2651 4228 2760 4282 τῶν
2806 4227 3028 4299 ἡμερῶν
3060 4228 3147 4297 ἐφ’
3179 4227 3394 4300 ἀμάξης
3444 4231 3502 4282 ὲν
3543 4229 3648 4299 ὁδῷ

2069 4313 2364 4384 ἀγομένης,
2414 4312 2573 4383 έτυχε
2611 4311 2703 4369 τὸν
2738 4311 2963 4366 ἕλκοντα
3001 4312 3204 4383 μόσχον
3255 4311 3647 4377 ὑποτινάξαντα

2067 4396 2333 4449 διασεῖσαι
2382 4394 2481 4465 τὴν
2527 4393 2782 4449 κιϐωτόν.
2854 4394 3285 4466 Παρακολουθῶν
3346 4394 3438 4449 οὖν
3485 4394 3647 4462 Ὀζᾶν

2069 4477 2364 4531 ἐπελάϐετο
2389 4479 2456 4545 τῇ
2492 4477 2654 4547 χειρὶ,
2684 4477 2747 4530 οὐ
2778 4480 3142 4550 συγχωρήσας
3178 4479 3558 4551 ἀνατραπῆναι
3586 4480 3647 4532 τὸ

2071 4559 2281 4623 σκεῦος.
2315 4560 2403 4623 Ὠς
2437 4559 2494 4613 δὲ
2535 4553 2675 4612 εἶδεν
2703 4561 2733 4613 6
2774 4559 2930 4624 Θεὸς,
2968 4562 3062 4615 καὶ
3093 4562 3194 4616 οὐκ
3222 4561 3419 4633 ήρεσεν
3449 4562 3641 4622 αὑτὸν.

2067 4644 2148 4697 ὅτι
2171 4645 2235 4696 ἐκ
2257 4642 2448 4694 τούτου
2471 4641 2680 4709 γίνεται
2715 4641 2975 4714 συνήθεια
3004 4644 3116 4708 τοῖς
3144 4644 3489 4715 προπετέσιν,
3527 4645 3645 4717 είρ-

2068 4743 2173 4795 γει,
2204 4725 2294 4780 τὸν
2327 4724 2487 4790 Ὀζᾶν
2514 4724 2761 4791 πατάξας
2789 4726 2893 4791 ἓως
2919 4726 3172 4791 θανάτου,
3213 4727 3485 4783 παιδεύων
3520 4730 3646 4792 τοὺς

2071 4809 2211 4881 μετὰ
2255 4808 2428 4862 ταῦτα
2467 4809 2780 4863 παύσασθαι
2812 4811 2913 4881 τῆς
2956 4811 3213 4885 τοιαύτης
3265 4813 3485 4884 μανίας.
3518 4811 3644 4882 Ὀψὲ

2066 4894 2124 4947 δέ
2163 4910 2293 4946 ποτε
2337 4891 2475 4964 μετὰ
2509 4896 2753 4965 μακροὺς
2800 4897 2926 4959 τοὺς
2967 4896 3210 4965 χρόνους,
3252 4896 3391 4967 μετά
3423 4897 3521 4967 τὴν
3547 4897 3643 4950 τοῦ

2068 4976 2306 5047 Χριστοῦ
2351 4978 2677 5049 παρουσίαν,
2715 4979 2895 5049 Σίμων
2944 4979 2975 5031 6
3003 4980 3191 5047 Μᾶγος
3235 4983 3263 5034 ὁ
3296 4980 3405 5034 ἀπὸ
3430 4980 3645 5033 Γετθῶν

2066 5061 2163 5129 τῆς
2194 5061 2408 5131 κώμης,
2469 5060 2729 5132 σοφιστὴς
2781 5061 2901 5115 τῶν
2944 5063 3203 5116 ἐναντίων
3247 5063 3346 5133 τῆς
3384 5062 3645 5135 ἀληθείας

2065 5144 2372 5215 δογμάτων,
2400 5144 2706 5214 πανοῦργος
2740 5146 3003 5217 ὑπάρχων
3051 5148 3111 5199 ὲν
3144 5147 3452 5218 πονηρίαις,
3490 5147 3642 5218 σοφί-

2067 5226 2218 5291 ζεται
2249 5229 2312 5281 τὸ
2344 5226 2535 5292 πάθος,
2567 5227 2899 5299 φοϐούμενος
2926 5230 3087 5301 δῆθεν
3113 5230 3222 5284 τῶν
3255 5230 3501 5285 παλαιῶν
3544 5232 3642 5302 τὴν

2066 5310 2368 5379 ἐπιτιμίαν,
2403 5311 2491 5363 ἴνα
2522 5309 2598 5382 μὴ
2623 5310 2691 5363 τά
2717 5311 2878 5382 ὅμοια
2908 5312 3170 5384 σπείρας,
3202 5313 3397 5387 θερίσῃ
3430 5314 3498 5368 τά
3530 5315 3640 5368 ῖσα.

2061 5392 2437 5465 Προσέρχεται
2490 5393 2671 5448 τοίνυν
2723 5394 2985 5468 κολακείᾳ.
3021 5399 3137 5461 τοῖς
3182 5396 3524 5461 ἀποστόλοις,
3565 5397 3644 5468 τῷ

2055 5475 2236 5545 κωδίῳ
2272 5476 2363 5529 τὸν
2391 5474 2555 5529 λύκον
2588 5477 2891 5550 έγκρύψας,
2913 5480 3053 5550 μετά
3074 5480 3376 5552 χρημάτων
3393 5478 3641 5553 χρυσίου,

2054 5557 2129 5621 ὡς
2158 5559 2218 5611 οὐ
2249 5557 2424 5613 δοκῶν
2451 5559 2721 5631 ἁρπάζειν
2743 5562 2779 5616 ὃ.
2808 5562 2997 5628 κακῶς
3035 5564 3332 5636 ἀγοράζειν
3380 5562 3642 5617 ἐσπούδα-

2052 5641 2167 5713 ζεν,
2203 5642 2386 5695 ἐκεῖνα
2419 5642 2594 5711 λέγων
2633 5643 2669 5698 ἃ.
2709 5646 2910 5717 πρέπει
2933 5648 3143 5701 ἐκεῖνον
3168 5648 3263 5702 καὶ
3310 5649 3425 5701 ὅσοι
3452 5646 3645 5700 τοῦτον

2056 5724 2370 5799 μιμοῦνται.
2412 5726 2660 5794 Λάϐετε,
2692 5731 2860 5802 φησὶ,
2907 5730 2977 5786 τὰ
3022 5732 3280 5804 χρήματα
3325 5731 3517 5788 ταῦτα.
3547 5737 3643 5786 καὶ
