4114 6392
414 449 448 509 9
1291 523 1296 530 ,
1466 415 1475 420 ’
1572 414 1577 417 ’
1634 450 2001 510 PALLLADH

2112 448 2379 507 ALOGUS
3606 452 3677 511 ΠΙ

405 571 528 626 τίαν
556 567 842 639 δυνάμενοι
869 567 969 639 τῆς
993 565 1181 621 ἀδίκου
1211 566 1415 638 ταύτης
1455 567 1754 638 ἀπεχθείας
1778 569 1980 638 εὐρεῖνο

408 654 525 709 ἀλλ’
555 655 706 724 ὅμως
746 652 816 706 τά
856 653 986 722 παρ’
1017 651 1227 705 ἑαυτῶν
1275 651 1649 721 ἐπληροῦμεν,
1687 652 1749 704 τὸ
1778 651 1992 722 πρέπον

410 739 543 809 ἡμῖν
572 737 755 800 αὐτοῖς
780 734 1077 801 ποιοῦντες,
1110 734 1206 789 καί
1248 735 1489 804 συνεχῶς
1520 734 1685 788 αὐτὸν
1733 748 1992 804 παρακαυ

410 821 630 885 λοῦντες
677 818 1035 889 συγγενέσθαι
1069 822 1223 889 ἡμῖν,
1255 820 1348 873 καὶ
1399 820 1574 872 εἰπεῖν
1614 818 1759 882 τίνος
1803 817 1990 871 ἕνεκεν

410 903 663 959 τοσοῦτον
691 904 757 957 ἐκ
784 903 1087 975 προοιμίων
1131 902 1452 974 ἀνερρίπισε
1488 902 1741 973 πόλεμον,
1773 902 1868 954 καὶ
1896 918 1992 972 τη-

412 987 673 1057 λικαύτην
704 986 1052 1042 ἐσκανδάλισε
1078 987 1253 1041 πόλιν.
1298 987 1383 1050 Ὠς
1409 987 1465 1039 δέ
1502 987 1621 1039 οὐδὲ
1642 985 1814 1049 οὓτως
1839 984 1993 1037 ἐϐού-

413 1072 534 1129 λετο
566 1070 748 1139 λέγειν
784 1070 885 1141 τὴν
916 1069 1114 1132 αἰτίαν,
1165 1070 1219 1123 οῖ
1243 1087 1303 1121 τε
1352 1068 1787 1142 κατηγοροῦντες
1827 1068 1992 1121 αὐτοῦ

415 1155 717 1221 ἐπέκειντο,
753 1153 989 1217 καλέσας
1018 1154 1163 1225 ἡμᾶς
1209 1156 1239 1207 ό
1285 1153 1671 1216 εὐσεϐέστατος
1718 1151 1991 1223 βασιλεὺς,

415 1238 669 1292 ἐκέλευσε
721 1236 914 1308 πέραν,
968 1235 1099 1290 ἔνθα
1152 1235 1438 1308 διέτριϐεν,
1494 1235 1734 1301 ἀπιέναι,
1773 1234 1996 1305 καὶτῆς

417 1322 537 1376 κατ’
567 1320 732 1375 αὐτὸν
765 1318 984 1373 ἀκούειν
1032 1318 1360 1383 ὑποθέσεως.
1403 1320 1514 1372 Καὶ
1542 1318 1651 1389 γάρ
1673 1318 1859 1387 ἔφοδον
1902 1318 1997 1371 καὶ

418 1405 630 1475 σφαγὰς
664 1404 758 1457 καὶ
789 1403 953 1474 ἐτερα
979 1402 1267 1455 ἐνεκάλουν
1301 1402 1487 1473 μυρία.
1529 1402 1667 1455 Ἀλλ’
1694 1403 1856 1472 ἡμεῖς
1901 1400 1998 1454 καὶ

416 1491 542 1553 τούς
579 1488 776 1559 νόμους
804 1486 913 1539 τῶν
949 1486 1219 1555 πατέρων,
1247 1486 1341 1538 καὶ
1371 1487 1462 1539 τὸν
1484 1485 1655 1557 ἀνδρα
1688 1483 1998 1555 αἰδούμενοι

417 1574 513 1627 καὶ
541 1570 830 1642 τιμῶντες,
868 1572 963 1622 καὶ
1016 1568 1180 1621 αὐτοῦ
1201 1584 1263 1621 τε
1300 1567 1369 1621 τά
1414 1567 1720 1639 γράμματα
1762 1566 1996 1637 ἔχοντες,

423 1657 498 1728 μὴ
525 1655 633 1709 δεῖν
661 1653 958 1725 ὑπερορίας
989 1651 1240 1705 ἕλκεσθαι
1266 1652 1366 1715 τάς
1409 1652 1585 1716 δίκας,
1637 1651 1753 1705 ἀλλ’
1784 1654 1842 1704 ἐν
1876 1653 2000 1714 ταῖς

423 1739 581 1802 ἰδίαις
613 1736 905 1808 ἐπαρχίαις
952 1736 1021 1788 τά
1068 1735 1177 1788 τῶν
1207 1735 1483 1807 ἐπαρχιῶν
1516 1734 1910 1806 γυμνάζεσθαι,
1937 1736 1998 1788 οὐ

422 1819 827 1892 κατεδεξάμεθα
854 1818 1090 1883 δικάσαι,
1123 1818 1257 1872 ἀλλὰ
1289 1818 1427 1888 μετὰ
1448 1818 1651 1889 πολλῆς
1676 1816 2000 1891 παρῃτησά-

426 1904 567 1978 μεθα
592 1906 692 1976 τῆς
725 1903 1103 1976 σφοδρότητος.
1146 1904 1206 1956 Ὀ
1245 1902 1322 1964 δέ,
1349 1902 1541 1974 ὥσπερ
1568 1906 1681 1966 τοῖς
1718 1902 2001 1972 προτέροις

425 1988 919 2058 ἐπαγωνιζόμενος,
950 1987 1042 2038 τὸν
1071 1986 1446 2057 ἀρχιδιάκονον
1476 1986 1711 2049 καλέσας
1738 1985 1829 2038 τὸν
1872 1984 2003 2054 ἐμὸν

425 2072 488 2137 ἐξ
529 2070 814 2134 αὐθεντίας
866 2068 1085 2139 πολλῆς,
1143 2068 1332 2141 ὥσπερ
1376 2069 1726 2140 χηρευσάσης
1760 2069 1862 2139 ἤδη
1904 2068 2004 2139 τῆς

437 2154 769 2226 Ἐκκλησίας
796 2153 893 2206 καὶ
937 2152 1037 2204 οὐκ
1080 2152 1313 2221 ἐχούσης
1346 2150 1666 2216 ἐπίσκοπον,
1694 2152 1761 2205 δι’
1793 2151 2003 2204 ἐκείνου

423 2239 517 2293 τδν
556 2237 755 2310 κλῆρον
780 2237 957 2289 πάντα
981 2235 1118 2310 πρὸς
1142 2236 1334 2289 ἐαυτὸν
1363 2237 1713 2307 μετέστησεν.
1744 2237 1855 2289 Καὶ
1872 2234 2004 2288 ἀνά-

428 2339 612 2376 στατοι
671 2322 727 2374 αἱ
768 2318 1087 2389 Ἐκκλησίαι
1121 2318 1380 2385 ἐγίνοντο,
1412 2319 1777 2388 ἀπαγομένων
1813 2317 1919 2371 τῶν
1948 2320 2006 2371 ἐν

426 2405 635 2478 ἑκάστῃ
658 2401 958 2474 κληρικῶν,
1006 2402 1099 2455 καὶ
1129 2401 1703 2473 παρασκευαζομένων
1732 2399 2008 2464 λιϐέλλους

426 2487 629 2543 διδόναι
657 2487 780 2540 καθ’
835 2485 1015 2557 ἡμῶν,
1053 2486 1149 2539 καὶ
1190 2485 1326 2557 πρὸς
1359 2485 1697 2556 κατηγορίαν
1726 2485 2010 2556 ἀλειφομέ-

427 2590 555 2627 νων.
576 2573 687 2626 Καὶ
719 2572 892 2625 ταῦτα
928 2572 1185 2641 ποιήσας,
1234 2569 1451 2641 ἔπεμπε
1499 2570 1594 2623 καὶ
1617 2569 1802 2623 ἐκάλει
1826 2572 1905 2633 εἰς
1933 2570 2011 2623 δι-

428 2656 726 2726 καστήριον
750 2656 783 2723 ή
791 2655 918 2725 μᾶς,
943 2653 1152 2708 οὐδέπω
1173 2653 1272 2717 τὰς
1296 2652 1416 2706 καθ’
1451 2652 1641 2705 ἐαυτὸν
1668 2653 2013 2723 ἀποδυσάμε-

430 2756 520 2803 νος
553 2740 753 2802 αἰτίας⁸
788 2739 818 2791 ὃ
863 2737 1100 2810 μάλιστα
1136 2738 1234 2791 καὶ
1267 2736 1421 2809 παρά
1450 2736 1685 2799 κανόνας
1715 2738 1809 2789 καὶ
1860 2736 2012 2805 παρά

430 2821 644 2883 πάντας
694 2820 895 2892 νόμους
926 2816 1018 2892 ῆν.
1086 2820 1224 2873 Ἀλλ’
1275 2821 1437 2891 ἡμεῖς
1488 2818 1806 2882 συνειδότες,
1841 2819 1922 2871 δτι
1951 2818 2011 2871 οὐ

436 2905 575 2974 πρὸς
603 2904 863 2976 δικαστὴν
887 2902 1266 2974 ἀφικνούμεθα
1291 2900 1348 2974 (ἦ
1373 2903 1481 2975 γὰρ
1502 2903 1761 2974 μυριάκις
1783 2900 1849 2957 ἂν
1874 2918 2017 2973 παρ-

432 2988 790 3059 εγενόμεθα),
837 2988 972 3042 ἁλλά
1014 2988 1151 3060 πρὸς
1202 2987 1394 3059 ἐχθρὸν
1440 2988 1536 3041 καὶ
1566 2986 1842 3058 πολέμιον,
1881 2985 2015 3040 καθα

432 3075 577 3142 άπερ
622 3071 693 3126 τά
740 3070 1050 3144 ἔμπροσθεν
1077 3073 1172 3125 καὶ
1208 3071 1279 3124 τὰ
1325 3069 1465 3143 μετά
1516 3069 1689 3124 ταῦτα
1726 3070 2012 3141 ἐδήλωσεν,

434 3155 855 3227 ἀπεστάλκαμεν
881 3155 1017 3227 πρὸς
1034 3155 1194 3209 αὐτὸν
1225 3154 1576 3219 ἐπισκόπους,
1607 3154 1700 3207 τὸν
1737 3154 2017 3208 Πισινοῦν-

432 3258 525 3304 τος
560 3240 896 3312 Δημήτριον,
942 3239 1035 3292 τὸν
1075 3239 1379 3310 Ἀπαμείας
1416 3238 1710 3304 Εὐλύσιον,
1760 3239 1851 3291 τὸν
1884 3239 2016 3291 Ἀπ-

435 3324 661 3397 πιαρίας
697 3323 1124 3377 Λουππικιανόν·
1181 3321 1587 3395 πρεσϐυτέρους
1630 3324 1688 3377 δέ
1738 3322 2017 3394 Γερμανὸν

437 3407 532 3460 καὶ
553 3406 811 3478 Σευῆρον,
847 3406 984 3476 μετά
1015 3406 1114 3476 τῆς
1137 3406 1519 3478 προσηκούσης
1545 3409 1679 3478 ἡμῖν
1717 3407 2020 3471 ἐπιεικείας

439 3490 885 3562 ἀποκρινόμενοι,
923 3491 1019 3543 καὶ
1048 3489 1320 3558 λέγοντες,
1359 3490 1433 3561 μὴ
1467 3490 1848 3561 παραιτεῖσθαι
1899 3491 2021 3562 κρί-

439 3592 544 3638 σιν,
582 3572 696 3626 ἀλλ*
732 3572 926 3643 ἐχθρὸν
979 3574 1072 3626 καὶ
1105 3573 1363 3643 πολέμιον
1392 3574 1643 3642 φανερόν.
1695 3573 1755 3625 '0
1793 3572 1902 3645 γὰρ
1939 3573 2020 3627 λια

438 3656 662 3719 ϐέλλους
703 3656 931 3726 μηδέπω
984 3655 1301 3726 δεξάμενος,
1336 3658 1431 3709 καὶ
1474 3654 1698 3709 τοιαῦτα
1724 3657 1790 3709 ἐκ
1830 3673 2020 3727 προοι-

442 3740 582 3810 μίων
604 3740 857 3809 ποιήσας,
892 3740 986 3792 καὶ
1008 3740 1322 3812 ἀπορρήξας
1339 3739 1530 3794 ἐαυτὸν
1573 3739 1900 3810 Ἐκκλησίας
1927 3742 2022 3793 καί

438 3823 728 3886 κοινωνίας
759 3824 852 3876 καὶ
880 3822 1067 3894 εὐχῆς,
1108 3823 1204 3877 καὶ
1246 3824 1583 3895 κατηγόρους
1611 3823 1872 3893 ἀλείφων,
1927 3826 2023 3877 καὶ

441 3908 643 3979 κλῆρον
695 3905 976 3977 μεθιστὰς,
1012 3906 1108 3960 καὶ
1147 3905 1475 3977 Ἐκκλησίας
1513 3905 1757 3977 ἐρημῶν,
1800 3906 1916 3969 πῶς
1955 3905 2022 3961 ἂν

440 3991 530 4061 εἴη
558 3990 764 4052 δίκαιος
802 3990 998 4042 ἐπὶτὸν
1043 3988 1138 4042 τοῦ
1194 3989 1450 4042 δικαστοῦ
1496 3989 1685 4061 θρόνον
1727 3990 2019 4059 ἀναϐῆναι,

440 4074 738 4146 οὐδαμόθεν
778 4071 927 4143 αὐτῷ
967 4074 1345 4145 προσήκοντα;
1393 4071 1532 4126 Οῠτε
1588 4074 1698 4145 γάρ
1727 4074 2022 4128 ἀκόλουθον

439 4154 510 4229 ἦν
537 4158 628 4211 τὸν
664 4155 725 4221 ἐξ
771 4156 1050 4225 Αἰγύπτου
1101 4159 1181 4220 εἰς
1231 4156 1454 4228 Θρᾴκην
1490 4157 1753 4224 δικάζειν,
1797 4159 1894 4211 καί⁸
1930 4158 2022 4212 τὸν

443 4240 746 4295 ὑπεύθυνον
799 4238 928 4292 ὄντα
976 4239 1184 4304 αἰτιῶν,
1234 4239 1329 4293 καὶ
1374 4239 1568 4311 ἐχθρὸν
1617 4241 1709 4293 καὶ
1740 4239 2018 4309 πολέμιον.

455 4324 594 4379 Ἀλλ’
631 4324 781 4395 ὅμως
817 4322 968 4375 οὐδὲν
993 4322 1197 4375 τούτων
1236 4322 1521 4386 αἰδεσθεὶς,
1552 4322 1667 4375 ἀλλ’
1699 4323 1836 4392 ὅπερ
1867 4322 2022 4375 ἐϐού-

443 4409 587 4471 λετο,
618 4405 907 4477 πληρῶσαι
924 4408 1297 4475 ἐπειγόμενος,
1328 4405 1485 4477 ἡμῶν
1519 4406 1898 4478 δηλωσάντων,
1938 4406 2021 4460 ὅτι

445 4494 671 4562 ἕτοιμοι,
704 4491 799 4544 καὶ
825 4489 1018 4543 ἐκατόν
1054 4490 1148 4542 καὶ
1167 4488 1352 4560 χιλίων
1372 4488 1686 4544 ἐπισκόπων
1717 4489 2019 4561 παρόντων,

445 4573 817 4630 ἀποδύσασθαι
838 4572 911 4625 τά
950 4571 1297 4643 ἐγκλήματα,
1336 4573 1431 4625 καὶ
1462 4571 1630 4636 δεῖξαι
1661 4573 1820 4635 ὄντας
1849 4573 2022 4626 καθα-

448 4660 576 4723 ροὺς
609 4657 857 4720 ἐαυτούς,
898 4654 1086 4726 ὥσπερ
1128 4650 1220 4708 οὖν
1252 4657 1345 4708 καὶ
1374 4656 1560 4725 ἐσμὲν,
1610 4657 1710 4709 οὐκ
1746 4657 2024 4727 ἡνέσχετοο

446 4744 561 4798 ἀλλ’
595 4742 842 4795 ἀπόντων
874 4738 1054 4811 ἡμῶν,
1087 4740 1179 4791 καὶ
1201 4737 1416 4792 σύνοδον
1447 4739 1906 4810 ἐπικαλουμένων,
1931 4742 2028 4795 καὶ

450 4826 628 4897 κρίσιν
666 4824 1083 4895 ἐπιζητούντων,
1127 4821 1221 4874 καὶ
1262 4822 1525 4892 ἀκρόασιν
1577 4822 1639 4874 οὐ
1696 4823 2024 4892 φευγόντων,

448 4909 566 4963 ἀλλ’
607 4907 906 4978 ἀπέχθειαν
969 4902 1229 4975 φανερὰν,
1263 4905 1357 4957 καὶ
1407 4906 1745 4976 κατηγόρους
1792 4906 2024 4977 ἐδέχετο,

449 4995 546 5046 καὶ
574 4994 701 5053 τοὺς
736 4991 868 5060 παρ’
903 4988 1041 5059 ἐμοῦ
1095 4986 1409 5057 δεδεμένους
1462 4989 1642 5051 ἔλυσε,
1698 4989 1791 5042 καί
1848 4990 2026 5044 αὐτῶν

451 5076 672 5130 ἐκείνων
693 5074 906 5128 οὐδέπω
937 5073 1003 5126 τὰ
1034 5072 1356 5142 ἐγκλήματα
1377 5072 1819 5144 ἀποδυσαμένων,
1846 5074 2027 5126 λιϐέλ-

459 5169 574 5222 κους
619 5158 911 5228 ἐλάμϐανε,
963 5157 1055 5210 καὶ
1103 5157 1472 5227 ὑπομνήματα
1534 5158 1822 5227 ἔπραττεν,
1884 5157 2029 5231 ἅπερ

455 5248 669 5297 ἀπαντα
700 5241 851 5312 παρά
888 5239 1086 5311 θεσμὸν
1127 5241 1220 5293 καὶ
1249 5241 1449 5293 κανόνα
1485 5243 1580 5295 καὶ
1603 5241 1918 5295 ἀκολουθίαν
1939 5238 2025 5314 ῆν.

455 5326 563 5381 Καὶ
586 5325 661 5397 (τί
690 5325 799 5396 γὰρ
845 5323 925 5377 δεῖ
979 5322 1150 5377 πολλά
1197 5322 1436 5391 λέγειν;)
1485 5325 1584 5376 οὐκ
1614 5325 1825 5391 ἀπέστη
1857 5323 2031 5379 πάντα

457 5409 622 5463 ποιῶν
656 5409 750 5462 καὶ
779 5406 1319 5479 πραγματευόμενος,
1357 5406 1460 5470 ἕως
1499 5407 1645 5476 ἡμᾶς
1699 5407 1837 5476 μετὰ
1875 5407 2032 5460 δυνα-

455 5492 638 5555 στείας
665 5493 758 5545 καὶ
781 5490 1067 5552 αὐθεντίας
1090 5489 1306 5558 ἀπάσης
1340 5490 1433 5541 καὶ
1459 5489 1557 5558 τῆς
1580 5488 1783 5552 πόλεως
1813 5490 1906 5542 καὶ
1933 5491 2032 5559 τῆς

485 5577 791 5646 Εκκλησίας
819 5575 1090 5640 ἐξέϐαλεν·
1124 5572 1374 5643 καὶπρὸς
1412 5574 1650 5643 ἑσπέραν
1682 5573 2029 5643 βαθεῖαν,τοῦ

454 5663 629 5733 δήμου
665 5660 866 5721 παντὸς
894 5659 1023 5729 ἡμῖν
1049 5656 1474 5726 συσσυρομένου,
1491 5657 1777 5726 ἑλκόμενος
1809 5657 1913 5711 ὐπὸ
1938 5658 2031 5712 τοῦ

458 5743 795 5817 κουριωσσοῦ
824 5744 926 5813 τῆς
959 5742 1168 5802 πόλεως
1202 5740 1259 5791 ἐν
1294 5738 1434 5812 μέσῃ
1469 5742 1534 5810 τῇ
1567 5741 1736 5804 πόλει,
1773 5743 1866 5794 καὶ
1897 5743 2031 5813 πρὸς

461 5829 583 5900 βίαν
613 5828 905 5901 συρόμενος
939 5823 1275 5894 κατηγόμην,
1308 5825 1401 5876 καὶ
1436 5826 1515 5886 εἰς
1549 5824 1728 5878 πλοῖον
1749 5824 2031 5879 ἐνεϐαλλό-

465 5931 589 5983 μην,
630 5913 722 5966 καί
751 5910 839 5966 διὰ
874 5910 1066 5972 νυκτὸς
1121 5904 1411 5973 ἀπέπλεον,
1458 5907 1579 5960 ἐπεὶ
1637 5907 1851 5962 σύνοδον
1891 5907 2028 5980 πρὸς

2085 564 2302 619 δικαίαν
2327 563 2511 636 κρίσιν
2548 562 2793 617 ἐκάλουν.
2823 562 2920 626 Τίς
2951 559 3017 615 ἂν
3051 556 3221 614 ταῦτα
3250 559 3544 633 ἀδακρυτὶ,
3570 563 3679 619 κά.

2085 645 2296 719 λιθίνην
2323 646 2423 720 ἔχῃ
2455 646 2704 718 καρδίαν,
2731 645 2972 717 ἀκούση;
3009 644 3150 698 Ἀλλ’
3176 643 3385 714 ἐπειδὴ,
3422 644 3676 700 καθάπεὶ,

2089 731 2260 802 ἐφθην
2285 730 2477 795 εἰπὼν,
2526 731 2588 783 οὐ
2628 729 2845 803 θρηνεῖν
2874 731 2956 783 δεῖ
2990 729 3170 801 μόνον,
3225 727 3362 782 ἀλλά
3399 731 3494 784 καὶ
3529 729 3678 803 διορ-

2090 813 2237 879 θοῦν,
2274 813 2374 886 τὴν
2413 814 2685 886 ὑμετέραν
2732 813 2955 883 ἀγάπην
2987 811 3293 884 παρακαλῶ
3320 811 3676 883 διαναστῆναι

2090 900 2187 954 καὶ.
2217 899 2572 970 συναλγῆσαι,
2621 900 2715 952 καὶ
2753 899 2934 952 πάντα
2985 898 3236 967 ποιῆσαι,
3292 894 3434 949 ὥστε
3484 897 3671 966 στῆναι

2090 986 2250 1038 ταυτὶ
2280 984 2349 1038 τὰ
2370 985 2535 1039 κακά.
2573 984 2711 1038 Οὐδέ
2737 984 2847 1055 γὰρ
2868 981 3104 1037 ἐνταῦθα
3120 980 3188 1035 τὰ
3203 981 3301 1051 τῆς
3330 980 3680 1052 παρανομίας

2093 1067 2274 1121 αὐτῶν
2313 1068 2628 1134 κατέλυσεν,
2666 1067 2804 1119 ἀλλὰ
2847 1066 2943 1119 καὶ¹
2980 1065 3119 1136 μετὰ
3143 1065 3317 1117 ταῦτα
3335 1066 3449 1127 τοῖς
3479 1061 3681 1135 προτέ-

2064 1220 2071 1225 .
2097 1168 2210 1221 ροις
2237 1150 2591 1204 ἐπαπεδύετο.
2631 1148 2849 1219 Ἐπειδὴ
2882 1150 2992 1220 γὰρ
3036 1145 3680 1231 MM

2092 1234 2223 1310 λέυς
2255 1234 2707 1303 ἐπιπηδήσαντας
2740 1235 2805 1304 τῇ
2854 1229 3150 1301 Ἐκκλησία
3182 1229 3551 1300 ἀναισχύντως
3585 1231 3690 1283 καὶ

2097 1316 2298 1380 ἀδίκως
2349 1315 2624 1382 ἐξέϐαλεν,
2664 1315 2759 1367 καὶ
2789 1314 2974 1368 πολλοὶ
3006 1313 3115 1367 τῶν
3143 1313 3456 1366 ἐπισκόπων
3481 1311 3679 1374 ἰδόντες

2098 1399 2277 1452 αὐτῶν
2304 1399 2403 1469 τὴν
2454 1398 2799 1469 παρανομίαν
2854 1398 2932 1461 εἰς
2956 1395 3024 1449 τὰ
3053 1394 3262 1448 ἐαυτῶν
3301 1394 3687 1467 ἀνεχώρησαν,

2099 1484 2196 1553 τὴν
2221 1482 2408 1551 ἐφοδον
2435 1480 2612 1535 αὐτῶν
2648 1480 2839 1550 ὥσπερ
2866 1479 3043 1550 πυράν
3068 1478 3246 1532 πάντα
3279 1477 3683 1549 ἐπινεμομένην

2102 1566 2414 1635 φεύγοντεςο
2442 1568 2606 1636 ἡμεῖς
2648 1564 2746 1635 μὲν
2775 1565 2937 1618 πάλιν
2963 1565 3044 1629 εἰς
3067 1564 3166 1635 τὴν
3203 1564 3358 1616 πόλιν
3386 1561 3683 1616 ἀνεκαλού-

2105 1650 2244 1722 μεθα
2276 1650 2372 1703 καὶ
2416 1652 2497 1713 εἰς
2521 1650 2619 1719 τὴν
2666 1649 3013 1715 Ἐκκλησίαν,
3053 1644 3123 1719 ῆς
3151 1647 3353 1711 ἀδίκως
3384 1643 3681 1716 ἐξεϐλήθη-

2105 1751 2225 1805 μεν,
2264 1733 2579 1788 ἐπισκόπων
2628 1750 2687 1785 τε
2726 1734 2876 1803 ἡμᾶς
2909 1732 3205 1804 τριάκοντα
3247 1731 3682 1800 εἰσαγαγόντων,

2102 1819 2196 1871 καὶ
2216 1817 2309 1870 τοῦ
2349 1815 2771 1869 θεοσεϐεστάτου
2813 1815 3076 1886 βασιλέως
3128 1815 3376 1886 νοτάριον
3423 1816 3504 1876 εἰς
3528 1811 3688 1866 τοῦτο

2101 1900 2542 1964 ἀποστείλαντος·
2571 1903 2778 1965 ἐκεῖνος
2820 1901 2879 1953 δὲ
2927 1899 3325 1972 ἐδραπέτευσεν
3354 1897 3575 1961 εὐθέως,
3599 1894 3684 1949 τί-

2104 2003 2193 2048 νος
2234 1985 2421 2039 ἕνεκεν
2452 1987 2545 2038 καὶ
2577 1984 2668 2039 διὰ
2697 1984 2773 2048 τί,
2822 1983 2896 2055 μὴ
2929 1984 3307 2052 γινώσκοντες.
3337 1980 3688 2044 Εἰσελθόντες

2104 2070 2197 2128 οὖν
2236 2072 2654 2146 παρεκαλοῦμεν
2682 2073 2775 2126 τὸν
2822 2071 3238 2125 θεοσεϐέστατον
3273 2069 3516 2141 βασιλέα,
3562 2069 3689 2122 σύν-

2105 2158 2225 2210 οδον
2247 2158 2571 2224 συναγαγεῖν
2590 2158 2670 2219 εἰς
2694 2155 2937 2209 ἐκδικίαν
2954 2153 3062 2207 τῶν
3084 2153 3488 2224 γεγενημένων.
3507 2153 3663 2206 Συνει

2106 2240 2210 2304 δὼς
2241 2240 2417 2293 τοίνυν
2438 2240 2710 2311 ἀπέδρασε
2729 2242 2768 2295 ‘.
2795 2238 2889 2291 καὶ
2916 2239 3006 2290 τὸν
3036 2237 3256 2306 ἔλεγχον
3280 2233 3551 2297 δεδοικὼς,
3583 2233 3693 2287 τῶν

2107 2324 2452 2395 γραμμάτων
2476 2322 2583 2375 τῶν
2607 2321 2898 2393 βασιλικῶν
2924 2320 3196 2391 πανταχοῦ
3219 2318 3694 2390 διαπεμφθέντων,

2109 2409 2205 2461 καὶ
2240 2407 2577 2479 πανταχόθεν
2614 2406 2821 2469 πάντας
2865 2405 3302 2473 συναγαγόντων,
3323 2401 3503 2474 λάθρα
3530 2401 3695 2472 μέσον

2109 2492 2319 2545 νυκτῶν
2354 2494 2435 2555 εἰς
2465 2490 2691 2544 ἀκάτιον
2737 2489 2928 2543 ἐαυτὸν
2950 2487 3225 2559 ἐμϐαλὼν,
3260 2486 3434 2550 οὕτως
3458 2487 3691 2556 ἀπέδρα,

2114 2576 2232 2647 μεθ’
2279 2576 2475 2629 ἐαυτοῦ
2527 2575 2736 2639 πάντας
2775 2574 3139 2645 ἐπαγόμενος.
3192 2571 3331 2625 Ἀλλ’
3376 2573 3534 2642 ἡμεῖς
3574 2569 3699 2624 οὐδὲ

2111 2661 2284 2725 οὕτως
2306 2660 2647 2730 ἀπέστημεν,
2687 2656 2776 2711 διά
2818 2657 2879 2711 τὸ
2915 2656 2993 2727 τῷ
3024 2655 3405 2725 συνειδότιιτῷ
3442 2654 3703 2725 ἡμετέρῳ

2113 2746 2358 2819 θαρῤεῖν,
2392 2743 2463 2797 τά
2495 2742 2637 2795 αὐτὰ
2682 2742 2845 2796 πάλιν
2889 2739 3333 2812 παρακαλοῦντες
3351 2738 3440 2792 τὸν
3479 2738 3697 2791 εὐσεϐέ-

2115 2846 2309 2884 στατον
2344 2826 2588 2898 βασιλέα·
2624 2825 2684 2890 ὃς
2737 2825 2832 2878 καὶ
2884 2823 3164 2894 πρέποντα
3201 2823 3373 2876 ποιῶν
3416 2822 3580 2875 αὐτοῦ
3628 2824 3703 2892 τῇ,

2114 2912 2386 2983 εὐσεϐείᾳ,
2421 2909 2634 2981 ἔπεμψε
2663 2908 2824 2963 πάλιν
2872 2906 3010 2978 πρὸς
3041 2906 3204 2960 αὐτὸν
3237 2908 3294 2959 ἐν
3322 2906 3474 2976 τάχει
3497 2903 3557 2968 ἐξ
3599 2906 3695 2957 Αἰ-

2114 2998 2324 3066 γύπτου
2370 2994 2599 3056 ἀνιέναι,
2636 2992 2884 3054 καὶτοὺς
2919 2991 3034 3062 μετ’
3090 2988 3256 3042 αὐτοῦ
3279 2989 3508 3053 πάντας,
3555 2987 3696 3040 ὥστε

2114 3077 2298 3132 δοῦναι
2325 3076 2483 3146 λόγον
2506 3076 2616 3129 τῶν
2639 3073 3043 3145 γεγενημένων,
3069 3075 3165 3126 καὶ
3193 3071 3267 3144 μὴ
3295 3071 3365 3125 τὰ
3391 3070 3588 3134 ἀδίκως
3610 3070 3701 3123 οῦο

2116 3179 2225 3225 τως
2263 3163 2328 3215 ἐκ
2353 3161 2482 3231 μιᾶς
2517 3160 2713 3231 μοίρας
2745 3158 2839 3211 καὶ
2864 3157 3114 3210 ἀπόντων
3147 3154 3305 3225 ἡμῶν
3336 3153 3696 3225 τολμηθέντα,

2117 3247 2214 3301 καὶ
2262 3245 2416 3316 παρά
2452 3242 2742 3306 τοσούτους
2796 3242 3063 3306 κανόνας,
3107 3239 3346 3310 νομίζειν
3386 3239 3575 3308 ἀρκεῖν
3619 3239 3705 3301 εἰς,

2118 3329 2412 3398 ἀπολογίαν
2463 3324 2650 3379 αὐτοῦ.
2697 3326 2754 3378 Ὁ
2802 3323 2858 3376 δὲ
2910 3323 3031 3376 οὐδὲ
3084 3320 3378 3393 βασιλικῶν
3441 3321 3699 3390 ἡνέσχετο

2118 3415 2480 3486 γραμμάτων,
2500 3411 2615 3465 ἀλλ’
2641 3411 2831 3479 ἔμενεν
2859 3410 3018 3474 οἴκοι,
3047 3407 3485 3478 προϐαλλόμενος
3509 3406 3699 3459 στάσιν

2116 3497 2211 3551 τοῦ
2239 3497 2434 3566 δήμου,
2472 3496 2565 3548 καὶ
2606 3492 2842 3564 σπουδὴν
2891 3488 3116 3563 ἄκαιρόν
3163 3508 3325 3545 τινων
3356 3487 3517 3558 δῆθεν
3569 3489 3703 3541 ἀντ-

2120 3580 2394 3652 εχομένων
2427 3579 2612 3632 αὐτοῦ’
2645 3576 2887 3646 καίτοιγε
2925 3576 3030 3648 πρὸ
3070 3574 3177 3628 τῶν
3206 3573 3549 3645 γραμμάτων
3590 3573 3701 3652 τῶν

2124 3650 2417 3734 βασιλικῶν
2465 3662 2624 3724 αὐτὸς
2664 3655 2818 3723 οὗτος
2854 3662 2883 3712 ό
2933 3658 3105 3728 δῆμος
3152 3658 3377 3728 μυρίαις
3425 3656 3586 3709 αὐτὸν
3631 3650 3701 3726 ῆν

2121 3747 2327 3811 πλύνας
2354 3746 2664 3818 λοιδορίαις.
2730 3741 2871 3796 Ἀλλ’
2917 3744 2977 3796 οὐ
3022 3742 3193 3795 ταῦτα
3224 3739 3702 3811 περιεργαζόμεθα

2118 3832 2235 3896 νῦν,
2271 3831 2385 3883 ἀλλ’
2436 3832 2610 3883 ἐκεῖνο
2659 3828 2829 3892 δεῖξαι
2877 3826 3208 3897 βουλόμενοι,
3256 3823 3701 3893 ὅτιικακουργῶν

2120 3915 2407 3987 ἀπελήφθη
2431 3927 2481 3978 ει,
2512 3912 2662 3967 ταῦτ’
2689 3914 3011 3983 εἰρήκαμεν.
3041 3911 3187 3981 Πλὴν
3208 3907 3328 3962 οὐδέ
3363 3907 3503 3978 μετὰ
3528 3906 3701 3961 ταῦτα

2121 4001 2281 4071 ἡμεῖς
2309 3997 2690 4069 ἡσυχάσαμεν,
2715 3995 2830 4048 ἀλλ’
2865 3993 3217 4064 ἐπεκείμεθα,
3258 3992 3536 4059 ἀξιοῦντες
3558 3991 3707 4045 δικα-

2124 4085 2341 4154 στήριον
2363 4079 2735 4151 γενέσθαικαὶ
2766 4078 2946 4151 κρίσιν
2979 4078 3007 4118 ι)
3037 4078 3132 4131 καὶ
3157 4077 3466 4147 ἀπόκρισιν·
3496 4074 3704 4145 ἕτοιμοι

2121 4168 2229 4238 γάρ
2253 4162 2393 4237 ἦμεν
2409 4164 2579 4228 δεῖξαι
2595 4162 2821 4225 ἑαυτούς
2840 4179 2900 4214 τε
2919 4159 3240 4224 ἀνευθύνους
3256 4160 3431 4224 ὂντας,
3464 4160 3707 4224 ἐκείνους

2122 4251 2178 4303 δέ
2210 4248 2277 4302 τά
2333 4248 2536 4318 ἔσχατα
2573 4246 3091 4317 παρανομήσαντας.
3125 4241 3304 4296 Ἦσαν
3342 4243 3399 4295 δέ
3445 4244 3536 4296 καί
3562 4259 3704 4305 τινες

2124 4333 2285 4404 Σύροι
2312 4333 2421 4386 τῶν
2458 4331 2580 4384 τότε
2628 4329 2745 4400 μετ’
2771 4329 2933 4382 αὐτοῦ
2968 4328 3253 4400 παρόντων
3302 4326 3536 4380 ἐνταῦθα
3566 4327 3705 4379 ἀπο-

2124 4415 2455 4483 λειφθέντες,
2478 4413 2528 4467 οἳ
2556 4415 2708 4483 κοινῇ
2760 4414 2876 4484 μετ’
2903 4412 3067 4466 αὐτοῦ
3102 4411 3160 4463 τὸ
3194 4411 3301 4464 πᾶν
3331 4409 3704 4482 ἐδραματούρ-

2125 4516 2320 4570 γησαν.
2348 4499 2458 4552 Καὶ
2492 4498 2628 4569 πρὸς
2676 4496 2901 4558 τούτους
2943 4496 3156 4565 ἕτοιμοι
3201 4489 3341 4564 ῆμεν
3369 4492 3703 4557 δικάζεσθαι,

2127 4584 2220 4636 καὶ
2239 4581 2552 4644 πλειστάκις
2576 4579 2958 4651 ἐνωχλήσαμεν
2975 4579 3115 4648 ὑπὲρ
3136 4577 3349 4641 τούτου,
3374 4576 3648 4642 ἀξιοῦντες
3667 4577 3703 4646 ἦ

2125 4666 2494 4737 ὑπομνήματα
2521 4666 2652 4733 ἡμῖν
2671 4658 2913 4734 δοθῆναι,
2939 4662 2972 4731 ἥ
2994 4661 3271 4723 λιϐέλλους
3304 4661 3642 4730 κατηγόρων,
3668 4658 3702 4728 ἦ

2127 4751 2317 4820 φύσεις
2341 4749 2702 4819 ἐγκλημάτων
2720 4747 3106 4817 γνωρισθῆναι,
3131 4747 3164 4817 ἢ
3198 4747 3393 4807 αὐτοὺς
3418 4744 3541 4806 τοὺς
3568 4759 3704 4796 κατ-

2127 4836 2377 4906 ηγόρους·
2409 4834 2504 4886 καὶ
2530 4832 2743 4895 οὐδενὸς
2790 4831 2993 4884 τούτων
3038 4829 3321 4900 ἐτύχομεν,
3362 4827 3494 4881 ἀλλά
3545 4827 3707 4881 πάλιν

2128 4917 2442 4986 ἐξώσθημεν
2494 4915 2592 4985 τῆς
2647 4914 2963 4985 ἐκκλησίας.
3034 4912 3162 4976 Πῶς
3209 4913 3276 4966 ἂν
3336 4911 3403 4966 τά
3454 4909 3704 4965 ἐντεῦθεν

2127 5002 2447 5071 διηγήσαιμι
2472 5010 2493 5037 ε
2520 4998 2703 5051 λοιπὸν
2736 5000 2912 5051 πᾶσαν
2948 4996 3345 5066 ὑπερϐαίνοντα
3369 4992 3702 5064 τραγῳδίαν;

2128 5085 2209 5147 τίς
2238 5082 2411 5134 ταῦτα
2439 5085 2779 5153 παραστήσει
2803 5081 2990 5149 λόγος;
3024 5079 3153 5132 ποία
3185 5078 3355 5149 χωρὶς
3393 5077 3595 5148 φρίκης
3621 5075 3704 5127 δέ-

2131 5166 2467 5235 ξεταιὰκοή;
2515 5164 2702 5235 Ἢμῶν
2746 5163 2855 5235 γάρ
2903 5163 3043 5216 αὐτά
3087 5162 3280 5225 ταῦτα,
3316 5161 3457 5231 ἆπερ
3499 5158 3707 5229 ἔμπρο-

2130 5251 2255 5302 σθεν
2288 5247 2457 5313 εἷπον,
2489 5248 2899 5319 προτεινόντων,
2933 5245 3130 5317 ἀθρόον
3172 5240 3517 5315 στρατιωτῶν
3567 5241 3706 5310 πλῆ-

2130 5333 2219 5396 θος
2246 5331 2392 5399 αὐτῷ
2423 5331 2498 5401 τῷ
2534 5331 2752 5402 μεγάλῳ
2782 5329 3061 5396 Σαϐϐάτῳ,
3090 5328 3226 5400 πρὸς
3261 5326 3497 5395 ἑσπέραν
3521 5323 3706 5378 λοιπὸν

2129 5417 2229 5485 τῆς
2251 5416 2463 5487 ἡμέρας
2484 5414 3004 5484 ὲπειγομὲνηςλταῖς
3024 5411 3342 5482 ἐκκλησίαις
3366 5407 3705 5477 ἐπεισῆλθον,
3726 5405 3744 5484 ι

2129 5502 2220 5553 τόν
2257 5518 2315 5553 τε
2346 5500 2542 5570 κλῆρον
2580 5499 2796 5553 ἅπαντα
2851 5500 2942 5551 τὸν
2976 5498 3072 5551 σὺν
3112 5498 3244 5567 ἡμῖν
3291 5494 3426 5564 πρὸς
3457 5490 3574 5563 βίαν
3616 5489 3705 5557 ἐξ-

2130 5583 2340 5649 έϐαλον,
2367 5584 2459 5636 καὶ
2492 5582 2675 5646 ὅπλοις
2706 5581 2767 5635 τὸ
2795 5581 2946 5652 βῆμα
2983 5577 3457 5651 περιεστοιχίζετο·
3483 5574 3578 5630 καὶ
3609 5590 3701 5645 γυ.

2193 5737 2213 5753 '
2237 5735 2323 5798 Ed:
2351 5736 2468 5798 ἅπερ
2488 5735 2657 5798 ἐδρασε
2678 5735 2878 5782 rectius.

2195 5798 2221 5826 ἰ
2247 5796 2379 5858 Ed.a’z
2396 5793 2622 5858 πελήφθῃ,
2644 5808 2755 5856 qua:
2781 5800 2859 5842 est
2883 5807 2996 5843 vera
3015 5793 3183 5844 lectio.

2192 5859 2221 5899 1)
2250 5857 2338 5906 Ed.
2364 5857 2487 5905 κατά
2505 5855 2685 5905 πεῦσιν.

2195 5922 2217 5950 ⁸
2240 5918 2325 5969 Ed.
2351 5916 2679 5980 διηγησαίμην,
2704 5915 2834 5966 bene
