4114 6392
449 422 507 476 ι
669 447 688 460 .
1431 412 1518 468 DE
1563 413 1712 469 VITA
1753 415 1810 470 S.
1850 415 2126 472 JO.\.\'.\'iS
2161 417 2646 476 CHRYSOSTOMI.
3642 434 3706 486 10

445 533 597 604 διικιω
620 531 759 586 illius
784 525 1094 582 offensionis
1120 527 1357 581 invenire
1379 541 1686 596 possemus;
1710 538 1938 605 attamen
1961 528 2028 581 fa-

446 626 648 680 cientes
671 622 722 677 id
749 621 889 692 quod
912 621 1264 687 nosmetipsos
1290 619 1532 682 decebat,
1557 620 1836 675 etassidue
1856 624 2027 690 ipsum

448 716 795 770 adhortantes
833 723 891 767 ut
928 711 1342 779 congrederetur
1383 712 1688 773 nobiscum,
1731 721 1784 765 et
1828 713 2030 767 diceret

450 827 551 877 qua
573 809 638 864 de
658 823 813 862 causa
841 807 1018 860 statim
1045 806 1111 858 ab
1136 805 1284 858 initio
1307 813 1507 857 tantum
1533 804 1728 858 bellum
1755 805 2032 858 accendis—

449 911 549 963 set,
584 909 847 968 tantzeque
872 898 1068 952 civitati
1091 898 1375 952 excitasset
1401 897 1726 951 scandalum.
1749 896 1879 951 Cum
1903 912 2029 950 vero

453 1007 620 1060 neque
639 991 751 1060 ipse
773 1005 985 1044 causam
1013 988 1190 1042 dicere
1213 989 1378 1041 voluit
1398 1029 1411 1051 ,
1445 997 1498 1041 et
1530 999 1772 1057 urgerent
1795 989 1909 1058 ejus
1939 1005 2029 1042 ac-

451 1092 740 1146 cusatores,
775 1097 870 1136 nos
901 1083 951 1136 in
985 1081 1288 1135 ulteriorem
1330 1081 1472 1135 urbis
1522 1081 1790 1150 regionem
1819 1083 1908 1136 ubi
1937 1081 2031 1135 de-

450 1175 626 1244 gebat,
661 1173 926 1244 piissimus
971 1171 1264 1240 Imperator
1301 1172 1571 1235 evocavit,
1615 1182 1772 1242 atque
1815 1188 2030 1227 causam

452 1266 567 1330 ejus
589 1264 746 1332 jussit
765 1262 964 1316 audire.
993 1262 1122 1316 Nam
1151 1270 1203 1315 et
1226 1263 1566 1330 irruptionetn
1586 1273 1637 1316 ct
1657 1263 1832 1317 caedes
1849 1276 1901 1318 et
1922 1263 2021 1316 alia

453 1357 726 1408 innumera
757 1353 1096 1422 objiciebant.
1129 1353 1232 1408 Sed
1265 1369 1360 1407 nos
1395 1356 1483 1420 qui
1514 1364 1567 1408 et
1604 1355 1748 1424 leges
1783 1363 2027 1423 patrum,

453 1457 506 1500 et
527 1447 694 1498 virum
723 1444 924 1499 honore
949 1459 1009 1499 ac
1033 1445 1325 1498 reverentia
1351 1460 1812 1512 prosequeremur,
1837 1447 2034 1499 haben-

454 1545 535 1592 tes
573 1535 730 1591 etiam
771 1551 932 1604 super
958 1535 1055 1589 hac
1082 1550 1140 1589 re
1170 1535 1284 1604 ejus
1311 1536 1510 1598 literas,
1536 1536 1646 1590 Non
1671 1549 1922 1605 Oportere
1941 1537 2031 1606 ju-

457 1627 589 1681 dicia
619 1635 765 1681 extra
793 1626 986 1680 limites
1021 1625 1177 1688 trahi,
1209 1624 1300 1679 sed
1348 1627 1400 1679 in
1447 1626 1572 1694 ipsis
1615 1627 1901 1695 provinciis
1947 1643 2032 1682 res

455 1720 804 1789 provinciales
853 1719 1155 1773 tractandas
1204 1734 1353 1782 esse;
1403 1735 1505 1772 non
1545 1719 1734 1772 solum.
1776 1718 2032 1786 judicium

457 1826 562 1866 non
631 1812 857 1864 obiimus
893 1853 908 1876 ,
966 1809 1059 1864 sed
1120 1809 1583 1864 vehementissime
1651 1810 2030 1864 recusavimus.

457 1901 622 1955 Porro
663 1901 781 1963 ille,
830 1901 976 1969 quasi
1018 1915 1136 1954 cum
1176 1900 1441 1968 prioribus
1485 1909 1727 1962 certans,
1759 1909 1910 1953 vocat
1943 1915 2030 1952 ar-

456 1991 820 2046 cliidiaconum
873 2007 1048 2046 meum
1097 2007 1284 2059 magna
1331 2008 1449 2046 cum
1497 1992 1842 2052 auctoritate,
1884 1993 2031 2060 quasi

454 2085 560 2156 jam
615 2085 768 2138 vidua
809 2094 952 2139 esset
993 2085 1229 2138 Ecclesia
1272 2101 1370 2138 nec
1415 2085 1719 2152 episcopum
1770 2083 2028 2137 haberet:

456 2193 553 2246 per
584 2177 752 2240 illum,
787 2177 986 2230 clerum
1017 2191 1228 2229 onmem
1255 2176 1306 2228 in
1333 2189 1391 2229 se
1419 2175 1709 2228 transtulit.
1749 2175 2033 2229 Subvcrte-

455 2270 647 2323 bantur
689 2269 959 2334 ECCICSiiD,
987 2283 1105 2321 cum
1141 2266 1530 2322 abducerentur
1556 2268 1880 2336 singularum
1919 2267 2030 2321 cle-

456 2361 569 2424 rici,
602 2369 656 2415 et
694 2361 1109 2414 subornarentur
1132 2367 1187 2412 ut
1211 2359 1465 2413 adversus
1493 2373 1591 2411 nos
1614 2358 1822 2412 libellos
1845 2357 2034 2412 darent

457 2464 509 2508 et
532 2454 598 2506 ad
628 2453 1016 2507 accusationem
1046 2453 1464 2520 accingerentur.
1499 2451 1590 2504 His
1615 2451 1776 2513 actis,
1810 2450 1951 2503 misit
1979 2460 2033 2504 et

457 2547 665 2600 vocavit
695 2561 790 2600 nos
813 2547 863 2598 in
882 2544 1159 2614 judicium,
1187 2543 1418 2597 nondum
1443 2543 1677 2612 purgatis
1706 2557 1821 2611 quze
1842 2541 2032 2594 adver-

456 2652 547 2690 sus
577 2652 633 2691 se
663 2645 812 2690 erant
842 2636 1146 2690 criminibus
1179 2654 1190 2688 :
1220 2634 1359 2703 quod
1391 2635 1620 2688 maxime
1659 2641 1838 2686 contra
1867 2647 2031 2686 cano-

457 2744 552 2782 nes
577 2738 630 2782 et
653 2739 835 2781 contra
866 2728 1007 2797 leges
1030 2741 1215 2780 omnes
1234 2738 1366 2780 erat.
1399 2726 1502 2780 Sed
1531 2741 1626 2779 nos
1649 2724 1868 2787 conscii,
1891 2725 2030 2794 quod

457 2836 561 2873 non
590 2819 654 2873 ad
686 2819 918 2888 judicem
945 2817 1149 2872 venturi
1178 2831 1389 2871 eramus
1422 2816 1690 2886 (alioquin
1719 2816 1910 2869 millies
1935 2815 2031 2869 ad-

457 2911 785 2981 fuissemus),
817 2909 911 2964 sed
939 2909 1004 2962 ad
1031 2909 1299 2961 inimicum
1321 2917 1374 2962 et
1401 2909 1602 2960 hostem
1625 2925 1636 2958 :
1668 2905 1718 2960 id
1743 2905 1881 2974 quod
1905 2906 2032 2960 satis

456 3003 726 3057 declarant
773 3017 890 3071 quae
937 3009 991 3055 et
1030 3000 1174 3069 prius
1221 3009 1275 3053 et
1323 2998 1657 3067 postmodum
1702 3007 1817 3050 aeta
1865 3005 2029 3050 sunt:

455 3095 699 3148 misimus
745 3092 811 3146 ad
852 3107 972 3146 eum
1017 3092 1316 3159 episcopos,
1363 3089 1684 3142 Demetrium
1726 3087 2031 3156 episcopum

458 3187 774 3247 l’isinuntis,
811 3184 1080 3254 Eulysium
1110 3183 1415 3252 episcopum
1447 3181 1714 3248 Apameae,
1754 3179 2034 3247 Luppicia-

457 3293 580 3331 num
609 3277 871 3347 Appiarize
905 3294 917 3328 :
949 3275 1284 3343 presbyteros
1319 3283 1493 3326 autem
1515 3269 1836 3326 Germanum
1866 3279 1918 3324 et
1937 3270 2032 3325 Se-

458 3385 662 3432 verum,
693 3367 1024 3421 convenicnti
1054 3365 1208 3418 nobis
1235 3365 1492 3417 modestia
1523 3362 1934 3431 reSpondentes,
1970 3377 2032 3415 ac

456 3458 728 3522 dicentes,
771 3473 868 3515 nos
911 3474 1013 3512 non
1058 3458 1305 3526 defugere
1329 3456 1602 3525 judicium,
1632 3455 1724 3509 sed
1762 3453 2029 3507 inimicum

459 3564 701 3622 apertum
728 3563 882 3620 atque
911 3550 1117 3603 hostem
1145 3549 1498 3602 manifestum.
1530 3547 1656 3600 Nam
1681 3547 1766 3614 qui
1798 3544 2029 3598 nondum

456 3646 685 3712 acceptis
716 3643 904 3697 libellis
931 3644 1107 3695 statim
1145 3642 1211 3694 ab
1258 3641 1408 3694 initio
1451 3641 1567 3692 talia
1615 3639 1848 3704 fecisset,
1879 3647 1932 3692 et
1966 3637 2032 3691 ab

399 3791 415 3800 κ
458 3735 694 3789 Ecclesia
721 3736 951 3803 seipsum
978 3733 1296 3802 abrupisset,
1329 3748 1356 3783 ει
1384 3731 1776 3795 communione,
1811 3745 1837 3782 a
1869 3730 2032 3798 preci-

457 3825 582 3888 bus;
628 3834 961 3878 accusatores
1005 3824 1303 3888 iuslruens,
1348 3821 1547 3875 clerum
1590 3822 1654 3873 ad
1693 3836 1750 3873 se
1793 3820 2025 3881 trahens,

455 3919 716 3974 Ecclesias
739 3918 982 3970 desolatis
1014 3935 1025 3968 :
1054 3915 1316 3984 quomodo
1342 3913 1529 3982 dignus
1558 3922 1719 3975 esset,
1751 3913 1839 3980 qui
1871 3912 1921 3964 in
1947 3910 2032 3980 ju-

454 4013 587 4065 dicis
610 4011 856 4064 thronum
899 4008 1026 4061 nihil
1071 4008 1136 4060 ad
1177 4022 1235 4061 se
1271 4007 1621 4076 pertinentem
1649 4004 2030 4057 adscenderet?

454 4101 568 4155 Non
600 4103 738 4155 enim
775 4110 1187 4154 consentaneum
1227 4112 1364 4159 esse,
1400 4106 1455 4149 ut
1481 4097 1569 4149 ille
1595 4097 1681 4163 qui
1709 4111 1773 4148 ex
1800 4094 2030 4165 {Egypto

454 4202 616 4255 esset,
649 4193 700 4244 in
724 4191 943 4244 Thracia
962 4189 1244 4258 judicaret,
1276 4189 1386 4257 ipse
1407 4186 1716 4240 criminibus
1742 4184 2025 4249 obnoxius,

455 4287 698 4340 inimicus
731 4293 888 4354 atque
931 4283 1117 4336 ltostis.
1149 4281 1528 4334 Verumtamen
1565 4279 1696 4332 nihil
1725 4279 1812 4331 ille
1841 4277 2027 4331 borum

456 4377 734 4437 reveritus,
768 4374 858 4428 sed
905 4389 1094 4442 urgens
1133 4371 1270 4440 quod
1313 4371 1531 4438 implere
1578 4379 1865 4430 statuerat,
1908 4384 2029 4421 cum

455 4467 873 4521 declarassemus
909 4475 1117 4533 paratos
1162 4477 1258 4515 nos
1299 4477 1417 4516 esse
1452 4461 1657 4515 diluere
1683 4461 1902 4514 crimina
1935 4476 2030 4513 eo-

456 4574 566 4612 ram
591 4568 803 4611 centum
829 4566 882 4608 et
902 4555 1043 4608 mille
1064 4554 1346 4622 episcopis,
1369 4562 1422 4606 et
1445 4567 1604 4620 puros
1625 4551 1690 4603 ab
1712 4553 1852 4603 omni
1878 4552 2030 4620 culpa

462 4664 557 4704 nos
585 4647 886 4711 ostendere,
921 4658 976 4698 ut
1003 4661 1183 4699 revera
1227 4659 1408 4698 sumus
1447 4661 1458 4695 :
1497 4657 1601 4695 non
1650 4643 1767 4695 tulit
1801 4641 1906 4704 ille,
1936 4640 2029 4694 sed

455 4741 606 4793 nobis
634 4737 938 4791 absentibus
963 4747 1015 4788 et
1038 4736 1102 4788 ad
1130 4734 1389 4804 synodum
1417 4732 1811 4801 appellantibus
1846 4746 1906 4782 ac
1939 4729 2028 4799 ju-

453 4829 646 4884 dicium
667 4828 1049 4896 flagitantibus,
1081 4841 1179 4880 nee
1206 4825 1526 4877 auditionem
1565 4821 1903 4890 fugientibus,
1936 4820 2032 4874 sed

455 4922 789 4976 manifestum
816 4921 993 4974 odium
1016 4960 1030 4981 ,
1064 4921 1173 4987 ipse
1199 4927 1534 4971 accusatores
1558 4914 1791 4977 admisit,
1816 4922 1868 4967 et
1895 4928 2028 4982 quos

453 5019 738 5087 ligaveram
778 5015 968 5076 solvit,
999 5022 1155 5081 atque
1176 5012 1242 5064 ali
1264 5010 1386 5072 illis,
1419 5010 1506 5078 qui
1535 5008 1752 5061 crimina
1781 5021 1875 5058 sua
1898 5021 2029 5056 nun-

453 5109 575 5162 d'um
627 5107 913 5169 exuissent,
967 5103 1173 5157 libellos
1221 5100 1441 5167 accepit,
1489 5107 1542 5151 et
1584 5105 1698 5149 acta
1750 5095 2024 5150 confecit:

452 5215 570 5270 quin
596 5199 770 5252 omnia
793 5207 846 5251 ct
872 5207 1052 5250 contra
1082 5195 1167 5262 jus
1197 5205 1247 5246 et
1275 5201 1459 5246 contra
1485 5205 1716 5242 canones
1743 5196 1797 5240 ct
1821 5200 2027 5239 murem

452 5302 625 5346 erant.
687 5292 753 5344 Et
799 5289 925 5360 quid
969 5289 1158 5341 attinet
1203 5287 1354 5356 plura
1399 5283 1623 5337 dicere?
1671 5298 1776 5335 non
1827 5279 2030 5334 destitit

455 5386 628 5438 omnia
659 5386 829 5438 facere
849 5397 910 5436 ac
939 5381 1132 5445 moliri,
1159 5380 1329 5433 donec
1355 5393 1450 5430 nos
1472 5393 1565 5444 per
1581 5377 1684 5428 vim
1707 5391 1769 5428 ac
1791 5375 2026 5445 tyranni-

454 5493 571 5534 eam
600 5477 1013 5531 dominationem
1056 5489 1087 5528 e
1124 5472 1335 5526 civitate
1376 5479 1532 5537 atque
1577 5467 1811 5521 Ecclesia
1851 5466 2024 5533 ejecit.

457 5569 619 5638 Igitur
644 5566 963 5636 procedente
986 5565 1095 5632 jam
1118 5576 1339 5630 vespere
1360 5600 1372 5621 ,
1396 5574 1516 5612 cum
1544 5572 1641 5610 nos
1670 5557 1841 5609 omnis
1865 5571 2030 5624 popu-

457 5659 540 5712 l‘us
567 5659 932 5720 comitaretur,
964 5664 1162 5710 tractus
1199 5668 1225 5705 a
1261 5651 1484 5706 Curioso
1511 5649 1654 5702 urbis
1683 5663 1776 5715 per
1801 5645 2026 5699 mediam

401 5754 412 5773 ‘
455 5750 722 5804 civitatem
755 5749 801 5801 vi
825 5747 1077 5810 abducor,
1105 5752 1161 5799 et
1194 5744 1244 5797 in
1285 5741 1457 5795 navim
1498 5737 1769 5806 conjieior,
1799 5745 1850 5790 et
1872 5745 2028 5789 noctu

460 5846 749 5912 abnavigo,
791 5841 910 5911 quia
951 5837 1207 5909 sy'nodum
1245 5833 1307 5889 ad
1335 5833 1532 5904 justum
1561 5828 1814 5902 judicium
1850 5829 2028 5897 appel-

2131 531 2326 586 labam.
2357 533 2484 599 Quis
2506 534 2620 590 inec
2645 537 2759 591 sine
2786 536 3050 608 lacrymis,
3079 537 3239 592 etiam
3264 539 3306 592 si
3329 554 3419 594 cor
3438 517 3701 609 lapideum

2132 627 2344 693 habeat,
2376 629 2633 684 audierit?
2660 629 2854 685 Verum
2884 633 3023 701 quia,
3054 634 3189 687 sicut
3229 636 3373 703 prius
3415 636 3556 700 dixi,
3599 653 3702 691 non

2133 720 2306 773 solum
2350 721 2624 776 lamentari
2660 733 2886 792 oportet.
2922 725 3014 778 sed
3051 735 3104 779 et
3129 727 3446 790 emendare;
3478 729 3704 784 obsecro

2133 816 2404 869 caritatem
2435 826 2666 872 vestram
2693 860 2726 881 ,,
2752 827 2808 871 ut
2850 828 3096 887 exsurgat
3130 828 3184 874 et
3220 820 3518 888 condoleat,
3547 831 3705 892 atque

2134 906 2308 958 omnia
2340 905 2527 971 faciat,
2561 917 2616 961 ut
2652 909 2787 961 mala
2829 908 2943 963 bzee
2983 911 3188 964 sistant.
3239 910 3419 980 Neque
3448 913 3586 967 enim
3617 912 3705 968 hic

2134 997 2382 1063 iniquitas
2418 1013 2600 1052 eorum
2645 1004 2806 1061 stetit,
2851 1001 2943 1055 scd
2988 1001 3052 1054 ad
3101 1002 3273 1070 priora
3311 1003 3620 1072 adjecerunt
3651 1013 3707 1060 et

2134 1089 2253 1142 alia.
2307 1089 2591 1158 Postquam
2635 1091 2774 1144 enim
2823 1092 3088 1160 piissimus
3133 1092 3423 1162 Imperator
3459 1111 3572 1158 eos,
3614 1099 3705 1165 qui

2136 1179 2422 1233 Ecclesiam
2460 1181 2789 1249 impudenter
2815 1193 2970 1252 atque
3007 1183 3198 1251 injuste
3236 1185 3561 1251 invaserant,
3591 1187 3704 1254 eje-

2135 1272 2226 1328 cit.
2255 1284 2305 1325 et
2328 1273 2474 1326 multi
2503 1273 2734 1341 episc0pi
2755 1311 2758 1314 .
2779 1276 2887 1327 visa
2932 1291 3114 1329 eorum
3157 1277 3493 1344 improbitate
3518 1279 3581 1332 ad
3610 1295 3704 1334 sua

2136 1361 2424 1427 redierunt,
2439 1363 2694 1430 impetum
2721 1379 2902 1418 eorum
2923 1365 3078 1419 veluti
3101 1366 3396 1420 incendium
3414 1369 3589 1421 omnia
3607 1369 3704 1423 de-

2137 1468 2356 1519 pascens
2378 1451 2633 1522 fugientes
2658 1473 2669 1506 :
2695 1471 2790 1508 nos
2811 1456 3018 1523 quidem
3042 1457 3229 1510 iterum
3263 1458 3311 1510 in
3345 1458 3527 1512 urbem
3551 1469 3708 1525 atque

2137 1545 2187 1598 in
2217 1546 2524 1610 Ecclesiam,
2565 1564 2594 1602 e
2637 1564 2736 1615 qua
2785 1549 2976 1616 injuste
3017 1565 3228 1604 eramus
3261 1552 3436 1620 ejecﬁ,
3477 1555 3706 1607 revocati

2136 1651 2336 1699 sumus,
2365 1637 2730 1693 inducentibus
2752 1655 2846 1693 nos
2867 1641 3126 1710 episcopis
3152 1643 3380 1712 triginta,
3399 1653 3452 1698 et
3472 1645 3709 1713 piissimo

2137 1723 2458 1792 lmperatore
2487 1729 2573 1797 qui
2614 1729 2884 1784 Notarium
2914 1732 2978 1784 ad
3009 1732 3057 1785 id
3087 1735 3302 1787 miserat
3333 1752 3344 1786 :
3383 1734 3708 1804 Theophilus

2135 1833 2261 1870 vero
2303 1820 2476 1872 statim
2520 1820 2736 1892 aufugit,
2783 1839 2877 1876 cur
2913 1833 2965 1876 et
3003 1839 3103 1894 qua
3130 1825 3193 1879 de
3220 1841 3276 1879 re
3304 1827 3585 1882 nescimus.
3627 1827 3710 1880 ln-

2135 1911 2298 1978 grrssi
2344 1910 2498 1978 igitur
2539 1912 2944 1968 obsecrabamus
2982 1916 3274 1983 piissimum
3311 1917 3706 1983 Imperatorem,

2136 2008 2192 2050 ut
2219 2000 2474 2067 synodum
2507 2012 2716 2071 cogeret
2739 2003 2805 2056 ad
2826 2003 3106 2059 vindictam
3135 2021 3314 2059 eorum
3350 2024 3466 2074 qua:
3506 2017 3706 2076 patrata

2134 2099 2302 2141 erant.
2332 2089 2586 2146 Conscius
2610 2109 2736 2162 ergo
2765 2094 3018 2148 factorum
3047 2110 3262 2150 suorum
3293 2097 3633 2165 Theophilus,
3657 2107 3709 2152 et

2137 2180 2598 2249 reprehensionem
2645 2187 2836 2240 veritus
2861 2227 2876 2248 ,
2917 2201 3036 2240 cum
3078 2187 3411 2254 Imperatoris
3451 2189 3614 2243 litem
3653 2189 3709 2243 in

2136 2286 2346 2324 onmem
2376 2282 2576 2340 partem
2610 2275 2783 2329 missm
2816 2277 3183 2347 undecumque
3217 2295 3403 2333 omnes
3437 2292 3707 2350 cogerent,

2135 2362 2340 2417 occulte
2363 2364 2532 2417 media
2553 2375 2703 2420 nocte
2731 2367 2780 2420 in
2804 2368 2983 2421 navim
3003 2384 3060 2422 se
3081 2371 3366 2438 conjiciens
3391 2373 3459 2425 ita
3486 2373 3707 2443 aufugit,

2137 2467 2322 2506 omnes
2349 2467 2473 2506 suos
2509 2470 2689 2509 secum
2730 2457 3014 2512 abducens.
3062 2459 3228 2513 Porro
3262 2478 3355 2514 nos
3389 2463 3710 2518 conscientia

2137 2555 2314 2596 nostra
2337 2543 2475 2606 freti,
2500 2561 2669 2616 neque
2699 2548 2774 2601 sic
2795 2547 3090 2603 destitinms
3111 2551 3296 2604 eadem
3317 2551 3503 2606 iterum
3525 2569 3712 2622 rogare

2136 2637 2584 2705 religiosissimum
2615 2639 2986 2708 Imperatorem
3019 2661 3031 2696 :
3063 2643 3151 2712 qui
3181 2658 3279 2712 pro
3303 2659 3395 2698 sua
3424 2646 3617 2713 pietate
3644 2646 3710 2699 ad

2135 2742 2254 2782 eum
2285 2728 2459 2783 denuo
2478 2730 2648 2797 misit,
2676 2743 2734 2785 nt
2771 2735 2946 2788 statim
2991 2751 3055 2790 ex
3087 2735 3318 2806 Egypto
3353 2738 3559 2793 veniret
3591 2753 3710 2793 cum

2135 2819 2379 2874 omnibus
2408 2821 2516 2874 suis
2545 2823 2899 2890 conSortibus,
2928 2833 2982 2879 et
3007 2827 3263 2881 rationem
3302 2828 3559 2884 factorum
3591 2832 3715 2884 red-

2135 2908 2314 2975 deret,
2347 2927 2517 2979 neque
2558 2911 2802 2967 sufficere
2844 2926 3052 2984 putaret
3079 2918 3142 2971 ad
3173 2918 3531 2975 defensionem
3562 2935 3710 2976 suam

2136 3017 2196 3056 ea
2220 3019 2336 3071 qua:
2365 3012 2468 3057 tam
2501 3005 2692 3074 injuste
2717 3007 2782 3059 ab
2814 3024 2914 3061 una
2942 3019 3088 3078 parte
3112 3011 3263 3065 nobis
3287 3012 3594 3070 absentibus
3622 3029 3712 3081 pa-

2136 3102 2267 3147 trata
2299 3092 2524 3159 fuerant,
2553 3097 2709 3150 etiam
2738 3107 2920 3151 contra
2958 3109 3032 3152 tot
3067 3115 3317 3156 canones.
3369 3102 3460 3156 Ille
3489 3118 3614 3156 vero
3644 3119 3710 3156 ne

2137 3183 2495 3252 lmperatoriis
2542 3187 2752 3255 quidem
2800 3188 2964 3240 literis
3001 3190 3413 3259 obtemperavit,
3443 3191 3535 3246 sed
3565 3192 3709 3246 domi

2135 3275 2346 3335 mansit.
2387 3285 2680 3344 prmtexens
2720 3276 3033 3331 seditionem
3077 3280 3252 3346 populi
3290 3288 3344 3333 et
3383 3281 3709 3349 intempesti-

2135 3381 2255 3419 vum
2277 3366 2504 3420 studium
2532 3368 2878 3436 quorumdam
2907 3370 3104 3423 scilicet
3131 3371 3216 3439 qui
3242 3372 3286 3424 ei
3318 3371 3580 3434 faverent;
3608 3373 3707 3427 etsi

2134 3467 2262 3511 ante
2290 3459 2382 3511 has
2407 3458 2774 3524 Imperatorias
2801 3461 2979 3514 literas
3007 3461 3118 3515 haec
3144 3463 3254 3530 ipsa
3284 3463 3431 3531 plebs
3466 3464 3708 3518 innume-

2135 3548 2208 3601 ris
2233 3563 2351 3601 curn
2381 3549 2628 3602 conviciis
2661 3549 3012 3617 adsperserat.
3045 3551 3239 3605 Verum
3270 3553 3366 3605 ista
3400 3570 3501 3605 non
3535 3554 3708 3621 inqui-

2135 3639 2318 3703 rimus,
2350 3639 2440 3692 sed
2480 3639 2760 3693 ostendere
2791 3641 3023 3694 volentes
3048 3644 3185 3710 quod
3224 3644 3271 3695 in
3301 3643 3557 3698 maleficio
3585 3662 3701 3713 per-

2135 3733 2403 3792 manserit,
2451 3731 2562 3784 haec
2594 3732 2846 3785 diximus.
2888 3732 3147 3787 Czeterum
3176 3750 3240 3788 ne
3266 3739 3341 3789 sic
3367 3735 3575 3803 quidem
3610 3752 3708 3791 nos

2134 3823 2556 3891 quievimus,scd
2586 3824 2868 3876 institimus
2890 3825 3231 3891 postulantes.
3260 3827 3583 3893 utjudieium
3616 3829 3708 3879 ha-

2136 3915 2348 3970 beretur
2390 3915 2676 3969 secundum
2711 3917 3027 3984 interrogata
3072 3927 3124 3970 et
3162 3932 3413 3986 responsa
3449 3937 3461 3970 :
3493 3929 3706 3987 paratus

2134 4009 2274 4060 enim
2308 4023 2426 4061 esse
2455 4008 2759 4062 dicebamus
2779 4007 3061 4062 ostendere
3083 4025 3176 4063 nos
3194 4011 3343 4078 culpa
3363 4025 3567 4073 vacare,
3590 4011 3706 4064 illus

2133 4109 2306 4153 autem
2337 4110 2572 4153 extrema
2608 4115 2828 4167 qumque
2853 4115 3170 4182 ausos‘esse.
3205 4100 3298 4154 llic
3323 4103 3462 4154 enim
3494 4117 3708 4154 reman-

2133 4200 2312 4243 serant
2356 4190 2609 4259 Syrorum
2653 4190 2864 4258 quidam
2891 4189 2979 4257 qui
3021 4200 3142 4244 tunc
3170 4190 3464 4256 adfuerant,
3510 4201 3564 4246 et
3602 4209 3704 4245 una

2133 4297 2249 4334 cum
2275 4281 2388 4348 ipso
2413 4281 2587 4334 omnia
2611 4290 2894 4348 patrarant.
2927 4281 3095 4334 Etiam
3114 4282 3363 4335 adversus
3389 4283 3515 4335 istos
3541 4286 3702 4348 parati

2132 4389 2342 4426 eramus
2381 4373 2629 4440 judicium
2673 4372 2871 4436 subire,
2916 4382 2969 4425 et
3009 4373 3199 4441 SCPpiltS
3243 4388 3400 4440 super
3425 4374 3514 4427 illo
3545 4374 3708 4427 inter-

2134 4465 2469 4533 pellavimus,
2504 4474 2747 4532 rogantes
2780 4472 2836 4517 ut
2861 4473 2950 4516 aut
2985 4473 3096 4517 acta
3132 4464 3282 4518 nobis
3318 4464 3587 4527 darentur,
3616 4473 3707 4518 aut

2133 4555 2292 4608 libelli
2323 4564 2706 4618 accusatorum,
2742 4562 2832 4606 aut
2868 4553 3146 4606 criminum
3177 4569 3341 4621 genus
3367 4555 3702 4609 examinare-

2135 4654 2238 4710 tur,
2271 4653 2360 4696 aut
2403 4645 2500 4712 ipsi
2547 4653 2911 4703 accusatores;
2959 4654 3010 4695 et
3052 4643 3179 4696 nihil
3227 4644 3410 4696 horum
3458 4645 3705 4712 impetra-

2135 4735 2327 4797 vimus,
2356 4733 2446 4787 sed
2480 4748 2658 4786 rursus
2687 4732 2919 4786 Ecclesia
2957 4732 3159 4801 expulsi
3202 4747 3404 4786 sumus.
3455 4733 3569 4800 Quo
3611 4750 3705 4800 pa-

2131 4837 2216 4880 cto
2241 4843 2358 4894 qua:
2383 4824 2503 4879 inde
2528 4835 2642 4878 acta
2673 4834 2796 4877 sunt
2825 4825 3074 4892 deinceps
3102 4839 3317 4878 narrare
3347 4841 3558 4892 queam,
3585 4842 3705 4894 qua:

2132 4931 2343 4970 omnem
2390 4924 2640 4983 superant
2689 4915 3031 4983 tragoediam?
3072 4915 3189 4982 quis
3232 4929 3295 4968 ea
3337 4929 3512 4968 seruio
3550 4917 3702 4968 cxiii-

2135 5005 2316 5059 bebit?
2357 5021 2474 5074 qua:
2513 5005 2654 5058 auris
2699 5005 2811 5058 sine
2852 5005 3068 5058 horrore
3095 5003 3350 5072 accipiet?
3387 5003 3518 5059 Cum
3563 5007 3703 5058 enim
3782 5055 3786 5060 .

2131 5113 2192 5150 ea
2250 5098 2358 5164 ipsa
2384 5138 2397 5158 ,
2454 5097 2591 5150 sicut
2635 5105 2757 5149 ante
2801 5095 2943 5155 dixi,
2993 5094 3402 5149 obtenderemus
3440 5113 3452 5147 :
3489 5105 3706 5163 repente

2133 5188 2410 5243 multitudo
2459 5189 2682 5241 militum
2728 5189 2842 5255 ipso
2885 5201 3073 5256 magno
3116 5187 3369 5252 sabbato,
3412 5186 3477 5240 ad
3515 5202 3705 5256 vespe-

2133 5296 2244 5333 ram
2274 5279 2381 5348 jam
2411 5279 2694 5332 inclinante
2723 5277 2808 5331 die
2827 5319 2841 5343 ,
2873 5278 2923 5330 in
2951 5277 3203 5331 ecclesias
3232 5278 3437 5331 irruens
3457 5318 3472 5342 ,
3503 5277 3702 5331 clerum

2133 5385 2345 5424 onmem
2394 5369 2480 5440 qui
2532 5368 2804 5421 nobiseum
2844 5377 2978 5432 erat,
3015 5367 3064 5418 vi
3112 5367 3402 5434 ejeeerunt,
3445 5375 3499 5421 et
3545 5369 3706 5420 armis
3763 5396 3768 5400 -

2135 5462 2299 5514 altare
2332 5460 2560 5528 undique
2590 5458 2993 5512 circumsessum
3041 5467 3159 5509 est:
3207 5466 3260 5510 et
3301 5457 3550 5510 mulieres
3588 5472 3704 5526 qua:

2135 5554 2187 5606 in
2241 5551 2407 5606 sacris
2470 5549 2674 5602 :edibus
2731 5548 2781 5601 id
2844 5547 3095 5616 temporis
3151 5548 3216 5601 ad
3272 5548 3587 5616 baptismum
3649 5562 3709 5600 se
3757 5541 3798 5594 Ἴ

2134 5649 2430 5706 exuerant,
2494 5649 2635 5693 metu
2701 5639 2907 5692 acerba:
2976 5638 3114 5692 illius
3175 5638 3482 5707 irruptionis
3550 5638 3707 5690 nudae

2134 5735 2448 5803 aufugerunt
2471 5748 2485 5794 ;
2517 5747 2636 5784 cum
2665 5747 2732 5785 ne
2756 5745 2870 5783 eam
2898 5729 3112 5800 quidem
3142 5746 3259 5799 qua:
3279 5729 3530 5784 mulieres
3555 5729 3710 5785 decet

2135 5836 2336 5880 vestem
2367 5824 2585 5879 induere
2608 5826 3064 5892 permitterentur.
3095 5821 3268 5877 Multa:
3291 5822 3450 5878 etiam
3467 5825 3713 5895 acceptis
