  <div class='ocr_page' id='page_1' title='image "/cluster/home/n/w/nwhite01/storage/ocr_20150623/47/nnc1.0046978321/067.png"; bbox 0 0 4114 6392; ppageno 0'>
   <div class='ocr_carea' id='block_1_1' title="bbox 339 385 3632 474">
    <p class='ocr_par' dir='ltr' id='par_1_1' title="bbox 339 385 3632 474">
     <span class='ocr_line' id='line_1_1' title="bbox 339 385 3632 474; baseline -0.009 -13"><span class='ocrx_word' id='word_1_1' title='bbox 339 420 394 474; x_wconf 75' lang='grc' dir='ltr'><strong>ιι</strong></span> <span class='ocrx_word' id='word_1_2' title='bbox 1620 388 1944 449; x_wconf 81' lang='lat' dir='ltr'><strong>PALLADll</strong></span> <span class='ocrx_word' id='word_1_3' title='bbox 1980 385 2323 445; x_wconf 82' lang='lat' dir='ltr'><strong>DlALOGUS</strong></span> <span class='ocrx_word' id='word_1_4' title='bbox 3561 389 3632 446; x_wconf 73' lang='grc' dir='ltr'><strong><em>η</em></strong></span> 
     </span>
    </p>
   </div>
   <div class='ocr_carea' id='block_1_2' title="bbox 347 511 1944 586">
    <p class='ocr_par' dir='ltr' id='par_1_2' title="bbox 347 511 1944 586">
     <span class='ocr_line' id='line_1_2' title="bbox 347 511 1944 586; baseline -0.013 -2"><span class='ocrx_word' id='word_1_5' title='bbox 347 523 669 586; x_wconf 70' lang='lat' dir='ltr'><strong>vulneribus</strong></span> <span class='ocrx_word' id='word_1_6' title='bbox 709 520 1154 582; x_wconf 80' lang='lat' dir='ltr'><strong>exturbabantur,</strong></span> <span class='ocrx_word' id='word_1_7' title='bbox 1186 524 1242 572; x_wconf 91' lang='lat' dir='ltr'><strong>et</strong></span> <span class='ocrx_word' id='word_1_8' title='bbox 1284 511 1546 584; x_wconf 83' lang='lat' dir='ltr'><strong>sanguine</strong></span> <span class='ocrx_word' id='word_1_9' title='bbox 1585 511 1944 581; x_wconf 76' lang='lat' dir='ltr'><strong>implebantur</strong></span> 
     </span>
    </p>
   </div>
   <div class='ocr_carea' id='block_1_3' title="bbox 357 601 1946 695">
    <p class='ocr_par' dir='ltr' id='par_1_3' title="bbox 357 601 1946 695">
     <span class='ocr_line' id='line_1_3' title="bbox 357 601 1946 695; baseline -0.016 -16"><span class='ocrx_word' id='word_1_10' title='bbox 357 622 599 695; x_wconf 69' lang='lat' dir='ltr'><strong>piscinae,</strong></span> <span class='ocrx_word' id='word_1_11' title='bbox 629 627 688 675; x_wconf 89' lang='lat' dir='ltr'><strong>et</strong></span> <span class='ocrx_word' id='word_1_12' title='bbox 711 615 850 672; x_wconf 85' lang='lat' dir='ltr'><strong>sacri</strong></span> <span class='ocrx_word' id='word_1_13' title='bbox 893 612 1078 668; x_wconf 77' lang='lat' dir='ltr'><strong>latices</strong></span> <span class='ocrx_word' id='word_1_14' title='bbox 1109 622 1302 665; x_wconf 85' lang='lat' dir='ltr'><strong>cruore</strong></span> <span class='ocrx_word' id='word_1_15' title='bbox 1345 604 1723 661; x_wconf 89' lang='lat' dir='ltr'><strong>rubescebant.</strong></span> <span class='ocrx_word' id='word_1_16' title='bbox 1762 601 1946 672; x_wconf 85' lang='lat' dir='ltr'><strong>Neque</strong></span> 
     </span>
    </p>
   </div>
   <div class='ocr_carea' id='block_1_4' title="bbox 356 693 1946 771">
    <p class='ocr_par' dir='ltr' id='par_1_4' title="bbox 356 693 1946 771">
     <span class='ocr_line' id='line_1_4' title="bbox 356 693 1946 771; baseline -0.015 -1"><span class='ocrx_word' id='word_1_17' title='bbox 356 693 448 771; x_wconf 79' lang='lat' dir='ltr'><strong>hic</strong></span> <span class='ocrx_word' id='word_1_18' title='bbox 466 710 666 768; x_wconf 87' lang='lat' dir='ltr'><strong>malum</strong></span> <span class='ocrx_word' id='word_1_19' title='bbox 705 705 965 771; x_wconf 73' lang='lat' dir='ltr'><strong>substitit,</strong></span> <span class='ocrx_word' id='word_1_20' title='bbox 997 701 1093 759; x_wconf 92' lang='lat' dir='ltr'><strong>sed</strong></span> <span class='ocrx_word' id='word_1_21' title='bbox 1134 700 1223 756; x_wconf 94' lang='lat' dir='ltr'><strong>ubi</strong></span> <span class='ocrx_word' id='word_1_22' title='bbox 1252 712 1404 755; x_wconf 90' lang='lat' dir='ltr'><strong>sacra</strong></span> <span class='ocrx_word' id='word_1_23' title='bbox 1432 697 1585 752; x_wconf 87' lang='lat' dir='ltr'><strong>erant</strong></span> <span class='ocrx_word' id='word_1_24' title='bbox 1607 693 1842 766; x_wconf 87' lang='lat' dir='ltr'><strong>reposita</strong></span> <span class='ocrx_word' id='word_1_25' title='bbox 1870 693 1946 747; x_wconf 88' lang='lat' dir='ltr'><strong>ir-</strong></span> 
     </span>
    </p>
   </div>
   <div class='ocr_carea' id='block_1_5' title="bbox 354 783 1946 876">
    <p class='ocr_par' dir='ltr' id='par_1_5' title="bbox 354 783 1946 876">
     <span class='ocr_line' id='line_1_5' title="bbox 354 783 1946 876; baseline -0.016 -14"><span class='ocrx_word' id='word_1_26' title='bbox 354 811 707 876; x_wconf 80' lang='lat' dir='ltr'><strong>rumpentes,</strong></span> <span class='ocrx_word' id='word_1_27' title='bbox 737 811 964 872; x_wconf 90' lang='lat' dir='ltr'><strong>quorum</strong></span> <span class='ocrx_word' id='word_1_28' title='bbox 995 793 1158 865; x_wconf 89' lang='lat' dir='ltr'><strong>aliqui</strong></span> <span class='ocrx_word' id='word_1_29' title='bbox 1183 834 1200 861; x_wconf 88' lang='lat'><strong>,</strong></span> <span class='ocrx_word' id='word_1_30' title='bbox 1230 798 1292 845; x_wconf 91' lang='lat' dir='ltr'><strong>ut</strong></span> <span class='ocrx_word' id='word_1_31' title='bbox 1331 787 1693 858; x_wconf 82' lang='lat' dir='ltr'><strong>comperimus</strong></span> <span class='ocrx_word' id='word_1_32' title='bbox 1716 827 1734 853; x_wconf 92' lang='lat'><strong>,</strong></span> <span class='ocrx_word' id='word_1_33' title='bbox 1766 800 1834 839; x_wconf 91' lang='lat' dir='ltr'><strong>ne</strong></span> <span class='ocrx_word' id='word_1_34' title='bbox 1860 783 1946 837; x_wconf 84' lang='lat' dir='ltr'><strong>in-</strong></span> 
     </span>
    </p>
   </div>
   <div class='ocr_carea' id='block_1_6' title="bbox 354 876 1948 967">
    <p class='ocr_par' dir='ltr' id='par_1_6' title="bbox 354 876 1948 967">
     <span class='ocr_line' id='line_1_6' title="bbox 354 876 1948 967; baseline -0.016 -14"><span class='ocrx_word' id='word_1_35' title='bbox 354 895 494 953; x_wconf 91' lang='lat' dir='ltr'><strong>itiati</strong></span> <span class='ocrx_word' id='word_1_36' title='bbox 533 893 748 967; x_wconf 89' lang='lat' dir='ltr'><strong>quidem</strong></span> <span class='ocrx_word' id='word_1_37' title='bbox 786 898 978 957; x_wconf 90' lang='lat' dir='ltr'><strong>erant,</strong></span> <span class='ocrx_word' id='word_1_38' title='bbox 1025 894 1080 943; x_wconf 89' lang='lat' dir='ltr'><strong>et</strong></span> <span class='ocrx_word' id='word_1_39' title='bbox 1105 884 1355 939; x_wconf 87' lang='lat' dir='ltr'><strong>viderunt</strong></span> <span class='ocrx_word' id='word_1_40' title='bbox 1401 880 1578 936; x_wconf 90' lang='lat' dir='ltr'><strong>omnia</strong></span> <span class='ocrx_word' id='word_1_41' title='bbox 1631 891 1753 949; x_wconf 67' lang='lat' dir='ltr'><strong>quae</strong></span> <span class='ocrx_word' id='word_1_42' title='bbox 1805 876 1948 930; x_wconf 86' lang='lat' dir='ltr'><strong>intus</strong></span> 
     </span>
    </p>
   </div>
   <div class='ocr_carea' id='block_1_7' title="bbox 355 969 1948 1044">
    <p class='ocr_par' dir='ltr' id='par_1_7' title="bbox 355 969 1948 1044">
     <span class='ocr_line' id='line_1_7' title="bbox 355 969 1948 1044; baseline -0.014 0"><span class='ocrx_word' id='word_1_43' title='bbox 355 995 516 1044; x_wconf 84' lang='lat' dir='ltr'><strong>erant</strong></span> <span class='ocrx_word' id='word_1_44' title='bbox 545 1004 561 1042; x_wconf 96' lang='lat'><strong>:</strong></span> <span class='ocrx_word' id='word_1_45' title='bbox 607 995 661 1042; x_wconf 91' lang='lat' dir='ltr'><strong>et</strong></span> <span class='ocrx_word' id='word_1_46' title='bbox 688 981 1058 1040; x_wconf 89' lang='lat' dir='ltr'><strong>sanctissimus</strong></span> <span class='ocrx_word' id='word_1_47' title='bbox 1084 975 1282 1033; x_wconf 85' lang='lat' dir='ltr'><strong>Christi</strong></span> <span class='ocrx_word' id='word_1_48' title='bbox 1322 973 1573 1043; x_wconf 79' lang='lat' dir='ltr'><strong>sanguis,</strong></span> <span class='ocrx_word' id='word_1_49' title='bbox 1619 979 1680 1025; x_wconf 90' lang='lat' dir='ltr'><strong>ut</strong></span> <span class='ocrx_word' id='word_1_50' title='bbox 1712 969 1767 1024; x_wconf 91' lang='lat' dir='ltr'><strong>in</strong></span> <span class='ocrx_word' id='word_1_51' title='bbox 1799 977 1948 1023; x_wconf 90' lang='lat' dir='ltr'><strong>tanto</strong></span> 
     </span>
    </p>
   </div>
   <div class='ocr_carea' id='block_1_8' title="bbox 361 1058 1949 1146">
    <p class='ocr_par' dir='ltr' id='par_1_8' title="bbox 361 1058 1949 1146">
     <span class='ocr_line' id='line_1_8' title="bbox 361 1058 1949 1146; baseline -0.017 -8"><span class='ocrx_word' id='word_1_52' title='bbox 361 1081 626 1146; x_wconf 84' lang='lat' dir='ltr'><strong>tumultu,</strong></span> <span class='ocrx_word' id='word_1_53' title='bbox 667 1078 722 1132; x_wconf 91' lang='lat' dir='ltr'><strong>in</strong></span> <span class='ocrx_word' id='word_1_54' title='bbox 767 1073 1145 1146; x_wconf 69' lang='lat' dir='ltr'><strong>praedictorum</strong></span> <span class='ocrx_word' id='word_1_55' title='bbox 1188 1076 1369 1123; x_wconf 79' lang='lat' dir='ltr'><strong>vestes</strong></span> <span class='ocrx_word' id='word_1_56' title='bbox 1409 1061 1800 1126; x_wconf 83' lang='lat' dir='ltr'><strong>effundebatur,</strong></span> <span class='ocrx_word' id='word_1_57' title='bbox 1850 1058 1949 1112; x_wconf 81' lang='lat' dir='ltr'><strong>fie—</strong></span> 
     </span>
    </p>
   </div>
   <div class='ocr_carea' id='block_1_9' title="bbox 357 1149 1952 1242">
    <p class='ocr_par' dir='ltr' id='par_1_9' title="bbox 357 1149 1952 1242">
     <span class='ocr_line' id='line_1_9' title="bbox 357 1149 1952 1242; baseline -0.019 -11"><span class='ocrx_word' id='word_1_58' title='bbox 357 1173 596 1242; x_wconf 84' lang='lat' dir='ltr'><strong>bantque</strong></span> <span class='ocrx_word' id='word_1_59' title='bbox 621 1168 834 1232; x_wconf 84' lang='lat' dir='ltr'><strong>omnia,</strong></span> <span class='ocrx_word' id='word_1_60' title='bbox 856 1173 914 1221; x_wconf 88' lang='lat' dir='ltr'><strong>ut</strong></span> <span class='ocrx_word' id='word_1_61' title='bbox 962 1179 1018 1218; x_wconf 87' lang='grc' dir='ltr'><strong>ιιι</strong></span> <span class='ocrx_word' id='word_1_62' title='bbox 1063 1159 1342 1216; x_wconf 89' lang='lat' dir='ltr'><strong>barbarica</strong></span> <span class='ocrx_word' id='word_1_63' title='bbox 1386 1154 1716 1226; x_wconf 85' lang='lat' dir='ltr'><strong>captivitate.</strong></span> <span class='ocrx_word' id='word_1_64' title='bbox 1745 1149 1952 1219; x_wconf 76' lang='lat' dir='ltr'><strong>Vulgus</strong></span> 
     </span>
    </p>
   </div>
   <div class='ocr_carea' id='block_1_10' title="bbox 360 1242 1952 1327">
    <p class='ocr_par' dir='ltr' id='par_1_10' title="bbox 360 1242 1952 1327">
     <span class='ocr_line' id='line_1_10' title="bbox 360 1242 1952 1327; baseline -0.015 -8"><span class='ocrx_word' id='word_1_65' title='bbox 360 1264 419 1319; x_wconf 89' lang='lat' dir='ltr'><strong>in</strong></span> <span class='ocrx_word' id='word_1_66' title='bbox 468 1260 814 1320; x_wconf 88' lang='lat' dir='ltr'><strong>solitudinem</strong></span> <span class='ocrx_word' id='word_1_67' title='bbox 857 1253 1258 1327; x_wconf 87' lang='lat' dir='ltr'><strong>expellebatur,</strong></span> <span class='ocrx_word' id='word_1_68' title='bbox 1293 1257 1348 1306; x_wconf 91' lang='lat' dir='ltr'><strong>et</strong></span> <span class='ocrx_word' id='word_1_69' title='bbox 1394 1248 1676 1304; x_wconf 91' lang='lat' dir='ltr'><strong>universus</strong></span> <span class='ocrx_word' id='word_1_70' title='bbox 1724 1242 1952 1314; x_wconf 88' lang='lat' dir='ltr'><strong>populus</strong></span> 
     </span>
    </p>
   </div>
   <div class='ocr_carea' id='block_1_11' title="bbox 363 1333 1953 1419">
    <p class='ocr_par' dir='ltr' id='par_1_11' title="bbox 363 1333 1953 1419">
     <span class='ocr_line' id='line_1_11' title="bbox 363 1333 1953 1419; baseline -0.016 -8"><span class='ocrx_word' id='word_1_71' title='bbox 363 1365 515 1411; x_wconf 82' lang='lat' dir='ltr'><strong>extra</strong></span> <span class='ocrx_word' id='word_1_72' title='bbox 568 1354 843 1410; x_wconf 88' lang='lat' dir='ltr'><strong>civitatem</strong></span> <span class='ocrx_word' id='word_1_73' title='bbox 891 1348 1167 1419; x_wconf 89' lang='lat' dir='ltr'><strong>fugiebat,</strong></span> <span class='ocrx_word' id='word_1_74' title='bbox 1214 1350 1473 1412; x_wconf 89' lang='lat' dir='ltr'><strong>erantque</strong></span> <span class='ocrx_word' id='word_1_75' title='bbox 1523 1338 1578 1393; x_wconf 92' lang='lat' dir='ltr'><strong>in</strong></span> <span class='ocrx_word' id='word_1_76' title='bbox 1621 1343 1773 1391; x_wconf 90' lang='lat' dir='ltr'><strong>tanto</strong></span> <span class='ocrx_word' id='word_1_77' title='bbox 1815 1333 1953 1388; x_wconf 87' lang='lat' dir='ltr'><strong>festo</strong></span> 
     </span>
    </p>
   </div>
   <div class='ocr_carea' id='block_1_12' title="bbox 361 1424 1952 1516">
    <p class='ocr_par' dir='ltr' id='par_1_12' title="bbox 361 1424 1952 1516">
     <span class='ocr_line' id='line_1_12' title="bbox 361 1424 1952 1516; baseline -0.018 -11"><span class='ocrx_word' id='word_1_78' title='bbox 361 1462 548 1505; x_wconf 72' lang='lat' dir='ltr'><strong>vacuae</strong></span> <span class='ocrx_word' id='word_1_79' title='bbox 586 1444 798 1516; x_wconf 88' lang='lat' dir='ltr'><strong>populis</strong></span> <span class='ocrx_word' id='word_1_80' title='bbox 824 1439 1097 1504; x_wconf 69' lang='lat' dir='ltr'><strong>ecclesiae,</strong></span> <span class='ocrx_word' id='word_1_81' title='bbox 1126 1445 1181 1492; x_wconf 90' lang='lat' dir='ltr'><strong>et</strong></span> <span class='ocrx_word' id='word_1_82' title='bbox 1209 1435 1393 1506; x_wconf 90' lang='lat' dir='ltr'><strong>plures</strong></span> <span class='ocrx_word' id='word_1_83' title='bbox 1418 1445 1576 1502; x_wconf 91' lang='lat' dir='ltr'><strong>quam</strong></span> <span class='ocrx_word' id='word_1_84' title='bbox 1603 1424 1952 1499; x_wconf 90' lang='lat' dir='ltr'><strong>quadraginta</strong></span> 
     </span>
    </p>
   </div>
   <div class='ocr_carea' id='block_1_13' title="bbox 363 1515 1956 1610">
    <p class='ocr_par' dir='ltr' id='par_1_13' title="bbox 363 1515 1956 1610">
     <span class='ocr_line' id='line_1_13' title="bbox 363 1515 1956 1610; baseline -0.018 -14"><span class='ocrx_word' id='word_1_85' title='bbox 363 1515 604 1610; x_wconf 86' lang='lat' dir='ltr'><strong>episcopi</strong></span> <span class='ocrx_word' id='word_1_86' title='bbox 624 1578 639 1603; x_wconf 96' lang='lat'><strong>,</strong></span> <span class='ocrx_word' id='word_1_87' title='bbox 669 1535 760 1605; x_wconf 89' lang='lat' dir='ltr'><strong>qui</strong></span> <span class='ocrx_word' id='word_1_88' title='bbox 785 1532 1066 1588; x_wconf 91' lang='lat' dir='ltr'><strong>nobiscum</strong></span> <span class='ocrx_word' id='word_1_89' title='bbox 1100 1521 1566 1582; x_wconf 89' lang='lat' dir='ltr'><strong>communicabant</strong></span> <span class='ocrx_word' id='word_1_90' title='bbox 1587 1559 1605 1586; x_wconf 95' lang='lat'><strong>,</strong></span> <span class='ocrx_word' id='word_1_91' title='bbox 1634 1532 1755 1574; x_wconf 89' lang='lat' dir='ltr'><strong>cum</strong></span> <span class='ocrx_word' id='word_1_92' title='bbox 1796 1515 1956 1585; x_wconf 88' lang='lat' dir='ltr'><strong>plebe</strong></span> 
     </span>
    </p>
   </div>
   <div class='ocr_carea' id='block_1_14' title="bbox 365 1606 1955 1688">
    <p class='ocr_par' dir='ltr' id='par_1_14' title="bbox 365 1606 1955 1688">
     <span class='ocr_line' id='line_1_14' title="bbox 365 1606 1955 1688; baseline -0.018 -2"><span class='ocrx_word' id='word_1_93' title='bbox 365 1606 568 1686; x_wconf 80' lang='lat' dir='ltr'><strong>temere</strong></span> <span class='ocrx_word' id='word_1_94' title='bbox 593 1635 649 1682; x_wconf 93' lang='lat' dir='ltr'><strong>et</strong></span> <span class='ocrx_word' id='word_1_95' title='bbox 678 1624 817 1680; x_wconf 90' lang='lat' dir='ltr'><strong>nulla</strong></span> <span class='ocrx_word' id='word_1_96' title='bbox 845 1623 913 1677; x_wconf 91' lang='lat' dir='ltr'><strong>de</strong></span> <span class='ocrx_word' id='word_1_97' title='bbox 940 1633 1100 1676; x_wconf 87' lang='lat' dir='ltr'><strong>causa</strong></span> <span class='ocrx_word' id='word_1_98' title='bbox 1122 1615 1474 1688; x_wconf 84' lang='lat' dir='ltr'><strong>pellebantur.</strong></span> <span class='ocrx_word' id='word_1_99' title='bbox 1500 1610 1705 1679; x_wconf 88' lang='lat' dir='ltr'><strong>Ubique</strong></span> <span class='ocrx_word' id='word_1_100' title='bbox 1723 1606 1955 1661; x_wconf 86' lang='lat' dir='ltr'><strong>ululatus</strong></span> 
     </span>
    </p>
   </div>
   <div class='ocr_carea' id='block_1_15' title="bbox 367 1695 1953 1786">
    <p class='ocr_par' dir='ltr' id='par_1_15' title="bbox 367 1695 1953 1786">
     <span class='ocr_line' id='line_1_15' title="bbox 367 1695 1953 1786; baseline -0.017 -10"><span class='ocrx_word' id='word_1_101' title='bbox 367 1731 423 1776; x_wconf 86' lang='lat' dir='ltr'><strong>et</strong></span> <span class='ocrx_word' id='word_1_102' title='bbox 450 1721 683 1786; x_wconf 78' lang='lat' dir='ltr'><strong>lamenta</strong></span> <span class='ocrx_word' id='word_1_103' title='bbox 705 1724 760 1771; x_wconf 91' lang='lat' dir='ltr'><strong>et</strong></span> <span class='ocrx_word' id='word_1_104' title='bbox 796 1713 954 1769; x_wconf 86' lang='lat' dir='ltr'><strong>ﬂetus</strong></span> <span class='ocrx_word' id='word_1_105' title='bbox 982 1720 1036 1766; x_wconf 90' lang='lat' dir='ltr'><strong>et</strong></span> <span class='ocrx_word' id='word_1_106' title='bbox 1077 1710 1250 1763; x_wconf 90' lang='lat' dir='ltr'><strong>fontes</strong></span> <span class='ocrx_word' id='word_1_107' title='bbox 1293 1705 1652 1776; x_wconf 72' lang='lat' dir='ltr'><strong>lacrymarum</strong></span> <span class='ocrx_word' id='word_1_108' title='bbox 1685 1714 1780 1768; x_wconf 92' lang='lat' dir='ltr'><strong>per</strong></span> <span class='ocrx_word' id='word_1_109' title='bbox 1817 1695 1953 1763; x_wconf 89' lang='lat' dir='ltr'><strong>fora,</strong></span> 
     </span>
    </p>
   </div>
   <div class='ocr_carea' id='block_1_16' title="bbox 369 1791 1956 1888">
    <p class='ocr_par' dir='ltr' id='par_1_16' title="bbox 369 1791 1956 1888">
     <span class='ocr_line' id='line_1_16' title="bbox 369 1791 1956 1888; baseline -0.018 -16"><span class='ocrx_word' id='word_1_110' title='bbox 369 1827 468 1888; x_wconf 83' lang='lat' dir='ltr'><strong>per</strong></span> <span class='ocrx_word' id='word_1_111' title='bbox 492 1815 683 1870; x_wconf 89' lang='lat' dir='ltr'><strong>domos</strong></span> <span class='ocrx_word' id='word_1_112' title='bbox 708 1853 724 1878; x_wconf 94' lang='lat'><strong>,</strong></span> <span class='ocrx_word' id='word_1_113' title='bbox 774 1823 872 1880; x_wconf 60' lang='lat' dir='ltr'><strong>per</strong></span> <span class='ocrx_word' id='word_1_114' title='bbox 894 1804 1216 1864; x_wconf 65' lang='lat' dir='ltr'><strong>solitudines</strong></span> <span class='ocrx_word' id='word_1_115' title='bbox 1247 1817 1262 1854; x_wconf 91' lang='lat'><strong>:</strong></span> <span class='ocrx_word' id='word_1_116' title='bbox 1307 1807 1360 1854; x_wconf 91' lang='lat' dir='ltr'><strong>ct</strong></span> <span class='ocrx_word' id='word_1_117' title='bbox 1393 1811 1583 1852; x_wconf 87' lang='lat' dir='ltr'><strong>omnes</strong></span> <span class='ocrx_word' id='word_1_118' title='bbox 1610 1791 1838 1849; x_wconf 90' lang='lat' dir='ltr'><strong>civitatis</strong></span> <span class='ocrx_word' id='word_1_119' title='bbox 1865 1805 1956 1844; x_wconf 86' lang='lat' dir='ltr'><strong>re-</strong></span> 
     </span>
    </p>
   </div>
   <div class='ocr_carea' id='block_1_17' title="bbox 368 1881 1964 1980">
    <p class='ocr_par' dir='ltr' id='par_1_17' title="bbox 368 1881 1964 1980">
     <span class='ocr_line' id='line_1_17' title="bbox 368 1881 1964 1980; baseline -0.019 -17"><span class='ocrx_word' id='word_1_120' title='bbox 368 1881 556 1980; x_wconf 73' lang='lat' dir='ltr'><strong>giones</strong></span> <span class='ocrx_word' id='word_1_121' title='bbox 577 1905 660 1959; x_wconf 89' lang='lat' dir='ltr'><strong>his</strong></span> <span class='ocrx_word' id='word_1_122' title='bbox 686 1897 1080 1959; x_wconf 78' lang='lat' dir='ltr'><strong>calamitatibus</strong></span> <span class='ocrx_word' id='word_1_123' title='bbox 1108 1892 1486 1964; x_wconf 87' lang='lat' dir='ltr'><strong>implebantur.</strong></span> <span class='ocrx_word' id='word_1_124' title='bbox 1517 1886 1648 1942; x_wconf 87' lang='lat' dir='ltr'><strong>Nam</strong></span> <span class='ocrx_word' id='word_1_125' title='bbox 1672 1884 1740 1939; x_wconf 89' lang='lat' dir='ltr'><strong>ob</strong></span> <span class='ocrx_word' id='word_1_126' title='bbox 1765 1881 1964 1952; x_wconf 89' lang='lat' dir='ltr'><strong>iniqui-</strong></span> 
     </span>
    </p>
   </div>
   <div class='ocr_carea' id='block_1_18' title="bbox 369 1970 1961 2068">
    <p class='ocr_par' dir='ltr' id='par_1_18' title="bbox 369 1970 1961 2068">
     <span class='ocr_line' id='line_1_18' title="bbox 369 1970 1961 2068; baseline -0.019 -14"><span class='ocrx_word' id='word_1_127' title='bbox 369 1970 496 2068; x_wconf 62' lang='lat' dir='ltr'><strong>tatis</strong></span> <span class='ocrx_word' id='word_1_128' title='bbox 518 1992 938 2066; x_wconf 83' lang='lat' dir='ltr'><strong>magnitudinem</strong></span> <span class='ocrx_word' id='word_1_129' title='bbox 980 2002 1086 2042; x_wconf 91' lang='lat' dir='ltr'><strong>non</strong></span> <span class='ocrx_word' id='word_1_130' title='bbox 1131 1985 1307 2040; x_wconf 92' lang='lat' dir='ltr'><strong>solum</strong></span> <span class='ocrx_word' id='word_1_131' title='bbox 1334 1981 1424 2051; x_wconf 90' lang='lat' dir='ltr'><strong>qui</strong></span> <span class='ocrx_word' id='word_1_132' title='bbox 1477 1970 1961 2049; x_wconf 90' lang='lat' dir='ltr'><strong>patiebantur-,-sed</strong></span> 
     </span>
    </p>
   </div>
   <div class='ocr_carea' id='block_1_19' title="bbox 370 2070 1961 2161">
    <p class='ocr_par' dir='ltr' id='par_1_19' title="bbox 370 2070 1961 2161">
     <span class='ocr_line' id='line_1_19' title="bbox 370 2070 1961 2161; baseline -0.018 -13"><span class='ocrx_word' id='word_1_133' title='bbox 370 2102 428 2148; x_wconf 89' lang='lat' dir='ltr'><strong>et</strong></span> <span class='ocrx_word' id='word_1_134' title='bbox 461 2091 551 2161; x_wconf 91' lang='lat' dir='ltr'><strong>qui</strong></span> <span class='ocrx_word' id='word_1_135' title='bbox 582 2088 715 2144; x_wconf 87' lang='lat' dir='ltr'><strong>nihil</strong></span> <span class='ocrx_word' id='word_1_136' title='bbox 744 2086 852 2141; x_wconf 88' lang='lat' dir='ltr'><strong>tale</strong></span> <span class='ocrx_word' id='word_1_137' title='bbox 882 2081 1241 2155; x_wconf 88' lang='lat' dir='ltr'><strong>patiebantur,</strong></span> <span class='ocrx_word' id='word_1_138' title='bbox 1260 2076 1420 2131; x_wconf 90' lang='lat' dir='ltr'><strong>nobis</strong></span> <span class='ocrx_word' id='word_1_139' title='bbox 1442 2070 1828 2132; x_wconf 86' lang='lat' dir='ltr'><strong>condolebaut;</strong></span> <span class='ocrx_word' id='word_1_140' title='bbox 1853 2081 1961 2120; x_wconf 89' lang='lat' dir='ltr'><strong>non</strong></span> 
     </span>
    </p>
   </div>
   <div class='ocr_carea' id='block_1_20' title="bbox 373 2156 1964 2240">
    <p class='ocr_par' dir='ltr' id='par_1_20' title="bbox 373 2156 1964 2240">
     <span class='ocr_line' id='line_1_20' title="bbox 373 2156 1964 2240; baseline -0.018 -3"><span class='ocrx_word' id='word_1_141' title='bbox 373 2156 542 2238; x_wconf 87' lang='lat' dir='ltr'><strong>modo</strong></span> <span class='ocrx_word' id='word_1_142' title='bbox 579 2175 842 2235; x_wconf 88' lang='lat' dir='ltr'><strong>Catholici</strong></span> <span class='ocrx_word' id='word_1_143' title='bbox 873 2216 889 2240; x_wconf 95' lang='lat'><strong>,</strong></span> <span class='ocrx_word' id='word_1_144' title='bbox 919 2172 1014 2228; x_wconf 89' lang='lat' dir='ltr'><strong>sed</strong></span> <span class='ocrx_word' id='word_1_145' title='bbox 1042 2181 1097 2226; x_wconf 89' lang='lat' dir='ltr'><strong>et</strong></span> <span class='ocrx_word' id='word_1_146' title='bbox 1121 2165 1385 2230; x_wconf 66' lang='lat' dir='ltr'><strong>haeretici,</strong></span> <span class='ocrx_word' id='word_1_147' title='bbox 1413 2173 1468 2219; x_wconf 92' lang='lat' dir='ltr'><strong>et</strong></span> <span class='ocrx_word' id='word_1_148' title='bbox 1499 2161 1668 2218; x_wconf 66' lang='lat' dir='ltr'><strong>Judaei</strong></span> <span class='ocrx_word' id='word_1_149' title='bbox 1709 2167 1762 2215; x_wconf 91' lang='lat' dir='ltr'><strong>et</strong></span> <span class='ocrx_word' id='word_1_150' title='bbox 1789 2156 1964 2228; x_wconf 81' lang='lat' dir='ltr'><strong>genti-</strong></span> 
     </span>
    </p>
   </div>
   <div class='ocr_carea' id='block_1_21' title="bbox 370 2250 1961 2341">
    <p class='ocr_par' dir='ltr' id='par_1_21' title="bbox 370 2250 1961 2341">
     <span class='ocr_line' id='line_1_21' title="bbox 370 2250 1961 2341; baseline -0.019 -9"><span class='ocrx_word' id='word_1_151' title='bbox 370 2275 495 2331; x_wconf 85' lang='lat' dir='ltr'><strong>les:</strong></span> <span class='ocrx_word' id='word_1_152' title='bbox 528 2280 584 2328; x_wconf 90' lang='lat' dir='ltr'><strong>et</strong></span> <span class='ocrx_word' id='word_1_153' title='bbox 609 2269 759 2341; x_wconf 87' lang='lat' dir='ltr'><strong>quasi</strong></span> <span class='ocrx_word' id='word_1_154' title='bbox 803 2281 902 2339; x_wconf 88' lang='lat' dir='ltr'><strong>per</strong></span> <span class='ocrx_word' id='word_1_155' title='bbox 928 2265 1036 2319; x_wconf 88' lang='lat' dir='ltr'><strong>vim</strong></span> <span class='ocrx_word' id='word_1_156' title='bbox 1083 2270 1238 2331; x_wconf 90' lang='lat' dir='ltr'><strong>capta</strong></span> <span class='ocrx_word' id='word_1_157' title='bbox 1281 2259 1521 2323; x_wconf 90' lang='lat' dir='ltr'><strong>civitate,</strong></span> <span class='ocrx_word' id='word_1_158' title='bbox 1548 2255 1620 2309; x_wconf 90' lang='lat' dir='ltr'><strong>ita</strong></span> <span class='ocrx_word' id='word_1_159' title='bbox 1650 2253 1704 2307; x_wconf 91' lang='lat' dir='ltr'><strong>in</strong></span> <span class='ocrx_word' id='word_1_160' title='bbox 1732 2250 1961 2306; x_wconf 90' lang='lat' dir='ltr'><strong>tumultu</strong></span> 
     </span>
    </p>
   </div>
   <div class='ocr_carea' id='block_1_22' title="bbox 372 2346 1964 2438">
    <p class='ocr_par' dir='ltr' id='par_1_22' title="bbox 372 2346 1964 2438">
     <span class='ocr_line' id='line_1_22' title="bbox 372 2346 1964 2438; baseline -0.018 -14"><span class='ocrx_word' id='word_1_161' title='bbox 372 2382 438 2423; x_wconf 91' lang='lat' dir='ltr'><strong>ac</strong></span> <span class='ocrx_word' id='word_1_162' title='bbox 465 2363 864 2438; x_wconf 87' lang='lat' dir='ltr'><strong>perturbatione</strong></span> <span class='ocrx_word' id='word_1_163' title='bbox 914 2369 970 2414; x_wconf 87' lang='lat' dir='ltr'><strong>et</strong></span> <span class='ocrx_word' id='word_1_164' title='bbox 1008 2355 1294 2426; x_wconf 70' lang='lat' dir='ltr'><strong>eiulatibus</strong></span> <span class='ocrx_word' id='word_1_165' title='bbox 1339 2350 1519 2406; x_wconf 88' lang='lat' dir='ltr'><strong>omnia</strong></span> <span class='ocrx_word' id='word_1_166' title='bbox 1561 2355 1733 2402; x_wconf 88' lang='lat' dir='ltr'><strong>erant.</strong></span> <span class='ocrx_word' id='word_1_167' title='bbox 1787 2346 1964 2414; x_wconf 84' lang='lat' dir='ltr'><strong>Atque</strong></span> 
     </span>
    </p>
   </div>
   <div class='ocr_carea' id='block_1_23' title="bbox 375 2433 1960 2522">
    <p class='ocr_par' dir='ltr' id='par_1_23' title="bbox 375 2433 1960 2522">
     <span class='ocr_line' id='line_1_23' title="bbox 375 2433 1960 2522; baseline -0.018 -8"><span class='ocrx_word' id='word_1_168' title='bbox 375 2460 493 2514; x_wconf 63' lang='lat' dir='ltr'><strong>haec</strong></span> <span class='ocrx_word' id='word_1_169' title='bbox 507 2455 704 2512; x_wconf 86' lang='lat' dir='ltr'><strong>fiebant</strong></span> <span class='ocrx_word' id='word_1_170' title='bbox 720 2459 912 2522; x_wconf 84' lang='lat' dir='ltr'><strong>praeter</strong></span> <span class='ocrx_word' id='word_1_171' title='bbox 937 2445 1257 2504; x_wconf 87' lang='lat' dir='ltr'><strong>sententiam</strong></span> <span class='ocrx_word' id='word_1_172' title='bbox 1274 2437 1660 2512; x_wconf 87' lang='lat' dir='ltr'><strong>religiosissimi</strong></span> <span class='ocrx_word' id='word_1_173' title='bbox 1685 2433 1960 2506; x_wconf 86' lang='lat' dir='ltr'><strong>principis,</strong></span> 
     </span>
    </p>
   </div>
   <div class='ocr_carea' id='block_1_24' title="bbox 375 2529 1962 2616">
    <p class='ocr_par' dir='ltr' id='par_1_24' title="bbox 375 2529 1962 2616">
     <span class='ocr_line' id='line_1_24' title="bbox 375 2529 1962 2616; baseline -0.016 -10"><span class='ocrx_word' id='word_1_174' title='bbox 375 2565 502 2610; x_wconf 84' lang='lat' dir='ltr'><strong>cum</strong></span> <span class='ocrx_word' id='word_1_175' title='bbox 532 2563 640 2604; x_wconf 81' lang='lat' dir='ltr'><strong>nox</strong></span> <span class='ocrx_word' id='word_1_176' title='bbox 666 2547 978 2616; x_wconf 87' lang='lat' dir='ltr'><strong>ingrueret,</strong></span> <span class='ocrx_word' id='word_1_177' title='bbox 1022 2537 1290 2610; x_wconf 86' lang='lat' dir='ltr'><strong>episcopis</strong></span> <span class='ocrx_word' id='word_1_178' title='bbox 1336 2535 1454 2592; x_wconf 83' lang='lat' dir='ltr'><strong>haec</strong></span> <span class='ocrx_word' id='word_1_179' title='bbox 1496 2529 1962 2601; x_wconf 86' lang='lat' dir='ltr'><strong>comparantibus,</strong></span> 
     </span>
    </p>
   </div>
   <div class='ocr_carea' id='block_1_25' title="bbox 380 2620 1966 2715">
    <p class='ocr_par' dir='ltr' id='par_1_25' title="bbox 380 2620 1966 2715">
     <span class='ocr_line' id='line_1_25' title="bbox 380 2620 1966 2715; baseline -0.017 -15"><span class='ocrx_word' id='word_1_180' title='bbox 380 2659 519 2715; x_wconf 91' lang='lat' dir='ltr'><strong>quos</strong></span> <span class='ocrx_word' id='word_1_181' title='bbox 541 2657 646 2697; x_wconf 86' lang='lat' dir='ltr'><strong>non</strong></span> <span class='ocrx_word' id='word_1_182' title='bbox 672 2637 902 2709; x_wconf 88' lang='lat' dir='ltr'><strong>pudebat</strong></span> <span class='ocrx_word' id='word_1_183' title='bbox 931 2630 1373 2702; x_wconf 88' lang='lat' dir='ltr'><strong>Campiduetores</strong></span> <span class='ocrx_word' id='word_1_184' title='bbox 1401 2635 1704 2697; x_wconf 70' lang='lat' dir='ltr'><strong>prmeuntes</strong></span> <span class='ocrx_word' id='word_1_185' title='bbox 1728 2638 1824 2692; x_wconf 93' lang='lat' dir='ltr'><strong>pro</strong></span> <span class='ocrx_word' id='word_1_186' title='bbox 1848 2620 1966 2675; x_wconf 88' lang='lat' dir='ltr'><strong>dia-</strong></span> 
     </span>
    </p>
   </div>
   <div class='ocr_carea' id='block_1_26' title="bbox 377 2717 1966 2792">
    <p class='ocr_par' dir='ltr' id='par_1_26' title="bbox 377 2717 1966 2792">
     <span class='ocr_line' id='line_1_26' title="bbox 377 2717 1966 2792; baseline -0.015 0"><span class='ocrx_word' id='word_1_187' title='bbox 377 2735 529 2792; x_wconf 91' lang='lat' dir='ltr'><strong>conis</strong></span> <span class='ocrx_word' id='word_1_188' title='bbox 551 2727 883 2788; x_wconf 83' lang='lat' dir='ltr'><strong>habere.Ubi</strong></span> <span class='ocrx_word' id='word_1_189' title='bbox 911 2741 1042 2782; x_wconf 86' lang='lat' dir='ltr'><strong>vero</strong></span> <span class='ocrx_word' id='word_1_190' title='bbox 1067 2724 1242 2779; x_wconf 85' lang='lat' dir='ltr'><strong>illuxit</strong></span> <span class='ocrx_word' id='word_1_191' title='bbox 1257 2722 1392 2788; x_wconf 91' lang='lat' dir='ltr'><strong>dies,</strong></span> <span class='ocrx_word' id='word_1_192' title='bbox 1421 2718 1597 2774; x_wconf 91' lang='lat' dir='ltr'><strong>omnis</strong></span> <span class='ocrx_word' id='word_1_193' title='bbox 1612 2717 1798 2772; x_wconf 88' lang='lat' dir='ltr'><strong>civitas</strong></span> <span class='ocrx_word' id='word_1_194' title='bbox 1815 2723 1966 2770; x_wconf 83' lang='lat' dir='ltr'><strong>extra</strong></span> 
     </span>
    </p>
   </div>
   <div class='ocr_carea' id='block_1_27' title="bbox 378 2807 1968 2895">
    <p class='ocr_par' dir='ltr' id='par_1_27' title="bbox 378 2807 1968 2895">
     <span class='ocr_line' id='line_1_27' title="bbox 378 2807 1968 2895; baseline -0.018 -8"><span class='ocrx_word' id='word_1_195' title='bbox 378 2845 562 2887; x_wconf 88' lang='lat' dir='ltr'><strong>muros</strong></span> <span class='ocrx_word' id='word_1_196' title='bbox 587 2823 922 2895; x_wconf 88' lang='lat' dir='ltr'><strong>demigravit,</strong></span> <span class='ocrx_word' id='word_1_197' title='bbox 953 2819 1105 2894; x_wconf 90' lang='lat' dir='ltr'><strong>quasi</strong></span> <span class='ocrx_word' id='word_1_198' title='bbox 1133 2831 1261 2872; x_wconf 92' lang='lat' dir='ltr'><strong>oves</strong></span> <span class='ocrx_word' id='word_1_199' title='bbox 1300 2813 1580 2884; x_wconf 83' lang='lat' dir='ltr'><strong>dispersae,</strong></span> <span class='ocrx_word' id='word_1_200' title='bbox 1604 2809 1796 2864; x_wconf 89' lang='lat' dir='ltr'><strong>festum</strong></span> <span class='ocrx_word' id='word_1_201' title='bbox 1825 2807 1968 2861; x_wconf 92' lang='lat' dir='ltr'><strong>diem</strong></span> 
     </span>
    </p>
   </div>
   <div class='ocr_carea' id='block_1_28' title="bbox 385 2899 1970 2978">
    <p class='ocr_par' dir='ltr' id='par_1_28' title="bbox 385 2899 1970 2978">
     <span class='ocr_line' id='line_1_28' title="bbox 385 2899 1970 2978; baseline -0.017 0"><span class='ocrx_word' id='word_1_202' title='bbox 385 2921 666 2978; x_wconf 87' lang='lat' dir='ltr'><strong>celebrans</strong></span> <span class='ocrx_word' id='word_1_203' title='bbox 701 2916 804 2971; x_wconf 89' lang='lat' dir='ltr'><strong>sub</strong></span> <span class='ocrx_word' id='word_1_204' title='bbox 846 2911 1131 2969; x_wconf 90' lang='lat' dir='ltr'><strong>arboribus</strong></span> <span class='ocrx_word' id='word_1_205' title='bbox 1157 2917 1212 2963; x_wconf 88' lang='lat' dir='ltr'><strong>et</strong></span> <span class='ocrx_word' id='word_1_206' title='bbox 1251 2908 1305 2961; x_wconf 93' lang='lat' dir='ltr'><strong>in</strong></span> <span class='ocrx_word' id='word_1_207' title='bbox 1345 2903 1588 2960; x_wconf 82' lang='lat' dir='ltr'><strong>saltibus.</strong></span> <span class='ocrx_word' id='word_1_208' title='bbox 1615 2902 1696 2956; x_wconf 78' lang='lat' dir='ltr'><strong>Ex</strong></span> <span class='ocrx_word' id='word_1_209' title='bbox 1737 2900 1822 2954; x_wconf 90' lang='lat' dir='ltr'><strong>bis</strong></span> <span class='ocrx_word' id='word_1_210' title='bbox 1845 2899 1970 2952; x_wconf 90' lang='lat' dir='ltr'><strong>licet</strong></span> 
     </span>
    </p>
   </div>
   <div class='ocr_carea' id='block_1_29' title="bbox 382 2997 1971 3080">
    <p class='ocr_par' dir='ltr' id='par_1_29' title="bbox 382 2997 1971 3080">
     <span class='ocr_line' id='line_1_29' title="bbox 382 2997 1971 3080; baseline -0.018 -11"><span class='ocrx_word' id='word_1_211' title='bbox 382 3013 536 3068; x_wconf 86' lang='lat' dir='ltr'><strong>vobis</strong></span> <span class='ocrx_word' id='word_1_212' title='bbox 565 3026 625 3066; x_wconf 90' lang='lat' dir='ltr'><strong>ea</strong></span> <span class='ocrx_word' id='word_1_213' title='bbox 655 3022 774 3080; x_wconf 70' lang='lat' dir='ltr'><strong>qua:</strong></span> <span class='ocrx_word' id='word_1_214' title='bbox 805 3011 1091 3062; x_wconf 88' lang='lat' dir='ltr'><strong>consecuta</strong></span> <span class='ocrx_word' id='word_1_215' title='bbox 1121 3006 1266 3063; x_wconf 88' lang='lat' dir='ltr'><strong>sunt,</strong></span> <span class='ocrx_word' id='word_1_216' title='bbox 1295 2997 1552 3064; x_wconf 90' lang='lat' dir='ltr'><strong>deinceps</strong></span> <span class='ocrx_word' id='word_1_217' title='bbox 1576 2999 1826 3062; x_wconf 90' lang='lat' dir='ltr'><strong>reputare</strong></span> <span class='ocrx_word' id='word_1_218' title='bbox 1853 3003 1971 3043; x_wconf 90' lang='lat' dir='ltr'><strong>om-</strong></span> 
     </span>
    </p>
   </div>
   <div class='ocr_carea' id='block_1_30' title="bbox 385 3080 1969 3167">
    <p class='ocr_par' dir='ltr' id='par_1_30' title="bbox 385 3080 1969 3167">
     <span class='ocr_line' id='line_1_30' title="bbox 385 3080 1969 3167; baseline -0.018 -6"><span class='ocrx_word' id='word_1_219' title='bbox 385 3106 472 3161; x_wconf 89' lang='lat' dir='ltr'><strong>nia</strong></span> <span class='ocrx_word' id='word_1_220' title='bbox 503 3123 517 3160; x_wconf 89' lang='lat'><strong>:</strong></span> <span class='ocrx_word' id='word_1_221' title='bbox 555 3117 700 3167; x_wconf 90' lang='lat' dir='ltr'><strong>nam,</strong></span> <span class='ocrx_word' id='word_1_222' title='bbox 731 3108 788 3154; x_wconf 90' lang='lat' dir='ltr'><strong>ut</strong></span> <span class='ocrx_word' id='word_1_223' title='bbox 833 3105 958 3151; x_wconf 86' lang='lat' dir='ltr'><strong>ante</strong></span> <span class='ocrx_word' id='word_1_224' title='bbox 1009 3093 1158 3159; x_wconf 80' lang='lat' dir='ltr'><strong>dixi,</strong></span> <span class='ocrx_word' id='word_1_225' title='bbox 1191 3104 1310 3161; x_wconf 68' lang='lat' dir='ltr'><strong>qua:</strong></span> <span class='ocrx_word' id='word_1_226' title='bbox 1355 3096 1475 3142; x_wconf 89' lang='lat' dir='ltr'><strong>acta</strong></span> <span class='ocrx_word' id='word_1_227' title='bbox 1504 3093 1628 3140; x_wconf 92' lang='lat' dir='ltr'><strong>sunt</strong></span> <span class='ocrx_word' id='word_1_228' title='bbox 1663 3080 1969 3153; x_wconf 82' lang='lat' dir='ltr'><strong>singillatim</strong></span> 
     </span>
    </p>
   </div>
   <div class='ocr_carea' id='block_1_31' title="bbox 385 3173 1970 3265">
    <p class='ocr_par' dir='ltr' id='par_1_31' title="bbox 385 3173 1970 3265">
     <span class='ocr_line' id='line_1_31' title="bbox 385 3173 1970 3265; baseline -0.017 -14"><span class='ocrx_word' id='word_1_229' title='bbox 385 3184 609 3265; x_wconf 77' lang='lat' dir='ltr'><strong>exsequi</strong></span> <span class='ocrx_word' id='word_1_230' title='bbox 636 3187 968 3261; x_wconf 86' lang='lat' dir='ltr'><strong>impossibile</strong></span> <span class='ocrx_word' id='word_1_231' title='bbox 992 3192 1094 3240; x_wconf 90' lang='lat' dir='ltr'><strong>est.</strong></span> <span class='ocrx_word' id='word_1_232' title='bbox 1140 3182 1210 3237; x_wconf 90' lang='lat' dir='ltr'><strong>Et</strong></span> <span class='ocrx_word' id='word_1_233' title='bbox 1235 3179 1380 3252; x_wconf 87' lang='lat' dir='ltr'><strong>quod</strong></span> <span class='ocrx_word' id='word_1_234' title='bbox 1423 3192 1554 3232; x_wconf 85' lang='lat' dir='ltr'><strong>sane</strong></span> <span class='ocrx_word' id='word_1_235' title='bbox 1595 3173 1970 3244; x_wconf 90' lang='lat' dir='ltr'><strong>permolestum</strong></span> 
     </span>
    </p>
   </div>
   <div class='ocr_carea' id='block_1_32' title="bbox 386 3266 1974 3354">
    <p class='ocr_par' dir='ltr' id='par_1_32' title="bbox 386 3266 1974 3354">
     <span class='ocr_line' id='line_1_32' title="bbox 386 3266 1974 3354; baseline -0.018 -11"><span class='ocrx_word' id='word_1_236' title='bbox 386 3297 507 3354; x_wconf 87' lang='lat' dir='ltr'><strong>est,</strong></span> <span class='ocrx_word' id='word_1_237' title='bbox 565 3292 642 3339; x_wconf 91' lang='lat' dir='ltr'><strong>tot</strong></span> <span class='ocrx_word' id='word_1_238' title='bbox 703 3290 758 3336; x_wconf 92' lang='lat' dir='ltr'><strong>et</strong></span> <span class='ocrx_word' id='word_1_239' title='bbox 811 3278 937 3333; x_wconf 92' lang='lat' dir='ltr'><strong>talia</strong></span> <span class='ocrx_word' id='word_1_240' title='bbox 1001 3289 1070 3330; x_wconf 91' lang='lat' dir='ltr'><strong>ne</strong></span> <span class='ocrx_word' id='word_1_241' title='bbox 1113 3287 1255 3327; x_wconf 90' lang='lat' dir='ltr'><strong>nunc</strong></span> <span class='ocrx_word' id='word_1_242' title='bbox 1291 3268 1505 3340; x_wconf 89' lang='lat' dir='ltr'><strong>quidem</strong></span> <span class='ocrx_word' id='word_1_243' title='bbox 1553 3266 1715 3320; x_wconf 84' lang='lat' dir='ltr'><strong>ﬁnem</strong></span> <span class='ocrx_word' id='word_1_244' title='bbox 1753 3277 1974 3332; x_wconf 87' lang='lat' dir='ltr'><strong>accepe-</strong></span> 
     </span>
    </p>
   </div>
   <div class='ocr_carea' id='block_1_33' title="bbox 385 3354 1973 3443">
    <p class='ocr_par' dir='ltr' id='par_1_33' title="bbox 385 3354 1973 3443">
     <span class='ocr_line' id='line_1_33' title="bbox 385 3354 1973 3443; baseline -0.018 -9"><span class='ocrx_word' id='word_1_245' title='bbox 385 3385 534 3443; x_wconf 86' lang='lat' dir='ltr'><strong>runt,</strong></span> <span class='ocrx_word' id='word_1_246' title='bbox 561 3389 624 3429; x_wconf 88' lang='lat' dir='ltr'><strong>ac</strong></span> <span class='ocrx_word' id='word_1_247' title='bbox 659 3387 728 3426; x_wconf 91' lang='lat' dir='ltr'><strong>ne</strong></span> <span class='ocrx_word' id='word_1_248' title='bbox 764 3384 890 3442; x_wconf 88' lang='lat' dir='ltr'><strong>spes</strong></span> <span class='ocrx_word' id='word_1_249' title='bbox 934 3365 1148 3437; x_wconf 88' lang='lat' dir='ltr'><strong>quidem</strong></span> <span class='ocrx_word' id='word_1_250' title='bbox 1179 3362 1285 3416; x_wconf 88' lang='lat' dir='ltr'><strong>ulla</strong></span> <span class='ocrx_word' id='word_1_251' title='bbox 1315 3360 1438 3414; x_wconf 86' lang='lat' dir='ltr'><strong>ﬁnis</strong></span> <span class='ocrx_word' id='word_1_252' title='bbox 1467 3357 1724 3420; x_wconf 86' lang='lat' dir='ltr'><strong>faciendi;</strong></span> <span class='ocrx_word' id='word_1_253' title='bbox 1756 3354 1850 3409; x_wconf 91' lang='lat' dir='ltr'><strong>sed</strong></span> <span class='ocrx_word' id='word_1_254' title='bbox 1875 3369 1973 3407; x_wconf 92' lang='lat' dir='ltr'><strong>au-</strong></span> 
     </span>
    </p>
   </div>
   <div class='ocr_carea' id='block_1_34' title="bbox 387 3444 1974 3540">
    <p class='ocr_par' dir='ltr' id='par_1_34' title="bbox 387 3444 1974 3540">
     <span class='ocr_line' id='line_1_34' title="bbox 387 3444 1974 3540; baseline -0.016 -16"><span class='ocrx_word' id='word_1_255' title='bbox 387 3479 542 3540; x_wconf 87' lang='lat' dir='ltr'><strong>getur</strong></span> <span class='ocrx_word' id='word_1_256' title='bbox 584 3466 637 3519; x_wconf 89' lang='lat' dir='ltr'><strong>in</strong></span> <span class='ocrx_word' id='word_1_257' title='bbox 679 3463 794 3517; x_wconf 90' lang='lat' dir='ltr'><strong>dies</strong></span> <span class='ocrx_word' id='word_1_258' title='bbox 821 3458 1021 3514; x_wconf 92' lang='lat' dir='ltr'><strong>malum</strong></span> <span class='ocrx_word' id='word_1_259' title='bbox 1042 3496 1057 3522; x_wconf 94' lang='lat'><strong>,</strong></span> <span class='ocrx_word' id='word_1_260' title='bbox 1086 3467 1290 3523; x_wconf 92' lang='lat' dir='ltr'><strong>nosque</strong></span> <span class='ocrx_word' id='word_1_261' title='bbox 1322 3449 1588 3521; x_wconf 87' lang='lat' dir='ltr'><strong>plerisque</strong></span> <span class='ocrx_word' id='word_1_262' title='bbox 1615 3447 1824 3502; x_wconf 89' lang='lat' dir='ltr'><strong>ridiculi</strong></span> <span class='ocrx_word' id='word_1_263' title='bbox 1853 3444 1974 3499; x_wconf 90' lang='lat' dir='ltr'><strong>facti</strong></span> 
     </span>
    </p>
   </div>
   <div class='ocr_carea' id='block_1_35' title="bbox 387 3539 1979 3616">
    <p class='ocr_par' dir='ltr' id='par_1_35' title="bbox 387 3539 1979 3616">
     <span class='ocr_line' id='line_1_35' title="bbox 387 3539 1979 3616; baseline -0.016 0"><span class='ocrx_word' id='word_1_264' title='bbox 387 3572 576 3616; x_wconf 84' lang='lat' dir='ltr'><strong>sumus</strong></span> <span class='ocrx_word' id='word_1_265' title='bbox 603 3575 618 3611; x_wconf 93' lang='lat'><strong>:</strong></span> <span class='ocrx_word' id='word_1_266' title='bbox 640 3557 801 3610; x_wconf 91' lang='lat' dir='ltr'><strong>immo</strong></span> <span class='ocrx_word' id='word_1_267' title='bbox 826 3565 956 3605; x_wconf 93' lang='lat' dir='ltr'><strong>vero</strong></span> <span class='ocrx_word' id='word_1_268' title='bbox 980 3547 1122 3603; x_wconf 91' lang='lat' dir='ltr'><strong>ridet</strong></span> <span class='ocrx_word' id='word_1_269' title='bbox 1147 3545 1359 3616; x_wconf 88' lang='lat' dir='ltr'><strong>quidem</strong></span> <span class='ocrx_word' id='word_1_270' title='bbox 1383 3556 1562 3604; x_wconf 90' lang='lat' dir='ltr'><strong>nemo,</strong></span> <span class='ocrx_word' id='word_1_271' title='bbox 1594 3539 1804 3594; x_wconf 90' lang='lat' dir='ltr'><strong>etiamsi</strong></span> <span class='ocrx_word' id='word_1_272' title='bbox 1833 3553 1979 3592; x_wconf 85' lang='lat' dir='ltr'><strong>sum-</strong></span> 
     </span>
    </p>
   </div>
   <div class='ocr_carea' id='block_1_36' title="bbox 389 3629 1978 3714">
    <p class='ocr_par' dir='ltr' id='par_1_36' title="bbox 389 3629 1978 3714">
     <span class='ocr_line' id='line_1_36' title="bbox 389 3629 1978 3714; baseline -0.014 -9"><span class='ocrx_word' id='word_1_273' title='bbox 389 3665 493 3706; x_wconf 58' lang='lat' dir='ltr'><strong>ma:</strong></span> <span class='ocrx_word' id='word_1_274' title='bbox 518 3649 590 3702; x_wconf 86' lang='lat' dir='ltr'><strong>sit</strong></span> <span class='ocrx_word' id='word_1_275' title='bbox 631 3639 1023 3714; x_wconf 90' lang='lat' dir='ltr'><strong>improbitatis;</strong></span> <span class='ocrx_word' id='word_1_276' title='bbox 1065 3638 1247 3706; x_wconf 86' lang='lat' dir='ltr'><strong>lugent</strong></span> <span class='ocrx_word' id='word_1_277' title='bbox 1284 3643 1461 3687; x_wconf 90' lang='lat' dir='ltr'><strong>autem</strong></span> <span class='ocrx_word' id='word_1_278' title='bbox 1485 3671 1500 3693; x_wconf 93' lang='lat'><strong>,</strong></span> <span class='ocrx_word' id='word_1_279' title='bbox 1531 3638 1588 3684; x_wconf 92' lang='lat' dir='ltr'><strong>ut</strong></span> <span class='ocrx_word' id='word_1_280' title='bbox 1611 3629 1721 3683; x_wconf 84' lang='lat' dir='ltr'><strong>dixi</strong></span> <span class='ocrx_word' id='word_1_281' title='bbox 1744 3672 1758 3694; x_wconf 95' lang='lat'><strong>,</strong></span> <span class='ocrx_word' id='word_1_282' title='bbox 1791 3642 1978 3682; x_wconf 91' lang='lat' dir='ltr'><strong>omnes</strong></span> 
     </span>
    </p>
   </div>
   <div class='ocr_carea' id='block_1_37' title="bbox 391 3718 1978 3813">
    <p class='ocr_par' dir='ltr' id='par_1_37' title="bbox 391 3718 1978 3813">
     <span class='ocr_line' id='line_1_37' title="bbox 391 3718 1978 3813; baseline -0.016 -16"><span class='ocrx_word' id='word_1_283' title='bbox 391 3743 598 3813; x_wconf 85' lang='lat' dir='ltr'><strong>apicem</strong></span> <span class='ocrx_word' id='word_1_284' title='bbox 649 3737 909 3792; x_wconf 89' lang='lat' dir='ltr'><strong>malorum</strong></span> <span class='ocrx_word' id='word_1_285' title='bbox 935 3774 951 3798; x_wconf 88' lang='lat'><strong>,</strong></span> <span class='ocrx_word' id='word_1_286' title='bbox 980 3728 1271 3784; x_wconf 87' lang='lat' dir='ltr'><strong>inauditam</strong></span> <span class='ocrx_word' id='word_1_287' title='bbox 1302 3725 1442 3780; x_wconf 89' lang='lat' dir='ltr'><strong>hanc</strong></span> <span class='ocrx_word' id='word_1_288' title='bbox 1480 3720 1831 3792; x_wconf 87' lang='lat' dir='ltr'><strong>iniquitatem.</strong></span> <span class='ocrx_word' id='word_1_289' title='bbox 1861 3718 1978 3773; x_wconf 89' lang='lat' dir='ltr'><strong>Jam</strong></span> 
     </span>
    </p>
   </div>
   <div class='ocr_carea' id='block_1_38' title="bbox 392 3811 1983 3900">
    <p class='ocr_par' dir='ltr' id='par_1_38' title="bbox 392 3811 1983 3900">
     <span class='ocr_line' id='line_1_38' title="bbox 392 3811 1983 3900; baseline -0.015 -13"><span class='ocrx_word' id='word_1_290' title='bbox 392 3848 523 3890; x_wconf 85' lang='lat' dir='ltr'><strong>vero</strong></span> <span class='ocrx_word' id='word_1_291' title='bbox 539 3831 863 3900; x_wconf 88' lang='lat' dir='ltr'><strong>reliquarum</strong></span> <span class='ocrx_word' id='word_1_292' title='bbox 890 3822 1251 3878; x_wconf 88' lang='lat' dir='ltr'><strong>Ecclesiarum</strong></span> <span class='ocrx_word' id='word_1_293' title='bbox 1281 3814 1712 3889; x_wconf 86' lang='lat' dir='ltr'><strong>perturbationes</strong></span> <span class='ocrx_word' id='word_1_294' title='bbox 1737 3812 1855 3882; x_wconf 91' lang='lat' dir='ltr'><strong>quis</strong></span> <span class='ocrx_word' id='word_1_295' title='bbox 1871 3811 1983 3865; x_wconf 89' lang='lat' dir='ltr'><strong>elo-</strong></span> 
     </span>
    </p>
   </div>
   <div class='ocr_carea' id='block_1_39' title="bbox 393 3902 1984 3999">
    <p class='ocr_par' dir='ltr' id='par_1_39' title="bbox 393 3902 1984 3999">
     <span class='ocr_line' id='line_1_39' title="bbox 393 3902 1984 3999; baseline -0.018 -15"><span class='ocrx_word' id='word_1_296' title='bbox 393 3925 633 3999; x_wconf 83' lang='lat' dir='ltr'><strong>quatur?</strong></span> <span class='ocrx_word' id='word_1_297' title='bbox 674 3922 790 3977; x_wconf 82' lang='lat' dir='ltr'><strong>Non</strong></span> <span class='ocrx_word' id='word_1_298' title='bbox 843 3919 989 3975; x_wconf 90' lang='lat' dir='ltr'><strong>enim</strong></span> <span class='ocrx_word' id='word_1_299' title='bbox 1040 3915 1128 3969; x_wconf 92' lang='lat' dir='ltr'><strong>hic</strong></span> <span class='ocrx_word' id='word_1_300' title='bbox 1156 3912 1315 3967; x_wconf 90' lang='lat' dir='ltr'><strong>desiit</strong></span> <span class='ocrx_word' id='word_1_301' title='bbox 1361 3911 1462 3963; x_wconf 91' lang='lat' dir='ltr'><strong>hoc</strong></span> <span class='ocrx_word' id='word_1_302' title='bbox 1519 3907 1755 3970; x_wconf 90' lang='lat' dir='ltr'><strong>malum,</strong></span> <span class='ocrx_word' id='word_1_303' title='bbox 1787 3902 1881 3958; x_wconf 89' lang='lat' dir='ltr'><strong>sed</strong></span> <span class='ocrx_word' id='word_1_304' title='bbox 1929 3912 1984 3956; x_wconf 93' lang='lat' dir='ltr'><strong>et</strong></span> 
     </span>
    </p>
   </div>
   <div class='ocr_carea' id='block_1_40' title="bbox 395 3993 1984 4090">
    <p class='ocr_par' dir='ltr' id='par_1_40' title="bbox 395 3993 1984 4090">
     <span class='ocr_line' id='line_1_40' title="bbox 395 3993 1984 4090; baseline -0.018 -13"><span class='ocrx_word' id='word_1_305' title='bbox 395 3993 565 4090; x_wconf 80' lang='lat' dir='ltr'><strong>usque</strong></span> <span class='ocrx_word' id='word_1_306' title='bbox 594 4019 645 4072; x_wconf 92' lang='lat' dir='ltr'><strong>in</strong></span> <span class='ocrx_word' id='word_1_307' title='bbox 692 4015 965 4071; x_wconf 89' lang='lat' dir='ltr'><strong>Orientem</strong></span> <span class='ocrx_word' id='word_1_308' title='bbox 998 4005 1259 4080; x_wconf 86' lang='lat' dir='ltr'><strong>pervenit.</strong></span> <span class='ocrx_word' id='word_1_309' title='bbox 1293 4001 1426 4057; x_wconf 84' lang='lat' dir='ltr'><strong>Nam</strong></span> <span class='ocrx_word' id='word_1_310' title='bbox 1468 4007 1527 4054; x_wconf 92' lang='lat' dir='ltr'><strong>ut</strong></span> <span class='ocrx_word' id='word_1_311' title='bbox 1569 4014 1600 4052; x_wconf 91' lang='lat' dir='ltr'><strong>a</strong></span> <span class='ocrx_word' id='word_1_312' title='bbox 1644 3997 1818 4066; x_wconf 87' lang='lat' dir='ltr'><strong>capite</strong></span> <span class='ocrx_word' id='word_1_313' title='bbox 1843 3993 1984 4049; x_wconf 88' lang='lat' dir='ltr'><strong>malo</strong></span> 
     </span>
    </p>
   </div>
   <div class='ocr_carea' id='block_1_41' title="bbox 397 4087 1984 4170">
    <p class='ocr_par' dir='ltr' id='par_1_41' title="bbox 397 4087 1984 4170">
     <span class='ocr_line' id='line_1_41' title="bbox 397 4087 1984 4170; baseline -0.019 -2"><span class='ocrx_word' id='word_1_314' title='bbox 397 4114 623 4168; x_wconf 86' lang='lat' dir='ltr'><strong>humore</strong></span> <span class='ocrx_word' id='word_1_315' title='bbox 645 4106 814 4162; x_wconf 76' lang='lat' dir='ltr'><strong>effuso</strong></span> <span class='ocrx_word' id='word_1_316' title='bbox 858 4101 1062 4170; x_wconf 90' lang='lat' dir='ltr'><strong>reliqua</strong></span> <span class='ocrx_word' id='word_1_317' title='bbox 1114 4095 1355 4152; x_wconf 87' lang='lat' dir='ltr'><strong>membra</strong></span> <span class='ocrx_word' id='word_1_318' title='bbox 1400 4095 1814 4159; x_wconf 89' lang='lat' dir='ltr'><strong>corrumpuntur</strong></span> <span class='ocrx_word' id='word_1_319' title='bbox 1856 4103 1874 4139; x_wconf 87' lang='lat'><strong>:</strong></span> <span class='ocrx_word' id='word_1_320' title='bbox 1914 4087 1984 4140; x_wconf 86' lang='lat' dir='ltr'><strong>ita</strong></span> 
     </span>
    </p>
   </div>
   <div class='ocr_carea' id='block_1_42' title="bbox 398 4179 1983 4270">
    <p class='ocr_par' dir='ltr' id='par_1_42' title="bbox 398 4179 1983 4270">
     <span class='ocr_line' id='line_1_42' title="bbox 398 4179 1983 4270; baseline -0.017 -10"><span class='ocrx_word' id='word_1_321' title='bbox 398 4204 602 4262; x_wconf 82' lang='lat' dir='ltr'><strong>exortis</strong></span> <span class='ocrx_word' id='word_1_322' title='bbox 639 4200 796 4270; x_wconf 81' lang='lat' dir='ltr'><strong>hujus</strong></span> <span class='ocrx_word' id='word_1_323' title='bbox 841 4208 1052 4265; x_wconf 69' lang='lat' dir='ltr'><strong>magum</strong></span> <span class='ocrx_word' id='word_1_324' title='bbox 1082 4188 1314 4246; x_wconf 90' lang='lat' dir='ltr'><strong>civitatis</strong></span> <span class='ocrx_word' id='word_1_325' title='bbox 1351 4184 1529 4251; x_wconf 89' lang='lat' dir='ltr'><strong>malis,</strong></span> <span class='ocrx_word' id='word_1_326' title='bbox 1557 4182 1703 4238; x_wconf 87' lang='lat' dir='ltr'><strong>velut</strong></span> <span class='ocrx_word' id='word_1_327' title='bbox 1729 4198 1794 4236; x_wconf 84' lang='lat' dir='ltr'><strong>ex</strong></span> <span class='ocrx_word' id='word_1_328' title='bbox 1817 4179 1983 4242; x_wconf 88' lang='lat' dir='ltr'><strong>fonte,</strong></span> 
     </span>
    </p>
   </div>
   <div class='ocr_carea' id='block_1_43' title="bbox 402 4259 1987 4360">
    <p class='ocr_par' dir='ltr' id='par_1_43' title="bbox 402 4259 1987 4360">
     <span class='ocr_line' id='line_1_43' title="bbox 402 4259 1987 4360; baseline -0.017 -10"><span class='ocrx_word' id='word_1_329' title='bbox 402 4295 669 4350; x_wconf 91' lang='lat' dir='ltr'><strong>tumultus</strong></span> <span class='ocrx_word' id='word_1_330' title='bbox 709 4299 1044 4360; x_wconf 90' lang='lat' dir='ltr'><strong>quocumque</strong></span> <span class='ocrx_word' id='word_1_331' title='bbox 1083 4281 1169 4335; x_wconf 88' lang='lat' dir='ltr'><strong>via</strong></span> <span class='ocrx_word' id='word_1_332' title='bbox 1215 4277 1485 4349; x_wconf 74' lang='lat' dir='ltr'><strong>progressi</strong></span> <span class='ocrx_word' id='word_1_333' title='bbox 1524 4283 1683 4338; x_wconf 91' lang='lat' dir='ltr'><strong>sunt,</strong></span> <span class='ocrx_word' id='word_1_334' title='bbox 1715 4281 1770 4326; x_wconf 88' lang='lat' dir='ltr'><strong>et</strong></span> <span class='ocrx_word' id='word_1_335' title='bbox 1806 4259 1987 4326; x_wconf 74' lang='lat' dir='ltr'><strong>clerici</strong></span> 
     </span>
    </p>
   </div>
   <div class='ocr_carea' id='block_1_44' title="bbox 402 4363 1987 4457">
    <p class='ocr_par' dir='ltr' id='par_1_44' title="bbox 402 4363 1987 4457">
     <span class='ocr_line' id='line_1_44' title="bbox 402 4363 1987 4457; baseline -0.018 -15"><span class='ocrx_word' id='word_1_336' title='bbox 402 4387 598 4457; x_wconf 88' lang='lat' dir='ltr'><strong>ubique</strong></span> <span class='ocrx_word' id='word_1_337' title='bbox 653 4383 705 4437; x_wconf 92' lang='lat' dir='ltr'><strong>in</strong></span> <span class='ocrx_word' id='word_1_338' title='bbox 748 4380 1032 4451; x_wconf 90' lang='lat' dir='ltr'><strong>episcopos</strong></span> <span class='ocrx_word' id='word_1_339' title='bbox 1071 4374 1519 4431; x_wconf 79' lang='lat' dir='ltr'><strong>insurrexerunt,</strong></span> <span class='ocrx_word' id='word_1_340' title='bbox 1575 4373 1630 4420; x_wconf 92' lang='lat' dir='ltr'><strong>et</strong></span> <span class='ocrx_word' id='word_1_341' title='bbox 1680 4363 1858 4434; x_wconf 90' lang='lat' dir='ltr'><strong>p0puli</strong></span> <span class='ocrx_word' id='word_1_342' title='bbox 1901 4363 1987 4416; x_wconf 91' lang='lat' dir='ltr'><strong>alii</strong></span> 
     </span>
    </p>
   </div>
   <div class='ocr_carea' id='block_1_45' title="bbox 403 4456 1990 4550">
    <p class='ocr_par' dir='ltr' id='par_1_45' title="bbox 403 4456 1990 4550">
     <span class='ocr_line' id='line_1_45' title="bbox 403 4456 1990 4550; baseline -0.018 -16"><span class='ocrx_word' id='word_1_343' title='bbox 403 4456 616 4550; x_wconf 81' lang='lat' dir='ltr'><strong>quidem</strong></span> <span class='ocrx_word' id='word_1_344' title='bbox 645 4471 855 4529; x_wconf 86' lang='lat' dir='ltr'><strong>discissi</strong></span> <span class='ocrx_word' id='word_1_345' title='bbox 902 4475 1069 4531; x_wconf 90' lang='lat' dir='ltr'><strong>sunt,</strong></span> <span class='ocrx_word' id='word_1_346' title='bbox 1099 4464 1187 4518; x_wconf 87' lang='lat' dir='ltr'><strong>alii</strong></span> <span class='ocrx_word' id='word_1_347' title='bbox 1217 4459 1528 4534; x_wconf 87' lang='lat' dir='ltr'><strong>propediem</strong></span> <span class='ocrx_word' id='word_1_348' title='bbox 1572 4456 1901 4519; x_wconf 87' lang='lat' dir='ltr'><strong>scindentur,</strong></span> <span class='ocrx_word' id='word_1_349' title='bbox 1936 4465 1990 4508; x_wconf 90' lang='lat' dir='ltr'><strong>et</strong></span> 
     </span>
    </p>
   </div>
   <div class='ocr_carea' id='block_1_46' title="bbox 405 4547 1990 4640">
    <p class='ocr_par' dir='ltr' id='par_1_46' title="bbox 405 4547 1990 4640">
     <span class='ocr_line' id='line_1_46' title="bbox 405 4547 1990 4640; baseline -0.016 -15"><span class='ocrx_word' id='word_1_350' title='bbox 405 4547 605 4640; x_wconf 83' lang='lat' dir='ltr'><strong>ubique</strong></span> <span class='ocrx_word' id='word_1_351' title='bbox 635 4565 898 4621; x_wconf 87' lang='lat' dir='ltr'><strong>malorum</strong></span> <span class='ocrx_word' id='word_1_352' title='bbox 939 4555 1269 4629; x_wconf 73' lang='lat' dir='ltr'><strong>exSpectatio</strong></span> <span class='ocrx_word' id='word_1_353' title='bbox 1295 4553 1548 4621; x_wconf 89' lang='lat' dir='ltr'><strong>orbisque</strong></span> <span class='ocrx_word' id='word_1_354' title='bbox 1576 4548 1738 4604; x_wconf 91' lang='lat' dir='ltr'><strong>totius</strong></span> <span class='ocrx_word' id='word_1_355' title='bbox 1763 4547 1990 4603; x_wconf 82' lang='lat' dir='ltr'><strong>subver-</strong></span> 
     </span>
    </p>
   </div>
   <div class='ocr_carea' id='block_1_47' title="bbox 404 4640 1990 4732">
    <p class='ocr_par' dir='ltr' id='par_1_47' title="bbox 404 4640 1990 4732">
     <span class='ocr_line' id='line_1_47' title="bbox 404 4640 1990 4732; baseline -0.016 -13"><span class='ocrx_word' id='word_1_356' title='bbox 404 4666 509 4719; x_wconf 90' lang='lat' dir='ltr'><strong>sio.</strong></span> <span class='ocrx_word' id='word_1_357' title='bbox 553 4661 736 4732; x_wconf 90' lang='lat' dir='ltr'><strong>Igitur,</strong></span> <span class='ocrx_word' id='word_1_358' title='bbox 767 4654 971 4712; x_wconf 89' lang='lat' dir='ltr'><strong>domini</strong></span> <span class='ocrx_word' id='word_1_359' title='bbox 1021 4651 1127 4706; x_wconf 91' lang='lat' dir='ltr'><strong>mei</strong></span> <span class='ocrx_word' id='word_1_360' title='bbox 1169 4647 1399 4703; x_wconf 81' lang='lat' dir='ltr'><strong>maxime</strong></span> <span class='ocrx_word' id='word_1_361' title='bbox 1433 4641 1724 4699; x_wconf 90' lang='lat' dir='ltr'><strong>venerandi</strong></span> <span class='ocrx_word' id='word_1_362' title='bbox 1763 4650 1819 4696; x_wconf 86' lang='lat' dir='ltr'><strong>et</strong></span> <span class='ocrx_word' id='word_1_363' title='bbox 1860 4640 1990 4695; x_wconf 86' lang='lat' dir='ltr'><strong>reli-</strong></span> 
     </span>
    </p>
   </div>
   <div class='ocr_carea' id='block_1_48' title="bbox 407 4731 1992 4827">
    <p class='ocr_par' dir='ltr' id='par_1_48' title="bbox 407 4731 1992 4827">
     <span class='ocr_line' id='line_1_48' title="bbox 407 4731 1992 4827; baseline -0.016 -16"><span class='ocrx_word' id='word_1_364' title='bbox 407 4752 720 4827; x_wconf 84' lang='lat' dir='ltr'><strong>giosissimi,</strong></span> <span class='ocrx_word' id='word_1_365' title='bbox 751 4764 872 4804; x_wconf 92' lang='lat' dir='ltr'><strong>cum</strong></span> <span class='ocrx_word' id='word_1_366' title='bbox 914 4745 1031 4800; x_wconf 78' lang='lat' dir='ltr'><strong>hzec</strong></span> <span class='ocrx_word' id='word_1_367' title='bbox 1073 4743 1148 4796; x_wconf 89' lang='lat' dir='ltr'><strong>ita</strong></span> <span class='ocrx_word' id='word_1_368' title='bbox 1184 4755 1244 4794; x_wconf 92' lang='lat' dir='ltr'><strong>se</strong></span> <span class='ocrx_word' id='word_1_369' title='bbox 1279 4737 1478 4791; x_wconf 90' lang='lat' dir='ltr'><strong>habere</strong></span> <span class='ocrx_word' id='word_1_370' title='bbox 1518 4731 1842 4799; x_wconf 89' lang='lat' dir='ltr'><strong>didiceritis,</strong></span> <span class='ocrx_word' id='word_1_371' title='bbox 1875 4747 1992 4785; x_wconf 90' lang='lat' dir='ltr'><strong>eam</strong></span> 
     </span>
    </p>
   </div>
   <div class='ocr_carea' id='block_1_49' title="bbox 407 4827 1996 4922">
    <p class='ocr_par' dir='ltr' id='par_1_49' title="bbox 407 4827 1996 4922">
     <span class='ocr_line' id='line_1_49' title="bbox 407 4827 1996 4922; baseline -0.021 -16"><span class='ocrx_word' id='word_1_372' title='bbox 407 4865 528 4922; x_wconf 79' lang='lat' dir='ltr'><strong>qua:</strong></span> <span class='ocrx_word' id='word_1_373' title='bbox 548 4861 644 4901; x_wconf 84' lang='lat' dir='ltr'><strong>vos</strong></span> <span class='ocrx_word' id='word_1_374' title='bbox 667 4844 855 4906; x_wconf 89' lang='lat' dir='ltr'><strong>decet,</strong></span> <span class='ocrx_word' id='word_1_375' title='bbox 880 4833 1243 4892; x_wconf 82' lang='lat' dir='ltr'><strong>fortitudinem</strong></span> <span class='ocrx_word' id='word_1_376' title='bbox 1264 4838 1319 4884; x_wconf 90' lang='lat' dir='ltr'><strong>et</strong></span> <span class='ocrx_word' id='word_1_377' title='bbox 1341 4827 1574 4882; x_wconf 89' lang='lat' dir='ltr'><strong>studium</strong></span> <span class='ocrx_word' id='word_1_378' title='bbox 1598 4839 1780 4895; x_wconf 64' lang='lat' dir='ltr'><strong>quaeso</strong></span> <span class='ocrx_word' id='word_1_379' title='bbox 1815 4833 1996 4876; x_wconf 75' lang='lat' dir='ltr'><strong>osten-</strong></span> 
     </span>
    </p>
   </div>
   <div class='ocr_carea' id='block_1_50' title="bbox 409 4913 1995 5004">
    <p class='ocr_par' dir='ltr' id='par_1_50' title="bbox 409 4913 1995 5004">
     <span class='ocr_line' id='line_1_50' title="bbox 409 4913 1995 5004; baseline -0.018 -9"><span class='ocrx_word' id='word_1_380' title='bbox 409 4913 543 5004; x_wconf 74' lang='lat' dir='ltr'><strong>(lite,</strong></span> <span class='ocrx_word' id='word_1_381' title='bbox 571 4945 629 4991; x_wconf 91' lang='lat' dir='ltr'><strong>ut</strong></span> <span class='ocrx_word' id='word_1_382' title='bbox 658 4941 801 4989; x_wconf 89' lang='lat' dir='ltr'><strong>tanta</strong></span> <span class='ocrx_word' id='word_1_383' title='bbox 839 4927 1091 4999; x_wconf 90' lang='lat' dir='ltr'><strong>iniquitas</strong></span> <span class='ocrx_word' id='word_1_384' title='bbox 1117 4937 1235 4993; x_wconf 68' lang='lat' dir='ltr'><strong>quae</strong></span> <span class='ocrx_word' id='word_1_385' title='bbox 1280 4918 1551 4974; x_wconf 83' lang='lat' dir='ltr'><strong>Ecclesias</strong></span> <span class='ocrx_word' id='word_1_386' title='bbox 1598 4914 1791 4969; x_wconf 85' lang='lat' dir='ltr'><strong>invasit</strong></span> <span class='ocrx_word' id='word_1_387' title='bbox 1827 4913 1995 4981; x_wconf 85' lang='lat' dir='ltr'><strong>repri-</strong></span> 
     </span>
    </p>
   </div>
   <div class='ocr_carea' id='block_1_51' title="bbox 411 5005 1998 5092">
    <p class='ocr_par' dir='ltr' id='par_1_51' title="bbox 411 5005 1998 5092">
     <span class='ocr_line' id='line_1_51' title="bbox 411 5005 1998 5092; baseline -0.022 -1"><span class='ocrx_word' id='word_1_388' title='bbox 411 5045 610 5092; x_wconf 84' lang='lat' dir='ltr'><strong>matur.</strong></span> <span class='ocrx_word' id='word_1_389' title='bbox 641 5029 700 5084; x_wconf 90' lang='lat' dir='ltr'><strong>Si</strong></span> <span class='ocrx_word' id='word_1_390' title='bbox 727 5025 872 5082; x_wconf 92' lang='lat' dir='ltr'><strong>enim</strong></span> <span class='ocrx_word' id='word_1_391' title='bbox 901 5023 988 5076; x_wconf 90' lang='lat' dir='ltr'><strong>hic</strong></span> <span class='ocrx_word' id='word_1_392' title='bbox 1015 5034 1134 5074; x_wconf 90' lang='lat' dir='ltr'><strong>mos</strong></span> <span class='ocrx_word' id='word_1_393' title='bbox 1163 5012 1464 5078; x_wconf 83' lang='lat' dir='ltr'><strong>invaluerit,</strong></span> <span class='ocrx_word' id='word_1_394' title='bbox 1496 5020 1551 5065; x_wconf 89' lang='lat' dir='ltr'><strong>et</strong></span> <span class='ocrx_word' id='word_1_395' title='bbox 1589 5008 1633 5062; x_wconf 91' lang='lat' dir='ltr'><strong>si</strong></span> <span class='ocrx_word' id='word_1_396' title='bbox 1663 5006 1845 5061; x_wconf 90' lang='lat' dir='ltr'><strong>licebit</strong></span> <span class='ocrx_word' id='word_1_397' title='bbox 1880 5005 1998 5058; x_wconf 87' lang='lat' dir='ltr'><strong>cui-</strong></span> 
     </span>
    </p>
   </div>
   <div class='ocr_carea' id='block_1_52' title="bbox 408 5095 1997 5182">
    <p class='ocr_par' dir='ltr' id='par_1_52' title="bbox 408 5095 1997 5182">
     <span class='ocr_line' id='line_1_52' title="bbox 408 5095 1997 5182; baseline -0.02 -2"><span class='ocrx_word' id='word_1_398' title='bbox 408 5129 492 5182; x_wconf 88' lang='lat' dir='ltr'><strong>vis</strong></span> <span class='ocrx_word' id='word_1_399' title='bbox 520 5127 572 5180; x_wconf 88' lang='lat' dir='ltr'><strong>in</strong></span> <span class='ocrx_word' id='word_1_400' title='bbox 620 5121 823 5175; x_wconf 82' lang='lat' dir='ltr'><strong>alienas</strong></span> <span class='ocrx_word' id='word_1_401' title='bbox 871 5110 1130 5170; x_wconf 89' lang='lat' dir='ltr'><strong>invadere</strong></span> <span class='ocrx_word' id='word_1_402' title='bbox 1182 5103 1519 5176; x_wconf 87' lang='lat' dir='ltr'><strong>provincias,</strong></span> <span class='ocrx_word' id='word_1_403' title='bbox 1555 5099 1714 5168; x_wconf 90' lang='lat' dir='ltr'><strong>idque</strong></span> <span class='ocrx_word' id='word_1_404' title='bbox 1742 5113 1809 5151; x_wconf 84' lang='lat' dir='ltr'><strong>ex</strong></span> <span class='ocrx_word' id='word_1_405' title='bbox 1837 5095 1997 5150; x_wconf 91' lang='lat' dir='ltr'><strong>tantis</strong></span> 
     </span>
    </p>
   </div>
   <div class='ocr_carea' id='block_1_53' title="bbox 409 5189 1998 5278">
    <p class='ocr_par' dir='ltr' id='par_1_53' title="bbox 409 5189 1998 5278">
     <span class='ocr_line' id='line_1_53' title="bbox 409 5189 1998 5278; baseline -0.023 0"><span class='ocrx_word' id='word_1_406' title='bbox 409 5215 727 5278; x_wconf 81' lang='lat' dir='ltr'><strong>intervallis,</strong></span> <span class='ocrx_word' id='word_1_407' title='bbox 746 5201 800 5266; x_wconf 86' lang='lat' dir='ltr'><strong>et</strong></span> <span class='ocrx_word' id='word_1_408' title='bbox 815 5207 1011 5278; x_wconf 82' lang='lat' dir='ltr'><strong>ejicere</strong></span> <span class='ocrx_word' id='word_1_409' title='bbox 1034 5216 1169 5274; x_wconf 91' lang='lat' dir='ltr'><strong>quos</strong></span> <span class='ocrx_word' id='word_1_410' title='bbox 1183 5199 1300 5269; x_wconf 88' lang='lat' dir='ltr'><strong>quis</strong></span> <span class='ocrx_word' id='word_1_411' title='bbox 1318 5194 1576 5258; x_wconf 89' lang='lat' dir='ltr'><strong>voluerit,</strong></span> <span class='ocrx_word' id='word_1_412' title='bbox 1597 5207 1662 5246; x_wconf 84' lang='lat' dir='ltr'><strong>ex</strong></span> <span class='ocrx_word' id='word_1_413' title='bbox 1685 5189 1998 5244; x_wconf 83' lang='lat' dir='ltr'><strong>auctoritate</strong></span> 
     </span>
    </p>
   </div>
   <div class='ocr_carea' id='block_1_54' title="bbox 412 5282 2004 5379">
    <p class='ocr_par' dir='ltr' id='par_1_54' title="bbox 412 5282 2004 5379">
     <span class='ocr_line' id='line_1_54' title="bbox 412 5282 2004 5379; baseline -0.02 -14"><span class='ocrx_word' id='word_1_414' title='bbox 412 5327 507 5368; x_wconf 84' lang='lat' dir='ltr'><strong>sua</strong></span> <span class='ocrx_word' id='word_1_415' title='bbox 534 5304 809 5379; x_wconf 86' lang='lat' dir='ltr'><strong>quodlibet</strong></span> <span class='ocrx_word' id='word_1_416' title='bbox 835 5295 1077 5370; x_wconf 88' lang='lat' dir='ltr'><strong>agendo;</strong></span> <span class='ocrx_word' id='word_1_417' title='bbox 1101 5292 1249 5347; x_wconf 89' lang='lat' dir='ltr'><strong>scitis</strong></span> <span class='ocrx_word' id='word_1_418' title='bbox 1287 5287 1468 5342; x_wconf 91' lang='lat' dir='ltr'><strong>omnia</strong></span> <span class='ocrx_word' id='word_1_419' title='bbox 1513 5297 1728 5355; x_wconf 90' lang='lat' dir='ltr'><strong>pessum</strong></span> <span class='ocrx_word' id='word_1_420' title='bbox 1757 5282 1914 5345; x_wconf 89' lang='lat' dir='ltr'><strong>itura,</strong></span> <span class='ocrx_word' id='word_1_421' title='bbox 1944 5287 2004 5336; x_wconf 81' lang='lat' dir='ltr'><strong>et.</strong></span> 
     </span>
    </p>
   </div>
   <div class='ocr_carea' id='block_1_55' title="bbox 411 5374 1998 5472">
    <p class='ocr_par' dir='ltr' id='par_1_55' title="bbox 411 5374 1998 5472">
     <span class='ocr_line' id='line_1_55' title="bbox 411 5374 1998 5472; baseline -0.022 -12"><span class='ocrx_word' id='word_1_422' title='bbox 411 5374 739 5472; x_wconf 78' lang='lat' dir='ltr'><strong>inexpiabile</strong></span> <span class='ocrx_word' id='word_1_423' title='bbox 780 5393 983 5449; x_wconf 92' lang='lat' dir='ltr'><strong>bellum</strong></span> <span class='ocrx_word' id='word_1_424' title='bbox 1020 5384 1290 5458; x_wconf 89' lang='lat' dir='ltr'><strong>quoddam</strong></span> <span class='ocrx_word' id='word_1_425' title='bbox 1321 5380 1504 5434; x_wconf 91' lang='lat' dir='ltr'><strong>orbem</strong></span> <span class='ocrx_word' id='word_1_426' title='bbox 1530 5386 1790 5430; x_wconf 89' lang='lat' dir='ltr'><strong>terrarum</strong></span> <span class='ocrx_word' id='word_1_427' title='bbox 1819 5374 1998 5428; x_wconf 85' lang='lat' dir='ltr'><strong>incur-</strong></span> 
     </span>
    </p>
   </div>
   <div class='ocr_carea' id='block_1_56' title="bbox 411 5467 2000 5557">
    <p class='ocr_par' dir='ltr' id='par_1_56' title="bbox 411 5467 2000 5557">
     <span class='ocr_line' id='line_1_56' title="bbox 411 5467 2000 5557; baseline -0.02 -5"><span class='ocrx_word' id='word_1_428' title='bbox 411 5509 633 5557; x_wconf 84' lang='lat' dir='ltr'><strong>surum,</strong></span> <span class='ocrx_word' id='word_1_429' title='bbox 674 5487 921 5544; x_wconf 91' lang='lat' dir='ltr'><strong>omnibus</strong></span> <span class='ocrx_word' id='word_1_430' title='bbox 944 5494 1134 5536; x_wconf 89' lang='lat' dir='ltr'><strong>omnes</strong></span> <span class='ocrx_word' id='word_1_431' title='bbox 1183 5473 1520 5547; x_wconf 88' lang='lat' dir='ltr'><strong>ejicientibus</strong></span> <span class='ocrx_word' id='word_1_432' title='bbox 1546 5482 1600 5526; x_wconf 91' lang='lat' dir='ltr'><strong>et</strong></span> <span class='ocrx_word' id='word_1_433' title='bbox 1626 5467 1860 5524; x_wconf 91' lang='lat' dir='ltr'><strong>vicissim</strong></span> <span class='ocrx_word' id='word_1_434' title='bbox 1887 5470 2000 5535; x_wconf 83' lang='lat' dir='ltr'><strong>eje-</strong></span> 
     </span>
    </p>
   </div>
   <div class='ocr_carea' id='block_1_57' title="bbox 370 5556 2006 5660">
    <p class='ocr_par' dir='ltr' id='par_1_57' title="bbox 370 5556 2006 5660">
     <span class='ocr_line' id='line_1_57' title="bbox 370 5556 2006 5660; baseline -0.021 -15"><span class='ocrx_word' id='word_1_435' title='bbox 370 5632 378 5660; x_wconf 25' lang='grc' dir='ltr'><strong>έ</strong></span> <span class='ocrx_word' id='word_1_436' title='bbox 415 5589 537 5644; x_wconf 89' lang='lat' dir='ltr'><strong>etis.</strong></span> <span class='ocrx_word' id='word_1_437' title='bbox 568 5585 644 5639; x_wconf 78' lang='lat' dir='ltr'><strong>Ne</strong></span> <span class='ocrx_word' id='word_1_438' title='bbox 671 5582 834 5653; x_wconf 88' lang='lat' dir='ltr'><strong>igitur</strong></span> <span class='ocrx_word' id='word_1_439' title='bbox 860 5583 1006 5630; x_wconf 90' lang='lat' dir='ltr'><strong>tanta</strong></span> <span class='ocrx_word' id='word_1_440' title='bbox 1035 5568 1277 5627; x_wconf 88' lang='lat' dir='ltr'><strong>confusio</strong></span> <span class='ocrx_word' id='word_1_441' title='bbox 1302 5578 1518 5619; x_wconf 87' lang='lat' dir='ltr'><strong>omnem</strong></span> <span class='ocrx_word' id='word_1_442' title='bbox 1564 5576 1685 5630; x_wconf 73' lang='lat' dir='ltr'><strong>qua:</strong></span> <span class='ocrx_word' id='word_1_443' title='bbox 1730 5558 1832 5613; x_wconf 89' lang='lat' dir='ltr'><strong>sub</strong></span> <span class='ocrx_word' id='word_1_444' title='bbox 1872 5556 2006 5614; x_wconf 64' lang='lat' dir='ltr'><strong>cosio</strong></span> 
     </span>
    </p>
   </div>
   <div class='ocr_carea' id='block_1_58' title="bbox 373 5648 2003 5737">
    <p class='ocr_par' dir='ltr' id='par_1_58' title="bbox 373 5648 2003 5737">
     <span class='ocr_line' id='line_1_58' title="bbox 373 5648 2003 5737; baseline -0.023 0"><span class='ocrx_word' id='word_1_445' title='bbox 373 5653 498 5737; x_wconf 75' lang='lat' dir='ltr'><strong>iest</strong></span> <span class='ocrx_word' id='word_1_446' title='bbox 544 5648 739 5732; x_wconf 82' lang='lat' dir='ltr'><strong>terram</strong></span> <span class='ocrx_word' id='word_1_447' title='bbox 807 5665 1060 5729; x_wconf 88' lang='lat' dir='ltr'><strong>invadat,</strong></span> <span class='ocrx_word' id='word_1_448' title='bbox 1088 5675 1221 5730; x_wconf 88' lang='lat' dir='ltr'><strong>rogo</strong></span> <span class='ocrx_word' id='word_1_449' title='bbox 1269 5665 1327 5710; x_wconf 94' lang='lat' dir='ltr'><strong>ut</strong></span> <span class='ocrx_word' id='word_1_450' title='bbox 1364 5670 1458 5726; x_wconf 88' lang='lat' dir='ltr'><strong>per</strong></span> <span class='ocrx_word' id='word_1_451' title='bbox 1499 5651 1753 5722; x_wconf 88' lang='lat' dir='ltr'><strong>epistolas</strong></span> <span class='ocrx_word' id='word_1_452' title='bbox 1793 5648 2003 5705; x_wconf 83' lang='lat' dir='ltr'><strong>denun-</strong></span> 
     </span>
    </p>
   </div>
   <div class='ocr_carea' id='block_1_59' title="bbox 415 5747 2002 5834">
    <p class='ocr_par' dir='ltr' id='par_1_59' title="bbox 415 5747 2002 5834">
     <span class='ocr_line' id='line_1_59' title="bbox 415 5747 2002 5834; baseline -0.018 -10"><span class='ocrx_word' id='word_1_453' title='bbox 415 5768 561 5826; x_wconf 87' lang='lat' dir='ltr'><strong>tietis</strong></span> <span class='ocrx_word' id='word_1_454' title='bbox 592 5807 607 5830; x_wconf 92' lang='lat'><strong>,</strong></span> <span class='ocrx_word' id='word_1_455' title='bbox 639 5779 702 5821; x_wconf 91' lang='lat' dir='ltr'><strong>ea</strong></span> <span class='ocrx_word' id='word_1_456' title='bbox 728 5776 848 5834; x_wconf 60' lang='lat' dir='ltr'><strong>quae</strong></span> <span class='ocrx_word' id='word_1_457' title='bbox 875 5767 982 5812; x_wconf 84' lang='lat' dir='ltr'><strong>tam</strong></span> <span class='ocrx_word' id='word_1_458' title='bbox 1026 5754 1206 5825; x_wconf 87' lang='lat' dir='ltr'><strong>inique</strong></span> <span class='ocrx_word' id='word_1_459' title='bbox 1259 5757 1376 5804; x_wconf 90' lang='lat' dir='ltr'><strong>acta</strong></span> <span class='ocrx_word' id='word_1_460' title='bbox 1419 5753 1545 5801; x_wconf 86' lang='lat' dir='ltr'><strong>sunt</strong></span> <span class='ocrx_word' id='word_1_461' title='bbox 1583 5747 1652 5799; x_wconf 90' lang='lat' dir='ltr'><strong>ab</strong></span> <span class='ocrx_word' id='word_1_462' title='bbox 1681 5757 1787 5797; x_wconf 90' lang='lat' dir='ltr'><strong>una</strong></span> <span class='ocrx_word' id='word_1_463' title='bbox 1815 5751 1964 5813; x_wconf 89' lang='lat' dir='ltr'><strong>parte</strong></span> <span class='ocrx_word' id='word_1_464' title='bbox 1989 5783 2002 5803; x_wconf 95' lang='lat'><strong>,</strong></span> 
     </span>
    </p>
   </div>
   <div class='ocr_carea' id='block_1_60' title="bbox 416 5836 2002 5922">
    <p class='ocr_par' dir='ltr' id='par_1_60' title="bbox 416 5836 2002 5922">
     <span class='ocr_line' id='line_1_60' title="bbox 416 5836 2002 5922; baseline -0.019 -1"><span class='ocrx_word' id='word_1_465' title='bbox 416 5859 728 5922; x_wconf 81' lang='lat' dir='ltr'><strong>absentibus</strong></span> <span class='ocrx_word' id='word_1_466' title='bbox 793 5853 949 5912; x_wconf 89' lang='lat' dir='ltr'><strong>nobis</strong></span> <span class='ocrx_word' id='word_1_467' title='bbox 1009 5855 1062 5906; x_wconf 87' lang='lat' dir='ltr'><strong>et</strong></span> <span class='ocrx_word' id='word_1_468' title='bbox 1108 5861 1213 5902; x_wconf 90' lang='lat' dir='ltr'><strong>non</strong></span> <span class='ocrx_word' id='word_1_469' title='bbox 1267 5839 1656 5899; x_wconf 84' lang='lat' dir='ltr'><strong>declinantibus</strong></span> <span class='ocrx_word' id='word_1_470' title='bbox 1697 5836 1950 5907; x_wconf 86' lang='lat' dir='ltr'><strong>judicium</strong></span> <span class='ocrx_word' id='word_1_471' title='bbox 1985 5877 2002 5904; x_wconf 93' lang='lat'><strong>,</strong></span> 
     </span>
    </p>
   </div>
   <div class='ocr_carea' id='block_1_61' title="bbox 2054 499 3632 570">
    <p class='ocr_par' dir='ltr' id='par_1_61' title="bbox 2054 499 3632 570">
     <span class='ocr_line' id='line_1_61' title="bbox 2054 499 3632 570; baseline 0.003 -8"><span class='ocrx_word' id='word_1_472' title='bbox 2054 508 2259 563; x_wconf 90' lang='lat' dir='ltr'><strong>nullum</strong></span> <span class='ocrx_word' id='word_1_473' title='bbox 2305 505 2505 562; x_wconf 85' lang='lat' dir='ltr'><strong>habere</strong></span> <span class='ocrx_word' id='word_1_474' title='bbox 2552 499 2735 570; x_wconf 80' lang='lat' dir='ltr'><strong>robur,</strong></span> <span class='ocrx_word' id='word_1_475' title='bbox 2769 504 2907 558; x_wconf 86' lang='lat' dir='ltr'><strong>sicut</strong></span> <span class='ocrx_word' id='word_1_476' title='bbox 2937 505 3002 559; x_wconf 76' lang='lat' dir='ltr'><strong>ex</strong></span> <span class='ocrx_word' id='word_1_477' title='bbox 3054 520 3147 558; x_wconf 87' lang='lat' dir='ltr'><strong>sua</strong></span> <span class='ocrx_word' id='word_1_478' title='bbox 3190 516 3375 562; x_wconf 88' lang='lat' dir='ltr'><strong>natura</strong></span> <span class='ocrx_word' id='word_1_479' title='bbox 3425 511 3632 570; x_wconf 80' lang='lat' dir='ltr'><strong>nullum</strong></span> 
     </span>
    </p>
   </div>
   <div class='ocr_carea' id='block_1_62' title="bbox 2050 595 3633 667">
    <p class='ocr_par' dir='ltr' id='par_1_62' title="bbox 2050 595 3633 667">
     <span class='ocr_line' id='line_1_62' title="bbox 2050 595 3633 667; baseline 0.004 -15"><span class='ocrx_word' id='word_1_480' title='bbox 2050 595 2245 663; x_wconf 87' lang='lat' dir='ltr'><strong>habet;</strong></span> <span class='ocrx_word' id='word_1_481' title='bbox 2273 605 2406 652; x_wconf 89' lang='lat' dir='ltr'><strong>etut</strong></span> <span class='ocrx_word' id='word_1_482' title='bbox 2430 596 2520 667; x_wconf 80' lang='lat' dir='ltr'><strong>qui</strong></span> <span class='ocrx_word' id='word_1_483' title='bbox 2553 597 2674 650; x_wconf 88' lang='lat' dir='ltr'><strong>talia</strong></span> <span class='ocrx_word' id='word_1_484' title='bbox 2703 597 2817 651; x_wconf 88' lang='lat' dir='ltr'><strong>ausi</strong></span> <span class='ocrx_word' id='word_1_485' title='bbox 2848 606 2974 652; x_wconf 82' lang='lat' dir='ltr'><strong>sunt</strong></span> <span class='ocrx_word' id='word_1_486' title='bbox 2996 640 3011 663; x_wconf 95' lang='lat'><strong>,</strong></span> <span class='ocrx_word' id='word_1_487' title='bbox 3045 599 3527 657; x_wconf 86' lang='lat' dir='ltr'><strong>ecclesiasticarum</strong></span> <span class='ocrx_word' id='word_1_488' title='bbox 3554 604 3633 658; x_wconf 87' lang='lat' dir='ltr'><strong>le-</strong></span> 
     </span>
    </p>
   </div>
   <div class='ocr_carea' id='block_1_63' title="bbox 2049 686 3626 760">
    <p class='ocr_par' dir='ltr' id='par_1_63' title="bbox 2049 686 3626 760">
     <span class='ocr_line' id='line_1_63' title="bbox 2049 686 3626 760; baseline 0.005 -19"><span class='ocrx_word' id='word_1_489' title='bbox 2049 702 2175 758; x_wconf 91' lang='lat' dir='ltr'><strong>gum</strong></span> <span class='ocrx_word' id='word_1_490' title='bbox 2203 686 2377 756; x_wconf 59' lang='lat' dir='ltr'><strong>poenis</strong></span> <span class='ocrx_word' id='word_1_491' title='bbox 2402 687 2773 758; x_wconf 83' lang='lat' dir='ltr'><strong>subjiciautur.</strong></span> <span class='ocrx_word' id='word_1_492' title='bbox 2803 686 2911 743; x_wconf 87' lang='lat' dir='ltr'><strong>Nos</strong></span> <span class='ocrx_word' id='word_1_493' title='bbox 2940 688 3116 758; x_wconf 88' lang='lat' dir='ltr'><strong>igitur,</strong></span> <span class='ocrx_word' id='word_1_494' title='bbox 3147 691 3234 760; x_wconf 91' lang='lat' dir='ltr'><strong>qui</strong></span> <span class='ocrx_word' id='word_1_495' title='bbox 3261 707 3361 747; x_wconf 91' lang='lat' dir='ltr'><strong>nec</strong></span> <span class='ocrx_word' id='word_1_496' title='bbox 3380 695 3626 759; x_wconf 81' lang='lat' dir='ltr'><strong>convicti,</strong></span> 
     </span>
    </p>
   </div>
   <div class='ocr_carea' id='block_1_64' title="bbox 2053 779 3628 849">
    <p class='ocr_par' dir='ltr' id='par_1_64' title="bbox 2053 779 3628 849">
     <span class='ocr_line' id='line_1_64' title="bbox 2053 779 3628 849; baseline 0.004 -15"><span class='ocrx_word' id='word_1_497' title='bbox 2053 794 2155 835; x_wconf 86' lang='lat' dir='ltr'><strong>nec</strong></span> <span class='ocrx_word' id='word_1_498' title='bbox 2179 779 2489 849; x_wconf 87' lang='lat' dir='ltr'><strong>reprehensi</strong></span> <span class='ocrx_word' id='word_1_499' title='bbox 2511 794 2714 843; x_wconf 91' lang='lat' dir='ltr'><strong>sumus,</strong></span> <span class='ocrx_word' id='word_1_500' title='bbox 2738 795 2838 835; x_wconf 91' lang='lat' dir='ltr'><strong>nec</strong></span> <span class='ocrx_word' id='word_1_501' title='bbox 2854 780 2935 834; x_wconf 89' lang='lat' dir='ltr'><strong>rei</strong></span> <span class='ocrx_word' id='word_1_502' title='bbox 2964 780 3334 846; x_wconf 81' lang='lat' dir='ltr'><strong>demonstrati,</strong></span> <span class='ocrx_word' id='word_1_503' title='bbox 3353 784 3519 840; x_wconf 90' lang='lat' dir='ltr'><strong>literis</strong></span> <span class='ocrx_word' id='word_1_504' title='bbox 3534 802 3628 840; x_wconf 82' lang='lat' dir='ltr'><strong>ve-</strong></span> 
     </span>
    </p>
   </div>
   <div class='ocr_carea' id='block_1_65' title="bbox 2053 869 3634 943">
    <p class='ocr_par' dir='ltr' id='par_1_65' title="bbox 2053 869 3634 943">
     <span class='ocr_line' id='line_1_65' title="bbox 2053 869 3634 943; baseline 0.006 -19"><span class='ocrx_word' id='word_1_505' title='bbox 2053 870 2180 924; x_wconf 91' lang='lat' dir='ltr'><strong>stris</strong></span> <span class='ocrx_word' id='word_1_506' title='bbox 2204 869 2309 924; x_wconf 84' lang='lat' dir='ltr'><strong>frui</strong></span> <span class='ocrx_word' id='word_1_507' title='bbox 2338 869 2481 933; x_wconf 85' lang='lat' dir='ltr'><strong>date,</strong></span> <span class='ocrx_word' id='word_1_508' title='bbox 2510 879 2567 926; x_wconf 89' lang='lat' dir='ltr'><strong>et</strong></span> <span class='ocrx_word' id='word_1_509' title='bbox 2591 871 2814 926; x_wconf 86' lang='lat' dir='ltr'><strong>caritate</strong></span> <span class='ocrx_word' id='word_1_510' title='bbox 2841 881 3018 926; x_wconf 88' lang='lat' dir='ltr'><strong>vestra</strong></span> <span class='ocrx_word' id='word_1_511' title='bbox 3044 874 3358 943; x_wconf 63' lang='lat' dir='ltr'><strong>ueterisque</strong></span> <span class='ocrx_word' id='word_1_512' title='bbox 3387 878 3634 933; x_wconf 87' lang='lat' dir='ltr'><strong>omnibus</strong></span> 
     </span>
    </p>
   </div>
   <div class='ocr_carea' id='block_1_66' title="bbox 2054 962 3633 1040">
    <p class='ocr_par' dir='ltr' id='par_1_66' title="bbox 2054 962 3633 1040">
     <span class='ocr_line' id='line_1_66' title="bbox 2054 962 3633 1040; baseline 0.004 -22"><span class='ocrx_word' id='word_1_513' title='bbox 2054 970 2116 1018; x_wconf 82' lang='lat' dir='ltr'><strong>ut</strong></span> <span class='ocrx_word' id='word_1_514' title='bbox 2137 972 2312 1018; x_wconf 90' lang='lat' dir='ltr'><strong>antea.</strong></span> <span class='ocrx_word' id='word_1_515' title='bbox 2345 962 2401 1019; x_wconf 88' lang='lat' dir='ltr'><strong>Si</strong></span> <span class='ocrx_word' id='word_1_516' title='bbox 2426 976 2554 1018; x_wconf 84' lang='lat' dir='ltr'><strong>vero</strong></span> <span class='ocrx_word' id='word_1_517' title='bbox 2579 963 2666 1032; x_wconf 91' lang='lat' dir='ltr'><strong>qui</strong></span> <span class='ocrx_word' id='word_1_518' title='bbox 2695 962 2816 1018; x_wconf 92' lang='lat' dir='ltr'><strong>talia</strong></span> <span class='ocrx_word' id='word_1_519' title='bbox 2839 971 3135 1032; x_wconf 90' lang='lat' dir='ltr'><strong>patrarunt,</strong></span> <span class='ocrx_word' id='word_1_520' title='bbox 3151 966 3315 1020; x_wconf 88' lang='lat' dir='ltr'><strong>velint</strong></span> <span class='ocrx_word' id='word_1_521' title='bbox 3335 983 3474 1024; x_wconf 91' lang='lat' dir='ltr'><strong>nunc</strong></span> <span class='ocrx_word' id='word_1_522' title='bbox 3497 985 3633 1040; x_wconf 89' lang='lat' dir='ltr'><strong>quo-</strong></span> 
     </span>
    </p>
   </div>
   <div class='ocr_carea' id='block_1_67' title="bbox 2056 1057 3633 1130">
    <p class='ocr_par' dir='ltr' id='par_1_67' title="bbox 2056 1057 3633 1130">
     <span class='ocr_line' id='line_1_67' title="bbox 2056 1057 3633 1130; baseline 0.003 -18"><span class='ocrx_word' id='word_1_523' title='bbox 2056 1073 2160 1128; x_wconf 90' lang='lat' dir='ltr'><strong>que</strong></span> <span class='ocrx_word' id='word_1_524' title='bbox 2184 1057 2410 1113; x_wconf 89' lang='lat' dir='ltr'><strong>crimina</strong></span> <span class='ocrx_word' id='word_1_525' title='bbox 2439 1057 2674 1126; x_wconf 90' lang='lat' dir='ltr'><strong>objicere</strong></span> <span class='ocrx_word' id='word_1_526' title='bbox 2701 1057 2772 1113; x_wconf 90' lang='lat' dir='ltr'><strong>ob</strong></span> <span class='ocrx_word' id='word_1_527' title='bbox 2799 1073 2918 1128; x_wconf 73' lang='lat' dir='ltr'><strong>quae</strong></span> <span class='ocrx_word' id='word_1_528' title='bbox 2967 1057 3066 1112; x_wconf 87' lang='lat' dir='ltr'><strong>nos</strong></span> <span class='ocrx_word' id='word_1_529' title='bbox 3113 1059 3306 1130; x_wconf 87' lang='lat' dir='ltr'><strong>injuste</strong></span> <span class='ocrx_word' id='word_1_530' title='bbox 3329 1060 3633 1130; x_wconf 83' lang='lat' dir='ltr'><strong>ejecerunt,</strong></span> 
     </span>
    </p>
   </div>
   <div class='ocr_carea' id='block_1_68' title="bbox 2057 1149 3634 1224">
    <p class='ocr_par' dir='ltr' id='par_1_68' title="bbox 2057 1149 3634 1224">
     <span class='ocr_line' id='line_1_68' title="bbox 2057 1149 3634 1224; baseline 0.003 -20"><span class='ocrx_word' id='word_1_531' title='bbox 2057 1150 2373 1205; x_wconf 82' lang='lat' dir='ltr'><strong>datisnobis</strong></span> <span class='ocrx_word' id='word_1_532' title='bbox 2395 1151 2548 1216; x_wconf 90' lang='lat' dir='ltr'><strong>actis,</strong></span> <span class='ocrx_word' id='word_1_533' title='bbox 2567 1157 2622 1204; x_wconf 89' lang='lat' dir='ltr'><strong>et</strong></span> <span class='ocrx_word' id='word_1_534' title='bbox 2649 1164 2770 1204; x_wconf 93' lang='lat' dir='ltr'><strong>cum</strong></span> <span class='ocrx_word' id='word_1_535' title='bbox 2797 1149 2956 1204; x_wconf 91' lang='lat' dir='ltr'><strong>libelli</strong></span> <span class='ocrx_word' id='word_1_536' title='bbox 2979 1159 3385 1208; x_wconf 85' lang='lat' dir='ltr'><strong>etaccusatores</strong></span> <span class='ocrx_word' id='word_1_537' title='bbox 3417 1168 3634 1224; x_wconf 90' lang='lat' dir='ltr'><strong>compa-</strong></span> 
     </span>
    </p>
   </div>
   <div class='ocr_carea' id='block_1_69' title="bbox 2059 1239 3638 1312">
    <p class='ocr_par' dir='ltr' id='par_1_69' title="bbox 2059 1239 3638 1312">
     <span class='ocr_line' id='line_1_69' title="bbox 2059 1239 3638 1312; baseline 0.001 -15"><span class='ocrx_word' id='word_1_538' title='bbox 2059 1243 2286 1306; x_wconf 88' lang='lat' dir='ltr'><strong>ruerint,</strong></span> <span class='ocrx_word' id='word_1_539' title='bbox 2327 1241 2648 1311; x_wconf 89' lang='lat' dir='ltr'><strong>incorruptis</strong></span> <span class='ocrx_word' id='word_1_540' title='bbox 2673 1239 2939 1312; x_wconf 91' lang='lat' dir='ltr'><strong>judicibus</strong></span> <span class='ocrx_word' id='word_1_541' title='bbox 2981 1240 3286 1296; x_wconf 89' lang='lat' dir='ltr'><strong>sedentibus</strong></span> <span class='ocrx_word' id='word_1_542' title='bbox 3315 1257 3525 1298; x_wconf 90' lang='lat' dir='ltr'><strong>causam</strong></span> <span class='ocrx_word' id='word_1_543' title='bbox 3554 1243 3638 1300; x_wconf 88' lang='lat' dir='ltr'><strong>di-</strong></span> 
     </span>
    </p>
   </div>
   <div class='ocr_carea' id='block_1_70' title="bbox 2057 1332 3642 1402">
    <p class='ocr_par' dir='ltr' id='par_1_70' title="bbox 2057 1332 3642 1402">
     <span class='ocr_line' id='line_1_70' title="bbox 2057 1332 3642 1402; baseline 0 -12"><span class='ocrx_word' id='word_1_544' title='bbox 2057 1349 2263 1400; x_wconf 90' lang='lat' dir='ltr'><strong>cemus,</strong></span> <span class='ocrx_word' id='word_1_545' title='bbox 2293 1342 2348 1388; x_wconf 89' lang='lat' dir='ltr'><strong>et</strong></span> <span class='ocrx_word' id='word_1_546' title='bbox 2377 1332 2723 1388; x_wconf 83' lang='lat' dir='ltr'><strong>ostendemus</strong></span> <span class='ocrx_word' id='word_1_547' title='bbox 2757 1342 2905 1387; x_wconf 78' lang='lat' dir='ltr'><strong>extra</strong></span> <span class='ocrx_word' id='word_1_548' title='bbox 2931 1332 3138 1402; x_wconf 89' lang='lat' dir='ltr'><strong>culpam</strong></span> <span class='ocrx_word' id='word_1_549' title='bbox 3169 1347 3266 1387; x_wconf 90' lang='lat' dir='ltr'><strong>nos</strong></span> <span class='ocrx_word' id='word_1_550' title='bbox 3293 1347 3413 1389; x_wconf 84' lang='lat' dir='ltr'><strong>esse</strong></span> <span class='ocrx_word' id='word_1_551' title='bbox 3453 1351 3642 1390; x_wconf 86' lang='lat' dir='ltr'><strong>eorum</strong></span> 
     </span>
    </p>
   </div>
   <div class='ocr_carea' id='block_1_71' title="bbox 2059 1425 3639 1498">
    <p class='ocr_par' dir='ltr' id='par_1_71' title="bbox 2059 1425 3639 1498">
     <span class='ocr_line' id='line_1_71' title="bbox 2059 1425 3639 1498; baseline -0.001 -17"><span class='ocrx_word' id='word_1_552' title='bbox 2059 1443 2178 1497; x_wconf 82' lang='lat' dir='ltr'><strong>quae</strong></span> <span class='ocrx_word' id='word_1_553' title='bbox 2207 1426 2362 1482; x_wconf 90' lang='lat' dir='ltr'><strong>nobis</strong></span> <span class='ocrx_word' id='word_1_554' title='bbox 2387 1425 2731 1496; x_wconf 89' lang='lat' dir='ltr'><strong>objiciuntur,</strong></span> <span class='ocrx_word' id='word_1_555' title='bbox 2763 1425 2900 1479; x_wconf 90' lang='lat' dir='ltr'><strong>sicut</strong></span> <span class='ocrx_word' id='word_1_556' title='bbox 2929 1426 3085 1494; x_wconf 90' lang='lat' dir='ltr'><strong>plane</strong></span> <span class='ocrx_word' id='word_1_557' title='bbox 3113 1439 3318 1497; x_wconf 86' lang='lat' dir='ltr'><strong>sumus.</strong></span> <span class='ocrx_word' id='word_1_558' title='bbox 3347 1425 3479 1482; x_wconf 85' lang='lat' dir='ltr'><strong>Nam</strong></span> <span class='ocrx_word' id='word_1_559' title='bbox 3520 1443 3639 1498; x_wconf 60' lang='lat' dir='ltr'><strong>qua».</strong></span> 
     </span>
    </p>
   </div>
   <div class='ocr_carea' id='block_1_72' title="bbox 2059 1516 3642 1584">
    <p class='ocr_par' dir='ltr' id='par_1_72' title="bbox 2059 1516 3642 1584">
     <span class='ocr_line' id='line_1_72' title="bbox 2059 1516 3642 1584; baseline 0 -11"><span class='ocrx_word' id='word_1_560' title='bbox 2059 1519 2127 1575; x_wconf 92' lang='lat' dir='ltr'><strong>ab</strong></span> <span class='ocrx_word' id='word_1_561' title='bbox 2156 1519 2260 1574; x_wconf 91' lang='lat' dir='ltr'><strong>illis</strong></span> <span class='ocrx_word' id='word_1_562' title='bbox 2300 1518 2459 1584; x_wconf 90' lang='lat' dir='ltr'><strong>facta,</strong></span> <span class='ocrx_word' id='word_1_563' title='bbox 2490 1527 2676 1572; x_wconf 90' lang='lat' dir='ltr'><strong>contra</strong></span> <span class='ocrx_word' id='word_1_564' title='bbox 2717 1532 2934 1571; x_wconf 92' lang='lat' dir='ltr'><strong>omnem</strong></span> <span class='ocrx_word' id='word_1_565' title='bbox 2975 1525 3100 1570; x_wconf 91' lang='lat' dir='ltr'><strong>sunt</strong></span> <span class='ocrx_word' id='word_1_566' title='bbox 3142 1516 3383 1571; x_wconf 89' lang='lat' dir='ltr'><strong>ordinem</strong></span> <span class='ocrx_word' id='word_1_567' title='bbox 3411 1557 3425 1583; x_wconf 90' lang='lat'><strong>,</strong></span> <span class='ocrx_word' id='word_1_568' title='bbox 3455 1527 3642 1573; x_wconf 87' lang='lat' dir='ltr'><strong>contra</strong></span> 
     </span>
    </p>
   </div>
   <div class='ocr_carea' id='block_1_73' title="bbox 2060 1608 3642 1681">
    <p class='ocr_par' dir='ltr' id='par_1_73' title="bbox 2060 1608 3642 1681">
     <span class='ocr_line' id='line_1_73' title="bbox 2060 1608 3642 1681; baseline -0.002 -14"><span class='ocrx_word' id='word_1_569' title='bbox 2060 1626 2248 1667; x_wconf 86' lang='lat' dir='ltr'><strong>omnes</strong></span> <span class='ocrx_word' id='word_1_570' title='bbox 2278 1611 2423 1681; x_wconf 88' lang='lat' dir='ltr'><strong>leges</strong></span> <span class='ocrx_word' id='word_1_571' title='bbox 2448 1617 2504 1665; x_wconf 90' lang='lat' dir='ltr'><strong>et</strong></span> <span class='ocrx_word' id='word_1_572' title='bbox 2531 1624 2764 1665; x_wconf 88' lang='lat' dir='ltr'><strong>canones</strong></span> <span class='ocrx_word' id='word_1_573' title='bbox 2789 1608 3180 1664; x_wconf 88' lang='lat' dir='ltr'><strong>ecclesiasticos</strong></span> <span class='ocrx_word' id='word_1_574' title='bbox 3204 1627 3217 1663; x_wconf 93' lang='lat'><strong>:</strong></span> <span class='ocrx_word' id='word_1_575' title='bbox 3239 1624 3412 1678; x_wconf 89' lang='lat' dir='ltr'><strong>neque</strong></span> <span class='ocrx_word' id='word_1_576' title='bbox 3438 1609 3489 1663; x_wconf 95' lang='lat' dir='ltr'><strong>iu</strong></span> <span class='ocrx_word' id='word_1_577' title='bbox 3516 1625 3642 1679; x_wconf 88' lang='lat' dir='ltr'><strong>gen-</strong></span> 
     </span>
    </p>
   </div>
   <div class='ocr_carea' id='block_1_74' title="bbox 2063 1699 3643 1772">
    <p class='ocr_par' dir='ltr' id='par_1_74' title="bbox 2063 1699 3643 1772">
     <span class='ocr_line' id='line_1_74' title="bbox 2063 1699 3643 1772; baseline -0.001 -14"><span class='ocrx_word' id='word_1_578' title='bbox 2063 1705 2235 1758; x_wconf 91' lang='lat' dir='ltr'><strong>tilium</strong></span> <span class='ocrx_word' id='word_1_579' title='bbox 2259 1702 2494 1772; x_wconf 89' lang='lat' dir='ltr'><strong>judiciis,</strong></span> <span class='ocrx_word' id='word_1_580' title='bbox 2533 1715 2709 1770; x_wconf 91' lang='lat' dir='ltr'><strong>neque</strong></span> <span class='ocrx_word' id='word_1_581' title='bbox 2747 1700 2798 1754; x_wconf 93' lang='lat' dir='ltr'><strong>iu</strong></span> <span class='ocrx_word' id='word_1_582' title='bbox 2845 1699 3125 1755; x_wconf 89' lang='lat' dir='ltr'><strong>barbarico</strong></span> <span class='ocrx_word' id='word_1_583' title='bbox 3154 1700 3366 1770; x_wconf 83' lang='lat' dir='ltr'><strong>quidem</strong></span> <span class='ocrx_word' id='word_1_584' title='bbox 3396 1700 3643 1756; x_wconf 87' lang='lat' dir='ltr'><strong>tribunali</strong></span> 
     </span>
    </p>
   </div>
   <div class='ocr_carea' id='block_1_75' title="bbox 2063 1791 3645 1863">
    <p class='ocr_par' dir='ltr' id='par_1_75' title="bbox 2063 1791 3645 1863">
     <span class='ocr_line' id='line_1_75' title="bbox 2063 1791 3645 1863; baseline -0.002 -14"><span class='ocrx_word' id='word_1_585' title='bbox 2063 1795 2190 1849; x_wconf 90' lang='lat' dir='ltr'><strong>talia</strong></span> <span class='ocrx_word' id='word_1_586' title='bbox 2236 1808 2487 1862; x_wconf 90' lang='lat' dir='ltr'><strong>umquam</strong></span> <span class='ocrx_word' id='word_1_587' title='bbox 2524 1801 2640 1846; x_wconf 87' lang='lat' dir='ltr'><strong>acta</strong></span> <span class='ocrx_word' id='word_1_588' title='bbox 2671 1799 2829 1856; x_wconf 90' lang='lat' dir='ltr'><strong>sunt;</strong></span> <span class='ocrx_word' id='word_1_589' title='bbox 2876 1793 3041 1844; x_wconf 93' lang='lat' dir='ltr'><strong>immo</strong></span> <span class='ocrx_word' id='word_1_590' title='bbox 3066 1805 3198 1845; x_wconf 90' lang='lat' dir='ltr'><strong>vero</strong></span> <span class='ocrx_word' id='word_1_591' title='bbox 3224 1806 3397 1861; x_wconf 91' lang='lat' dir='ltr'><strong>neque</strong></span> <span class='ocrx_word' id='word_1_592' title='bbox 3431 1791 3645 1863; x_wconf 69' lang='lat' dir='ltr'><strong>Scyllae</strong></span> 
     </span>
    </p>
   </div>
   <div class='ocr_carea' id='block_1_76' title="bbox 2065 1881 3649 1958">
    <p class='ocr_par' dir='ltr' id='par_1_76' title="bbox 2065 1881 3649 1958">
     <span class='ocr_line' id='line_1_76' title="bbox 2065 1881 3649 1958; baseline -0.003 -16"><span class='ocrx_word' id='word_1_593' title='bbox 2065 1901 2242 1958; x_wconf 89' lang='lat' dir='ltr'><strong>neque</strong></span> <span class='ocrx_word' id='word_1_594' title='bbox 2282 1885 2542 1940; x_wconf 81' lang='lat' dir='ltr'><strong>Sarmata:</strong></span> <span class='ocrx_word' id='word_1_595' title='bbox 2569 1884 2641 1937; x_wconf 90' lang='lat' dir='ltr'><strong>ita</strong></span> <span class='ocrx_word' id='word_1_596' title='bbox 2670 1897 2921 1951; x_wconf 89' lang='lat' dir='ltr'><strong>umquam</strong></span> <span class='ocrx_word' id='word_1_597' title='bbox 2945 1881 3269 1952; x_wconf 78' lang='lat' dir='ltr'><strong>iudicarunt,</strong></span> <span class='ocrx_word' id='word_1_598' title='bbox 3294 1882 3553 1952; x_wconf 89' lang='lat' dir='ltr'><strong>judicium</strong></span> <span class='ocrx_word' id='word_1_599' title='bbox 3578 1884 3649 1938; x_wconf 90' lang='lat' dir='ltr'><strong>ab</strong></span> 
     </span>
    </p>
   </div>
   <div class='ocr_carea' id='block_1_77' title="bbox 2065 1974 3649 2048">
    <p class='ocr_par' dir='ltr' id='par_1_77' title="bbox 2065 1974 3649 2048">
     <span class='ocr_line' id='line_1_77' title="bbox 2065 1974 3649 2048; baseline -0.003 -13"><span class='ocrx_word' id='word_1_600' title='bbox 2065 1995 2171 2035; x_wconf 90' lang='lat' dir='ltr'><strong>una</strong></span> <span class='ocrx_word' id='word_1_601' title='bbox 2221 1986 2372 2048; x_wconf 91' lang='lat' dir='ltr'><strong>parte</strong></span> <span class='ocrx_word' id='word_1_602' title='bbox 2420 1974 2692 2041; x_wconf 89' lang='lat' dir='ltr'><strong>ferentes,</strong></span> <span class='ocrx_word' id='word_1_603' title='bbox 2721 1975 2944 2029; x_wconf 86' lang='lat' dir='ltr'><strong>absente</strong></span> <span class='ocrx_word' id='word_1_604' title='bbox 2986 1989 3051 2028; x_wconf 92' lang='lat' dir='ltr'><strong>eo</strong></span> <span class='ocrx_word' id='word_1_605' title='bbox 3088 1974 3178 2044; x_wconf 88' lang='lat' dir='ltr'><strong>qui</strong></span> <span class='ocrx_word' id='word_1_606' title='bbox 3223 1983 3522 2038; x_wconf 90' lang='lat' dir='ltr'><strong>accusatur,</strong></span> <span class='ocrx_word' id='word_1_607' title='bbox 3550 1992 3649 2031; x_wconf 90' lang='lat' dir='ltr'><strong>nec</strong></span> 
     </span>
    </p>
   </div>
   <div class='ocr_carea' id='block_1_78' title="bbox 2068 2065 3648 2138">
    <p class='ocr_par' dir='ltr' id='par_1_78' title="bbox 2068 2065 3648 2138">
     <span class='ocr_line' id='line_1_78' title="bbox 2068 2065 3648 2138; baseline -0.002 -12"><span class='ocrx_word' id='word_1_608' title='bbox 2068 2079 2355 2127; x_wconf 88' lang='lat' dir='ltr'><strong>recusante</strong></span> <span class='ocrx_word' id='word_1_609' title='bbox 2379 2067 2658 2138; x_wconf 88' lang='lat' dir='ltr'><strong>judicium,</strong></span> <span class='ocrx_word' id='word_1_610' title='bbox 2691 2066 2784 2120; x_wconf 88' lang='lat' dir='ltr'><strong>sed</strong></span> <span class='ocrx_word' id='word_1_611' title='bbox 2810 2065 3179 2132; x_wconf 90' lang='lat' dir='ltr'><strong>hostilitatem,</strong></span> <span class='ocrx_word' id='word_1_612' title='bbox 3201 2077 3424 2122; x_wconf 89' lang='lat' dir='ltr'><strong>vocante</strong></span> <span class='ocrx_word' id='word_1_613' title='bbox 3441 2067 3648 2137; x_wconf 88' lang='lat' dir='ltr'><strong>judices</strong></span> 
     </span>
    </p>
   </div>
   <div class='ocr_carea' id='block_1_79' title="bbox 2068 2157 3648 2248">
    <p class='ocr_par' dir='ltr' id='par_1_79' title="bbox 2068 2157 3648 2248">
     <span class='ocr_line' id='line_1_79' title="bbox 2068 2157 3648 2248; baseline -0.001 -32"><span class='ocrx_word' id='word_1_614' title='bbox 2068 2162 2381 2248; x_wconf 88' lang='lat' dir='ltr'><strong>innumeros</strong></span> <span class='ocrx_word' id='word_1_615' title='bbox 2406 2201 2421 2226; x_wconf 93' lang='lat'><strong>,</strong></span> <span class='ocrx_word' id='word_1_616' title='bbox 2451 2168 2604 2212; x_wconf 81' lang='lat' dir='ltr'><strong>extra</strong></span> <span class='ocrx_word' id='word_1_617' title='bbox 2631 2157 2842 2226; x_wconf 90' lang='lat' dir='ltr'><strong>culpam</strong></span> <span class='ocrx_word' id='word_1_618' title='bbox 2875 2171 2933 2212; x_wconf 89' lang='lat' dir='ltr'><strong>se</strong></span> <span class='ocrx_word' id='word_1_619' title='bbox 2970 2172 3091 2212; x_wconf 90' lang='lat' dir='ltr'><strong>esse</strong></span> <span class='ocrx_word' id='word_1_620' title='bbox 3135 2157 3366 2225; x_wconf 89' lang='lat' dir='ltr'><strong>dicente,</strong></span> <span class='ocrx_word' id='word_1_621' title='bbox 3389 2168 3442 2214; x_wconf 90' lang='lat' dir='ltr'><strong>et</strong></span> <span class='ocrx_word' id='word_1_622' title='bbox 3469 2175 3648 2215; x_wconf 82' lang='lat' dir='ltr'><strong>coram</strong></span> 
     </span>
    </p>
   </div>
   <div class='ocr_carea' id='block_1_80' title="bbox 2069 2249 3659 2320">
    <p class='ocr_par' dir='ltr' id='par_1_80' title="bbox 2069 2249 3659 2320">
     <span class='ocr_line' id='line_1_80' title="bbox 2069 2249 3659 2320; baseline -0.002 -11"><span class='ocrx_word' id='word_1_623' title='bbox 2069 2265 2332 2309; x_wconf 79' lang='lat' dir='ltr'><strong>terrarum</strong></span> <span class='ocrx_word' id='word_1_624' title='bbox 2361 2252 2491 2307; x_wconf 89' lang='lat' dir='ltr'><strong>orbe</strong></span> <span class='ocrx_word' id='word_1_625' title='bbox 2521 2251 2745 2306; x_wconf 85' lang='lat' dir='ltr'><strong>crimina</strong></span> <span class='ocrx_word' id='word_1_626' title='bbox 2772 2249 3118 2319; x_wconf 88' lang='lat' dir='ltr'><strong>depulsurum</strong></span> <span class='ocrx_word' id='word_1_627' title='bbox 3142 2293 3156 2312; x_wconf 92' lang='lat'><strong>,</strong></span> <span class='ocrx_word' id='word_1_628' title='bbox 3188 2259 3350 2320; x_wconf 92' lang='lat' dir='ltr'><strong>atque</strong></span> <span class='ocrx_word' id='word_1_629' title='bbox 3396 2253 3451 2306; x_wconf 92' lang='lat' dir='ltr'><strong>in</strong></span> <span class='ocrx_word' id='word_1_630' title='bbox 3477 2268 3659 2307; x_wconf 81' lang='lat' dir='ltr'><strong>omm-</strong></span> 
     </span>
    </p>
   </div>
   <div class='ocr_carea' id='block_1_81' title="bbox 2069 2342 3668 2414">
    <p class='ocr_par' dir='ltr' id='par_1_81' title="bbox 2069 2342 3668 2414">
     <span class='ocr_line' id='line_1_81' title="bbox 2069 2342 3668 2414; baseline -0.004 -12"><span class='ocrx_word' id='word_1_631' title='bbox 2069 2347 2170 2402; x_wconf 90' lang='lat' dir='ltr'><strong>bus</strong></span> <span class='ocrx_word' id='word_1_632' title='bbox 2197 2347 2465 2401; x_wconf 85' lang='lat' dir='ltr'><strong>insontem</strong></span> <span class='ocrx_word' id='word_1_633' title='bbox 2512 2344 2746 2412; x_wconf 91' lang='lat' dir='ltr'><strong>seipsum</strong></span> <span class='ocrx_word' id='word_1_634' title='bbox 2787 2357 2908 2396; x_wconf 91' lang='lat' dir='ltr'><strong>esse</strong></span> <span class='ocrx_word' id='word_1_635' title='bbox 2951 2352 3310 2396; x_wconf 79' lang='lat' dir='ltr'><strong>OSIensurum.</strong></span> <span class='ocrx_word' id='word_1_636' title='bbox 3337 2342 3459 2397; x_wconf 65' lang='lat' dir='ltr'><strong>llaec</strong></span> <span class='ocrx_word' id='word_1_637' title='bbox 3499 2344 3668 2414; x_wconf 70' lang='lat' dir='ltr'><strong>igitur</strong></span> 
     </span>
    </p>
   </div>
   <div class='ocr_carea' id='block_1_82' title="bbox 2069 2434 3655 2508">
    <p class='ocr_par' dir='ltr' id='par_1_82' title="bbox 2069 2434 3655 2508">
     <span class='ocr_line' id='line_1_82' title="bbox 2069 2434 3655 2508; baseline -0.003 -12"><span class='ocrx_word' id='word_1_638' title='bbox 2069 2441 2250 2496; x_wconf 90' lang='lat' dir='ltr'><strong>omnia</strong></span> <span class='ocrx_word' id='word_1_639' title='bbox 2277 2445 2618 2508; x_wconf 89' lang='lat' dir='ltr'><strong>reputantes,</strong></span> <span class='ocrx_word' id='word_1_640' title='bbox 2653 2451 2681 2489; x_wconf 90' lang='lat' dir='ltr'><strong>a</strong></span> <span class='ocrx_word' id='word_1_641' title='bbox 2711 2434 2942 2490; x_wconf 90' lang='lat' dir='ltr'><strong>dominis</strong></span> <span class='ocrx_word' id='word_1_642' title='bbox 2976 2435 3109 2490; x_wconf 89' lang='lat' dir='ltr'><strong>meis</strong></span> <span class='ocrx_word' id='word_1_643' title='bbox 3133 2437 3383 2506; x_wconf 87' lang='lat' dir='ltr'><strong>piissimis</strong></span> <span class='ocrx_word' id='word_1_644' title='bbox 3407 2436 3655 2493; x_wconf 83' lang='lat' dir='ltr'><strong>fratribus</strong></span> 
     </span>
    </p>
   </div>
   <div class='ocr_carea' id='block_1_83' title="bbox 2070 2526 3654 2602">
    <p class='ocr_par' dir='ltr' id='par_1_83' title="bbox 2070 2526 3654 2602">
     <span class='ocr_line' id='line_1_83' title="bbox 2070 2526 3654 2602; baseline -0.003 -15"><span class='ocrx_word' id='word_1_645' title='bbox 2070 2529 2336 2602; x_wconf 84' lang='lat' dir='ltr'><strong>episc0pis</strong></span> <span class='ocrx_word' id='word_1_646' title='bbox 2373 2543 2492 2585; x_wconf 92' lang='lat' dir='ltr'><strong>cum</strong></span> <span class='ocrx_word' id='word_1_647' title='bbox 2523 2526 2722 2596; x_wconf 88' lang='lat' dir='ltr'><strong>liquido</strong></span> <span class='ocrx_word' id='word_1_648' title='bbox 2751 2527 3146 2594; x_wconf 86' lang='lat' dir='ltr'><strong>compereritis,</strong></span> <span class='ocrx_word' id='word_1_649' title='bbox 3168 2527 3399 2580; x_wconf 90' lang='lat' dir='ltr'><strong>studium</strong></span> <span class='ocrx_word' id='word_1_650' title='bbox 3421 2539 3654 2583; x_wconf 87' lang='lat' dir='ltr'><strong>vestrum</strong></span> 
     </span>
    </p>
   </div>
   <div class='ocr_carea' id='block_1_84' title="bbox 2072 2616 3657 2692">
    <p class='ocr_par' dir='ltr' id='par_1_84' title="bbox 2072 2616 3657 2692">
     <span class='ocr_line' id='line_1_84' title="bbox 2072 2616 3657 2692; baseline -0.002 -15"><span class='ocrx_word' id='word_1_651' title='bbox 2072 2636 2257 2692; x_wconf 70' lang='lat' dir='ltr'><strong>qureso</strong></span> <span class='ocrx_word' id='word_1_652' title='bbox 2283 2618 2576 2690; x_wconf 86' lang='lat' dir='ltr'><strong>adjungite.</strong></span> <span class='ocrx_word' id='word_1_653' title='bbox 2607 2617 2679 2670; x_wconf 91' lang='lat' dir='ltr'><strong>Ita</strong></span> <span class='ocrx_word' id='word_1_654' title='bbox 2728 2631 2834 2670; x_wconf 91' lang='lat' dir='ltr'><strong>non</strong></span> <span class='ocrx_word' id='word_1_655' title='bbox 2863 2625 3065 2669; x_wconf 90' lang='lat' dir='ltr'><strong>tantum</strong></span> <span class='ocrx_word' id='word_1_656' title='bbox 3107 2616 3174 2670; x_wconf 87' lang='lat' dir='ltr'><strong>de</strong></span> <span class='ocrx_word' id='word_1_657' title='bbox 3209 2617 3362 2671; x_wconf 90' lang='lat' dir='ltr'><strong>nobis</strong></span> <span class='ocrx_word' id='word_1_658' title='bbox 3387 2617 3522 2674; x_wconf 90' lang='lat' dir='ltr'><strong>bene</strong></span> <span class='ocrx_word' id='word_1_659' title='bbox 3547 2634 3657 2674; x_wconf 91' lang='lat' dir='ltr'><strong>me-</strong></span> 
     </span>
    </p>
   </div>
   <div class='ocr_carea' id='block_1_85' title="bbox 2073 2702 3662 2777">
    <p class='ocr_par' dir='ltr' id='par_1_85' title="bbox 2073 2702 3662 2777">
     <span class='ocr_line' id='line_1_85' title="bbox 2073 2702 3662 2777; baseline -0.002 -10"><span class='ocrx_word' id='word_1_660' title='bbox 2073 2711 2342 2777; x_wconf 84' lang='lat' dir='ltr'><strong>rebimini,</strong></span> <span class='ocrx_word' id='word_1_661' title='bbox 2379 2712 2476 2766; x_wconf 88' lang='lat' dir='ltr'><strong>sed</strong></span> <span class='ocrx_word' id='word_1_662' title='bbox 2525 2718 2580 2766; x_wconf 88' lang='lat' dir='ltr'><strong>et</strong></span> <span class='ocrx_word' id='word_1_663' title='bbox 2607 2709 2673 2762; x_wconf 89' lang='lat' dir='ltr'><strong>de</strong></span> <span class='ocrx_word' id='word_1_664' title='bbox 2702 2707 2972 2762; x_wconf 91' lang='lat' dir='ltr'><strong>communi</strong></span> <span class='ocrx_word' id='word_1_665' title='bbox 3003 2702 3359 2762; x_wconf 81' lang='lat' dir='ltr'><strong>Ecclesiarum</strong></span> <span class='ocrx_word' id='word_1_666' title='bbox 3406 2719 3578 2777; x_wconf 90' lang='lat' dir='ltr'><strong>statu,</strong></span> <span class='ocrx_word' id='word_1_667' title='bbox 3605 2721 3662 2764; x_wconf 87' lang='lat' dir='ltr'><strong>et</strong></span> 
     </span>
    </p>
   </div>
   <div class='ocr_carea' id='block_1_86' title="bbox 2075 2784 3659 2872">
    <p class='ocr_par' dir='ltr' id='par_1_86' title="bbox 2075 2784 3659 2872">
     <span class='ocr_line' id='line_1_86' title="bbox 2075 2784 3659 2872; baseline -0.003 -12"><span class='ocrx_word' id='word_1_668' title='bbox 2075 2805 2382 2860; x_wconf 90' lang='lat' dir='ltr'><strong>mercedem</strong></span> <span class='ocrx_word' id='word_1_669' title='bbox 2413 2821 2442 2858; x_wconf 91' lang='lat' dir='ltr'><strong>a</strong></span> <span class='ocrx_word' id='word_1_670' title='bbox 2472 2805 2582 2859; x_wconf 91' lang='lat' dir='ltr'><strong>Deo</strong></span> <span class='ocrx_word' id='word_1_671' title='bbox 2612 2800 2885 2868; x_wconf 79' lang='lat' dir='ltr'><strong>accipietis.</strong></span> <span class='ocrx_word' id='word_1_672' title='bbox 2909 2842 2923 2864; x_wconf 93' lang='lat'><strong>,</strong></span> <span class='ocrx_word' id='word_1_673' title='bbox 2954 2801 3042 2868; x_wconf 90' lang='lat' dir='ltr'><strong>qui</strong></span> <span class='ocrx_word' id='word_1_674' title='bbox 3071 2801 3138 2854; x_wconf 94' lang='lat' dir='ltr'><strong>ob</strong></span> <span class='ocrx_word' id='word_1_675' title='bbox 3171 2784 3531 2856; x_wconf 85' lang='lat' dir='ltr'><strong>Ecclesiarum</strong></span> <span class='ocrx_word' id='word_1_676' title='bbox 3565 2821 3659 2872; x_wconf 91' lang='lat' dir='ltr'><strong>pa-</strong></span> 
     </span>
    </p>
   </div>
   <div class='ocr_carea' id='block_1_87' title="bbox 2073 2885 3662 2967">
    <p class='ocr_par' dir='ltr' id='par_1_87' title="bbox 2073 2885 3662 2967">
     <span class='ocr_line' id='line_1_87' title="bbox 2073 2885 3662 2967; baseline -0.001 -15"><span class='ocrx_word' id='word_1_677' title='bbox 2073 2913 2191 2952; x_wconf 92' lang='lat' dir='ltr'><strong>cem</strong></span> <span class='ocrx_word' id='word_1_678' title='bbox 2219 2897 2398 2951; x_wconf 89' lang='lat' dir='ltr'><strong>omnia</strong></span> <span class='ocrx_word' id='word_1_679' title='bbox 2434 2897 2631 2967; x_wconf 89' lang='lat' dir='ltr'><strong>jugiter</strong></span> <span class='ocrx_word' id='word_1_680' title='bbox 2665 2897 2809 2951; x_wconf 80' lang='lat' dir='ltr'><strong>faett.</strong></span> <span class='ocrx_word' id='word_1_681' title='bbox 2844 2885 2968 2944; x_wconf 68' lang='lat' dir='ltr'><strong>Haec</strong></span> <span class='ocrx_word' id='word_1_682' title='bbox 3000 2891 3110 2960; x_wconf 89' lang='lat' dir='ltr'><strong>ipsa</strong></span> <span class='ocrx_word' id='word_1_683' title='bbox 3155 2893 3314 2946; x_wconf 86' lang='lat' dir='ltr'><strong>etiam</strong></span> <span class='ocrx_word' id='word_1_684' title='bbox 3347 2895 3536 2964; x_wconf 89' lang='lat' dir='ltr'><strong>scripta</strong></span> <span class='ocrx_word' id='word_1_685' title='bbox 3578 2906 3662 2950; x_wconf 90' lang='lat' dir='ltr'><strong>est</strong></span> 
     </span>
    </p>
   </div>
   <div class='ocr_carea' id='block_1_88' title="bbox 2075 2981 3658 3058">
    <p class='ocr_par' dir='ltr' id='par_1_88' title="bbox 2075 2981 3658 3058">
     <span class='ocr_line' id='line_1_88' title="bbox 2075 2981 3658 3058; baseline -0.002 -15"><span class='ocrx_word' id='word_1_686' title='bbox 2075 2989 2144 3043; x_wconf 88' lang='lat' dir='ltr'><strong>ad</strong></span> <span class='ocrx_word' id='word_1_687' title='bbox 2161 2987 2446 3043; x_wconf 83' lang='lat' dir='ltr'><strong>Venerium</strong></span> <span class='ocrx_word' id='word_1_688' title='bbox 2473 2988 2781 3058; x_wconf 88' lang='lat' dir='ltr'><strong>episcopum</strong></span> <span class='ocrx_word' id='word_1_689' title='bbox 2811 2981 3183 3046; x_wconf 84' lang='lat' dir='ltr'><strong>Mediolani,et</strong></span> <span class='ocrx_word' id='word_1_690' title='bbox 3210 2983 3274 3035; x_wconf 91' lang='lat' dir='ltr'><strong>ad</strong></span> <span class='ocrx_word' id='word_1_691' title='bbox 3297 2983 3658 3040; x_wconf 88' lang='lat' dir='ltr'><strong>Chromatium</strong></span> 
     </span>
    </p>
   </div>
   <div class='ocr_carea' id='block_1_89' title="bbox 2075 3069 3256 3152">
    <p class='ocr_par' dir='ltr' id='par_1_89' title="bbox 2075 3069 3256 3152">
     <span class='ocr_line' id='line_1_89' title="bbox 2075 3069 3256 3152; baseline -0.01 -16"><span class='ocrx_word' id='word_1_692' title='bbox 2075 3077 2335 3152; x_wconf 62' lang='lat' dir='ltr'><strong>Aquileiae</strong></span> <span class='ocrx_word' id='word_1_693' title='bbox 2357 3082 2689 3149; x_wconf 88' lang='lat' dir='ltr'><strong>episcopum.</strong></span> <span class='ocrx_word' id='word_1_694' title='bbox 2723 3069 2852 3134; x_wconf 76' lang='lat' dir='ltr'><strong>Vale</strong></span> <span class='ocrx_word' id='word_1_695' title='bbox 2876 3075 2929 3128; x_wconf 88' lang='lat' dir='ltr'><strong>iu</strong></span> <span class='ocrx_word' id='word_1_696' title='bbox 2959 3072 3200 3126; x_wconf 89' lang='lat' dir='ltr'><strong>Domino.</strong></span> <span class='ocrx_word' id='word_1_697' title='bbox 3233 3092 3256 3125; x_wconf 71' lang='grc' dir='ltr'><strong>ι</strong></span> 
     </span>
    </p>
   </div>
   <div class='ocr_carea' id='block_1_90' title="bbox 2144 3161 3668 3232">
    <p class='ocr_par' dir='ltr' id='par_1_90' title="bbox 2144 3161 3668 3232">
     <span class='ocr_line' id='line_1_90' title="bbox 2144 3161 3668 3232; baseline -0.005 -10"><span class='ocrx_word' id='word_1_698' title='bbox 2144 3169 2274 3222; x_wconf 61' lang='lat' dir='ltr'><strong>Car.</strong></span> <span class='ocrx_word' id='word_1_699' title='bbox 2302 3181 2385 3220; x_wconf 93' lang='grc' dir='ltr'>ιιι.</span> <span class='ocrx_word' id='word_1_700' title='bbox 2399 3197 2469 3205; x_wconf 96' lang='grc'><strong><em>-</em></strong></span> <span class='ocrx_word' id='word_1_701' title='bbox 2486 3163 2568 3221; x_wconf 78' lang='lat' dir='ltr'><strong>Ad</strong></span> <span class='ocrx_word' id='word_1_702' title='bbox 2584 3166 2696 3220; x_wconf 65' lang='lat' dir='ltr'><strong>hac</strong></span> <span class='ocrx_word' id='word_1_703' title='bbox 2711 3164 2903 3219; x_wconf 89' lang='lat' dir='ltr'><strong>beatus</strong></span> <span class='ocrx_word' id='word_1_704' title='bbox 2924 3163 3274 3218; x_wconf 89' lang='lat' dir='ltr'><strong>Innocentius</strong></span> <span class='ocrx_word' id='word_1_705' title='bbox 3291 3176 3426 3232; x_wconf 89' lang='lat' dir='ltr'><strong>papa</strong></span> <span class='ocrx_word' id='word_1_706' title='bbox 3443 3161 3668 3230; x_wconf 80' lang='lat' dir='ltr'><strong>utrique</strong></span> 
     </span>
    </p>
   </div>
   <div class='ocr_carea' id='block_1_91' title="bbox 2073 3256 3665 3330">
    <p class='ocr_par' dir='ltr' id='par_1_91' title="bbox 2073 3256 3665 3330">
     <span class='ocr_line' id='line_1_91' title="bbox 2073 3256 3665 3330; baseline -0.004 -16"><span class='ocrx_word' id='word_1_707' title='bbox 2073 3261 2217 3330; x_wconf 83' lang='lat' dir='ltr'><strong>parti</strong></span> <span class='ocrx_word' id='word_1_708' title='bbox 2250 3275 2417 3330; x_wconf 84' lang='lat' dir='ltr'><strong>pares</strong></span> <span class='ocrx_word' id='word_1_709' title='bbox 2455 3259 2644 3315; x_wconf 88' lang='lat' dir='ltr'><strong>literas</strong></span> <span class='ocrx_word' id='word_1_710' title='bbox 2675 3259 3081 3314; x_wconf 85' lang='lat' dir='ltr'><strong>communionis</strong></span> <span class='ocrx_word' id='word_1_711' title='bbox 3127 3257 3299 3318; x_wconf 88' lang='lat' dir='ltr'><strong>misit,</strong></span> <span class='ocrx_word' id='word_1_712' title='bbox 3342 3256 3665 3324; x_wconf 84' lang='lat' dir='ltr'><strong>improbans</strong></span> 
     </span>
    </p>
   </div>
   <div class='ocr_carea' id='block_1_92' title="bbox 2068 3347 3658 3422">
    <p class='ocr_par' dir='ltr' id='par_1_92' title="bbox 2068 3347 3658 3422">
     <span class='ocr_line' id='line_1_92' title="bbox 2068 3347 3658 3422; baseline -0.004 -17"><span class='ocrx_word' id='word_1_713' title='bbox 2068 3351 2338 3419; x_wconf 88' lang='lat' dir='ltr'><strong>judicium</strong></span> <span class='ocrx_word' id='word_1_714' title='bbox 2367 3353 2514 3422; x_wconf 91' lang='lat' dir='ltr'><strong>quod</strong></span> <span class='ocrx_word' id='word_1_715' title='bbox 2545 3367 2575 3406; x_wconf 91' lang='lat' dir='ltr'><strong>a</strong></span> <span class='ocrx_word' id='word_1_716' title='bbox 2623 3349 2925 3422; x_wconf 73' lang='lat' dir='ltr'><strong>Theophila</strong></span> <span class='ocrx_word' id='word_1_717' title='bbox 2973 3351 3178 3405; x_wconf 88' lang='lat' dir='ltr'><strong>factum</strong></span> <span class='ocrx_word' id='word_1_718' title='bbox 3222 3349 3539 3402; x_wconf 89' lang='lat' dir='ltr'><strong>videbatur:</strong></span> <span class='ocrx_word' id='word_1_719' title='bbox 3574 3347 3658 3399; x_wconf 71' lang='grc' dir='ltr'><strong>ὁὶ·-</strong></span> 
     </span>
    </p>
   </div>
   <div class='ocr_carea' id='block_1_93' title="bbox 2072 3438 3656 3512">
    <p class='ocr_par' dir='ltr' id='par_1_93' title="bbox 2072 3438 3656 3512">
     <span class='ocr_line' id='line_1_93' title="bbox 2072 3438 3656 3512; baseline -0.003 -18"><span class='ocrx_word' id='word_1_720' title='bbox 2072 3455 2204 3496; x_wconf 88' lang='lat' dir='ltr'><strong>cens</strong></span> <span class='ocrx_word' id='word_1_721' title='bbox 2231 3441 2432 3496; x_wconf 90' lang='lat' dir='ltr'><strong>debere</strong></span> <span class='ocrx_word' id='word_1_722' title='bbox 2461 3442 2622 3495; x_wconf 88' lang='lat' dir='ltr'><strong>aliam</strong></span> <span class='ocrx_word' id='word_1_723' title='bbox 2660 3442 2779 3512; x_wconf 87' lang='lat' dir='ltr'><strong>cogi</strong></span> <span class='ocrx_word' id='word_1_724' title='bbox 2819 3440 3096 3512; x_wconf 80' lang='lat' dir='ltr'><strong>Synodum</strong></span> <span class='ocrx_word' id='word_1_725' title='bbox 3125 3438 3656 3509; x_wconf 87' lang='lat' dir='ltr'><strong>irrepreheusibilem</strong></span> 
     </span>
    </p>
   </div>
   <div class='ocr_carea' id='block_1_94' title="bbox 2074 3531 3663 3602">
    <p class='ocr_par' dir='ltr' id='par_1_94' title="bbox 2074 3531 3663 3602">
     <span class='ocr_line' id='line_1_94' title="bbox 2074 3531 3663 3602; baseline -0.004 -14"><span class='ocrx_word' id='word_1_726' title='bbox 2074 3531 2513 3589; x_wconf 90' lang='lat' dir='ltr'><strong>Occidentalium</strong></span> <span class='ocrx_word' id='word_1_727' title='bbox 2536 3545 2590 3589; x_wconf 89' lang='lat' dir='ltr'><strong>et</strong></span> <span class='ocrx_word' id='word_1_728' title='bbox 2611 3531 2996 3599; x_wconf 88' lang='lat' dir='ltr'><strong>Orientalium,</strong></span> <span class='ocrx_word' id='word_1_729' title='bbox 3015 3534 3248 3602; x_wconf 89' lang='lat' dir='ltr'><strong>primum</strong></span> <span class='ocrx_word' id='word_1_730' title='bbox 3267 3531 3483 3599; x_wconf 88' lang='lat' dir='ltr'><strong>quidem</strong></span> <span class='ocrx_word' id='word_1_731' title='bbox 3514 3545 3663 3583; x_wconf 86' lang='lat' dir='ltr'><strong>sece-</strong></span> 
     </span>
    </p>
   </div>
   <div class='ocr_carea' id='block_1_95' title="bbox 2074 3622 3662 3689">
    <p class='ocr_par' dir='ltr' id='par_1_95' title="bbox 2074 3622 3662 3689">
     <span class='ocr_line' id='line_1_95' title="bbox 2074 3622 3662 3689; baseline -0.003 -10"><span class='ocrx_word' id='word_1_732' title='bbox 2074 3624 2334 3682; x_wconf 91' lang='lat' dir='ltr'><strong>dentibus</strong></span> <span class='ocrx_word' id='word_1_733' title='bbox 2361 3627 2541 3680; x_wconf 91' lang='lat' dir='ltr'><strong>abillo</strong></span> <span class='ocrx_word' id='word_1_734' title='bbox 2558 3642 2825 3682; x_wconf 85' lang='lat' dir='ltr'><strong>consessu</strong></span> <span class='ocrx_word' id='word_1_735' title='bbox 2850 3626 3064 3689; x_wconf 87' lang='lat' dir='ltr'><strong>amicis,</strong></span> <span class='ocrx_word' id='word_1_736' title='bbox 3090 3626 3283 3679; x_wconf 87' lang='lat' dir='ltr'><strong>deinde</strong></span> <span class='ocrx_word' id='word_1_737' title='bbox 3305 3633 3358 3677; x_wconf 89' lang='lat' dir='ltr'><strong>ct</strong></span> <span class='ocrx_word' id='word_1_738' title='bbox 3384 3622 3620 3676; x_wconf 88' lang='lat' dir='ltr'><strong>inimicis</strong></span> <span class='ocrx_word' id='word_1_739' title='bbox 3647 3637 3662 3675; x_wconf 91' lang='lat'><strong>:</strong></span> 
     </span>
    </p>
   </div>
   <div class='ocr_carea' id='block_1_96' title="bbox 2075 3713 3672 3788">
    <p class='ocr_par' dir='ltr' id='par_1_96' title="bbox 2075 3713 3672 3788">
     <span class='ocr_line' id='line_1_96' title="bbox 2075 3713 3672 3788; baseline -0.004 -17"><span class='ocrx_word' id='word_1_740' title='bbox 2075 3733 2105 3771; x_wconf 86' lang='lat' dir='ltr'><strong>a</strong></span> <span class='ocrx_word' id='word_1_741' title='bbox 2122 3721 2332 3775; x_wconf 87' lang='lat' dir='ltr'><strong>neutris</strong></span> <span class='ocrx_word' id='word_1_742' title='bbox 2352 3721 2520 3785; x_wconf 88' lang='lat' dir='ltr'><strong>enim,</strong></span> <span class='ocrx_word' id='word_1_743' title='bbox 2545 3721 2934 3788; x_wconf 91' lang='lat' dir='ltr'><strong>utpluritnum,</strong></span> <span class='ocrx_word' id='word_1_744' title='bbox 2957 3728 3163 3773; x_wconf 89' lang='lat' dir='ltr'><strong>rectum</strong></span> <span class='ocrx_word' id='word_1_745' title='bbox 3190 3713 3672 3785; x_wconf 78' lang='lat' dir='ltr'><strong>proliciscilurju-</strong></span> 
     </span>
    </p>
   </div>
   <div class='ocr_carea' id='block_1_97' title="bbox 2075 3806 3670 3876">
    <p class='ocr_par' dir='ltr' id='par_1_97' title="bbox 2075 3806 3670 3876">
     <span class='ocr_line' id='line_1_97' title="bbox 2075 3806 3670 3876; baseline -0.007 -11"><span class='ocrx_word' id='word_1_746' title='bbox 2075 3810 2303 3865; x_wconf 90' lang='lat' dir='ltr'><strong>dicium.</strong></span> <span class='ocrx_word' id='word_1_747' title='bbox 2332 3809 2536 3865; x_wconf 89' lang='lat' dir='ltr'><strong>Paucis</strong></span> <span class='ocrx_word' id='word_1_748' title='bbox 2562 3817 2684 3876; x_wconf 91' lang='lat' dir='ltr'><strong>post</strong></span> <span class='ocrx_word' id='word_1_749' title='bbox 2705 3809 2900 3863; x_wconf 86' lang='lat' dir='ltr'><strong>diebus</strong></span> <span class='ocrx_word' id='word_1_750' title='bbox 2921 3825 3114 3865; x_wconf 86' lang='lat' dir='ltr'><strong>rursus</strong></span> <span class='ocrx_word' id='word_1_751' title='bbox 3143 3808 3362 3863; x_wconf 87' lang='lat' dir='ltr'><strong>advenit</strong></span> <span class='ocrx_word' id='word_1_752' title='bbox 3387 3806 3670 3875; x_wconf 82' lang='lat' dir='ltr'><strong>presbyter</strong></span> 
     </span>
    </p>
   </div>
   <div class='ocr_carea' id='block_1_98' title="bbox 2087 3896 3666 3973">
    <p class='ocr_par' dir='ltr' id='par_1_98' title="bbox 2087 3896 3666 3973">
     <span class='ocr_line' id='line_1_98' title="bbox 2087 3896 3666 3973; baseline -0.003 -17"><span class='ocrx_word' id='word_1_753' title='bbox 2087 3902 2303 3973; x_wconf 91' lang='lat' dir='ltr'><strong>quidam</strong></span> <span class='ocrx_word' id='word_1_754' title='bbox 2354 3897 2636 3967; x_wconf 83' lang='lat' dir='ltr'><strong>TheOpbili</strong></span> <span class='ocrx_word' id='word_1_755' title='bbox 2683 3896 2915 3963; x_wconf 81' lang='lat' dir='ltr'><strong>Petrus,</strong></span> <span class='ocrx_word' id='word_1_756' title='bbox 2947 3911 3067 3950; x_wconf 90' lang='lat' dir='ltr'><strong>cum</strong></span> <span class='ocrx_word' id='word_1_757' title='bbox 3117 3896 3366 3968; x_wconf 87' lang='lat' dir='ltr'><strong>Martyrio</strong></span> <span class='ocrx_word' id='word_1_758' title='bbox 3415 3897 3666 3951; x_wconf 67' lang='lat' dir='ltr'><strong>Ecclesize</strong></span> 
     </span>
    </p>
   </div>
   <div class='ocr_carea' id='block_1_99' title="bbox 2087 3986 3670 4060">
    <p class='ocr_par' dir='ltr' id='par_1_99' title="bbox 2087 3986 3670 4060">
     <span class='ocr_line' id='line_1_99' title="bbox 2087 3986 3670 4060; baseline -0.005 -10"><span class='ocrx_word' id='word_1_759' title='bbox 2087 3990 2692 4060; x_wconf 66' lang='lat' dir='ltr'><strong>Constantinopolitanae</strong></span> <span class='ocrx_word' id='word_1_760' title='bbox 2718 3989 2970 4054; x_wconf 81' lang='lat' dir='ltr'><strong>diacono,</strong></span> <span class='ocrx_word' id='word_1_761' title='bbox 3009 3987 3100 4056; x_wconf 92' lang='lat' dir='ltr'><strong>qui</strong></span> <span class='ocrx_word' id='word_1_762' title='bbox 3143 3986 3483 4042; x_wconf 87' lang='lat' dir='ltr'><strong>reddiderunt</strong></span> <span class='ocrx_word' id='word_1_763' title='bbox 3523 3989 3670 4057; x_wconf 86' lang='lat' dir='ltr'><strong>ejus-</strong></span> 
     </span>
    </p>
   </div>
   <div class='ocr_carea' id='block_1_100' title="bbox 2090 4079 3674 4150">
    <p class='ocr_par' dir='ltr' id='par_1_100' title="bbox 2090 4079 3674 4150">
     <span class='ocr_line' id='line_1_100' title="bbox 2090 4079 3674 4150; baseline -0.006 -8"><span class='ocrx_word' id='word_1_764' title='bbox 2090 4087 2212 4142; x_wconf 89' lang='lat' dir='ltr'><strong>dem</strong></span> <span class='ocrx_word' id='word_1_765' title='bbox 2239 4085 2442 4147; x_wconf 90' lang='lat' dir='ltr'><strong>literas,</strong></span> <span class='ocrx_word' id='word_1_766' title='bbox 2473 4090 2528 4137; x_wconf 91' lang='lat' dir='ltr'><strong>et</strong></span> <span class='ocrx_word' id='word_1_767' title='bbox 2556 4079 2812 4150; x_wconf 89' lang='lat' dir='ltr'><strong>quosdam</strong></span> <span class='ocrx_word' id='word_1_768' title='bbox 2842 4088 3079 4132; x_wconf 90' lang='lat' dir='ltr'><strong>actorum</strong></span> <span class='ocrx_word' id='word_1_769' title='bbox 3103 4079 3564 4133; x_wconf 87' lang='lat' dir='ltr'><strong>connnentariolos</strong></span> <span class='ocrx_word' id='word_1_770' title='bbox 3593 4081 3674 4132; x_wconf 87' lang='lat' dir='ltr'><strong>vi-</strong></span> 
     </span>
    </p>
   </div>
   <div class='ocr_carea' id='block_1_101' title="bbox 2091 4171 3666 4246">
    <p class='ocr_par' dir='ltr' id='par_1_101' title="bbox 2091 4171 3666 4246">
     <span class='ocr_line' id='line_1_101' title="bbox 2091 4171 3666 4246; baseline -0.008 -10"><span class='ocrx_word' id='word_1_771' title='bbox 2091 4180 2288 4236; x_wconf 90' lang='lat' dir='ltr'><strong>delicet</strong></span> <span class='ocrx_word' id='word_1_772' title='bbox 2311 4219 2328 4244; x_wconf 93' lang='lat'><strong>,</strong></span> <span class='ocrx_word' id='word_1_773' title='bbox 2375 4178 2430 4232; x_wconf 88' lang='lat' dir='ltr'><strong>in</strong></span> <span class='ocrx_word' id='word_1_774' title='bbox 2461 4174 2653 4246; x_wconf 88' lang='lat' dir='ltr'><strong>quibus</strong></span> <span class='ocrx_word' id='word_1_775' title='bbox 2681 4173 2963 4227; x_wconf 85' lang='lat' dir='ltr'><strong>videbatur</strong></span> <span class='ocrx_word' id='word_1_776' title='bbox 2991 4171 3222 4226; x_wconf 86' lang='lat' dir='ltr'><strong>Joannes</strong></span> <span class='ocrx_word' id='word_1_777' title='bbox 3248 4187 3277 4224; x_wconf 89' lang='lat' dir='ltr'><strong>a</strong></span> <span class='ocrx_word' id='word_1_778' title='bbox 3323 4172 3532 4242; x_wconf 86' lang='lat' dir='ltr'><strong>triginta</strong></span> <span class='ocrx_word' id='word_1_779' title='bbox 3576 4187 3666 4224; x_wconf 77' lang='lat' dir='ltr'><strong>sex</strong></span> 
     </span>
    </p>
   </div>
   <div class='ocr_carea' id='block_1_102' title="bbox 2093 4262 3671 4343">
    <p class='ocr_par' dir='ltr' id='par_1_102' title="bbox 2093 4262 3671 4343">
     <span class='ocr_line' id='line_1_102' title="bbox 2093 4262 3671 4343; baseline -0.007 -16"><span class='ocrx_word' id='word_1_780' title='bbox 2093 4272 2359 4343; x_wconf 87' lang='lat' dir='ltr'><strong>episcopis</strong></span> <span class='ocrx_word' id='word_1_781' title='bbox 2410 4267 2830 4330; x_wconf 89' lang='lat' dir='ltr'><strong>condemnatus;</strong></span> <span class='ocrx_word' id='word_1_782' title='bbox 2859 4279 3082 4334; x_wconf 91' lang='lat' dir='ltr'><strong>quorum</strong></span> <span class='ocrx_word' id='word_1_783' title='bbox 3132 4262 3486 4332; x_wconf 89' lang='lat' dir='ltr'><strong>undetriginta</strong></span> <span class='ocrx_word' id='word_1_784' title='bbox 3518 4273 3671 4317; x_wconf 89' lang='lat' dir='ltr'><strong>erant</strong></span> 
     </span>
    </p>
   </div>
   <div class='ocr_carea' id='block_1_103' title="bbox 2096 4354 3672 4436">
    <p class='ocr_par' dir='ltr' id='par_1_103' title="bbox 2096 4354 3672 4436">
     <span class='ocr_line' id='line_1_103' title="bbox 2096 4354 3672 4436; baseline -0.007 -16"><span class='ocrx_word' id='word_1_785' title='bbox 2096 4362 2368 4436; x_wconf 69' lang='lat' dir='ltr'><strong>Egyptii,</strong></span> <span class='ocrx_word' id='word_1_786' title='bbox 2420 4369 2624 4428; x_wconf 89' lang='lat' dir='ltr'><strong>septem</strong></span> <span class='ocrx_word' id='word_1_787' title='bbox 2683 4372 2813 4411; x_wconf 89' lang='lat' dir='ltr'><strong>vero</strong></span> <span class='ocrx_word' id='word_1_788' title='bbox 2861 4357 3084 4410; x_wconf 86' lang='lat' dir='ltr'><strong>aliarum</strong></span> <span class='ocrx_word' id='word_1_789' title='bbox 3124 4357 3421 4425; x_wconf 86' lang='lat' dir='ltr'><strong>regionum.</strong></span> <span class='ocrx_word' id='word_1_790' title='bbox 3471 4354 3672 4421; x_wconf 86' lang='lat' dir='ltr'><strong>Quibus</strong></span> 
     </span>
    </p>
   </div>
   <div class='ocr_carea' id='block_1_104' title="bbox 2096 4446 3669 4523">
    <p class='ocr_par' dir='ltr' id='par_1_104' title="bbox 2096 4446 3669 4523">
     <span class='ocr_line' id='line_1_104' title="bbox 2096 4446 3669 4523; baseline -0.006 -14"><span class='ocrx_word' id='word_1_791' title='bbox 2096 4457 2228 4510; x_wconf 88' lang='lat' dir='ltr'><strong>actis</strong></span> <span class='ocrx_word' id='word_1_792' title='bbox 2279 4453 2525 4523; x_wconf 87' lang='lat' dir='ltr'><strong>perlectis</strong></span> <span class='ocrx_word' id='word_1_793' title='bbox 2549 4493 2562 4515; x_wconf 93' lang='lat'><strong>,</strong></span> <span class='ocrx_word' id='word_1_794' title='bbox 2596 4465 2729 4520; x_wconf 91' lang='lat' dir='ltr'><strong>papa</strong></span> <span class='ocrx_word' id='word_1_795' title='bbox 2780 4446 3139 4511; x_wconf 86' lang='lat' dir='ltr'><strong>innocentius,</strong></span> <span class='ocrx_word' id='word_1_796' title='bbox 3168 4463 3287 4500; x_wconf 92' lang='lat' dir='ltr'><strong>cum</strong></span> <span class='ocrx_word' id='word_1_797' title='bbox 3319 4446 3669 4515; x_wconf 89' lang='lat' dir='ltr'><strong>comperisset</strong></span> 
     </span>
    </p>
   </div>
   <div class='ocr_carea' id='block_1_105' title="bbox 2098 4537 3673 4616">
    <p class='ocr_par' dir='ltr' id='par_1_105' title="bbox 2098 4537 3673 4616">
     <span class='ocr_line' id='line_1_105' title="bbox 2098 4537 3673 4616; baseline -0.008 -14"><span class='ocrx_word' id='word_1_798' title='bbox 2098 4549 2273 4602; x_wconf 89' lang='lat' dir='ltr'><strong>nullas</strong></span> <span class='ocrx_word' id='word_1_799' title='bbox 2299 4561 2488 4616; x_wconf 88' lang='lat' dir='ltr'><strong>graves</strong></span> <span class='ocrx_word' id='word_1_800' title='bbox 2519 4559 2639 4598; x_wconf 89' lang='lat' dir='ltr'><strong>esse</strong></span> <span class='ocrx_word' id='word_1_801' title='bbox 2663 4540 3029 4597; x_wconf 85' lang='lat' dir='ltr'><strong>accusationes</strong></span> <span class='ocrx_word' id='word_1_802' title='bbox 3046 4581 3061 4605; x_wconf 93' lang='lat'><strong>,</strong></span> <span class='ocrx_word' id='word_1_803' title='bbox 3099 4554 3270 4609; x_wconf 90' lang='lat' dir='ltr'><strong>neque</strong></span> <span class='ocrx_word' id='word_1_804' title='bbox 3295 4537 3550 4593; x_wconf 86' lang='lat' dir='ltr'><strong>Joannem</strong></span> <span class='ocrx_word' id='word_1_805' title='bbox 3576 4538 3673 4590; x_wconf 87' lang='lat' dir='ltr'><strong>ad-</strong></span> 
     </span>
    </p>
   </div>
   <div class='ocr_carea' id='block_1_106' title="bbox 2099 4629 3674 4707">
    <p class='ocr_par' dir='ltr' id='par_1_106' title="bbox 2099 4629 3674 4707">
     <span class='ocr_line' id='line_1_106' title="bbox 2099 4629 3674 4707; baseline -0.007 -13"><span class='ocrx_word' id='word_1_806' title='bbox 2099 4641 2291 4706; x_wconf 88' lang='lat' dir='ltr'><strong>fuisse,</strong></span> <span class='ocrx_word' id='word_1_807' title='bbox 2322 4654 2494 4707; x_wconf 89' lang='lat' dir='ltr'><strong>neque</strong></span> <span class='ocrx_word' id='word_1_808' title='bbox 2532 4650 2712 4690; x_wconf 87' lang='lat' dir='ltr'><strong>coram</strong></span> <span class='ocrx_word' id='word_1_809' title='bbox 2769 4632 3150 4702; x_wconf 83' lang='lat' dir='ltr'><strong>reprehensum</strong></span> <span class='ocrx_word' id='word_1_810' title='bbox 3193 4645 3312 4686; x_wconf 87' lang='lat' dir='ltr'><strong>esse</strong></span> <span class='ocrx_word' id='word_1_811' title='bbox 3337 4671 3352 4696; x_wconf 93' lang='lat'><strong>,</strong></span> <span class='ocrx_word' id='word_1_812' title='bbox 3397 4629 3674 4699; x_wconf 85' lang='lat' dir='ltr'><strong>Theophili</strong></span> 
     </span>
    </p>
   </div>
   <div class='ocr_carea' id='block_1_107' title="bbox 2100 4722 3672 4796">
    <p class='ocr_par' dir='ltr' id='par_1_107' title="bbox 2100 4722 3672 4796">
     <span class='ocr_line' id='line_1_107' title="bbox 2100 4722 3672 4796; baseline -0.009 -9"><span class='ocrx_word' id='word_1_813' title='bbox 2100 4733 2333 4787; x_wconf 85' lang='lat' dir='ltr'><strong>furorem</strong></span> <span class='ocrx_word' id='word_1_814' title='bbox 2362 4728 2646 4784; x_wconf 84' lang='lat' dir='ltr'><strong>exsibilare</strong></span> <span class='ocrx_word' id='word_1_815' title='bbox 2679 4724 2947 4796; x_wconf 90' lang='lat' dir='ltr'><strong>perstitit,</strong></span> <span class='ocrx_word' id='word_1_816' title='bbox 2980 4723 3122 4792; x_wconf 89' lang='lat' dir='ltr'><strong>quod</strong></span> <span class='ocrx_word' id='word_1_817' title='bbox 3163 4732 3346 4777; x_wconf 91' lang='lat' dir='ltr'><strong>contra</strong></span> <span class='ocrx_word' id='word_1_818' title='bbox 3395 4722 3672 4776; x_wconf 87' lang='lat' dir='ltr'><strong>absentem</strong></span> 
     </span>
    </p>
   </div>
   <div class='ocr_carea' id='block_1_108' title="bbox 2102 4809 3666 4892">
    <p class='ocr_par' dir='ltr' id='par_1_108' title="bbox 2102 4809 3666 4892">
     <span class='ocr_line' id='line_1_108' title="bbox 2102 4809 3666 4892; baseline -0.01 -14"><span class='ocrx_word' id='word_1_819' title='bbox 2102 4834 2208 4879; x_wconf 90' lang='lat' dir='ltr'><strong>tam</strong></span> <span class='ocrx_word' id='word_1_820' title='bbox 2243 4821 2565 4892; x_wconf 67' lang='lat' dir='ltr'><strong>praecipitem</strong></span> <span class='ocrx_word' id='word_1_821' title='bbox 2593 4826 2647 4872; x_wconf 92' lang='lat' dir='ltr'><strong>et</strong></span> <span class='ocrx_word' id='word_1_822' title='bbox 2694 4816 2970 4884; x_wconf 88' lang='lat' dir='ltr'><strong>abruptam</strong></span> <span class='ocrx_word' id='word_1_823' title='bbox 3007 4814 3325 4868; x_wconf 90' lang='lat' dir='ltr'><strong>sententiam</strong></span> <span class='ocrx_word' id='word_1_824' title='bbox 3369 4809 3666 4866; x_wconf 80' lang='lat' dir='ltr'><strong>ell&#39;udisset.</strong></span> 
     </span>
    </p>
   </div>
   <div class='ocr_carea' id='block_1_109' title="bbox 2104 4904 3680 4981">
    <p class='ocr_par' dir='ltr' id='par_1_109' title="bbox 2104 4904 3680 4981">
     <span class='ocr_line' id='line_1_109' title="bbox 2104 4904 3680 4981; baseline -0.009 -13"><span class='ocrx_word' id='word_1_825' title='bbox 2104 4913 2346 4969; x_wconf 88' lang='lat' dir='ltr'><strong>Dimissis</strong></span> <span class='ocrx_word' id='word_1_826' title='bbox 2376 4911 2534 4981; x_wconf 85' lang='lat' dir='ltr'><strong>igitur</strong></span> <span class='ocrx_word' id='word_1_827' title='bbox 2564 4909 2667 4962; x_wconf 93' lang='lat' dir='ltr'><strong>illis</strong></span> <span class='ocrx_word' id='word_1_828' title='bbox 2691 4923 2812 4961; x_wconf 92' lang='lat' dir='ltr'><strong>eum</strong></span> <span class='ocrx_word' id='word_1_829' title='bbox 2846 4905 3211 4974; x_wconf 89' lang='lat' dir='ltr'><strong>iucrepatoriis</strong></span> <span class='ocrx_word' id='word_1_830' title='bbox 3256 4904 3423 4958; x_wconf 87' lang='lat' dir='ltr'><strong>literis</strong></span> <span class='ocrx_word' id='word_1_831' title='bbox 3444 4945 3457 4967; x_wconf 91' lang='lat'><strong>,</strong></span> <span class='ocrx_word' id='word_1_832' title='bbox 3493 4917 3680 4973; x_wconf 88' lang='lat' dir='ltr'><strong>preca-</strong></span> 
     </span>
    </p>
   </div>
   <div class='ocr_carea' id='block_1_110' title="bbox 2105 4995 3681 5070">
    <p class='ocr_par' dir='ltr' id='par_1_110' title="bbox 2105 4995 3681 5070">
     <span class='ocr_line' id='line_1_110' title="bbox 2105 4995 3681 5070; baseline -0.008 -10"><span class='ocrx_word' id='word_1_833' title='bbox 2105 5007 2259 5060; x_wconf 89' lang='lat' dir='ltr'><strong>batur</strong></span> <span class='ocrx_word' id='word_1_834' title='bbox 2290 5005 2454 5057; x_wconf 92' lang='lat' dir='ltr'><strong>Deum</strong></span> <span class='ocrx_word' id='word_1_835' title='bbox 2493 5000 2800 5070; x_wconf 88' lang='lat' dir='ltr'><strong>supplicans</strong></span> <span class='ocrx_word' id='word_1_836' title='bbox 2850 5013 2969 5052; x_wconf 91' lang='lat' dir='ltr'><strong>cum</strong></span> <span class='ocrx_word' id='word_1_837' title='bbox 3019 4996 3222 5065; x_wconf 84' lang='lat' dir='ltr'><strong>jejunio</strong></span> <span class='ocrx_word' id='word_1_838' title='bbox 3253 5037 3268 5062; x_wconf 93' lang='lat'><strong>,</strong></span> <span class='ocrx_word' id='word_1_839' title='bbox 3301 5005 3358 5049; x_wconf 80' lang='grc' dir='ltr'><strong>ιιι</strong></span> <span class='ocrx_word' id='word_1_840' title='bbox 3404 4995 3681 5050; x_wconf 89' lang='lat' dir='ltr'><strong>sedaretur</strong></span> 
     </span>
    </p>
   </div>
   <div class='ocr_carea' id='block_1_111' title="bbox 2104 5089 3682 5167">
    <p class='ocr_par' dir='ltr' id='par_1_111' title="bbox 2104 5089 3682 5167">
     <span class='ocr_line' id='line_1_111' title="bbox 2104 5089 3682 5167; baseline -0.009 -15"><span class='ocrx_word' id='word_1_841' title='bbox 2104 5097 2319 5167; x_wconf 89' lang='lat' dir='ltr'><strong>quidem</strong></span> <span class='ocrx_word' id='word_1_842' title='bbox 2336 5093 2588 5149; x_wconf 83' lang='lat' dir='ltr'><strong>Ecclesiae</strong></span> <span class='ocrx_word' id='word_1_843' title='bbox 2613 5089 2900 5154; x_wconf 89' lang='lat' dir='ltr'><strong>discordia,</strong></span> <span class='ocrx_word' id='word_1_844' title='bbox 2921 5089 3182 5141; x_wconf 84' lang='lat' dir='ltr'><strong>fraternus</strong></span> <span class='ocrx_word' id='word_1_845' title='bbox 3204 5101 3332 5140; x_wconf 88' lang='lat' dir='ltr'><strong>vero</strong></span> <span class='ocrx_word' id='word_1_846' title='bbox 3359 5100 3509 5142; x_wconf 92' lang='lat' dir='ltr'><strong>amor</strong></span> <span class='ocrx_word' id='word_1_847' title='bbox 3531 5099 3682 5141; x_wconf 88' lang='lat' dir='ltr'><strong>com-</strong></span> 
     </span>
    </p>
   </div>
   <div class='ocr_carea' id='block_1_112' title="bbox 2107 5175 3398 5262">
    <p class='ocr_par' dir='ltr' id='par_1_112' title="bbox 2107 5175 3398 5262">
     <span class='ocr_line' id='line_1_112' title="bbox 2107 5175 3398 5262; baseline -0.012 -16"><span class='ocrx_word' id='word_1_848' title='bbox 2107 5195 2432 5262; x_wconf 89' lang='lat' dir='ltr'><strong>pingerctur.</strong></span> <span class='ocrx_word' id='word_1_849' title='bbox 2458 5187 2585 5239; x_wconf 83' lang='lat' dir='ltr'><strong>Erat</strong></span> <span class='ocrx_word' id='word_1_850' title='bbox 2608 5190 2787 5237; x_wconf 90' lang='lat' dir='ltr'><strong>autem</strong></span> <span class='ocrx_word' id='word_1_851' title='bbox 2823 5180 3063 5250; x_wconf 73' lang='lat' dir='ltr'><strong>epistola:</strong></span> <span class='ocrx_word' id='word_1_852' title='bbox 3091 5188 3242 5232; x_wconf 90' lang='lat' dir='ltr'><strong>tenor</strong></span> <span class='ocrx_word' id='word_1_853' title='bbox 3268 5175 3356 5231; x_wconf 85' lang='lat' dir='ltr'><strong>hic</strong></span> <span class='ocrx_word' id='word_1_854' title='bbox 3385 5193 3398 5229; x_wconf 94' lang='lat'><strong>:</strong></span> 
     </span>
    </p>
   </div>
   <div class='ocr_carea' id='block_1_113' title="bbox 2184 5266 3682 5343">
    <p class='ocr_par' dir='ltr' id='par_1_113' title="bbox 2184 5266 3682 5343">
     <span class='ocr_line' id='line_1_113' title="bbox 2184 5266 3682 5343; baseline -0.011 -8"><span class='ocrx_word' id='word_1_855' title='bbox 2184 5300 2204 5335; x_wconf 73' lang='grc' dir='ltr'><strong><em>ο</em></strong></span> <span class='ocrx_word' id='word_1_856' title='bbox 2261 5279 2448 5334; x_wconf 76' lang='lat' dir='ltr'><strong>Frater</strong></span> <span class='ocrx_word' id='word_1_857' title='bbox 2495 5272 2829 5343; x_wconf 76' lang='lat' dir='ltr'><strong>Theophila,</strong></span> <span class='ocrx_word' id='word_1_858' title='bbox 2884 5285 2982 5324; x_wconf 92' lang='lat' dir='ltr'><strong>uos</strong></span> <span class='ocrx_word' id='word_1_859' title='bbox 3040 5267 3252 5338; x_wconf 85' lang='lat' dir='ltr'><strong>quidem</strong></span> <span class='ocrx_word' id='word_1_860' title='bbox 3318 5266 3573 5321; x_wconf 89' lang='lat' dir='ltr'><strong>habemus</strong></span> <span class='ocrx_word' id='word_1_861' title='bbox 3627 5277 3682 5320; x_wconf 88' lang='lat' dir='ltr'><strong>et</strong></span> 
     </span>
    </p>
   </div>
   <div class='ocr_carea' id='block_1_114' title="bbox 2110 5357 3686 5427">
    <p class='ocr_par' dir='ltr' id='par_1_114' title="bbox 2110 5357 3686 5427">
     <span class='ocr_line' id='line_1_114' title="bbox 2110 5357 3686 5427; baseline -0.011 0"><span class='ocrx_word' id='word_1_862' title='bbox 2110 5384 2160 5427; x_wconf 91' lang='lat' dir='ltr'><strong>te</strong></span> <span class='ocrx_word' id='word_1_863' title='bbox 2186 5381 2240 5427; x_wconf 90' lang='lat' dir='ltr'><strong>et</strong></span> <span class='ocrx_word' id='word_1_864' title='bbox 2265 5371 2486 5424; x_wconf 88' lang='lat' dir='ltr'><strong>fratrem</strong></span> <span class='ocrx_word' id='word_1_865' title='bbox 2514 5365 2774 5420; x_wconf 90' lang='lat' dir='ltr'><strong>Joannem</strong></span> <span class='ocrx_word' id='word_1_866' title='bbox 2805 5361 2960 5416; x_wconf 89' lang='lat' dir='ltr'><strong>nobis</strong></span> <span class='ocrx_word' id='word_1_867' title='bbox 3001 5358 3453 5413; x_wconf 90' lang='lat' dir='ltr'><strong>communicantes</strong></span> <span class='ocrx_word' id='word_1_868' title='bbox 3481 5398 3498 5423; x_wconf 93' lang='lat'><strong>,</strong></span> <span class='ocrx_word' id='word_1_869' title='bbox 3527 5368 3584 5410; x_wconf 92' lang='lat' dir='ltr'><strong>ut</strong></span> <span class='ocrx_word' id='word_1_870' title='bbox 3633 5357 3686 5409; x_wconf 85' lang='lat' dir='ltr'><strong>in</strong></span> 
     </span>
    </p>
   </div>
   <div class='ocr_carea' id='block_1_115' title="bbox 2110 5448 3687 5535">
    <p class='ocr_par' dir='ltr' id='par_1_115' title="bbox 2110 5448 3687 5535">
     <span class='ocr_line' id='line_1_115' title="bbox 2110 5448 3687 5535; baseline -0.012 -16"><span class='ocrx_word' id='word_1_871' title='bbox 2110 5462 2376 5535; x_wconf 85' lang='lat' dir='ltr'><strong>prioribus</strong></span> <span class='ocrx_word' id='word_1_872' title='bbox 2416 5459 2584 5514; x_wconf 91' lang='lat' dir='ltr'><strong>literis</strong></span> <span class='ocrx_word' id='word_1_873' title='bbox 2627 5465 2858 5510; x_wconf 91' lang='lat' dir='ltr'><strong>mentem</strong></span> <span class='ocrx_word' id='word_1_874' title='bbox 2890 5461 3127 5506; x_wconf 89' lang='lat' dir='ltr'><strong>nostram</strong></span> <span class='ocrx_word' id='word_1_875' title='bbox 3173 5450 3508 5505; x_wconf 86' lang='lat' dir='ltr'><strong>manifestam</strong></span> <span class='ocrx_word' id='word_1_876' title='bbox 3556 5448 3687 5502; x_wconf 86' lang='lat' dir='ltr'><strong>feci-</strong></span> 
     </span>
    </p>
   </div>
   <div class='ocr_carea' id='block_1_116' title="bbox 2110 5540 3681 5622">
    <p class='ocr_par' dir='ltr' id='par_1_116' title="bbox 2110 5540 3681 5622">
     <span class='ocr_line' id='line_1_116' title="bbox 2110 5540 3681 5622; baseline -0.013 -10"><span class='ocrx_word' id='word_1_877' title='bbox 2110 5571 2251 5622; x_wconf 89' lang='lat' dir='ltr'><strong>mus,</strong></span> <span class='ocrx_word' id='word_1_878' title='bbox 2279 5568 2341 5608; x_wconf 91' lang='lat' dir='ltr'><strong>ac</strong></span> <span class='ocrx_word' id='word_1_879' title='bbox 2357 5567 2424 5607; x_wconf 90' lang='lat' dir='ltr'><strong>ne</strong></span> <span class='ocrx_word' id='word_1_880' title='bbox 2447 5564 2591 5605; x_wconf 89' lang='lat' dir='ltr'><strong>nunc</strong></span> <span class='ocrx_word' id='word_1_881' title='bbox 2614 5546 2827 5618; x_wconf 91' lang='lat' dir='ltr'><strong>quidem</strong></span> <span class='ocrx_word' id='word_1_882' title='bbox 2856 5544 2925 5599; x_wconf 91' lang='lat' dir='ltr'><strong>ab</strong></span> <span class='ocrx_word' id='word_1_883' title='bbox 2951 5557 3018 5598; x_wconf 88' lang='lat' dir='ltr'><strong>co</strong></span> <span class='ocrx_word' id='word_1_884' title='bbox 3041 5542 3312 5613; x_wconf 90' lang='lat' dir='ltr'><strong>proposito</strong></span> <span class='ocrx_word' id='word_1_885' title='bbox 3339 5540 3681 5602; x_wconf 77' lang='lat' dir='ltr'><strong>desistentes,</strong></span> 
     </span>
    </p>
   </div>
   <div class='ocr_carea' id='block_1_117' title="bbox 2112 5630 3690 5702">
    <p class='ocr_par' dir='ltr' id='par_1_117' title="bbox 2112 5630 3690 5702">
     <span class='ocr_line' id='line_1_117' title="bbox 2112 5630 3690 5702; baseline -0.012 0"><span class='ocrx_word' id='word_1_886' title='bbox 2112 5659 2300 5701; x_wconf 89' lang='lat' dir='ltr'><strong>rursus</strong></span> <span class='ocrx_word' id='word_1_887' title='bbox 2326 5642 2517 5699; x_wconf 88' lang='lat' dir='ltr'><strong>eadem</strong></span> <span class='ocrx_word' id='word_1_888' title='bbox 2568 5638 2662 5693; x_wconf 90' lang='lat' dir='ltr'><strong>tibi</strong></span> <span class='ocrx_word' id='word_1_889' title='bbox 2705 5635 2986 5692; x_wconf 90' lang='lat' dir='ltr'><strong>scribimus</strong></span> <span class='ocrx_word' id='word_1_890' title='bbox 3013 5673 3032 5701; x_wconf 91' lang='lat'><strong>,</strong></span> <span class='ocrx_word' id='word_1_891' title='bbox 3062 5642 3116 5687; x_wconf 90' lang='lat' dir='ltr'><strong>ct</strong></span> <span class='ocrx_word' id='word_1_892' title='bbox 3160 5632 3598 5702; x_wconf 88' lang='lat' dir='ltr'><strong>quotiescumque</strong></span> <span class='ocrx_word' id='word_1_893' title='bbox 3622 5630 3690 5683; x_wconf 88' lang='lat' dir='ltr'><strong>ad</strong></span> 
     </span>
    </p>
   </div>
   <div class='ocr_carea' id='block_1_118' title="bbox 2115 5720 3692 5800">
    <p class='ocr_par' dir='ltr' id='par_1_118' title="bbox 2115 5720 3692 5800">
     <span class='ocr_line' id='line_1_118' title="bbox 2115 5720 3692 5800; baseline -0.013 -7"><span class='ocrx_word' id='word_1_894' title='bbox 2115 5753 2214 5792; x_wconf 86' lang='lat' dir='ltr'><strong>nos</strong></span> <span class='ocrx_word' id='word_1_895' title='bbox 2255 5733 2510 5790; x_wconf 89' lang='lat' dir='ltr'><strong>miseris:</strong></span> <span class='ocrx_word' id='word_1_896' title='bbox 2543 5727 2684 5800; x_wconf 90' lang='lat' dir='ltr'><strong>quod</strong></span> <span class='ocrx_word' id='word_1_897' title='bbox 2727 5727 2829 5782; x_wconf 91' lang='lat' dir='ltr'><strong>nisi</strong></span> <span class='ocrx_word' id='word_1_898' title='bbox 2880 5739 3176 5795; x_wconf 89' lang='lat' dir='ltr'><strong>congruum</strong></span> <span class='ocrx_word' id='word_1_899' title='bbox 3220 5721 3474 5792; x_wconf 91' lang='lat' dir='ltr'><strong>judicium</strong></span> <span class='ocrx_word' id='word_1_900' title='bbox 3500 5720 3692 5776; x_wconf 79' lang='lat' dir='ltr'><strong>subse-</strong></span> 
     </span>
    </p>
   </div>
   <div class='ocr_carea' id='block_1_119' title="bbox 2117 5813 3694 5902">
    <p class='ocr_par' dir='ltr' id='par_1_119' title="bbox 2117 5813 3694 5902">
     <span class='ocr_line' id='line_1_119' title="bbox 2117 5813 3694 5902; baseline -0.011 -17"><span class='ocrx_word' id='word_1_901' title='bbox 2117 5839 2306 5902; x_wconf 85' lang='lat' dir='ltr'><strong>quatur</strong></span> <span class='ocrx_word' id='word_1_902' title='bbox 2334 5827 2386 5884; x_wconf 87' lang='lat' dir='ltr'><strong>in</strong></span> <span class='ocrx_word' id='word_1_903' title='bbox 2414 5825 2495 5880; x_wconf 90' lang='lat' dir='ltr'><strong>his</strong></span> <span class='ocrx_word' id='word_1_904' title='bbox 2521 5837 2640 5894; x_wconf 69' lang='lat' dir='ltr'><strong>quae</strong></span> <span class='ocrx_word' id='word_1_905' title='bbox 2666 5836 2762 5893; x_wconf 86' lang='lat' dir='ltr'><strong>per</strong></span> <span class='ocrx_word' id='word_1_906' title='bbox 2791 5817 3071 5876; x_wconf 88' lang='lat' dir='ltr'><strong>ludibrium</strong></span> <span class='ocrx_word' id='word_1_907' title='bbox 3096 5825 3241 5889; x_wconf 85' lang='lat' dir='ltr'><strong>gesta</strong></span> <span class='ocrx_word' id='word_1_908' title='bbox 3271 5823 3411 5883; x_wconf 85' lang='lat' dir='ltr'><strong>sunt,</strong></span> <span class='ocrx_word' id='word_1_909' title='bbox 3444 5813 3555 5870; x_wconf 82' lang='lat' dir='ltr'><strong>ﬁcri</strong></span> <span class='ocrx_word' id='word_1_910' title='bbox 3587 5828 3694 5869; x_wconf 85' lang='lat' dir='ltr'><strong>non</strong></span> 
     </span>
    </p>
   </div>
  </div>
