  <div class='ocr_page' id='page_1' title='image "/cluster/home/n/w/nwhite01/storage/ocr_20150623/47/nnc1.0046978321/068.png"; bbox 0 0 4114 6392; ppageno 0'>
   <div class='ocr_carea' id='block_1_1' title="bbox 279 391 3750 468">
    <p class='ocr_par' dir='ltr' id='par_1_1' title="bbox 279 391 3750 468">
     <span class='ocr_line' id='line_1_1' title="bbox 279 391 3750 468; baseline -0.001 -14"><span class='ocrx_word' id='word_1_1' title='bbox 279 410 346 468; x_wconf 75' lang='grc' dir='ltr'>η</span> <span class='ocrx_word' id='word_1_2' title='bbox 1407 397 1494 452; x_wconf 82' lang='lat' dir='ltr'>DE</span> <span class='ocrx_word' id='word_1_3' title='bbox 1531 395 1696 453; x_wconf 74' lang='lat' dir='ltr'>VITA</span> <span class='ocrx_word' id='word_1_4' title='bbox 1733 394 1793 449; x_wconf 89' lang='lat' dir='ltr'><strong>S.</strong></span> <span class='ocrx_word' id='word_1_5' title='bbox 1831 391 2122 449; x_wconf 72' lang='lat' dir='ltr'>JOANNIS</span> <span class='ocrx_word' id='word_1_6' title='bbox 2158 393 2680 451; x_wconf 78' lang='lat' dir='ltr'>CHRYSOSTOMI.</span> <span class='ocrx_word' id='word_1_7' title='bbox 3683 397 3750 451; x_wconf 68' lang='lat'>12</span> 
     </span>
    </p>
   </div>
   <div class='ocr_carea' id='block_1_2' title="bbox 279 510 1981 593">
    <p class='ocr_par' dir='ltr' id='par_1_2' title="bbox 279 510 1981 593">
     <span class='ocr_line' id='line_1_2' title="bbox 279 510 1981 593; baseline -0.013 -9"><span class='ocrx_word' id='word_1_8' title='bbox 279 531 469 591; x_wconf 71' lang='grc' dir='ltr'>ναῖκες</span> <span class='ocrx_word' id='word_1_9' title='bbox 497 523 606 579; x_wconf 81' lang='grc' dir='ltr'>τῶν</span> <span class='ocrx_word' id='word_1_10' title='bbox 646 520 952 593; x_wconf 79' lang='grc' dir='ltr'>εὑκτηρίων</span> <span class='ocrx_word' id='word_1_11' title='bbox 985 517 1124 590; x_wconf 77' lang='grc' dir='ltr'>πρὸς</span> <span class='ocrx_word' id='word_1_12' title='bbox 1152 516 1213 570; x_wconf 74' lang='grc' dir='ltr'>τὸ</span> <span class='ocrx_word' id='word_1_13' title='bbox 1243 515 1528 586; x_wconf 74' lang='grc' dir='ltr'>βάπτισμα</span> <span class='ocrx_word' id='word_1_14' title='bbox 1556 510 1981 580; x_wconf 84' lang='grc' dir='ltr'>ἀποδυσάμεναι·</span> 
     </span>
    </p>
   </div>
   <div class='ocr_carea' id='block_1_3' title="bbox 280 594 1966 676">
    <p class='ocr_par' dir='ltr' id='par_1_3' title="bbox 280 594 1966 676">
     <span class='ocr_line' id='line_1_3' title="bbox 280 594 1966 676; baseline -0.012 -10"><span class='ocrx_word' id='word_1_15' title='bbox 280 612 406 667; x_wconf 66' lang='grc' dir='ltr'>κατ’</span> <span class='ocrx_word' id='word_1_16' title='bbox 433 608 596 664; x_wconf 75' lang='grc' dir='ltr'>αὑτὸν</span> <span class='ocrx_word' id='word_1_17' title='bbox 623 606 716 660; x_wconf 79' lang='grc' dir='ltr'>τὸν</span> <span class='ocrx_word' id='word_1_18' title='bbox 735 605 947 676; x_wconf 75' lang='grc' dir='ltr'>καιρδν,</span> <span class='ocrx_word' id='word_1_19' title='bbox 970 603 1178 672; x_wconf 75' lang='grc' dir='ltr'>γυμναὶ</span> <span class='ocrx_word' id='word_1_20' title='bbox 1205 599 1602 668; x_wconf 78' lang='grc' dir='ltr'>ἐφυγαδεύοντο</span> <span class='ocrx_word' id='word_1_21' title='bbox 1623 596 1730 649; x_wconf 79' lang='grc' dir='ltr'>ὑπὸ</span> <span class='ocrx_word' id='word_1_22' title='bbox 1748 595 1842 647; x_wconf 85' lang='grc' dir='ltr'>τοῦ</span> <span class='ocrx_word' id='word_1_23' title='bbox 1871 594 1966 662; x_wconf 81' lang='grc' dir='ltr'>φό-</span> 
     </span>
    </p>
   </div>
   <div class='ocr_carea' id='block_1_4' title="bbox 277 680 1972 764">
    <p class='ocr_par' dir='ltr' id='par_1_4' title="bbox 277 680 1972 764">
     <span class='ocr_line' id='line_1_4' title="bbox 277 680 1972 764; baseline -0.011 -14"><span class='ocrx_word' id='word_1_24' title='bbox 277 697 382 750; x_wconf 90' lang='grc' dir='ltr'>ϐου</span> <span class='ocrx_word' id='word_1_25' title='bbox 405 695 505 763; x_wconf 86' lang='grc' dir='ltr'>τῆς</span> <span class='ocrx_word' id='word_1_26' title='bbox 533 691 778 764; x_wconf 81' lang='grc' dir='ltr'>χαλεπῆς</span> <span class='ocrx_word' id='word_1_27' title='bbox 796 688 1000 757; x_wconf 89' lang='grc' dir='ltr'>ταύτης</span> <span class='ocrx_word' id='word_1_28' title='bbox 1031 685 1244 756; x_wconf 85' lang='grc' dir='ltr'>ἐφόδου,</span> <span class='ocrx_word' id='word_1_29' title='bbox 1267 683 1390 738; x_wconf 87' lang='grc' dir='ltr'>οὑδέ</span> <span class='ocrx_word' id='word_1_30' title='bbox 1417 684 1516 754; x_wconf 82' lang='grc' dir='ltr'>τὴν</span> <span class='ocrx_word' id='word_1_31' title='bbox 1541 682 1856 752; x_wconf 86' lang='grc' dir='ltr'>πρέπουσαν</span> <span class='ocrx_word' id='word_1_32' title='bbox 1887 680 1972 731; x_wconf 82' lang='grc' dir='ltr'>εὑ·</span> 
     </span>
    </p>
   </div>
   <div class='ocr_carea' id='block_1_5' title="bbox 282 761 1970 850">
    <p class='ocr_par' dir='ltr' id='par_1_5' title="bbox 282 761 1970 850">
     <span class='ocr_line' id='line_1_5' title="bbox 282 761 1970 850; baseline -0.012 -16"><span class='ocrx_word' id='word_1_33' title='bbox 282 761 639 850; x_wconf 31' lang='grc' dir='ltr'>σχημο-σύνην</span> <span class='ocrx_word' id='word_1_34' title='bbox 669 772 886 843; x_wconf 73' lang='grc' dir='ltr'>γυναιξὶ</span> <span class='ocrx_word' id='word_1_35' title='bbox 917 767 1370 840; x_wconf 86' lang='grc' dir='ltr'>συγχωρούμεναι</span> <span class='ocrx_word' id='word_1_36' title='bbox 1396 765 1715 850; x_wconf 85' lang='grc' dir='ltr'>περιθέσθαι</span> <span class='ocrx_word' id='word_1_37' title='bbox 1733 782 1748 796; x_wconf 91' lang='grc'>·</span> <span class='ocrx_word' id='word_1_38' title='bbox 1776 761 1970 816; x_wconf 74' lang='grc' dir='ltr'>πολλαὶ</span> 
     </span>
    </p>
   </div>
   <div class='ocr_carea' id='block_1_6' title="bbox 279 847 1970 930">
    <p class='ocr_par' dir='ltr' id='par_1_6' title="bbox 279 847 1970 930">
     <span class='ocr_line' id='line_1_6' title="bbox 279 847 1970 930; baseline -0.011 -15"><span class='ocrx_word' id='word_1_39' title='bbox 279 847 355 914; x_wconf 29' lang='grc' dir='ltr'>δέ-</span> <span class='ocrx_word' id='word_1_40' title='bbox 376 847 481 914; x_wconf 68' lang='grc' dir='ltr'>καὶ·</span> <span class='ocrx_word' id='word_1_41' title='bbox 504 859 797 930; x_wconf 86' lang='grc' dir='ltr'>τραύματα</span> <span class='ocrx_word' id='word_1_42' title='bbox 822 852 1116 924; x_wconf 81' lang='grc' dir='ltr'>δεξάμεναι</span> <span class='ocrx_word' id='word_1_43' title='bbox 1139 850 1506 917; x_wconf 75' lang='grc' dir='ltr'>ἐξεϐάλλοντο,</span> <span class='ocrx_word' id='word_1_44' title='bbox 1544 848 1637 900; x_wconf 71' lang='grc' dir='ltr'>καὶ</span> <span class='ocrx_word' id='word_1_45' title='bbox 1660 848 1892 918; x_wconf 85' lang='grc' dir='ltr'>αἵματος</span> <span class='ocrx_word' id='word_1_46' title='bbox 1913 847 1970 898; x_wconf 89' lang='grc' dir='ltr'>αἰ</span> 
     </span>
    </p>
   </div>
   <div class='ocr_carea' id='block_1_7' title="bbox 282 931 1971 1015">
    <p class='ocr_par' dir='ltr' id='par_1_7' title="bbox 282 931 1971 1015">
     <span class='ocr_line' id='line_1_7' title="bbox 282 931 1971 1015; baseline -0.01 -17"><span class='ocrx_word' id='word_1_47' title='bbox 282 943 670 1015; x_wconf 78' lang='grc' dir='ltr'>κολυμϐῆθραι</span> <span class='ocrx_word' id='word_1_48' title='bbox 692 936 1048 1010; x_wconf 76' lang='grc' dir='ltr'>ἐπληροῦντο,</span> <span class='ocrx_word' id='word_1_49' title='bbox 1077 936 1172 988; x_wconf 77' lang='grc' dir='ltr'>καὶ</span> <span class='ocrx_word' id='word_1_50' title='bbox 1195 934 1265 988; x_wconf 81' lang='grc' dir='ltr'>τὰ</span> <span class='ocrx_word' id='word_1_51' title='bbox 1294 933 1416 1004; x_wconf 84' lang='grc' dir='ltr'>ἱερά</span> <span class='ocrx_word' id='word_1_52' title='bbox 1444 933 1552 986; x_wconf 81' lang='grc' dir='ltr'>ἀπὸ</span> <span class='ocrx_word' id='word_1_53' title='bbox 1576 931 1686 984; x_wconf 92' lang='grc' dir='ltr'>τῶν</span> <span class='ocrx_word' id='word_1_54' title='bbox 1712 931 1971 983; x_wconf 79' lang='grc' dir='ltr'>τοιούτων</span> 
     </span>
    </p>
   </div>
   <div class='ocr_carea' id='block_1_8' title="bbox 280 1016 1973 1100">
    <p class='ocr_par' dir='ltr' id='par_1_8' title="bbox 280 1016 1973 1100">
     <span class='ocr_line' id='line_1_8' title="bbox 280 1016 1973 1100; baseline -0.01 -17"><span class='ocrx_word' id='word_1_55' title='bbox 280 1028 622 1100; x_wconf 78' lang='grc' dir='ltr'>τραυμάτων</span> <span class='ocrx_word' id='word_1_56' title='bbox 649 1037 673 1065; x_wconf 84' lang='grc' dir='ltr'>ι</span> <span class='ocrx_word' id='word_1_57' title='bbox 706 1021 1043 1094; x_wconf 84' lang='grc' dir='ltr'>ἐφοινίσσετο</span> <span class='ocrx_word' id='word_1_58' title='bbox 1065 1020 1300 1088; x_wconf 83' lang='grc' dir='ltr'>νάματα.</span> <span class='ocrx_word' id='word_1_59' title='bbox 1327 1019 1438 1072; x_wconf 76' lang='grc' dir='ltr'>Καὶ</span> <span class='ocrx_word' id='word_1_60' title='bbox 1463 1018 1584 1071; x_wconf 85' lang='grc' dir='ltr'>οὐδέ</span> <span class='ocrx_word' id='word_1_61' title='bbox 1607 1016 1839 1069; x_wconf 87' lang='grc' dir='ltr'>ἐνταῦθα</span> <span class='ocrx_word' id='word_1_62' title='bbox 1861 1017 1973 1066; x_wconf 88' lang='grc' dir='ltr'>εἰσ·</span> 
     </span>
    </p>
   </div>
   <div class='ocr_carea' id='block_1_9' title="bbox 281 1097 1971 1183">
    <p class='ocr_par' dir='ltr' id='par_1_9' title="bbox 281 1097 1971 1183">
     <span class='ocr_line' id='line_1_9' title="bbox 281 1097 1971 1183; baseline -0.009 -18"><span class='ocrx_word' id='word_1_63' title='bbox 281 1097 447 1183; x_wconf 76' lang='grc' dir='ltr'>τήκει</span> <span class='ocrx_word' id='word_1_64' title='bbox 471 1110 530 1163; x_wconf 78' lang='grc' dir='ltr'>τὸ</span> <span class='ocrx_word' id='word_1_65' title='bbox 551 1107 742 1162; x_wconf 86' lang='grc' dir='ltr'>δεινόν·</span> <span class='ocrx_word' id='word_1_66' title='bbox 763 1105 876 1160; x_wconf 76' lang='grc' dir='ltr'>ἀλλ’</span> <span class='ocrx_word' id='word_1_67' title='bbox 901 1103 1030 1157; x_wconf 71' lang='grc' dir='ltr'>ἔνθα</span> <span class='ocrx_word' id='word_1_68' title='bbox 1045 1104 1112 1156; x_wconf 81' lang='grc' dir='ltr'>τά</span> <span class='ocrx_word' id='word_1_69' title='bbox 1128 1101 1260 1170; x_wconf 82' lang='grc' dir='ltr'>ἀγια</span> <span class='ocrx_word' id='word_1_70' title='bbox 1274 1103 1584 1162; x_wconf 86' lang='grc' dir='ltr'>ἀπέκειντο,</span> <span class='ocrx_word' id='word_1_71' title='bbox 1602 1100 1850 1183; x_wconf 49' lang='grc' dir='ltr'>ἐλθόντες⁹</span> <span class='ocrx_word' id='word_1_72' title='bbox 1871 1098 1901 1137; x_wconf 81' lang='lat' dir='ltr'><strong>b</strong></span> <span class='ocrx_word' id='word_1_73' title='bbox 1921 1097 1971 1150; x_wconf 83' lang='grc' dir='ltr'>οἰ</span> 
     </span>
    </p>
   </div>
   <div class='ocr_carea' id='block_1_10' title="bbox 285 1177 1970 1266">
    <p class='ocr_par' dir='ltr' id='par_1_10' title="bbox 285 1177 1970 1266">
     <span class='ocr_line' id='line_1_10' title="bbox 285 1177 1970 1266; baseline -0.009 -18"><span class='ocrx_word' id='word_1_74' title='bbox 285 1177 624 1266; x_wconf 74' lang='grc' dir='ltr'>στρατιῶται</span> <span class='ocrx_word' id='word_1_75' title='bbox 655 1183 751 1256; x_wconf 85' lang='grc' dir='ltr'>(ὧν</span> <span class='ocrx_word' id='word_1_76' title='bbox 775 1189 926 1252; x_wconf 73' lang='grc' dir='ltr'>ἔνιοι,</span> <span class='ocrx_word' id='word_1_77' title='bbox 951 1185 1134 1249; x_wconf 86' lang='grc' dir='ltr'>καθὼς</span> <span class='ocrx_word' id='word_1_78' title='bbox 1155 1185 1419 1255; x_wconf 80' lang='grc' dir='ltr'>ἐγνωμεν,</span> <span class='ocrx_word' id='word_1_79' title='bbox 1439 1186 1533 1237; x_wconf 73' lang='grc' dir='ltr'>καὶ</span> <span class='ocrx_word' id='word_1_80' title='bbox 1553 1183 1787 1266; x_wconf 66' lang='grc' dir='ltr'>ἀμύητρι</span> <span class='ocrx_word' id='word_1_81' title='bbox 1809 1177 1970 1252; x_wconf 78' lang='grc' dir='ltr'>ἦσαν)</span> 
     </span>
    </p>
   </div>
   <div class='ocr_carea' id='block_1_11' title="bbox 284 1259 1971 1346">
    <p class='ocr_par' dir='ltr' id='par_1_11' title="bbox 284 1259 1971 1346">
     <span class='ocr_line' id='line_1_11' title="bbox 284 1259 1971 1346; baseline -0.01 -14"><span class='ocrx_word' id='word_1_82' title='bbox 284 1259 471 1332; x_wconf 72' lang='grc' dir='ltr'>πάντα</span> <span class='ocrx_word' id='word_1_83' title='bbox 499 1275 768 1346; x_wconf 80' lang='grc' dir='ltr'>ἐθεώρουν</span> <span class='ocrx_word' id='word_1_84' title='bbox 797 1271 866 1326; x_wconf 84' lang='grc' dir='ltr'>τά</span> <span class='ocrx_word' id='word_1_85' title='bbox 902 1270 1048 1323; x_wconf 83' lang='grc' dir='ltr'>ἐνδον</span> <span class='ocrx_word' id='word_1_86' title='bbox 1069 1309 1083 1333; x_wconf 93' lang='grc'>,</span> <span class='ocrx_word' id='word_1_87' title='bbox 1135 1269 1230 1322; x_wconf 79' lang='grc' dir='ltr'>καὶ</span> <span class='ocrx_word' id='word_1_88' title='bbox 1272 1268 1334 1320; x_wconf 84' lang='grc' dir='ltr'>τὸ</span> <span class='ocrx_word' id='word_1_89' title='bbox 1365 1266 1667 1334; x_wconf 86' lang='grc' dir='ltr'>ἁγιώτατον</span> <span class='ocrx_word' id='word_1_90' title='bbox 1695 1259 1835 1335; x_wconf 76' lang='grc' dir='ltr'>αἷμα</span> <span class='ocrx_word' id='word_1_91' title='bbox 1878 1263 1971 1316; x_wconf 88' lang='grc' dir='ltr'>τοῦ</span> 
     </span>
    </p>
   </div>
   <div class='ocr_carea' id='block_1_12' title="bbox 283 1348 1976 1432">
    <p class='ocr_par' dir='ltr' id='par_1_12' title="bbox 283 1348 1976 1432">
     <span class='ocr_line' id='line_1_12' title="bbox 283 1348 1976 1432; baseline -0.01 -17"><span class='ocrx_word' id='word_1_92' title='bbox 283 1360 550 1432; x_wconf 81' lang='grc' dir='ltr'>Χριστοῦ,</span> <span class='ocrx_word' id='word_1_93' title='bbox 579 1359 655 1422; x_wconf 86' lang='grc' dir='ltr'>ὼς</span> <span class='ocrx_word' id='word_1_94' title='bbox 678 1359 736 1410; x_wconf 89' lang='grc' dir='ltr'>ἐν</span> <span class='ocrx_word' id='word_1_95' title='bbox 763 1353 1004 1425; x_wconf 87' lang='grc' dir='ltr'>τοσούτῳ</span> <span class='ocrx_word' id='word_1_96' title='bbox 1026 1352 1260 1424; x_wconf 85' lang='grc' dir='ltr'>θορύϐῳ,</span> <span class='ocrx_word' id='word_1_97' title='bbox 1295 1353 1374 1414; x_wconf 82' lang='grc' dir='ltr'>εἰς</span> <span class='ocrx_word' id='word_1_98' title='bbox 1403 1350 1470 1403; x_wconf 83' lang='grc' dir='ltr'>τὰ</span> <span class='ocrx_word' id='word_1_99' title='bbox 1499 1349 1606 1402; x_wconf 89' lang='grc' dir='ltr'>τῶν</span> <span class='ocrx_word' id='word_1_100' title='bbox 1641 1348 1976 1419; x_wconf 81' lang='grc' dir='ltr'>προειρημέ-</span> 
     </span>
    </p>
   </div>
   <div class='ocr_carea' id='block_1_13' title="bbox 285 1432 1971 1510">
    <p class='ocr_par' dir='ltr' id='par_1_13' title="bbox 285 1432 1971 1510">
     <span class='ocr_line' id='line_1_13' title="bbox 285 1432 1971 1510; baseline -0.009 -12"><span class='ocrx_word' id='word_1_101' title='bbox 285 1461 396 1498; x_wconf 86' lang='grc' dir='ltr'>νων</span> <span class='ocrx_word' id='word_1_102' title='bbox 440 1444 630 1509; x_wconf 80' lang='grc' dir='ltr'>ἱμάτια</span> <span class='ocrx_word' id='word_1_103' title='bbox 659 1442 914 1510; x_wconf 80' lang='grc' dir='ltr'>ἐξεχεῖτο,</span> <span class='ocrx_word' id='word_1_104' title='bbox 957 1437 1049 1490; x_wconf 78' lang='grc' dir='ltr'>καὶ</span> <span class='ocrx_word' id='word_1_105' title='bbox 1079 1437 1154 1500; x_wconf 84' lang='grc' dir='ltr'>ὡς</span> <span class='ocrx_word' id='word_1_106' title='bbox 1187 1438 1244 1488; x_wconf 91' lang='grc' dir='ltr'>ἐν</span> <span class='ocrx_word' id='word_1_107' title='bbox 1275 1433 1624 1505; x_wconf 73' lang='grc' dir='ltr'>αἰχμαλωσίᾳ</span> <span class='ocrx_word' id='word_1_108' title='bbox 1663 1432 1971 1504; x_wconf 80' lang='grc' dir='ltr'>βαρϐαρικῇ</span> 
     </span>
    </p>
   </div>
   <div class='ocr_carea' id='block_1_14' title="bbox 287 1515 1972 1598">
    <p class='ocr_par' dir='ltr' id='par_1_14' title="bbox 287 1515 1972 1598">
     <span class='ocr_line' id='line_1_14' title="bbox 287 1515 1972 1598; baseline -0.011 -14"><span class='ocrx_word' id='word_1_109' title='bbox 287 1530 468 1584; x_wconf 82' lang='grc' dir='ltr'>πάντα</span> <span class='ocrx_word' id='word_1_110' title='bbox 482 1527 766 1598; x_wconf 85' lang='grc' dir='ltr'>ἐτολμᾶτο.</span> <span class='ocrx_word' id='word_1_111' title='bbox 791 1523 900 1576; x_wconf 70' lang='grc' dir='ltr'>Καὶ</span> <span class='ocrx_word' id='word_1_112' title='bbox 918 1523 946 1574; x_wconf 90' lang='grc' dir='ltr'>ὁ</span> <span class='ocrx_word' id='word_1_113' title='bbox 968 1523 1031 1592; x_wconf 91' lang='grc' dir='ltr'>δῆ</span> <span class='ocrx_word' id='word_1_114' title='bbox 1041 1537 1138 1591; x_wconf 87' lang='grc' dir='ltr'>μος</span> <span class='ocrx_word' id='word_1_115' title='bbox 1160 1519 1298 1590; x_wconf 83' lang='grc' dir='ltr'>πρὸς</span> <span class='ocrx_word' id='word_1_116' title='bbox 1313 1518 1411 1588; x_wconf 84' lang='grc' dir='ltr'>τήν</span> <span class='ocrx_word' id='word_1_117' title='bbox 1433 1517 1670 1589; x_wconf 79' lang='grc' dir='ltr'>ἐρημίαν</span> <span class='ocrx_word' id='word_1_118' title='bbox 1688 1515 1972 1585; x_wconf 78' lang='grc' dir='ltr'>ἠλαύνετο,</span> 
     </span>
    </p>
   </div>
   <div class='ocr_carea' id='block_1_15' title="bbox 287 1599 1976 1675">
    <p class='ocr_par' dir='ltr' id='par_1_15' title="bbox 287 1599 1976 1675">
     <span class='ocr_line' id='line_1_15' title="bbox 287 1599 1976 1675; baseline -0.009 -9"><span class='ocrx_word' id='word_1_119' title='bbox 287 1614 382 1668; x_wconf 74' lang='grc' dir='ltr'>καὶ</span> <span class='ocrx_word' id='word_1_120' title='bbox 425 1614 535 1675; x_wconf 83' lang='grc' dir='ltr'>πᾶς</span> <span class='ocrx_word' id='word_1_121' title='bbox 577 1612 606 1663; x_wconf 90' lang='grc' dir='ltr'>ὁ</span> <span class='ocrx_word' id='word_1_122' title='bbox 639 1609 768 1672; x_wconf 82' lang='grc' dir='ltr'>λαὸς</span> <span class='ocrx_word' id='word_1_123' title='bbox 815 1606 920 1674; x_wconf 76' lang='grc' dir='ltr'>ἔξω</span> <span class='ocrx_word' id='word_1_124' title='bbox 969 1605 1068 1674; x_wconf 88' lang='grc' dir='ltr'>τῆς</span> <span class='ocrx_word' id='word_1_125' title='bbox 1098 1603 1306 1668; x_wconf 87' lang='grc' dir='ltr'>πόλεως</span> <span class='ocrx_word' id='word_1_126' title='bbox 1350 1603 1568 1673; x_wconf 79' lang='grc' dir='ltr'>ἔφευγε,</span> <span class='ocrx_word' id='word_1_127' title='bbox 1609 1603 1702 1654; x_wconf 76' lang='grc' dir='ltr'>καὶ</span> <span class='ocrx_word' id='word_1_128' title='bbox 1733 1599 1888 1655; x_wconf 73' lang='grc' dir='ltr'>κεναὶ</span> <span class='ocrx_word' id='word_1_129' title='bbox 1917 1600 1976 1650; x_wconf 83' lang='grc' dir='ltr'>ἐν</span> 
     </span>
    </p>
   </div>
   <div class='ocr_carea' id='block_1_16' title="bbox 288 1681 1976 1770">
    <p class='ocr_par' dir='ltr' id='par_1_16' title="bbox 288 1681 1976 1770">
     <span class='ocr_line' id='line_1_16' title="bbox 288 1681 1976 1770; baseline -0.011 -18"><span class='ocrx_word' id='word_1_130' title='bbox 288 1699 454 1770; x_wconf 77' lang='grc' dir='ltr'>ἑορτῇ</span> <span class='ocrx_word' id='word_1_131' title='bbox 499 1694 728 1765; x_wconf 83' lang='grc' dir='ltr'>τοιαύτῃ</span> <span class='ocrx_word' id='word_1_132' title='bbox 777 1692 835 1744; x_wconf 86' lang='grc' dir='ltr'>αἱ</span> <span class='ocrx_word' id='word_1_133' title='bbox 873 1687 1161 1758; x_wconf 85' lang='grc' dir='ltr'>ἐκκλησίαι</span> <span class='ocrx_word' id='word_1_134' title='bbox 1193 1686 1303 1739; x_wconf 86' lang='grc' dir='ltr'>τῶν</span> <span class='ocrx_word' id='word_1_135' title='bbox 1356 1685 1502 1738; x_wconf 87' lang='grc' dir='ltr'>λαῶν</span> <span class='ocrx_word' id='word_1_136' title='bbox 1559 1684 1828 1753; x_wconf 89' lang='grc' dir='ltr'>ἐγίνοντο,</span> <span class='ocrx_word' id='word_1_137' title='bbox 1883 1681 1976 1734; x_wconf 80' lang='grc' dir='ltr'>καὶ</span> 
     </span>
    </p>
   </div>
   <div class='ocr_carea' id='block_1_17' title="bbox 289 1766 1973 1850">
    <p class='ocr_par' dir='ltr' id='par_1_17' title="bbox 289 1766 1973 1850">
     <span class='ocr_line' id='line_1_17' title="bbox 289 1766 1973 1850; baseline -0.012 -14"><span class='ocrx_word' id='word_1_138' title='bbox 289 1766 556 1850; x_wconf 77' lang='grc' dir='ltr'>πλείουςῆ</span> <span class='ocrx_word' id='word_1_139' title='bbox 577 1773 983 1846; x_wconf 82' lang='grc' dir='ltr'>τεσσαράκοντα</span> <span class='ocrx_word' id='word_1_140' title='bbox 1003 1771 1313 1833; x_wconf 87' lang='grc' dir='ltr'>ἐπίσκοποι,</span> <span class='ocrx_word' id='word_1_141' title='bbox 1339 1771 1388 1820; x_wconf 89' lang='grc' dir='ltr'>οἱ</span> <span class='ocrx_word' id='word_1_142' title='bbox 1417 1766 1802 1828; x_wconf 79' lang='grc' dir='ltr'>κοινωνοῦντες</span> <span class='ocrx_word' id='word_1_143' title='bbox 1818 1767 1973 1836; x_wconf 86' lang='grc' dir='ltr'>ήμῖν,</span> 
     </span>
    </p>
   </div>
   <div class='ocr_carea' id='block_1_18' title="bbox 295 1847 1977 1937">
    <p class='ocr_par' dir='ltr' id='par_1_18' title="bbox 295 1847 1977 1937">
     <span class='ocr_line' id='line_1_18' title="bbox 295 1847 1977 1937; baseline -0.012 -18"><span class='ocrx_word' id='word_1_144' title='bbox 295 1865 432 1937; x_wconf 89' lang='grc' dir='ltr'>μετά</span> <span class='ocrx_word' id='word_1_145' title='bbox 455 1847 556 1915; x_wconf 82' lang='grc' dir='ltr'>τοῦ</span> <span class='ocrx_word' id='word_1_146' title='bbox 570 1859 702 1914; x_wconf 90' lang='grc' dir='ltr'>λαοῦ</span> <span class='ocrx_word' id='word_1_147' title='bbox 731 1857 858 1928; x_wconf 77' lang='grc' dir='ltr'>εἰκῆ</span> <span class='ocrx_word' id='word_1_148' title='bbox 884 1857 979 1910; x_wconf 64' lang='grc' dir='ltr'>καλ⁵</span> <span class='ocrx_word' id='word_1_149' title='bbox 999 1857 1176 1926; x_wconf 83' lang='grc' dir='ltr'>μάτην</span> <span class='ocrx_word' id='word_1_150' title='bbox 1198 1851 1576 1922; x_wconf 88' lang='grc' dir='ltr'>ἐλαυνόμενοι·</span> <span class='ocrx_word' id='word_1_151' title='bbox 1602 1849 1697 1903; x_wconf 79' lang='grc' dir='ltr'>καί</span> <span class='ocrx_word' id='word_1_152' title='bbox 1722 1847 1977 1916; x_wconf 74' lang='grc' dir='ltr'>ὀλολυγαὶ</span> 
     </span>
    </p>
   </div>
   <div class='ocr_carea' id='block_1_19' title="bbox 293 1931 1978 2016">
    <p class='ocr_par' dir='ltr' id='par_1_19' title="bbox 293 1931 1978 2016">
     <span class='ocr_line' id='line_1_19' title="bbox 293 1931 1978 2016; baseline -0.011 -14"><span class='ocrx_word' id='word_1_153' title='bbox 293 1931 570 2016; x_wconf 83' lang='grc' dir='ltr'>πανταχοῦ</span> <span class='ocrx_word' id='word_1_154' title='bbox 600 1944 698 1998; x_wconf 77' lang='grc' dir='ltr'>καὶ</span> <span class='ocrx_word' id='word_1_155' title='bbox 720 1941 958 2012; x_wconf 79' lang='grc' dir='ltr'>οἰμωγαὶ</span> <span class='ocrx_word' id='word_1_156' title='bbox 979 1940 1074 1992; x_wconf 68' lang='grc' dir='ltr'>καὶ</span> <span class='ocrx_word' id='word_1_157' title='bbox 1101 1937 1338 1991; x_wconf 75' lang='grc' dir='ltr'>κωκυτοὶ</span> <span class='ocrx_word' id='word_1_158' title='bbox 1359 1936 1453 1989; x_wconf 78' lang='grc' dir='ltr'>καὶ</span> <span class='ocrx_word' id='word_1_159' title='bbox 1472 1934 1660 2005; x_wconf 82' lang='grc' dir='ltr'>θρῆνοι</span> <span class='ocrx_word' id='word_1_160' title='bbox 1682 1934 1776 1986; x_wconf 78' lang='grc' dir='ltr'>καὶ</span> <span class='ocrx_word' id='word_1_161' title='bbox 1800 1931 1978 2016; x_wconf 78' lang='grc' dir='ltr'>πηγαί¹</span> 
     </span>
    </p>
   </div>
   <div class='ocr_carea' id='block_1_20' title="bbox 294 2014 1977 2100">
    <p class='ocr_par' dir='ltr' id='par_1_20' title="bbox 294 2014 1977 2100">
     <span class='ocr_line' id='line_1_20' title="bbox 294 2014 1977 2100; baseline -0.012 -14"><span class='ocrx_word' id='word_1_162' title='bbox 294 2014 542 2100; x_wconf 76' lang='grc' dir='ltr'>δακρύων</span> <span class='ocrx_word' id='word_1_163' title='bbox 573 2026 716 2081; x_wconf 85' lang='grc' dir='ltr'>κατά</span> <span class='ocrx_word' id='word_1_164' title='bbox 742 2025 843 2088; x_wconf 82' lang='grc' dir='ltr'>τὰς</span> <span class='ocrx_word' id='word_1_165' title='bbox 882 2022 1088 2093; x_wconf 81' lang='grc' dir='ltr'>ἀγορὰς</span> <span class='ocrx_word' id='word_1_166' title='bbox 1124 2021 1220 2073; x_wconf 75' lang='grc' dir='ltr'>καὶ</span> <span class='ocrx_word' id='word_1_167' title='bbox 1251 2018 1349 2081; x_wconf 78' lang='grc' dir='ltr'>τὰς</span> <span class='ocrx_word' id='word_1_168' title='bbox 1381 2017 1559 2079; x_wconf 77' lang='grc' dir='ltr'>οἰκίας</span> <span class='ocrx_word' id='word_1_169' title='bbox 1585 2017 1680 2069; x_wconf 78' lang='grc' dir='ltr'>καὶ</span> <span class='ocrx_word' id='word_1_170' title='bbox 1706 2014 1848 2068; x_wconf 87' lang='grc' dir='ltr'>κατὰ</span> <span class='ocrx_word' id='word_1_171' title='bbox 1877 2014 1977 2077; x_wconf 75' lang='grc' dir='ltr'>τὰς</span> 
     </span>
    </p>
   </div>
   <div class='ocr_carea' id='block_1_21' title="bbox 295 2097 1978 2186">
    <p class='ocr_par' dir='ltr' id='par_1_21' title="bbox 295 2097 1978 2186">
     <span class='ocr_line' id='line_1_21' title="bbox 295 2097 1978 2186; baseline -0.011 -19"><span class='ocrx_word' id='word_1_172' title='bbox 295 2097 569 2186; x_wconf 76' lang='grc' dir='ltr'>ἐρήμους·</span> <span class='ocrx_word' id='word_1_173' title='bbox 606 2109 703 2163; x_wconf 74' lang='grc' dir='ltr'>καὶ</span> <span class='ocrx_word' id='word_1_174' title='bbox 731 2108 794 2160; x_wconf 82' lang='grc' dir='ltr'>τὸ</span> <span class='ocrx_word' id='word_1_175' title='bbox 833 2108 941 2160; x_wconf 81' lang='grc' dir='ltr'>πᾶν</span> <span class='ocrx_word' id='word_1_176' title='bbox 971 2106 1070 2175; x_wconf 85' lang='grc' dir='ltr'>τῆς</span> <span class='ocrx_word' id='word_1_177' title='bbox 1103 2103 1312 2165; x_wconf 90' lang='grc' dir='ltr'>πόλεως</span> <span class='ocrx_word' id='word_1_178' title='bbox 1344 2101 1508 2186; x_wconf 78' lang='grc' dir='ltr'>μέρος</span> <span class='ocrx_word' id='word_1_179' title='bbox 1527 2100 1650 2186; x_wconf 82' lang='grc' dir='ltr'>τῶν</span> <span class='ocrx_word' id='word_1_180' title='bbox 1681 2097 1978 2168; x_wconf 77' lang='grc' dir='ltr'>συμφορῶν</span> 
     </span>
    </p>
   </div>
   <div class='ocr_carea' id='block_1_22' title="bbox 292 2183 1980 2270">
    <p class='ocr_par' dir='ltr' id='par_1_22' title="bbox 292 2183 1980 2270">
     <span class='ocr_line' id='line_1_22' title="bbox 292 2183 1980 2270; baseline -0.012 -18"><span class='ocrx_word' id='word_1_181' title='bbox 292 2183 595 2270; x_wconf 78' lang='grc' dir='ltr'>ἐπληροῦτο</span> <span class='ocrx_word' id='word_1_182' title='bbox 629 2191 854 2246; x_wconf 87' lang='grc' dir='ltr'>τούτων.</span> <span class='ocrx_word' id='word_1_183' title='bbox 889 2188 989 2242; x_wconf 84' lang='grc' dir='ltr'>Διά</span> <span class='ocrx_word' id='word_1_184' title='bbox 1016 2188 1126 2258; x_wconf 83' lang='grc' dir='ltr'>γὰρ</span> <span class='ocrx_word' id='word_1_185' title='bbox 1156 2183 1585 2270; x_wconf 79' lang='grc' dir='ltr'>τὴνὺπερϐολὴν</span> <span class='ocrx_word' id='word_1_186' title='bbox 1610 2183 1710 2252; x_wconf 91' lang='grc' dir='ltr'>τῆς</span> <span class='ocrx_word' id='word_1_187' title='bbox 1740 2197 1980 2270; x_wconf 67' lang='grc' dir='ltr'>παρανο-</span> 
     </span>
    </p>
   </div>
   <div class='ocr_carea' id='block_1_23' title="bbox 299 2263 1980 2350">
    <p class='ocr_par' dir='ltr' id='par_1_23' title="bbox 299 2263 1980 2350">
     <span class='ocr_line' id='line_1_23' title="bbox 299 2263 1980 2350; baseline -0.01 -18"><span class='ocrx_word' id='word_1_188' title='bbox 299 2263 429 2350; x_wconf 79' lang='grc' dir='ltr'>μίας</span> <span class='ocrx_word' id='word_1_189' title='bbox 440 2263 549 2350; x_wconf 49' lang='grc' dir='ltr'>ὀὑχ</span> <span class='ocrx_word' id='word_1_190' title='bbox 571 2281 619 2332; x_wconf 89' lang='grc' dir='ltr'>οἱ</span> <span class='ocrx_word' id='word_1_191' title='bbox 653 2277 950 2346; x_wconf 86' lang='grc' dir='ltr'>πάσχοντες</span> <span class='ocrx_word' id='word_1_192' title='bbox 978 2272 1160 2343; x_wconf 92' lang='grc' dir='ltr'>μόνον,</span> <span class='ocrx_word' id='word_1_193' title='bbox 1189 2269 1326 2322; x_wconf 84' lang='grc' dir='ltr'>ἀλλά</span> <span class='ocrx_word' id='word_1_194' title='bbox 1353 2269 1446 2322; x_wconf 81' lang='grc' dir='ltr'>καὶ</span> <span class='ocrx_word' id='word_1_195' title='bbox 1465 2268 1514 2320; x_wconf 82' lang='grc' dir='ltr'>οἱ</span> <span class='ocrx_word' id='word_1_196' title='bbox 1548 2267 1714 2336; x_wconf 82' lang='grc' dir='ltr'>μηδὲν</span> <span class='ocrx_word' id='word_1_197' title='bbox 1734 2263 1980 2318; x_wconf 87' lang='grc' dir='ltr'>τοιοῦτον</span> 
     </span>
    </p>
   </div>
   <div class='ocr_carea' id='block_1_24' title="bbox 297 2348 1980 2434">
    <p class='ocr_par' dir='ltr' id='par_1_24' title="bbox 297 2348 1980 2434">
     <span class='ocr_line' id='line_1_24' title="bbox 297 2348 1980 2434; baseline -0.01 -16"><span class='ocrx_word' id='word_1_198' title='bbox 297 2348 659 2434; x_wconf 80' lang='grc' dir='ltr'>ὑπομένοντες</span> <span class='ocrx_word' id='word_1_199' title='bbox 678 2357 977 2430; x_wconf 83' lang='grc' dir='ltr'>συνήλγουν</span> <span class='ocrx_word' id='word_1_200' title='bbox 998 2357 1129 2426; x_wconf 87' lang='grc' dir='ltr'>ήμίν</span> <span class='ocrx_word' id='word_1_201' title='bbox 1143 2371 1156 2384; x_wconf 89' lang='grc'>·</span> <span class='ocrx_word' id='word_1_202' title='bbox 1183 2355 1283 2423; x_wconf 91' lang='grc' dir='ltr'>οὑχ</span> <span class='ocrx_word' id='word_1_203' title='bbox 1302 2353 1351 2405; x_wconf 90' lang='grc' dir='ltr'>οί</span> <span class='ocrx_word' id='word_1_204' title='bbox 1372 2350 1613 2422; x_wconf 80' lang='grc' dir='ltr'>ὁμόδοξοι</span> <span class='ocrx_word' id='word_1_205' title='bbox 1637 2352 1816 2421; x_wconf 83' lang='grc' dir='ltr'>μόνον,</span> <span class='ocrx_word' id='word_1_206' title='bbox 1842 2348 1980 2402; x_wconf 87' lang='grc' dir='ltr'>ἀλλά</span> 
     </span>
    </p>
   </div>
   <div class='ocr_carea' id='block_1_25' title="bbox 295 2433 1980 2519">
    <p class='ocr_par' dir='ltr' id='par_1_25' title="bbox 295 2433 1980 2519">
     <span class='ocr_line' id='line_1_25' title="bbox 295 2433 1980 2519; baseline -0.011 -17"><span class='ocrx_word' id='word_1_207' title='bbox 295 2449 388 2502; x_wconf 71' lang='grc' dir='ltr'>καὶ</span> <span class='ocrx_word' id='word_1_208' title='bbox 412 2433 468 2502; x_wconf 81' lang='grc' dir='ltr'>οἱ</span> <span class='ocrx_word' id='word_1_209' title='bbox 502 2447 767 2519; x_wconf 68' lang='grc' dir='ltr'>αἰρετικοὶ</span> <span class='ocrx_word' id='word_1_210' title='bbox 792 2444 888 2497; x_wconf 69' lang='grc' dir='ltr'>καὶ</span> <span class='ocrx_word' id='word_1_211' title='bbox 922 2441 1164 2495; x_wconf 81' lang='grc' dir='ltr'>Ἰουδαῖοι</span> <span class='ocrx_word' id='word_1_212' title='bbox 1199 2439 1292 2491; x_wconf 83' lang='grc' dir='ltr'>καὶ</span> <span class='ocrx_word' id='word_1_213' title='bbox 1325 2435 1584 2506; x_wconf 82' lang='grc' dir='ltr'>Ἕλληνες</span> <span class='ocrx_word' id='word_1_214' title='bbox 1604 2452 1618 2466; x_wconf 91' lang='grc'>·</span> <span class='ocrx_word' id='word_1_215' title='bbox 1655 2435 1750 2487; x_wconf 75' lang='grc' dir='ltr'>καὶ</span> <span class='ocrx_word' id='word_1_216' title='bbox 1777 2433 1853 2496; x_wconf 83' lang='grc' dir='ltr'>ὡς</span> <span class='ocrx_word' id='word_1_217' title='bbox 1879 2434 1980 2503; x_wconf 86' lang='grc' dir='ltr'>τῆς</span> 
     </span>
    </p>
   </div>
   <div class='ocr_carea' id='block_1_26' title="bbox 296 2517 1981 2601">
    <p class='ocr_par' dir='ltr' id='par_1_26' title="bbox 296 2517 1981 2601">
     <span class='ocr_line' id='line_1_26' title="bbox 296 2517 1981 2601; baseline -0.012 -14"><span class='ocrx_word' id='word_1_218' title='bbox 296 2533 504 2596; x_wconf 87' lang='grc' dir='ltr'>πόλεως</span> <span class='ocrx_word' id='word_1_219' title='bbox 527 2517 672 2586; x_wconf 83' lang='grc' dir='ltr'>κατά</span> <span class='ocrx_word' id='word_1_220' title='bbox 698 2529 900 2601; x_wconf 88' lang='grc' dir='ltr'>κράτος</span> <span class='ocrx_word' id='word_1_221' title='bbox 918 2525 1174 2594; x_wconf 82' lang='grc' dir='ltr'>ἀλούσης,</span> <span class='ocrx_word' id='word_1_222' title='bbox 1199 2521 1374 2584; x_wconf 80' lang='grc' dir='ltr'>οὑτως</span> <span class='ocrx_word' id='word_1_223' title='bbox 1396 2522 1453 2572; x_wconf 89' lang='grc' dir='ltr'>ἐν</span> <span class='ocrx_word' id='word_1_224' title='bbox 1471 2518 1684 2590; x_wconf 79' lang='grc' dir='ltr'>θορύϐῳ</span> <span class='ocrx_word' id='word_1_225' title='bbox 1701 2517 1795 2570; x_wconf 73' lang='grc' dir='ltr'>καὶ</span> <span class='ocrx_word' id='word_1_226' title='bbox 1815 2534 1981 2588; x_wconf 86' lang='grc' dir='ltr'>ταρα-</span> 
     </span>
    </p>
   </div>
   <div class='ocr_carea' id='block_1_27' title="bbox 294 2601 1980 2689">
    <p class='ocr_par' dir='ltr' id='par_1_27' title="bbox 294 2601 1980 2689">
     <span class='ocr_line' id='line_1_27' title="bbox 294 2601 1980 2689; baseline -0.01 -18"><span class='ocrx_word' id='word_1_227' title='bbox 294 2621 417 2689; x_wconf 77' lang='grc' dir='ltr'>χαῖς</span> <span class='ocrx_word' id='word_1_228' title='bbox 447 2617 541 2670; x_wconf 70' lang='grc' dir='ltr'>καὶ</span> <span class='ocrx_word' id='word_1_229' title='bbox 561 2615 846 2681; x_wconf 71' lang='grc' dir='ltr'>ὀλολυγαῖς</span> <span class='ocrx_word' id='word_1_230' title='bbox 871 2612 1049 2664; x_wconf 88' lang='grc' dir='ltr'>πάντα</span> <span class='ocrx_word' id='word_1_231' title='bbox 1075 2604 1164 2678; x_wconf 83' lang='grc' dir='ltr'>ἦν.</span> <span class='ocrx_word' id='word_1_232' title='bbox 1191 2607 1302 2660; x_wconf 75' lang='grc' dir='ltr'>Καὶ</span> <span class='ocrx_word' id='word_1_233' title='bbox 1325 2605 1500 2658; x_wconf 87' lang='grc' dir='ltr'>ταῦτα</span> <span class='ocrx_word' id='word_1_234' title='bbox 1530 2603 1794 2674; x_wconf 84' lang='grc' dir='ltr'>ἐτολμᾶτο</span> <span class='ocrx_word' id='word_1_235' title='bbox 1827 2601 1980 2673; x_wconf 74' lang='grc' dir='ltr'>παρά</span> 
     </span>
    </p>
   </div>
   <div class='ocr_carea' id='block_1_28' title="bbox 295 2687 1980 2771">
    <p class='ocr_par' dir='ltr' id='par_1_28' title="bbox 295 2687 1980 2771">
     <span class='ocr_line' id='line_1_28' title="bbox 295 2687 1980 2771; baseline -0.011 -16"><span class='ocrx_word' id='word_1_236' title='bbox 295 2687 521 2771; x_wconf 77' lang='grc' dir='ltr'>γνώμην</span> <span class='ocrx_word' id='word_1_237' title='bbox 557 2699 648 2752; x_wconf 90' lang='grc' dir='ltr'>τοῦ</span> <span class='ocrx_word' id='word_1_238' title='bbox 684 2695 1075 2750; x_wconf 77' lang='grc' dir='ltr'>εὐσεϐεστάτου</span> <span class='ocrx_word' id='word_1_239' title='bbox 1113 2689 1378 2761; x_wconf 87' lang='grc' dir='ltr'>βασιλέως</span> <span class='ocrx_word' id='word_1_240' title='bbox 1401 2730 1416 2753; x_wconf 92' lang='grc'>,</span> <span class='ocrx_word' id='word_1_241' title='bbox 1451 2687 1646 2751; x_wconf 82' lang='grc' dir='ltr'>νυκτὸς</span> <span class='ocrx_word' id='word_1_242' title='bbox 1693 2687 1980 2756; x_wconf 89' lang='grc' dir='ltr'>καταλαμ-</span> 
     </span>
    </p>
   </div>
   <div class='ocr_carea' id='block_1_29' title="bbox 295 2771 1978 2854">
    <p class='ocr_par' dir='ltr' id='par_1_29' title="bbox 295 2771 1978 2854">
     <span class='ocr_line' id='line_1_29' title="bbox 295 2771 1978 2854; baseline -0.01 -16"><span class='ocrx_word' id='word_1_243' title='bbox 295 2785 594 2854; x_wconf 87' lang='grc' dir='ltr'>ϐανούσης,</span> <span class='ocrx_word' id='word_1_244' title='bbox 649 2781 966 2836; x_wconf 86' lang='grc' dir='ltr'>ἐπισκόπων</span> <span class='ocrx_word' id='word_1_245' title='bbox 996 2775 1164 2830; x_wconf 67' lang='grc' dir='ltr'>ἀὑτά</span> <span class='ocrx_word' id='word_1_246' title='bbox 1213 2771 1751 2836; x_wconf 80' lang='grc' dir='ltr'>κατασκευαζόντων,</span> <span class='ocrx_word' id='word_1_247' title='bbox 1787 2771 1835 2823; x_wconf 86' lang='grc' dir='ltr'>οἳ</span> <span class='ocrx_word' id='word_1_248' title='bbox 1878 2771 1978 2822; x_wconf 84' lang='grc' dir='ltr'>οὑκ</span> 
     </span>
    </p>
   </div>
   <div class='ocr_carea' id='block_1_30' title="bbox 296 2856 1978 2941">
    <p class='ocr_par' dir='ltr' id='par_1_30' title="bbox 296 2856 1978 2941">
     <span class='ocr_line' id='line_1_30' title="bbox 296 2856 1978 2941; baseline -0.012 -16"><span class='ocrx_word' id='word_1_249' title='bbox 296 2869 591 2941; x_wconf 72' lang='grc' dir='ltr'>ᾐσχύνοντο</span> <span class='ocrx_word' id='word_1_250' title='bbox 616 2865 1096 2936; x_wconf 84' lang='grc' dir='ltr'>καμπιδούκτορας</span> <span class='ocrx_word' id='word_1_251' title='bbox 1127 2861 1247 2914; x_wconf 64' lang='grc' dir='ltr'>ἀντὶ</span> <span class='ocrx_word' id='word_1_252' title='bbox 1280 2857 1390 2910; x_wconf 85' lang='grc' dir='ltr'>τῶν</span> <span class='ocrx_word' id='word_1_253' title='bbox 1417 2856 1677 2909; x_wconf 88' lang='grc' dir='ltr'>διακόνων</span> <span class='ocrx_word' id='word_1_254' title='bbox 1703 2870 1978 2924; x_wconf 88' lang='grc' dir='ltr'>προηγου-</span> 
     </span>
    </p>
   </div>
   <div class='ocr_carea' id='block_1_31' title="bbox 299 2939 1980 3026">
    <p class='ocr_par' dir='ltr' id='par_1_31' title="bbox 299 2939 1980 3026">
     <span class='ocr_line' id='line_1_31' title="bbox 299 2939 1980 3026; baseline -0.012 -17"><span class='ocrx_word' id='word_1_255' title='bbox 299 2939 498 3026; x_wconf 71' lang='grc' dir='ltr'>μένους</span> <span class='ocrx_word' id='word_1_256' title='bbox 517 2953 748 3021; x_wconf 79' lang='grc' dir='ltr'>ἔχοντες.</span> <span class='ocrx_word' id='word_1_257' title='bbox 782 2947 1022 3020; x_wconf 81' lang='grc' dir='ltr'>Ἡμέρας</span> <span class='ocrx_word' id='word_1_258' title='bbox 1043 2947 1100 2998; x_wconf 90' lang='grc' dir='ltr'>δέ</span> <span class='ocrx_word' id='word_1_259' title='bbox 1122 2942 1442 3013; x_wconf 78' lang='grc' dir='ltr'>γενομένης,</span> <span class='ocrx_word' id='word_1_260' title='bbox 1469 2942 1618 2992; x_wconf 83' lang='grc' dir='ltr'>πᾶσα</span> <span class='ocrx_word' id='word_1_261' title='bbox 1643 2941 1676 3010; x_wconf 88' lang='grc' dir='ltr'>ή</span> <span class='ocrx_word' id='word_1_262' title='bbox 1700 2939 1853 3000; x_wconf 87' lang='grc' dir='ltr'>πόλις</span> <span class='ocrx_word' id='word_1_263' title='bbox 1876 2939 1980 3001; x_wconf 82' lang='grc' dir='ltr'>ἔξω</span> 
     </span>
    </p>
   </div>
   <div class='ocr_carea' id='block_1_32' title="bbox 296 3020 1979 3108">
    <p class='ocr_par' dir='ltr' id='par_1_32' title="bbox 296 3020 1979 3108">
     <span class='ocr_line' id='line_1_32' title="bbox 296 3020 1979 3108; baseline -0.011 -16"><span class='ocrx_word' id='word_1_264' title='bbox 296 3037 521 3108; x_wconf 82' lang='grc' dir='ltr'>τειχέων</span> <span class='ocrx_word' id='word_1_265' title='bbox 570 3020 917 3106; x_wconf 80' lang='grc' dir='ltr'>μετῳκίζετο,</span> <span class='ocrx_word' id='word_1_266' title='bbox 959 3031 1064 3084; x_wconf 84' lang='grc' dir='ltr'>ὑπὸ</span> <span class='ocrx_word' id='word_1_267' title='bbox 1112 3027 1305 3098; x_wconf 85' lang='grc' dir='ltr'>δένδρα</span> <span class='ocrx_word' id='word_1_268' title='bbox 1345 3026 1439 3078; x_wconf 76' lang='grc' dir='ltr'>καὶ</span> <span class='ocrx_word' id='word_1_269' title='bbox 1478 3025 1687 3086; x_wconf 84' lang='grc' dir='ltr'>νάπας,</span> <span class='ocrx_word' id='word_1_270' title='bbox 1726 3020 1979 3093; x_wconf 86' lang='grc' dir='ltr'>καθάπερ</span> 
     </span>
    </p>
   </div>
   <div class='ocr_carea' id='block_1_33' title="bbox 299 3108 1980 3194">
    <p class='ocr_par' dir='ltr' id='par_1_33' title="bbox 299 3108 1980 3194">
     <span class='ocr_line' id='line_1_33' title="bbox 299 3108 1980 3194; baseline -0.011 -18"><span class='ocrx_word' id='word_1_271' title='bbox 299 3122 547 3194; x_wconf 85' lang='grc' dir='ltr'>πρόϐατα</span> <span class='ocrx_word' id='word_1_272' title='bbox 558 3119 938 3191; x_wconf 86' lang='grc' dir='ltr'>διεσπαρμένα</span> <span class='ocrx_word' id='word_1_273' title='bbox 985 3115 1084 3184; x_wconf 77' lang='grc' dir='ltr'>τὴν</span> <span class='ocrx_word' id='word_1_274' title='bbox 1101 3113 1295 3183; x_wconf 79' lang='grc' dir='ltr'>ἑορτὴν</span> <span class='ocrx_word' id='word_1_275' title='bbox 1313 3108 1705 3170; x_wconf 88' lang='grc' dir='ltr'>ἐπιτελοῦντες.</span> <span class='ocrx_word' id='word_1_276' title='bbox 1729 3108 1855 3172; x_wconf 81' lang='grc' dir='ltr'>Ἔξε</span> <span class='ocrx_word' id='word_1_277' title='bbox 1865 3125 1980 3159; x_wconf 87' lang='grc' dir='ltr'>στιν</span> 
     </span>
    </p>
   </div>
   <div class='ocr_carea' id='block_1_34' title="bbox 299 3192 1981 3276">
    <p class='ocr_par' dir='ltr' id='par_1_34' title="bbox 299 3192 1981 3276">
     <span class='ocr_line' id='line_1_34' title="bbox 299 3192 1981 3276; baseline -0.01 -17"><span class='ocrx_word' id='word_1_278' title='bbox 299 3192 430 3276; x_wconf 77' lang='grc' dir='ltr'>ὑμῖν</span> <span class='ocrx_word' id='word_1_279' title='bbox 460 3204 529 3257; x_wconf 86' lang='grc' dir='ltr'>τά</span> <span class='ocrx_word' id='word_1_280' title='bbox 557 3201 805 3256; x_wconf 85' lang='grc' dir='ltr'>ἐντεῦθεν</span> <span class='ocrx_word' id='word_1_281' title='bbox 842 3197 1162 3266; x_wconf 80' lang='grc' dir='ltr'>λογίσασθαι</span> <span class='ocrx_word' id='word_1_282' title='bbox 1193 3193 1377 3248; x_wconf 73' lang='grc' dir='ltr'>λοιπὸν</span> <span class='ocrx_word' id='word_1_283' title='bbox 1414 3193 1658 3246; x_wconf 77' lang='grc' dir='ltr'>ἅπαντα·</span> <span class='ocrx_word' id='word_1_284' title='bbox 1688 3194 1824 3266; x_wconf 81' lang='grc' dir='ltr'>ὅπερ</span> <span class='ocrx_word' id='word_1_285' title='bbox 1873 3192 1981 3261; x_wconf 74' lang='grc' dir='ltr'>γάρ</span> 
     </span>
    </p>
   </div>
   <div class='ocr_carea' id='block_1_35' title="bbox 299 3275 1982 3361">
    <p class='ocr_par' dir='ltr' id='par_1_35' title="bbox 299 3275 1982 3361">
     <span class='ocr_line' id='line_1_35' title="bbox 299 3275 1982 3361; baseline -0.011 -17"><span class='ocrx_word' id='word_1_286' title='bbox 299 3275 469 3361; x_wconf 66' lang='grc' dir='ltr'>ἔφθην</span> <span class='ocrx_word' id='word_1_287' title='bbox 501 3287 694 3352; x_wconf 88' lang='grc' dir='ltr'>εἰπὼν,</span> <span class='ocrx_word' id='word_1_288' title='bbox 738 3286 838 3355; x_wconf 85' lang='grc' dir='ltr'>οὑχ</span> <span class='ocrx_word' id='word_1_289' title='bbox 869 3279 980 3336; x_wconf 79' lang='grc' dir='ltr'>οἷόν</span> <span class='ocrx_word' id='word_1_290' title='bbox 1019 3298 1079 3334; x_wconf 90' lang='grc' dir='ltr'>τε</span> <span class='ocrx_word' id='word_1_291' title='bbox 1116 3281 1293 3333; x_wconf 85' lang='grc' dir='ltr'>πάντα</span> <span class='ocrx_word' id='word_1_292' title='bbox 1329 3277 1575 3331; x_wconf 85' lang='grc' dir='ltr'>ἐπελθεῖν</span> <span class='ocrx_word' id='word_1_293' title='bbox 1614 3275 1690 3346; x_wconf 84' lang='grc' dir='ltr'>τῷ</span> <span class='ocrx_word' id='word_1_294' title='bbox 1723 3275 1866 3345; x_wconf 87' lang='grc' dir='ltr'>λόγῳ</span> <span class='ocrx_word' id='word_1_295' title='bbox 1914 3275 1982 3326; x_wconf 79' lang='grc' dir='ltr'>τά</span> 
     </span>
    </p>
   </div>
   <div class='ocr_carea' id='block_1_36' title="bbox 301 3358 1983 3439">
    <p class='ocr_par' dir='ltr' id='par_1_36' title="bbox 301 3358 1983 3439">
     <span class='ocr_line' id='line_1_36' title="bbox 301 3358 1983 3439; baseline -0.012 -10"><span class='ocrx_word' id='word_1_296' title='bbox 301 3358 436 3429; x_wconf 60' lang='grc' dir='ltr'>κάθί</span> <span class='ocrx_word' id='word_1_297' title='bbox 454 3375 685 3428; x_wconf 77' lang='grc' dir='ltr'>ἕκαστον</span> <span class='ocrx_word' id='word_1_298' title='bbox 716 3370 1002 3439; x_wconf 88' lang='grc' dir='ltr'>γενόμενα.</span> <span class='ocrx_word' id='word_1_299' title='bbox 1032 3365 1141 3419; x_wconf 72' lang='grc' dir='ltr'>Καὶ</span> <span class='ocrx_word' id='word_1_300' title='bbox 1168 3364 1231 3417; x_wconf 82' lang='grc' dir='ltr'>τὸ</span> <span class='ocrx_word' id='word_1_301' title='bbox 1258 3363 1322 3433; x_wconf 81' lang='grc' dir='ltr'>δή</span> <span class='ocrx_word' id='word_1_302' title='bbox 1350 3361 1603 3432; x_wconf 79' lang='grc' dir='ltr'>χαλεπὸν,</span> <span class='ocrx_word' id='word_1_303' title='bbox 1634 3361 1716 3413; x_wconf 83' lang='grc' dir='ltr'>ὅτι</span> <span class='ocrx_word' id='word_1_304' title='bbox 1741 3358 1983 3411; x_wconf 81' lang='grc' dir='ltr'>τοσαῦτα</span> 
     </span>
    </p>
   </div>
   <div class='ocr_carea' id='block_1_37' title="bbox 302 3441 1980 3521">
    <p class='ocr_par' dir='ltr' id='par_1_37' title="bbox 302 3441 1980 3521">
     <span class='ocr_line' id='line_1_37' title="bbox 302 3441 1980 3521; baseline -0.012 -7"><span class='ocrx_word' id='word_1_305' title='bbox 302 3461 396 3514; x_wconf 72' lang='grc' dir='ltr'>καί⁸</span> <span class='ocrx_word' id='word_1_306' title='bbox 435 3455 738 3521; x_wconf 87' lang='grc' dir='ltr'>τηλικαῦτα</span> <span class='ocrx_word' id='word_1_307' title='bbox 764 3452 908 3507; x_wconf 86' lang='grc' dir='ltr'>κακά</span> <span class='ocrx_word' id='word_1_308' title='bbox 939 3449 1150 3502; x_wconf 85' lang='grc' dir='ltr'>οὑδέπω</span> <span class='ocrx_word' id='word_1_309' title='bbox 1181 3450 1273 3500; x_wconf 75' lang='grc' dir='ltr'>καὶ</span> <span class='ocrx_word' id='word_1_310' title='bbox 1306 3447 1401 3500; x_wconf 84' lang='grc' dir='ltr'>νῦν</span> <span class='ocrx_word' id='word_1_311' title='bbox 1436 3446 1590 3497; x_wconf 80' lang='grc' dir='ltr'>λύσιν</span> <span class='ocrx_word' id='word_1_312' title='bbox 1624 3443 1834 3507; x_wconf 77' lang='grc' dir='ltr'>ἔλαϐεν,</span> <span class='ocrx_word' id='word_1_313' title='bbox 1867 3441 1980 3495; x_wconf 85' lang='grc' dir='ltr'>ἀλλ’</span> 
     </span>
    </p>
   </div>
   <div class='ocr_carea' id='block_1_38' title="bbox 301 3527 1984 3598">
    <p class='ocr_par' dir='ltr' id='par_1_38' title="bbox 301 3527 1984 3598">
     <span class='ocr_line' id='line_1_38' title="bbox 301 3527 1984 3598; baseline -0.011 -3"><span class='ocrx_word' id='word_1_314' title='bbox 301 3543 421 3595; x_wconf 83' lang='grc' dir='ltr'>ούδέ</span> <span class='ocrx_word' id='word_1_315' title='bbox 440 3540 631 3592; x_wconf 82' lang='grc' dir='ltr'>ἐλπίδα</span> <span class='ocrx_word' id='word_1_316' title='bbox 649 3537 876 3598; x_wconf 89' lang='grc' dir='ltr'>λύσεως,</span> <span class='ocrx_word' id='word_1_317' title='bbox 898 3533 1012 3588; x_wconf 83' lang='grc' dir='ltr'>ἀλλ’</span> <span class='ocrx_word' id='word_1_318' title='bbox 1032 3531 1360 3584; x_wconf 85' lang='grc' dir='ltr'>ἐπιτείνεται</span> <span class='ocrx_word' id='word_1_319' title='bbox 1378 3528 1499 3582; x_wconf 81' lang='grc' dir='ltr'>καθ’</span> <span class='ocrx_word' id='word_1_320' title='bbox 1515 3527 1752 3598; x_wconf 85' lang='grc' dir='ltr'>ἑκάστην</span> <span class='ocrx_word' id='word_1_321' title='bbox 1768 3527 1876 3596; x_wconf 84' lang='grc' dir='ltr'>ήμέ</span> <span class='ocrx_word' id='word_1_322' title='bbox 1885 3542 1984 3597; x_wconf 87' lang='grc' dir='ltr'>ραν</span> 
     </span>
    </p>
   </div>
   <div class='ocr_carea' id='block_1_39' title="bbox 299 3610 1985 3689">
    <p class='ocr_par' dir='ltr' id='par_1_39' title="bbox 299 3610 1985 3689">
     <span class='ocr_line' id='line_1_39' title="bbox 299 3610 1985 3689; baseline -0.011 -10"><span class='ocrx_word' id='word_1_323' title='bbox 299 3628 360 3680; x_wconf 86' lang='grc' dir='ltr'>τὸ</span> <span class='ocrx_word' id='word_1_324' title='bbox 383 3627 574 3680; x_wconf 72' lang='grc' dir='ltr'>δεινὸν.</span> <span class='ocrx_word' id='word_1_325' title='bbox 605 3624 700 3676; x_wconf 74' lang='grc' dir='ltr'>καὶ</span> <span class='ocrx_word' id='word_1_326' title='bbox 726 3621 900 3689; x_wconf 84' lang='grc' dir='ltr'>γέλως</span> <span class='ocrx_word' id='word_1_327' title='bbox 927 3618 1234 3686; x_wconf 81' lang='grc' dir='ltr'>γεγόναμεν</span> <span class='ocrx_word' id='word_1_328' title='bbox 1262 3613 1497 3674; x_wconf 84' lang='grc' dir='ltr'>πολλοῖς·</span> <span class='ocrx_word' id='word_1_329' title='bbox 1536 3611 1734 3682; x_wconf 82' lang='grc' dir='ltr'>μᾶλλον</span> <span class='ocrx_word' id='word_1_330' title='bbox 1766 3611 1822 3663; x_wconf 82' lang='grc' dir='ltr'>δὲ</span> <span class='ocrx_word' id='word_1_331' title='bbox 1849 3610 1985 3682; x_wconf 81' lang='grc' dir='ltr'>γελᾷ</span> 
     </span>
    </p>
   </div>
   <div class='ocr_carea' id='block_1_40' title="bbox 305 3693 1984 3782">
    <p class='ocr_par' dir='ltr' id='par_1_40' title="bbox 305 3693 1984 3782">
     <span class='ocr_line' id='line_1_40' title="bbox 305 3693 1984 3782; baseline -0.013 -18"><span class='ocrx_word' id='word_1_332' title='bbox 305 3712 404 3782; x_wconf 75' lang='grc' dir='ltr'>μὲν</span> <span class='ocrx_word' id='word_1_333' title='bbox 429 3709 624 3771; x_wconf 70' lang='grc' dir='ltr'>οὐδεὶς,</span> <span class='ocrx_word' id='word_1_334' title='bbox 649 3707 754 3760; x_wconf 72' lang='grc' dir='ltr'>κᾶν</span> <span class='ocrx_word' id='word_1_335' title='bbox 783 3703 1042 3775; x_wconf 85' lang='grc' dir='ltr'>μυριάκις</span> <span class='ocrx_word' id='word_1_336' title='bbox 1073 3697 1462 3771; x_wconf 81' lang='grc' dir='ltr'>παρανομήσῃ,</span> <span class='ocrx_word' id='word_1_337' title='bbox 1489 3693 1746 3766; x_wconf 76' lang='grc' dir='ltr'>θρηνοῦσι</span> <span class='ocrx_word' id='word_1_338' title='bbox 1769 3693 1826 3746; x_wconf 87' lang='grc' dir='ltr'>δέ</span> <span class='ocrx_word' id='word_1_339' title='bbox 1849 3693 1984 3745; x_wconf 68' lang='grc' dir='ltr'>πάνυ</span> 
     </span>
    </p>
   </div>
   <div class='ocr_carea' id='block_1_41' title="bbox 299 3776 1982 3861">
    <p class='ocr_par' dir='ltr' id='par_1_41' title="bbox 299 3776 1982 3861">
     <span class='ocr_line' id='line_1_41' title="bbox 299 3776 1982 3861; baseline -0.013 -12"><span class='ocrx_word' id='word_1_340' title='bbox 299 3812 423 3858; x_wconf 85' lang='grc' dir='ltr'>τες,</span> <span class='ocrx_word' id='word_1_341' title='bbox 460 3795 597 3861; x_wconf 81' lang='grc' dir='ltr'>ὅπερ</span> <span class='ocrx_word' id='word_1_342' title='bbox 631 3791 798 3859; x_wconf 76' lang='grc' dir='ltr'>ἔφην,</span> <span class='ocrx_word' id='word_1_343' title='bbox 832 3787 925 3840; x_wconf 81' lang='grc' dir='ltr'>τὸν</span> <span class='ocrx_word' id='word_1_344' title='bbox 955 3783 1234 3852; x_wconf 79' lang='grc' dir='ltr'>κολοφῶνα</span> <span class='ocrx_word' id='word_1_345' title='bbox 1264 3782 1371 3833; x_wconf 87' lang='grc' dir='ltr'>τῶν</span> <span class='ocrx_word' id='word_1_346' title='bbox 1404 3779 1609 3841; x_wconf 84' lang='grc' dir='ltr'>κακῶν,</span> <span class='ocrx_word' id='word_1_347' title='bbox 1651 3777 1748 3847; x_wconf 82' lang='grc' dir='ltr'>τὴν</span> <span class='ocrx_word' id='word_1_348' title='bbox 1791 3776 1982 3846; x_wconf 83' lang='grc' dir='ltr'>καινήν</span> 
     </span>
    </p>
   </div>
   <div class='ocr_carea' id='block_1_42' title="bbox 302 3861 1987 3950">
    <p class='ocr_par' dir='ltr' id='par_1_42' title="bbox 302 3861 1987 3950">
     <span class='ocr_line' id='line_1_42' title="bbox 302 3861 1987 3950; baseline -0.014 -16"><span class='ocrx_word' id='word_1_349' title='bbox 302 3879 505 3950; x_wconf 86' lang='grc' dir='ltr'>ταύτην</span> <span class='ocrx_word' id='word_1_350' title='bbox 529 3872 898 3946; x_wconf 89' lang='grc' dir='ltr'>παρανομίαν.</span> <span class='ocrx_word' id='word_1_351' title='bbox 916 3869 1009 3932; x_wconf 91' lang='grc' dir='ltr'>Τίς</span> <span class='ocrx_word' id='word_1_352' title='bbox 1035 3867 1099 3922; x_wconf 85' lang='grc' dir='ltr'>ἂν</span> <span class='ocrx_word' id='word_1_353' title='bbox 1121 3867 1262 3918; x_wconf 86' lang='grc' dir='ltr'>είποι</span> <span class='ocrx_word' id='word_1_354' title='bbox 1284 3865 1382 3925; x_wconf 81' lang='grc' dir='ltr'>τάς</span> <span class='ocrx_word' id='word_1_355' title='bbox 1403 3863 1510 3917; x_wconf 89' lang='grc' dir='ltr'>τῶν</span> <span class='ocrx_word' id='word_1_356' title='bbox 1531 3861 1733 3914; x_wconf 87' lang='grc' dir='ltr'>λοιπῶν</span> <span class='ocrx_word' id='word_1_357' title='bbox 1763 3861 1987 3930; x_wconf 86' lang='grc' dir='ltr'>Ἐκκλη-</span> 
     </span>
    </p>
   </div>
   <div class='ocr_carea' id='block_1_43' title="bbox 304 3945 1986 4032">
    <p class='ocr_par' dir='ltr' id='par_1_43' title="bbox 304 3945 1986 4032">
     <span class='ocr_line' id='line_1_43' title="bbox 304 3945 1986 4032; baseline -0.012 -14"><span class='ocrx_word' id='word_1_358' title='bbox 304 3963 436 4017; x_wconf 84' lang='grc' dir='ltr'>σιῶν</span> <span class='ocrx_word' id='word_1_359' title='bbox 460 3945 734 4032; x_wconf 53' lang='grc' dir='ltr'>ταραχάς</span> <span class='ocrx_word' id='word_1_360' title='bbox 763 3955 897 4010; x_wconf 84' lang='grc' dir='ltr'>Οὑδέ</span> <span class='ocrx_word' id='word_1_361' title='bbox 918 3953 1026 4022; x_wconf 84' lang='grc' dir='ltr'>γάρ</span> <span class='ocrx_word' id='word_1_362' title='bbox 1052 3949 1285 4003; x_wconf 87' lang='grc' dir='ltr'>ἐνταῦθα</span> <span class='ocrx_word' id='word_1_363' title='bbox 1313 3947 1443 4032; x_wconf 79' lang='grc' dir='ltr'>έστη</span> <span class='ocrx_word' id='word_1_364' title='bbox 1475 3945 1535 4000; x_wconf 81' lang='grc' dir='ltr'>τὸ</span> <span class='ocrx_word' id='word_1_365' title='bbox 1561 3945 1818 4016; x_wconf 75' lang='grc' dir='ltr'>χαλεπὸν,</span> <span class='ocrx_word' id='word_1_366' title='bbox 1848 3945 1986 3998; x_wconf 83' lang='grc' dir='ltr'>ἀλλὰ</span> 
     </span>
    </p>
   </div>
   <div class='ocr_carea' id='block_1_44' title="bbox 307 4029 1986 4119">
    <p class='ocr_par' dir='ltr' id='par_1_44' title="bbox 307 4029 1986 4119">
     <span class='ocr_line' id='line_1_44' title="bbox 307 4029 1986 4119; baseline -0.013 -18"><span class='ocrx_word' id='word_1_367' title='bbox 307 4047 474 4119; x_wconf 85' lang='grc' dir='ltr'>μέχρι</span> <span class='ocrx_word' id='word_1_368' title='bbox 499 4029 765 4114; x_wconf 16' lang='grc' dir='ltr'>τῆςνέᾡας</span> <span class='ocrx_word' id='word_1_369' title='bbox 793 4039 1047 4119; x_wconf 78' lang='grc' dir='ltr'>ἔφθασεν·</span> <span class='ocrx_word' id='word_1_370' title='bbox 1079 4034 1172 4088; x_wconf 71' lang='grc' dir='ltr'>καὶ</span> <span class='ocrx_word' id='word_1_371' title='bbox 1196 4031 1449 4119; x_wconf 73' lang='grc' dir='ltr'>καθάπερ</span> <span class='ocrx_word' id='word_1_372' title='bbox 1478 4031 1587 4119; x_wconf 77' lang='grc' dir='ltr'>ἀπὸ</span> <span class='ocrx_word' id='word_1_373' title='bbox 1611 4031 1710 4119; x_wconf 74' lang='grc' dir='ltr'>τῆς</span> <span class='ocrx_word' id='word_1_374' title='bbox 1741 4029 1986 4099; x_wconf 77' lang='grc' dir='ltr'>κεφαλῆς</span> 
     </span>
    </p>
   </div>
   <div class='ocr_carea' id='block_1_45' title="bbox 305 4112 1985 4202">
    <p class='ocr_par' dir='ltr' id='par_1_45' title="bbox 305 4112 1985 4202">
     <span class='ocr_line' id='line_1_45' title="bbox 305 4112 1985 4202; baseline -0.014 -17"><span class='ocrx_word' id='word_1_375' title='bbox 305 4112 852 4202; x_wconf 12' lang='grc' dir='ltr'>πον-ηροῦήρεύματος</span> <span class='ocrx_word' id='word_1_376' title='bbox 889 4118 1241 4190; x_wconf 85' lang='grc' dir='ltr'>ἐκχυθέντος,</span> <span class='ocrx_word' id='word_1_377' title='bbox 1292 4115 1360 4168; x_wconf 88' lang='grc' dir='ltr'>τά</span> <span class='ocrx_word' id='word_1_378' title='bbox 1405 4113 1568 4167; x_wconf 86' lang='grc' dir='ltr'>λοιπά</span> <span class='ocrx_word' id='word_1_379' title='bbox 1611 4112 1985 4182; x_wconf 68' lang='grc' dir='ltr'>διαφθείρεται</span> 
     </span>
    </p>
   </div>
   <div class='ocr_carea' id='block_1_46' title="bbox 309 4195 1984 4285">
    <p class='ocr_par' dir='ltr' id='par_1_46' title="bbox 309 4195 1984 4285">
     <span class='ocr_line' id='line_1_46' title="bbox 309 4195 1984 4285; baseline -0.016 -18"><span class='ocrx_word' id='word_1_380' title='bbox 309 4195 468 4285; x_wconf 71' lang='grc' dir='ltr'>μέλη,</span> <span class='ocrx_word' id='word_1_381' title='bbox 497 4195 639 4265; x_wconf 79' lang='grc' dir='ltr'>οὑτω</span> <span class='ocrx_word' id='word_1_382' title='bbox 666 4195 730 4277; x_wconf 85' lang='grc' dir='ltr'>δὴ</span> <span class='ocrx_word' id='word_1_383' title='bbox 755 4207 849 4260; x_wconf 61' lang='grc' dir='ltr'>καλ⁸</span> <span class='ocrx_word' id='word_1_384' title='bbox 870 4203 966 4258; x_wconf 91' lang='grc' dir='ltr'>νῦν</span> <span class='ocrx_word' id='word_1_385' title='bbox 991 4202 1180 4285; x_wconf 85' lang='grc' dir='ltr'>ὥσπερ</span> <span class='ocrx_word' id='word_1_386' title='bbox 1206 4202 1269 4253; x_wconf 87' lang='grc' dir='ltr'>ἐκ</span> <span class='ocrx_word' id='word_1_387' title='bbox 1303 4197 1486 4285; x_wconf 78' lang='grc' dir='ltr'>πηγῆς</span> <span class='ocrx_word' id='word_1_388' title='bbox 1509 4213 1652 4260; x_wconf 90' lang='grc' dir='ltr'>τινος</span> <span class='ocrx_word' id='word_1_389' title='bbox 1666 4195 1780 4285; x_wconf 28' lang='grc' dir='ltr'>Ατῆς</span> <span class='ocrx_word' id='word_1_390' title='bbox 1811 4197 1984 4266; x_wconf 82' lang='grc' dir='ltr'>μεγά-</span> 
     </span>
    </p>
   </div>
   <div class='ocr_carea' id='block_1_47' title="bbox 306 4279 1986 4371">
    <p class='ocr_par' dir='ltr' id='par_1_47' title="bbox 306 4279 1986 4371">
     <span class='ocr_line' id='line_1_47' title="bbox 306 4279 1986 4371; baseline -0.014 -17"><span class='ocrx_word' id='word_1_391' title='bbox 306 4279 402 4371; x_wconf 79' lang='grc' dir='ltr'>λης</span> <span class='ocrx_word' id='word_1_392' title='bbox 430 4279 635 4366; x_wconf 77' lang='grc' dir='ltr'>ταύτης</span> <span class='ocrx_word' id='word_1_393' title='bbox 659 4293 870 4353; x_wconf 88' lang='grc' dir='ltr'>πόλεως</span> <span class='ocrx_word' id='word_1_394' title='bbox 895 4288 1004 4342; x_wconf 82' lang='grc' dir='ltr'>τῶν</span> <span class='ocrx_word' id='word_1_395' title='bbox 1035 4284 1221 4340; x_wconf 89' lang='grc' dir='ltr'>κακῶν</span> <span class='ocrx_word' id='word_1_396' title='bbox 1251 4281 1596 4354; x_wconf 80' lang='grc' dir='ltr'>ἀρξαμένων,</span> <span class='ocrx_word' id='word_1_397' title='bbox 1631 4279 1736 4350; x_wconf 84' lang='grc' dir='ltr'>ὁδῷ</span> <span class='ocrx_word' id='word_1_398' title='bbox 1765 4280 1833 4332; x_wconf 75' lang='grc' dir='ltr'>τὰ</span> <span class='ocrx_word' id='word_1_399' title='bbox 1878 4280 1986 4332; x_wconf 87' lang='grc' dir='ltr'>τῶν</span> 
     </span>
    </p>
   </div>
   <div class='ocr_carea' id='block_1_48' title="bbox 306 4363 1988 4454">
    <p class='ocr_par' dir='ltr' id='par_1_48' title="bbox 306 4363 1988 4454">
     <span class='ocr_line' id='line_1_48' title="bbox 306 4363 1988 4454; baseline -0.013 -16"><span class='ocrx_word' id='word_1_400' title='bbox 306 4363 552 4454; x_wconf 74' lang='grc' dir='ltr'>θορύϐων</span> <span class='ocrx_word' id='word_1_401' title='bbox 582 4363 858 4446; x_wconf 80' lang='grc' dir='ltr'>πανταχοῦ</span> <span class='ocrx_word' id='word_1_402' title='bbox 876 4371 1104 4445; x_wconf 90' lang='grc' dir='ltr'>προέϐη·</span> <span class='ocrx_word' id='word_1_403' title='bbox 1127 4369 1222 4422; x_wconf 71' lang='grc' dir='ltr'>καὶ</span> <span class='ocrx_word' id='word_1_404' title='bbox 1247 4367 1495 4454; x_wconf 77' lang='grc' dir='ltr'>κληρικοὶ</span> <span class='ocrx_word' id='word_1_405' title='bbox 1521 4363 1796 4434; x_wconf 83' lang='grc' dir='ltr'>πανταχοῦ</span> <span class='ocrx_word' id='word_1_406' title='bbox 1821 4366 1988 4418; x_wconf 88' lang='grc' dir='ltr'>ἐπαν-</span> 
     </span>
    </p>
   </div>
   <div class='ocr_carea' id='block_1_49' title="bbox 307 4449 1986 4536">
    <p class='ocr_par' dir='ltr' id='par_1_49' title="bbox 307 4449 1986 4536">
     <span class='ocr_line' id='line_1_49' title="bbox 307 4449 1986 4536; baseline -0.015 -14"><span class='ocrx_word' id='word_1_407' title='bbox 307 4449 545 4536; x_wconf 78' lang='grc' dir='ltr'>έστησαν</span> <span class='ocrx_word' id='word_1_408' title='bbox 568 4461 908 4520; x_wconf 80' lang='grc' dir='ltr'>ἐπισκόποις,</span> <span class='ocrx_word' id='word_1_409' title='bbox 939 4458 1031 4510; x_wconf 72' lang='grc' dir='ltr'>καὶ</span> <span class='ocrx_word' id='word_1_410' title='bbox 1053 4455 1193 4516; x_wconf 73' lang='grc' dir='ltr'>λαοὶ,</span> <span class='ocrx_word' id='word_1_411' title='bbox 1223 4456 1271 4506; x_wconf 84' lang='grc' dir='ltr'>οἰ</span> <span class='ocrx_word' id='word_1_412' title='bbox 1301 4453 1398 4522; x_wconf 89' lang='grc' dir='ltr'>μέν</span> <span class='ocrx_word' id='word_1_413' title='bbox 1425 4451 1816 4536; x_wconf 87' lang='grc' dir='ltr'>διετμήθησαν,</span> <span class='ocrx_word' id='word_1_414' title='bbox 1853 4451 1902 4502; x_wconf 81' lang='grc' dir='ltr'>οξ</span> <span class='ocrx_word' id='word_1_415' title='bbox 1929 4449 1986 4503; x_wconf 80' lang='grc' dir='ltr'>δὲ</span> 
     </span>
    </p>
   </div>
   <div class='ocr_carea' id='block_1_50' title="bbox 311 4535 1986 4626">
    <p class='ocr_par' dir='ltr' id='par_1_50' title="bbox 311 4535 1986 4626">
     <span class='ocr_line' id='line_1_50' title="bbox 311 4535 1986 4626; baseline -0.01 -23"><span class='ocrx_word' id='word_1_416' title='bbox 311 4535 582 4621; x_wconf 84' lang='grc' dir='ltr'>μέλλουσι,</span> <span class='ocrx_word' id='word_1_417' title='bbox 606 4547 701 4599; x_wconf 70' lang='grc' dir='ltr'>καὶ</span> <span class='ocrx_word' id='word_1_418' title='bbox 717 4539 994 4610; x_wconf 83' lang='grc' dir='ltr'>πανταχοῦ</span> <span class='ocrx_word' id='word_1_419' title='bbox 1017 4537 1206 4608; x_wconf 63' lang='grc' dir='ltr'>κακῶν</span> <span class='ocrx_word' id='word_1_420' title='bbox 1222 4537 1409 4626; x_wconf 48' lang='lat' dir='ltr'>(Maps;</span> <span class='ocrx_word' id='word_1_421' title='bbox 1432 4537 1526 4588; x_wconf 70' lang='grc' dir='ltr'>καὶ</span> <span class='ocrx_word' id='word_1_422' title='bbox 1544 4535 1645 4605; x_wconf 87' lang='grc' dir='ltr'>τῆς</span> <span class='ocrx_word' id='word_1_423' title='bbox 1663 4535 1986 4604; x_wconf 88' lang='grc' dir='ltr'>οἰκουμένης</span> 
     </span>
    </p>
   </div>
   <div class='ocr_carea' id='block_1_51' title="bbox 309 4617 1986 4704">
    <p class='ocr_par' dir='ltr' id='par_1_51' title="bbox 309 4617 1986 4704">
     <span class='ocr_line' id='line_1_51' title="bbox 309 4617 1986 4704; baseline -0.012 -15"><span class='ocrx_word' id='word_1_424' title='bbox 309 4617 488 4704; x_wconf 75' lang='grc' dir='ltr'>πάσης</span> <span class='ocrx_word' id='word_1_425' title='bbox 532 4629 832 4701; x_wconf 87' lang='grc' dir='ltr'>ἀνατροπή.</span> <span class='ocrx_word' id='word_1_426' title='bbox 871 4624 1150 4686; x_wconf 87' lang='grc' dir='ltr'>Μαθόντες</span> <span class='ocrx_word' id='word_1_427' title='bbox 1186 4617 1366 4674; x_wconf 72' lang='grc' dir='ltr'>τοίνυν</span> <span class='ocrx_word' id='word_1_428' title='bbox 1393 4621 1638 4679; x_wconf 75' lang='grc' dir='ltr'>ἅπαντα,</span> <span class='ocrx_word' id='word_1_429' title='bbox 1682 4617 1862 4688; x_wconf 88' lang='grc' dir='ltr'>κύριοι</span> <span class='ocrx_word' id='word_1_430' title='bbox 1899 4635 1986 4670; x_wconf 71' lang='grc' dir='ltr'>τι·</span> 
     </span>
    </p>
   </div>
   <div class='ocr_carea' id='block_1_52' title="bbox 312 4707 1986 4794">
    <p class='ocr_par' dir='ltr' id='par_1_52' title="bbox 312 4707 1986 4794">
     <span class='ocr_line' id='line_1_52' title="bbox 312 4707 1986 4794; baseline -0.012 -17"><span class='ocrx_word' id='word_1_431' title='bbox 312 4723 571 4794; x_wconf 86' lang='grc' dir='ltr'>μιώτατοι</span> <span class='ocrx_word' id='word_1_432' title='bbox 607 4720 701 4772; x_wconf 70' lang='grc' dir='ltr'>καὶ</span> <span class='ocrx_word' id='word_1_433' title='bbox 731 4714 1136 4775; x_wconf 84' lang='grc' dir='ltr'>εύλαϐέστατοι,</span> <span class='ocrx_word' id='word_1_434' title='bbox 1177 4707 1276 4782; x_wconf 85' lang='grc' dir='ltr'>τὴν</span> <span class='ocrx_word' id='word_1_435' title='bbox 1307 4710 1691 4780; x_wconf 83' lang='grc' dir='ltr'>προσήκουσαν</span> <span class='ocrx_word' id='word_1_436' title='bbox 1717 4707 1848 4777; x_wconf 87' lang='grc' dir='ltr'>ὑμῖν</span> <span class='ocrx_word' id='word_1_437' title='bbox 1889 4708 1986 4759; x_wconf 89' lang='grc' dir='ltr'>ἀν-</span> 
     </span>
    </p>
   </div>
   <div class='ocr_carea' id='block_1_53' title="bbox 307 4795 1986 4886">
    <p class='ocr_par' dir='ltr' id='par_1_53' title="bbox 307 4795 1986 4886">
     <span class='ocr_line' id='line_1_53' title="bbox 307 4795 1986 4886; baseline -0.012 -19"><span class='ocrx_word' id='word_1_438' title='bbox 307 4813 489 4886; x_wconf 86' lang='grc' dir='ltr'>δρείαν</span> <span class='ocrx_word' id='word_1_439' title='bbox 516 4810 608 4864; x_wconf 75' lang='grc' dir='ltr'>καὶ</span> <span class='ocrx_word' id='word_1_440' title='bbox 631 4804 864 4876; x_wconf 86' lang='grc' dir='ltr'>σπουδήν</span> <span class='ocrx_word' id='word_1_441' title='bbox 891 4799 1249 4866; x_wconf 77' lang='grc' dir='ltr'>ἐπιδείξασθε,</span> <span class='ocrx_word' id='word_1_442' title='bbox 1269 4799 1409 4853; x_wconf 83' lang='grc' dir='ltr'>ὥστε</span> <span class='ocrx_word' id='word_1_443' title='bbox 1426 4796 1772 4868; x_wconf 87' lang='grc' dir='ltr'>παρανομίαν</span> <span class='ocrx_word' id='word_1_444' title='bbox 1787 4795 1986 4848; x_wconf 88' lang='grc' dir='ltr'>τοσαύ-</span> 
     </span>
    </p>
   </div>
   <div class='ocr_carea' id='block_1_54' title="bbox 308 4885 1988 4972">
    <p class='ocr_par' dir='ltr' id='par_1_54' title="bbox 308 4885 1988 4972">
     <span class='ocr_line' id='line_1_54' title="bbox 308 4885 1988 4972; baseline -0.011 -18"><span class='ocrx_word' id='word_1_445' title='bbox 308 4885 408 4972; x_wconf 85' lang='grc' dir='ltr'>την</span> <span class='ocrx_word' id='word_1_446' title='bbox 425 4895 842 4952; x_wconf 86' lang='grc' dir='ltr'>ἐπεισελθοῦσαν</span> <span class='ocrx_word' id='word_1_447' title='bbox 855 4895 974 4955; x_wconf 90' lang='grc' dir='ltr'>ταῖς</span> <span class='ocrx_word' id='word_1_448' title='bbox 1004 4889 1349 4959; x_wconf 83' lang='grc' dir='ltr'>Ἑκκλησίαις</span> <span class='ocrx_word' id='word_1_449' title='bbox 1363 4885 1674 4939; x_wconf 80' lang='grc' dir='ltr'>ἀναστεῖλαι</span> <span class='ocrx_word' id='word_1_450' title='bbox 1693 4895 1715 4922; x_wconf 74' lang='grc' dir='ltr'><strong>ο</strong></span> <span class='ocrx_word' id='word_1_451' title='bbox 1744 4901 1988 4955; x_wconf 89' lang='grc' dir='ltr'>παρακα-</span> 
     </span>
    </p>
   </div>
   <div class='ocr_carea' id='block_1_55' title="bbox 308 4971 1985 5060">
    <p class='ocr_par' dir='ltr' id='par_1_55' title="bbox 308 4971 1985 5060">
     <span class='ocr_line' id='line_1_55' title="bbox 308 4971 1985 5060; baseline -0.011 -18"><span class='ocrx_word' id='word_1_452' title='bbox 308 4990 400 5044; x_wconf 88' lang='grc' dir='ltr'>λοῦ</span> <span class='ocrx_word' id='word_1_453' title='bbox 409 5006 506 5060; x_wconf 88' lang='grc' dir='ltr'>μεν</span> <span class='ocrx_word' id='word_1_454' title='bbox 521 4987 574 5040; x_wconf 74' lang='grc' dir='ltr'>ἀ.</span> <span class='ocrx_word' id='word_1_455' title='bbox 599 4987 660 5038; x_wconf 87' lang='grc' dir='ltr'>Εἰ</span> <span class='ocrx_word' id='word_1_456' title='bbox 681 4984 790 5054; x_wconf 83' lang='grc' dir='ltr'>γάρ</span> <span class='ocrx_word' id='word_1_457' title='bbox 809 4982 968 5035; x_wconf 87' lang='grc' dir='ltr'>τοῦτο</span> <span class='ocrx_word' id='word_1_458' title='bbox 989 4979 1282 5050; x_wconf 79' lang='grc' dir='ltr'>κρατήσειε</span> <span class='ocrx_word' id='word_1_459' title='bbox 1311 4973 1373 5028; x_wconf 86' lang='grc' dir='ltr'>τὸ</span> <span class='ocrx_word' id='word_1_460' title='bbox 1395 4972 1535 5036; x_wconf 77' lang='grc' dir='ltr'>ἔθος,</span> <span class='ocrx_word' id='word_1_461' title='bbox 1568 4973 1662 5026; x_wconf 75' lang='grc' dir='ltr'>καὶ</span> <span class='ocrx_word' id='word_1_462' title='bbox 1683 4971 1801 5036; x_wconf 70' lang='grc' dir='ltr'>ἐξὸν</span> <span class='ocrx_word' id='word_1_463' title='bbox 1822 4972 1985 5043; x_wconf 86' lang='grc' dir='ltr'>γένη-</span> 
     </span>
    </p>
   </div>
   <div class='ocr_carea' id='block_1_56' title="bbox 311 5060 1987 5146">
    <p class='ocr_par' dir='ltr' id='par_1_56' title="bbox 311 5060 1987 5146">
     <span class='ocr_line' id='line_1_56' title="bbox 311 5060 1987 5146; baseline -0.013 -12"><span class='ocrx_word' id='word_1_464' title='bbox 311 5097 402 5134; x_wconf 81' lang='grc' dir='ltr'>ται</span> <span class='ocrx_word' id='word_1_465' title='bbox 437 5081 551 5139; x_wconf 88' lang='grc' dir='ltr'>τοῖς</span> <span class='ocrx_word' id='word_1_466' title='bbox 579 5071 1025 5146; x_wconf 86' lang='grc' dir='ltr'>βουλομένοις”εἰς</span> <span class='ocrx_word' id='word_1_467' title='bbox 1057 5065 1343 5136; x_wconf 85' lang='grc' dir='ltr'>ἀλλοτρίας</span> <span class='ocrx_word' id='word_1_468' title='bbox 1372 5063 1592 5115; x_wconf 86' lang='grc' dir='ltr'>ἀπιέναι</span> <span class='ocrx_word' id='word_1_469' title='bbox 1627 5060 1896 5130; x_wconf 86' lang='grc' dir='ltr'>ἐπαρχίας</span> <span class='ocrx_word' id='word_1_470' title='bbox 1921 5061 1987 5113; x_wconf 87' lang='grc' dir='ltr'>ἐκ</span> 
     </span>
    </p>
   </div>
   <div class='ocr_carea' id='block_1_57' title="bbox 308 5147 1984 5229">
    <p class='ocr_par' dir='ltr' id='par_1_57' title="bbox 308 5147 1984 5229">
     <span class='ocr_line' id='line_1_57' title="bbox 308 5147 1984 5229; baseline -0.013 -9"><span class='ocrx_word' id='word_1_471' title='bbox 308 5165 578 5221; x_wconf 85' lang='grc' dir='ltr'>τοσούτων</span> <span class='ocrx_word' id='word_1_472' title='bbox 623 5157 1029 5229; x_wconf 82' lang='grc' dir='ltr'>διαστημάτων,</span> <span class='ocrx_word' id='word_1_473' title='bbox 1060 5155 1155 5207; x_wconf 70' lang='grc' dir='ltr'>καὶ</span> <span class='ocrx_word' id='word_1_474' title='bbox 1184 5151 1466 5205; x_wconf 82' lang='grc' dir='ltr'>ἐκϐάλλειν</span> <span class='ocrx_word' id='word_1_475' title='bbox 1499 5148 1594 5211; x_wconf 79' lang='grc' dir='ltr'>οὓς</span> <span class='ocrx_word' id='word_1_476' title='bbox 1621 5147 1688 5201; x_wconf 84' lang='grc' dir='ltr'>ἂν</span> <span class='ocrx_word' id='word_1_477' title='bbox 1728 5147 1984 5212; x_wconf 87' lang='grc' dir='ltr'>ἐθέλοιεν,</span> 
     </span>
    </p>
   </div>
   <div class='ocr_carea' id='block_1_58' title="bbox 311 5235 1987 5319">
    <p class='ocr_par' dir='ltr' id='par_1_58' title="bbox 311 5235 1987 5319">
     <span class='ocr_line' id='line_1_58' title="bbox 311 5235 1987 5319; baseline -0.011 -11"><span class='ocrx_word' id='word_1_478' title='bbox 311 5257 432 5310; x_wconf 79' lang='grc' dir='ltr'>κατ’</span> <span class='ocrx_word' id='word_1_479' title='bbox 447 5253 694 5319; x_wconf 78' lang='grc' dir='ltr'>ἐξουσίαν</span> <span class='ocrx_word' id='word_1_480' title='bbox 715 5250 850 5302; x_wconf 82' lang='grc' dir='ltr'>ἰδίαν</span> <span class='ocrx_word' id='word_1_481' title='bbox 871 5245 1200 5318; x_wconf 88' lang='grc' dir='ltr'>πράττοντες</span> <span class='ocrx_word' id='word_1_482' title='bbox 1223 5241 1365 5311; x_wconf 79' lang='grc' dir='ltr'>άπερ</span> <span class='ocrx_word' id='word_1_483' title='bbox 1384 5239 1448 5293; x_wconf 82' lang='grc' dir='ltr'>ἂν</span> <span class='ocrx_word' id='word_1_484' title='bbox 1471 5237 1724 5300; x_wconf 84' lang='grc' dir='ltr'>ἐθέλοιεν,</span> <span class='ocrx_word' id='word_1_485' title='bbox 1746 5235 1880 5303; x_wconf 74' lang='grc' dir='ltr'>ἴστε,</span> <span class='ocrx_word' id='word_1_486' title='bbox 1903 5238 1987 5290; x_wconf 85' lang='grc' dir='ltr'>δτι</span> 
     </span>
    </p>
   </div>
   <div class='ocr_carea' id='block_1_59' title="bbox 313 5326 1986 5413">
    <p class='ocr_par' dir='ltr' id='par_1_59' title="bbox 313 5326 1986 5413">
     <span class='ocr_line' id='line_1_59' title="bbox 313 5326 1986 5413; baseline -0.013 -14"><span class='ocrx_word' id='word_1_487' title='bbox 313 5344 490 5398; x_wconf 87' lang='grc' dir='ltr'>πάντα</span> <span class='ocrx_word' id='word_1_488' title='bbox 513 5342 812 5413; x_wconf 84' lang='grc' dir='ltr'>οἰχήσεται,</span> <span class='ocrx_word' id='word_1_489' title='bbox 854 5335 949 5389; x_wconf 71' lang='grc' dir='ltr'>καὶ</span> <span class='ocrx_word' id='word_1_490' title='bbox 971 5334 1206 5402; x_wconf 88' lang='grc' dir='ltr'>πόλεμος</span> <span class='ocrx_word' id='word_1_491' title='bbox 1228 5330 1537 5400; x_wconf 82' lang='grc' dir='ltr'>ἀκήρυκτος</span> <span class='ocrx_word' id='word_1_492' title='bbox 1560 5328 1741 5380; x_wconf 78' lang='grc' dir='ltr'>πᾶσαν</span> <span class='ocrx_word' id='word_1_493' title='bbox 1763 5326 1986 5397; x_wconf 82' lang='grc' dir='ltr'>δραμεῖ-</span> 
     </span>
    </p>
   </div>
   <div class='ocr_carea' id='block_1_60' title="bbox 311 5413 1988 5504">
    <p class='ocr_par' dir='ltr' id='par_1_60' title="bbox 311 5413 1988 5504">
     <span class='ocr_line' id='line_1_60' title="bbox 311 5413 1988 5504; baseline -0.013 -17"><span class='ocrx_word' id='word_1_494' title='bbox 311 5451 404 5486; x_wconf 90' lang='grc' dir='ltr'>ται</span> <span class='ocrx_word' id='word_1_495' title='bbox 440 5433 541 5504; x_wconf 84' lang='grc' dir='ltr'>τήν</span> <span class='ocrx_word' id='word_1_496' title='bbox 587 5427 934 5498; x_wconf 84' lang='grc' dir='ltr'>οἰκουμένην,</span> <span class='ocrx_word' id='word_1_497' title='bbox 978 5421 1196 5475; x_wconf 87' lang='grc' dir='ltr'>πάντων</span> <span class='ocrx_word' id='word_1_498' title='bbox 1239 5417 1448 5478; x_wconf 79' lang='grc' dir='ltr'>πάντας</span> <span class='ocrx_word' id='word_1_499' title='bbox 1471 5432 1532 5468; x_wconf 84' lang='grc' dir='ltr'>τε</span> <span class='ocrx_word' id='word_1_500' title='bbox 1562 5413 1863 5485; x_wconf 86' lang='grc' dir='ltr'>βαλλόντων</span> <span class='ocrx_word' id='word_1_501' title='bbox 1894 5414 1988 5467; x_wconf 81' lang='grc' dir='ltr'>καὶ</span> 
     </span>
    </p>
   </div>
   <div class='ocr_carea' id='block_1_61' title="bbox 317 5489 1989 5593">
    <p class='ocr_par' dir='ltr' id='par_1_61' title="bbox 317 5489 1989 5593">
     <span class='ocr_line' id='line_1_61' title="bbox 317 5489 1989 5593; baseline -0.014 -15"><span class='ocrx_word' id='word_1_502' title='bbox 317 5489 678 5593; x_wconf 74' lang='grc' dir='ltr'>βαλλομένων.</span> <span class='ocrx_word' id='word_1_503' title='bbox 707 5489 801 5570; x_wconf 67' lang='grc' dir='ltr'>’ίν’</span> <span class='ocrx_word' id='word_1_504' title='bbox 823 5489 918 5568; x_wconf 72' lang='grc' dir='ltr'>οῦν</span> <span class='ocrx_word' id='word_1_505' title='bbox 943 5511 1018 5584; x_wconf 81' lang='grc' dir='ltr'>μὴ</span> <span class='ocrx_word' id='word_1_506' title='bbox 1036 5509 1273 5577; x_wconf 84' lang='grc' dir='ltr'>τοσαύτη</span> <span class='ocrx_word' id='word_1_507' title='bbox 1295 5505 1555 5576; x_wconf 89' lang='grc' dir='ltr'>σύγχυσις</span> <span class='ocrx_word' id='word_1_508' title='bbox 1580 5489 1866 5575; x_wconf 66' lang='grc' dir='ltr'>καταλάϐη</span> <span class='ocrx_word' id='word_1_509' title='bbox 1888 5503 1989 5574; x_wconf 80' lang='grc' dir='ltr'>τὴν</span> 
     </span>
    </p>
   </div>
   <div class='ocr_carea' id='block_1_62' title="bbox 378 5654 1017 5718">
    <p class='ocr_par' dir='ltr' id='par_1_62' title="bbox 378 5654 1017 5718">
     <span class='ocr_line' id='line_1_62' title="bbox 378 5654 1017 5718; baseline -0.009 -12"><span class='ocrx_word' id='word_1_510' title='bbox 378 5661 404 5690; x_wconf 83' lang='grc'><strong><em>⁸</em></strong></span> <span class='ocrx_word' id='word_1_511' title='bbox 430 5662 519 5712; x_wconf 77' lang='lat' dir='ltr'>Ed.</span> <span class='ocrx_word' id='word_1_512' title='bbox 543 5658 638 5707; x_wconf 86' lang='grc' dir='ltr'>ἀπὸ</span> <span class='ocrx_word' id='word_1_513' title='bbox 661 5657 756 5704; x_wconf 85' lang='grc' dir='ltr'>τῶν</span> <span class='ocrx_word' id='word_1_514' title='bbox 788 5654 1017 5718; x_wconf 74' lang='grc' dir='ltr'>αἱμάτων.</span> 
     </span>
    </p>
   </div>
   <div class='ocr_carea' id='block_1_63' title="bbox 375 5703 1750 5773">
    <p class='ocr_par' dir='ltr' id='par_1_63' title="bbox 375 5703 1750 5773">
     <span class='ocr_line' id='line_1_63' title="bbox 375 5703 1750 5773; baseline -0.016 -1"><span class='ocrx_word' id='word_1_515' title='bbox 375 5719 407 5760; x_wconf 62' lang='grc' dir='ltr'>δ</span> <span class='ocrx_word' id='word_1_516' title='bbox 544 5703 852 5773; x_wconf 49' lang='grc' dir='ltr'>ἔσελθόντεςξ</span> <span class='ocrx_word' id='word_1_517' title='bbox 867 5722 921 5763; x_wconf 82' lang='lat' dir='ltr'><strong>el</strong></span> <span class='ocrx_word' id='word_1_518' title='bbox 938 5725 1054 5762; x_wconf 80' lang='lat' dir='ltr'>mox</span> <span class='ocrx_word' id='word_1_519' title='bbox 1081 5710 1234 5759; x_wconf 84' lang='grc' dir='ltr'>πάντα</span> <span class='ocrx_word' id='word_1_520' title='bbox 1260 5725 1309 5756; x_wconf 88' lang='grc' dir='ltr'>τε</span> <span class='ocrx_word' id='word_1_521' title='bbox 1334 5707 1496 5773; x_wconf 81' lang='grc' dir='ltr'>ἑώρων</span> <span class='ocrx_word' id='word_1_522' title='bbox 1519 5705 1580 5751; x_wconf 84' lang='grc' dir='ltr'>τά</span> <span class='ocrx_word' id='word_1_523' title='bbox 1603 5703 1750 5773; x_wconf 53' lang='grc' dir='ltr'>ἐνδοχ,</span> 
     </span>
    </p>
   </div>
   <div class='ocr_carea' id='block_1_64' title="bbox 377 5765 1986 5834">
    <p class='ocr_par' dir='ltr' id='par_1_64' title="bbox 377 5765 1986 5834">
     <span class='ocr_line' id='line_1_64' title="bbox 377 5765 1986 5834; baseline -0.015 2"><span class='ocrx_word' id='word_1_524' title='bbox 377 5787 400 5814; x_wconf 68' lang='grc' dir='ltr'><strong>ε</strong></span> <span class='ocrx_word' id='word_1_525' title='bbox 433 5765 750 5834; x_wconf 60' lang='grc' dir='ltr'>τῐηὶσὲέέέλάι.</span> <span class='ocrx_word' id='word_1_526' title='bbox 776 5765 860 5826; x_wconf 61' lang='grc' dir='ltr'>εἷο</span> <span class='ocrx_word' id='word_1_527' title='bbox 897 5777 1004 5825; x_wconf 81' lang='lat' dir='ltr'><strong>cud.</strong></span> <span class='ocrx_word' id='word_1_528' title='bbox 1041 5773 1297 5822; x_wconf 81' lang='lat' dir='ltr'><strong>Mediceus</strong></span> <span class='ocrx_word' id='word_1_529' title='bbox 1324 5765 1512 5834; x_wconf 46' lang='lat' dir='ltr'><strong>reciips</strong></span> <span class='ocrx_word' id='word_1_530' title='bbox 1533 5779 1678 5834; x_wconf 47' lang='lat' dir='ltr'>quin}</span> <span class='ocrx_word' id='word_1_531' title='bbox 1711 5765 1868 5834; x_wconf 38' lang='lat' dir='ltr'>B‘igot.</span> <span class='ocrx_word' id='word_1_532' title='bbox 1901 5765 1986 5826; x_wconf 81' lang='lat' dir='ltr'>qui</span> 
     </span>
    </p>
   </div>
   <div class='ocr_carea' id='block_1_65' title="bbox 315 5826 1780 5903">
    <p class='ocr_par' dir='ltr' id='par_1_65' title="bbox 315 5826 1780 5903">
     <span class='ocr_line' id='line_1_65' title="bbox 315 5826 1780 5903; baseline -0.015 -7"><span class='ocrx_word' id='word_1_533' title='bbox 315 5826 795 5903; x_wconf 27' lang='lat' dir='ltr'>hocéaaizviidéuit.</span> <span class='ocrx_word' id='word_1_534' title='bbox 818 5839 900 5889; x_wconf 85' lang='lat' dir='ltr'>Sic</span> <span class='ocrx_word' id='word_1_535' title='bbox 932 5838 1079 5903; x_wconf 30' lang='lat' dir='ltr'>elia‘m</span> <span class='ocrx_word' id='word_1_536' title='bbox 1103 5837 1314 5896; x_wconf 82' lang='lat' dir='ltr'>legimus</span> <span class='ocrx_word' id='word_1_537' title='bbox 1343 5837 1377 5878; x_wconf 78' lang='grc' dir='ltr'>ι,</span> <span class='ocrx_word' id='word_1_538' title='bbox 1408 5828 1488 5884; x_wconf 90' lang='grc' dir='ltr'><strong>ΙΙΙ,</strong></span> <span class='ocrx_word' id='word_1_539' title='bbox 1518 5842 1561 5889; x_wconf 82' lang='grc' dir='ltr'>ρ.</span> <span class='ocrx_word' id='word_1_540' title='bbox 1587 5826 1780 5903; x_wconf 74' lang='lat'>520,</span> 
     </span>
    </p>
   </div>
   <div class='ocr_carea' id='block_1_66' title="bbox 372 5887 1984 5962">
    <p class='ocr_par' dir='ltr' id='par_1_66' title="bbox 372 5887 1984 5962">
     <span class='ocr_line' id='line_1_66' title="bbox 372 5887 1984 5962; baseline -0.013 -5"><span class='ocrx_word' id='word_1_541' title='bbox 372 5887 988 5962; x_wconf 55' lang='lat' dir='ltr'>H&#39;riéBJiJXoambeic</span> <span class='ocrx_word' id='word_1_542' title='bbox 1027 5887 1363 5962; x_wconf 52' lang='lat' dir='ltr'>haqevvoceni</span> <span class='ocrx_word' id='word_1_543' title='bbox 1402 5887 1663 5962; x_wconf 33' lang='grc' dir='ltr'>(ιιιωξωιιι</span> <span class='ocrx_word' id='word_1_544' title='bbox 1710 5889 1848 5939; x_wconf 78' lang='lat' dir='ltr'><strong>nulla</strong></span> <span class='ocrx_word' id='word_1_545' title='bbox 1890 5887 1984 5937; x_wconf 82' lang='lat' dir='ltr'>alia</span> 
     </span>
    </p>
   </div>
   <div class='ocr_carea' id='block_1_67' title="bbox 319 5953 1755 6032">
    <p class='ocr_par' dir='ltr' id='par_1_67' title="bbox 319 5953 1755 6032">
     <span class='ocr_line' id='line_1_67' title="bbox 319 5953 1755 6032; baseline -0.015 -13"><span class='ocrx_word' id='word_1_546' title='bbox 319 5953 741 6032; x_wconf 52' lang='lat' dir='ltr'>consihibdtest&#39;,</span> <span class='ocrx_word' id='word_1_547' title='bbox 762 5971 1002 6026; x_wconf 71' lang='lat' dir='ltr'><strong>recteque</strong></span> <span class='ocrx_word' id='word_1_548' title='bbox 1026 5964 1074 6010; x_wconf 84' lang='lat' dir='ltr'><strong>in</strong></span> <span class='ocrx_word' id='word_1_549' title='bbox 1095 5958 1272 6020; x_wconf 76' lang='lat' dir='ltr'>Chrys.</span> <span class='ocrx_word' id='word_1_550' title='bbox 1303 5956 1382 6008; x_wconf 88' lang='lat' dir='ltr'><strong>ed.</strong></span> <span class='ocrx_word' id='word_1_551' title='bbox 1408 5966 1507 6004; x_wconf 87' lang='lat' dir='ltr'>non</span> <span class='ocrx_word' id='word_1_552' title='bbox 1531 5953 1755 6028; x_wconf 26' lang='lat' dir='ltr'>legitur:</span> 
     </span>
    </p>
   </div>
   <div class='ocr_carea' id='block_1_68' title="bbox 2072 508 3758 592">
    <p class='ocr_par' dir='ltr' id='par_1_68' title="bbox 2072 508 3758 592">
     <span class='ocr_line' id='line_1_68' title="bbox 2072 508 3758 592; baseline 0.004 -30"><span class='ocrx_word' id='word_1_553' title='bbox 2072 511 2163 579; x_wconf 81' lang='grc' dir='ltr'>ὑφ’</span> <span class='ocrx_word' id='word_1_554' title='bbox 2189 510 2322 581; x_wconf 83' lang='grc' dir='ltr'>ἡλίῳ</span> <span class='ocrx_word' id='word_1_555' title='bbox 2355 511 2558 575; x_wconf 81' lang='grc' dir='ltr'>πᾶσαν,</span> <span class='ocrx_word' id='word_1_556' title='bbox 2596 508 2901 564; x_wconf 86' lang='grc' dir='ltr'>ἐπιστεῖλαι</span> <span class='ocrx_word' id='word_1_557' title='bbox 2935 512 3241 584; x_wconf 83' lang='grc' dir='ltr'>παρακαλῶ</span> <span class='ocrx_word' id='word_1_558' title='bbox 3264 516 3348 568; x_wconf 62' lang='grc' dir='ltr'>τάκ</span> <span class='ocrx_word' id='word_1_559' title='bbox 3371 516 3473 588; x_wconf 84' lang='grc' dir='ltr'>μὲν</span> <span class='ocrx_word' id='word_1_560' title='bbox 3497 515 3644 574; x_wconf 79' lang='grc' dir='ltr'>οὕτω</span> <span class='ocrx_word' id='word_1_561' title='bbox 3670 543 3758 592; x_wconf 78' lang='grc' dir='ltr'>γε-</span> 
     </span>
    </p>
   </div>
   <div class='ocr_carea' id='block_1_69' title="bbox 2069 594 3756 673">
    <p class='ocr_par' dir='ltr' id='par_1_69' title="bbox 2069 594 3756 673">
     <span class='ocr_line' id='line_1_69' title="bbox 2069 594 3756 673; baseline 0.007 -28"><span class='ocrx_word' id='word_1_562' title='bbox 2069 609 2201 663; x_wconf 88' lang='grc' dir='ltr'>γενη</span> <span class='ocrx_word' id='word_1_563' title='bbox 2209 595 2344 664; x_wconf 89' lang='grc' dir='ltr'>μένα</span> <span class='ocrx_word' id='word_1_564' title='bbox 2370 596 2703 664; x_wconf 86' lang='grc' dir='ltr'>παρανόμως</span> <span class='ocrx_word' id='word_1_565' title='bbox 2726 594 2974 649; x_wconf 84' lang='grc' dir='ltr'>ἀπόντων</span> <span class='ocrx_word' id='word_1_566' title='bbox 2999 597 3032 666; x_wconf 87' lang='grc' dir='ltr'>ή</span> <span class='ocrx_word' id='word_1_567' title='bbox 3041 596 3157 666; x_wconf 90' lang='grc' dir='ltr'>μῶν</span> <span class='ocrx_word' id='word_1_568' title='bbox 3181 599 3276 651; x_wconf 73' lang='grc' dir='ltr'>καὶ</span> <span class='ocrx_word' id='word_1_569' title='bbox 3300 600 3364 651; x_wconf 85' lang='grc' dir='ltr'>ἐκ</span> <span class='ocrx_word' id='word_1_570' title='bbox 3385 601 3513 669; x_wconf 81' lang='grc' dir='ltr'>μιᾶς</span> <span class='ocrx_word' id='word_1_571' title='bbox 3539 602 3756 673; x_wconf 81' lang='grc' dir='ltr'>μοίρας.</span> 
     </span>
    </p>
   </div>
   <div class='ocr_carea' id='block_1_70' title="bbox 2066 679 3754 757">
    <p class='ocr_par' dir='ltr' id='par_1_70' title="bbox 2066 679 3754 757">
     <span class='ocr_line' id='line_1_70' title="bbox 2066 679 3754 757; baseline 0.005 -25"><span class='ocrx_word' id='word_1_572' title='bbox 2066 679 2256 732; x_wconf 83' lang='grc' dir='ltr'>καἱοὺ</span> <span class='ocrx_word' id='word_1_573' title='bbox 2306 679 2761 750; x_wconf 86' lang='grc' dir='ltr'>παραιτουμένων</span> <span class='ocrx_word' id='word_1_574' title='bbox 2809 680 3013 751; x_wconf 87' lang='grc' dir='ltr'>κρίσιν,</span> <span class='ocrx_word' id='word_1_575' title='bbox 3063 682 3336 752; x_wconf 87' lang='grc' dir='ltr'>μηδεμίαν</span> <span class='ocrx_word' id='word_1_576' title='bbox 3377 684 3522 754; x_wconf 80' lang='grc' dir='ltr'>ἔχειν</span> <span class='ocrx_word' id='word_1_577' title='bbox 3578 688 3754 757; x_wconf 86' lang='grc' dir='ltr'>ἰσχὺν,</span> 
     </span>
    </p>
   </div>
   <div class='ocr_carea' id='block_1_71' title="bbox 2066 758 3751 841">
    <p class='ocr_par' dir='ltr' id='par_1_71' title="bbox 2066 758 3751 841">
     <span class='ocr_line' id='line_1_71' title="bbox 2066 758 3751 841; baseline 0.004 -25"><span class='ocrx_word' id='word_1_578' title='bbox 2066 763 2258 831; x_wconf 78' lang='grc' dir='ltr'>ὥσπερ</span> <span class='ocrx_word' id='word_1_579' title='bbox 2287 758 2380 814; x_wconf 81' lang='grc' dir='ltr'>οὖν</span> <span class='ocrx_word' id='word_1_580' title='bbox 2409 762 2522 833; x_wconf 83' lang='grc' dir='ltr'>ἕχει</span> <span class='ocrx_word' id='word_1_581' title='bbox 2556 765 2622 832; x_wconf 82' lang='grc' dir='ltr'>τῇ</span> <span class='ocrx_word' id='word_1_582' title='bbox 2649 764 2831 834; x_wconf 76' lang='grc' dir='ltr'>οἰκείᾳ</span> <span class='ocrx_word' id='word_1_583' title='bbox 2861 763 3051 831; x_wconf 80' lang='grc' dir='ltr'>φύσει·</span> <span class='ocrx_word' id='word_1_584' title='bbox 3087 768 3213 830; x_wconf 84' lang='grc' dir='ltr'>τοὺς</span> <span class='ocrx_word' id='word_1_585' title='bbox 3238 767 3296 819; x_wconf 89' lang='grc' dir='ltr'>δέ</span> <span class='ocrx_word' id='word_1_586' title='bbox 3324 767 3548 821; x_wconf 85' lang='grc' dir='ltr'>τοιαῦτα</span> <span class='ocrx_word' id='word_1_587' title='bbox 3577 786 3751 841; x_wconf 66' lang='grc' dir='ltr'>παραυ</span> 
     </span>
    </p>
   </div>
   <div class='ocr_carea' id='block_1_72' title="bbox 2065 845 3757 936">
    <p class='ocr_par' dir='ltr' id='par_1_72' title="bbox 2065 845 3757 936">
     <span class='ocr_line' id='line_1_72' title="bbox 2065 845 3757 936; baseline 0.004 -36"><span class='ocrx_word' id='word_1_588' title='bbox 2065 849 2432 936; x_wconf 78' lang='grc' dir='ltr'>νομήσαντας,</span> <span class='ocrx_word' id='word_1_589' title='bbox 2457 845 2535 916; x_wconf 83' lang='grc' dir='ltr'>τῷ</span> <span class='ocrx_word' id='word_1_590' title='bbox 2557 847 2818 916; x_wconf 83' lang='grc' dir='ltr'>ἐπιτιμίῳ</span> <span class='ocrx_word' id='word_1_591' title='bbox 2837 847 3236 904; x_wconf 87' lang='grc' dir='ltr'>ὑποϐάλλεσθαι</span> <span class='ocrx_word' id='word_1_592' title='bbox 3257 851 3353 903; x_wconf 86' lang='grc' dir='ltr'>τοῦ</span> <span class='ocrx_word' id='word_1_593' title='bbox 3380 851 3757 923; x_wconf 86' lang='grc' dir='ltr'>ἐκκλησιαστι-</span> 
     </span>
    </p>
   </div>
   <div class='ocr_carea' id='block_1_73' title="bbox 2067 928 3753 1005">
    <p class='ocr_par' dir='ltr' id='par_1_73' title="bbox 2067 928 3753 1005">
     <span class='ocr_line' id='line_1_73' title="bbox 2067 928 3753 1005; baseline 0.007 -26"><span class='ocrx_word' id='word_1_594' title='bbox 2067 928 2166 980; x_wconf 91' lang='grc' dir='ltr'>κοῦ</span> <span class='ocrx_word' id='word_1_595' title='bbox 2192 928 2355 998; x_wconf 88' lang='grc' dir='ltr'>νόμου</span> <span class='ocrx_word' id='word_1_596' title='bbox 2374 944 2389 958; x_wconf 87' lang='grc'>·</span> <span class='ocrx_word' id='word_1_597' title='bbox 2413 929 2560 999; x_wconf 79' lang='grc' dir='ltr'>ἡμᾶς</span> <span class='ocrx_word' id='word_1_598' title='bbox 2582 928 2638 980; x_wconf 85' lang='grc' dir='ltr'>δέ</span> <span class='ocrx_word' id='word_1_599' title='bbox 2658 931 2785 993; x_wconf 78' lang='grc' dir='ltr'>τοὺς</span> <span class='ocrx_word' id='word_1_600' title='bbox 2805 931 2904 1000; x_wconf 87' lang='grc' dir='ltr'>οὑχ</span> <span class='ocrx_word' id='word_1_601' title='bbox 2928 931 3176 997; x_wconf 80' lang='grc' dir='ltr'>ἁλόντας,</span> <span class='ocrx_word' id='word_1_602' title='bbox 3207 934 3309 986; x_wconf 89' lang='grc' dir='ltr'>οὑκ</span> <span class='ocrx_word' id='word_1_603' title='bbox 3335 933 3753 1005; x_wconf 78' lang='grc' dir='ltr'>ἐληλεγμένους,</span> 
     </span>
    </p>
   </div>
   <div class='ocr_carea' id='block_1_74' title="bbox 2067 1011 3755 1088">
    <p class='ocr_par' dir='ltr' id='par_1_74' title="bbox 2067 1011 3755 1088">
     <span class='ocr_line' id='line_1_74' title="bbox 2067 1011 3755 1088; baseline 0.006 -25"><span class='ocrx_word' id='word_1_604' title='bbox 2067 1012 2168 1064; x_wconf 88' lang='grc' dir='ltr'>οὑκ</span> <span class='ocrx_word' id='word_1_605' title='bbox 2214 1011 2634 1081; x_wconf 81' lang='grc' dir='ltr'>ἀποδειχθέντας</span> <span class='ocrx_word' id='word_1_606' title='bbox 2678 1013 3016 1077; x_wconf 82' lang='grc' dir='ltr'>ὑπευθύνους</span> <span class='ocrx_word' id='word_1_607' title='bbox 3035 1057 3047 1074; x_wconf 86' lang='grc'>,</span> <span class='ocrx_word' id='word_1_608' title='bbox 3078 1015 3187 1068; x_wconf 87' lang='grc' dir='ltr'>τῶν</span> <span class='ocrx_word' id='word_1_609' title='bbox 3217 1019 3561 1088; x_wconf 83' lang='grc' dir='ltr'>γραμμάτων</span> <span class='ocrx_word' id='word_1_610' title='bbox 3582 1029 3606 1058; x_wconf 80' lang='grc' dir='ltr'><strong>ο</strong></span> <span class='ocrx_word' id='word_1_611' title='bbox 3637 1020 3755 1074; x_wconf 85' lang='grc' dir='ltr'>δότε</span> 
     </span>
    </p>
   </div>
   <div class='ocr_carea' id='block_1_75' title="bbox 2069 1090 3756 1173">
    <p class='ocr_par' dir='ltr' id='par_1_75' title="bbox 2069 1090 3756 1173">
     <span class='ocr_line' id='line_1_75' title="bbox 2069 1090 3756 1173; baseline 0.004 -25"><span class='ocrx_word' id='word_1_612' title='bbox 2069 1095 2366 1151; x_wconf 84' lang='grc' dir='ltr'>ἀπολαύειν</span> <span class='ocrx_word' id='word_1_613' title='bbox 2393 1097 2502 1150; x_wconf 86' lang='grc' dir='ltr'>τῶν</span> <span class='ocrx_word' id='word_1_614' title='bbox 2533 1096 2812 1168; x_wconf 87' lang='grc' dir='ltr'>ὑμετέρων</span> <span class='ocrx_word' id='word_1_615' title='bbox 2855 1090 3118 1168; x_wconf 82' lang='grc' dir='ltr'>συνήθως,</span> <span class='ocrx_word' id='word_1_616' title='bbox 3155 1103 3248 1152; x_wconf 70' lang='grc' dir='ltr'>καὶ</span> <span class='ocrx_word' id='word_1_617' title='bbox 3277 1101 3377 1170; x_wconf 85' lang='grc' dir='ltr'>τῆς</span> <span class='ocrx_word' id='word_1_618' title='bbox 3411 1103 3631 1173; x_wconf 85' lang='grc' dir='ltr'>ἀγάπης</span> <span class='ocrx_word' id='word_1_619' title='bbox 3660 1108 3756 1159; x_wconf 72' lang='grc' dir='ltr'>καὶ</span> 
     </span>
    </p>
   </div>
   <div class='ocr_carea' id='block_1_76' title="bbox 2070 1179 3759 1256">
    <p class='ocr_par' dir='ltr' id='par_1_76' title="bbox 2070 1179 3759 1256">
     <span class='ocr_line' id='line_1_76' title="bbox 2070 1179 3759 1256; baseline 0.007 -25"><span class='ocrx_word' id='word_1_620' title='bbox 2070 1179 2290 1234; x_wconf 89' lang='grc' dir='ltr'>πάντων</span> <span class='ocrx_word' id='word_1_621' title='bbox 2309 1181 2417 1234; x_wconf 88' lang='grc' dir='ltr'>τῶν</span> <span class='ocrx_word' id='word_1_622' title='bbox 2437 1181 2629 1246; x_wconf 82' lang='grc' dir='ltr'>ἄλλων,</span> <span class='ocrx_word' id='word_1_623' title='bbox 2651 1182 2840 1253; x_wconf 82' lang='grc' dir='ltr'>ὥσπερ</span> <span class='ocrx_word' id='word_1_624' title='bbox 2859 1183 2950 1235; x_wconf 74' lang='grc' dir='ltr'>καὶ</span> <span class='ocrx_word' id='word_1_625' title='bbox 2975 1182 3302 1254; x_wconf 73' lang='grc' dir='ltr'>ἔμπροσθεν.</span> <span class='ocrx_word' id='word_1_626' title='bbox 3329 1186 3388 1236; x_wconf 84' lang='grc' dir='ltr'>Εἰ</span> <span class='ocrx_word' id='word_1_627' title='bbox 3406 1185 3461 1237; x_wconf 84' lang='grc' dir='ltr'>δέ</span> <span class='ocrx_word' id='word_1_628' title='bbox 3483 1185 3759 1256; x_wconf 88' lang='grc' dir='ltr'>βούλοιντο</span> 
     </span>
    </p>
   </div>
   <div class='ocr_carea' id='block_1_77' title="bbox 2071 1262 3756 1342">
    <p class='ocr_par' dir='ltr' id='par_1_77' title="bbox 2071 1262 3756 1342">
     <span class='ocr_line' id='line_1_77' title="bbox 2071 1262 3756 1342; baseline 0.007 -27"><span class='ocrx_word' id='word_1_629' title='bbox 2071 1264 2164 1316; x_wconf 78' lang='grc' dir='ltr'>καὶ</span> <span class='ocrx_word' id='word_1_630' title='bbox 2202 1262 2296 1317; x_wconf 90' lang='grc' dir='ltr'>νῦν</span> <span class='ocrx_word' id='word_1_631' title='bbox 2330 1266 2378 1317; x_wconf 88' lang='grc' dir='ltr'>οἰ</span> <span class='ocrx_word' id='word_1_632' title='bbox 2415 1266 2483 1318; x_wconf 83' lang='grc' dir='ltr'>τά</span> <span class='ocrx_word' id='word_1_633' title='bbox 2518 1265 2744 1319; x_wconf 85' lang='grc' dir='ltr'>τοιαῦτα</span> <span class='ocrx_word' id='word_1_634' title='bbox 2791 1268 3282 1338; x_wconf 83' lang='grc' dir='ltr'>παρανομήσαντες</span> <span class='ocrx_word' id='word_1_635' title='bbox 3319 1269 3388 1322; x_wconf 90' lang='grc' dir='ltr'>τά</span> <span class='ocrx_word' id='word_1_636' title='bbox 3434 1271 3756 1342; x_wconf 83' lang='grc' dir='ltr'>ἐγκλήματα</span> 
     </span>
    </p>
   </div>
   <div class='ocr_carea' id='block_1_78' title="bbox 2069 1344 3760 1429">
    <p class='ocr_par' dir='ltr' id='par_1_78' title="bbox 2069 1344 3760 1429">
     <span class='ocr_line' id='line_1_78' title="bbox 2069 1344 3760 1429; baseline 0.006 -29"><span class='ocrx_word' id='word_1_637' title='bbox 2069 1348 2388 1416; x_wconf 81' lang='grc' dir='ltr'>γυμνάζειν,</span> <span class='ocrx_word' id='word_1_638' title='bbox 2421 1351 2503 1418; x_wconf 81' lang='grc' dir='ltr'>ἐφ’</span> <span class='ocrx_word' id='word_1_639' title='bbox 2537 1344 2618 1413; x_wconf 75' lang='grc' dir='ltr'>οἷς</span> <span class='ocrx_word' id='word_1_640' title='bbox 2647 1353 2797 1420; x_wconf 83' lang='grc' dir='ltr'>ήμᾶς</span> <span class='ocrx_word' id='word_1_641' title='bbox 2829 1351 3028 1414; x_wconf 83' lang='grc' dir='ltr'>ἀδίκως</span> <span class='ocrx_word' id='word_1_642' title='bbox 3051 1351 3304 1417; x_wconf 83' lang='grc' dir='ltr'>ἐξέϐαλον</span> <span class='ocrx_word' id='word_1_643' title='bbox 3326 1394 3340 1416; x_wconf 94' lang='grc'>,</span> <span class='ocrx_word' id='word_1_644' title='bbox 3371 1354 3478 1406; x_wconf 87' lang='grc' dir='ltr'>τῶν</span> <span class='ocrx_word' id='word_1_645' title='bbox 3511 1357 3760 1429; x_wconf 78' lang='grc' dir='ltr'>ὑπομνη-</span> 
     </span>
    </p>
   </div>
   <div class='ocr_carea' id='block_1_79' title="bbox 2073 1431 3756 1512">
    <p class='ocr_par' dir='ltr' id='par_1_79' title="bbox 2073 1431 3756 1512">
     <span class='ocr_line' id='line_1_79' title="bbox 2073 1431 3756 1512; baseline 0.006 -28"><span class='ocrx_word' id='word_1_646' title='bbox 2073 1431 2258 1500; x_wconf 84' lang='grc' dir='ltr'>μάτων</span> <span class='ocrx_word' id='word_1_647' title='bbox 2299 1433 2427 1503; x_wconf 87' lang='grc' dir='ltr'>ήμῖν</span> <span class='ocrx_word' id='word_1_648' title='bbox 2465 1433 2747 1499; x_wconf 86' lang='grc' dir='ltr'>δοθέντων,</span> <span class='ocrx_word' id='word_1_649' title='bbox 2802 1435 2911 1488; x_wconf 86' lang='grc' dir='ltr'>τῶν</span> <span class='ocrx_word' id='word_1_650' title='bbox 2962 1434 3223 1489; x_wconf 88' lang='grc' dir='ltr'>λιϐἐλλων</span> <span class='ocrx_word' id='word_1_651' title='bbox 3271 1437 3380 1490; x_wconf 85' lang='grc' dir='ltr'>τῶν</span> <span class='ocrx_word' id='word_1_652' title='bbox 3428 1441 3756 1512; x_wconf 90' lang='grc' dir='ltr'>κατηγόρων</span> 
     </span>
    </p>
   </div>
   <div class='ocr_carea' id='block_1_80' title="bbox 2072 1516 3761 1590">
    <p class='ocr_par' dir='ltr' id='par_1_80' title="bbox 2072 1516 3761 1590">
     <span class='ocr_line' id='line_1_80' title="bbox 2072 1516 3761 1590; baseline 0.007 -22"><span class='ocrx_word' id='word_1_653' title='bbox 2072 1516 2371 1584; x_wconf 75' lang='grc' dir='ltr'>φανέντων,</span> <span class='ocrx_word' id='word_1_654' title='bbox 2398 1517 2749 1590; x_wconf 85' lang='grc' dir='ltr'>δικαστηρίου</span> <span class='ocrx_word' id='word_1_655' title='bbox 2775 1519 3100 1583; x_wconf 90' lang='grc' dir='ltr'>καθίσαντος</span> <span class='ocrx_word' id='word_1_656' title='bbox 3125 1520 3426 1575; x_wconf 84' lang='grc' dir='ltr'>ἀδεκάστου</span> <span class='ocrx_word' id='word_1_657' title='bbox 3443 1565 3456 1586; x_wconf 93' lang='grc'>,</span> <span class='ocrx_word' id='word_1_658' title='bbox 3486 1525 3581 1578; x_wconf 77' lang='grc' dir='ltr'>καὶ</span> <span class='ocrx_word' id='word_1_659' title='bbox 3606 1525 3761 1579; x_wconf 85' lang='grc' dir='ltr'>δικα-</span> 
     </span>
    </p>
   </div>
   <div class='ocr_carea' id='block_1_81' title="bbox 2073 1599 3760 1676">
    <p class='ocr_par' dir='ltr' id='par_1_81' title="bbox 2073 1599 3760 1676">
     <span class='ocr_line' id='line_1_81' title="bbox 2073 1599 3760 1676; baseline 0.007 -24"><span class='ocrx_word' id='word_1_660' title='bbox 2073 1599 2296 1671; x_wconf 86' lang='grc' dir='ltr'>σώμεθα</span> <span class='ocrx_word' id='word_1_661' title='bbox 2354 1605 2447 1656; x_wconf 80' lang='grc' dir='ltr'>καὶ</span> <span class='ocrx_word' id='word_1_662' title='bbox 2499 1603 2970 1674; x_wconf 81' lang='grc' dir='ltr'>ἀπολογησώμεθα</span> <span class='ocrx_word' id='word_1_663' title='bbox 3019 1607 3114 1656; x_wconf 73' lang='grc' dir='ltr'>καὶ</span> <span class='ocrx_word' id='word_1_664' title='bbox 3162 1604 3426 1676; x_wconf 78' lang='grc' dir='ltr'>δείξωμεν</span> <span class='ocrx_word' id='word_1_665' title='bbox 3469 1607 3487 1640; x_wconf 67' lang='grc' dir='ltr'>τ</span> <span class='ocrx_word' id='word_1_666' title='bbox 3532 1610 3760 1673; x_wconf 74' lang='grc' dir='ltr'>ἑαυτούς</span> 
     </span>
    </p>
   </div>
   <div class='ocr_carea' id='block_1_82' title="bbox 2071 1685 3756 1763">
    <p class='ocr_par' dir='ltr' id='par_1_82' title="bbox 2071 1685 3756 1763">
     <span class='ocr_line' id='line_1_82' title="bbox 2071 1685 3756 1763; baseline 0.005 -25"><span class='ocrx_word' id='word_1_667' title='bbox 2071 1685 2398 1750; x_wconf 86' lang='grc' dir='ltr'>ἀνευθύνους</span> <span class='ocrx_word' id='word_1_668' title='bbox 2420 1685 2528 1739; x_wconf 85' lang='grc' dir='ltr'>τῶν</span> <span class='ocrx_word' id='word_1_669' title='bbox 2552 1688 2909 1757; x_wconf 87' lang='grc' dir='ltr'>ἐπαγομένων</span> <span class='ocrx_word' id='word_1_670' title='bbox 2935 1689 3086 1759; x_wconf 89' lang='grc' dir='ltr'>ήμῖν,</span> <span class='ocrx_word' id='word_1_671' title='bbox 3115 1687 3265 1741; x_wconf 81' lang='grc' dir='ltr'>ὥσπε</span> <span class='ocrx_word' id='word_1_672' title='bbox 3274 1708 3306 1760; x_wconf 93' lang='grc' dir='ltr'>ρ</span> <span class='ocrx_word' id='word_1_673' title='bbox 3327 1685 3419 1744; x_wconf 84' lang='grc' dir='ltr'>οῦν</span> <span class='ocrx_word' id='word_1_674' title='bbox 3443 1693 3538 1744; x_wconf 75' lang='grc' dir='ltr'>καὶ</span> <span class='ocrx_word' id='word_1_675' title='bbox 3566 1694 3756 1763; x_wconf 86' lang='grc' dir='ltr'>ἐσμέν.</span> 
     </span>
    </p>
   </div>
   <div class='ocr_carea' id='block_1_83' title="bbox 2072 1770 3759 1847">
    <p class='ocr_par' dir='ltr' id='par_1_83' title="bbox 2072 1770 3759 1847">
     <span class='ocr_line' id='line_1_83' title="bbox 2072 1770 3759 1847; baseline 0.004 -25"><span class='ocrx_word' id='word_1_676' title='bbox 2072 1770 2154 1822; x_wconf 85' lang='grc' dir='ltr'>Τὰ</span> <span class='ocrx_word' id='word_1_677' title='bbox 2174 1771 2282 1843; x_wconf 80' lang='grc' dir='ltr'>γάρ</span> <span class='ocrx_word' id='word_1_678' title='bbox 2328 1772 2422 1825; x_wconf 89' lang='grc' dir='ltr'>νῦν</span> <span class='ocrx_word' id='word_1_679' title='bbox 2451 1773 2794 1844; x_wconf 83' lang='grc' dir='ltr'>γεγενημένα</span> <span class='ocrx_word' id='word_1_680' title='bbox 2835 1772 2965 1842; x_wconf 86' lang='grc' dir='ltr'>παρ’</span> <span class='ocrx_word' id='word_1_681' title='bbox 2999 1772 3177 1824; x_wconf 84' lang='grc' dir='ltr'>αὑτῶν</span> <span class='ocrx_word' id='word_1_682' title='bbox 3198 1813 3212 1837; x_wconf 93' lang='grc'>,</span> <span class='ocrx_word' id='word_1_683' title='bbox 3250 1775 3407 1838; x_wconf 85' lang='grc' dir='ltr'>ἐκτός</span> <span class='ocrx_word' id='word_1_684' title='bbox 3441 1778 3546 1828; x_wconf 86' lang='grc' dir='ltr'>εἰσι</span> <span class='ocrx_word' id='word_1_685' title='bbox 3579 1777 3759 1847; x_wconf 88' lang='grc' dir='ltr'>πάσης</span> 
     </span>
    </p>
   </div>
   <div class='ocr_carea' id='block_1_84' title="bbox 2073 1855 3760 1930">
    <p class='ocr_par' dir='ltr' id='par_1_84' title="bbox 2073 1855 3760 1930">
     <span class='ocr_line' id='line_1_84' title="bbox 2073 1855 3760 1930; baseline 0.005 -23"><span class='ocrx_word' id='word_1_686' title='bbox 2073 1855 2398 1920; x_wconf 87' lang='grc' dir='ltr'>ἀκολουθίας</span> <span class='ocrx_word' id='word_1_687' title='bbox 2428 1857 2522 1910; x_wconf 72' lang='grc' dir='ltr'>καὶ</span> <span class='ocrx_word' id='word_1_688' title='bbox 2550 1856 2749 1919; x_wconf 85' lang='grc' dir='ltr'>παντὸς</span> <span class='ocrx_word' id='word_1_689' title='bbox 2779 1855 2946 1926; x_wconf 91' lang='grc' dir='ltr'>νόμου</span> <span class='ocrx_word' id='word_1_690' title='bbox 2981 1857 3075 1911; x_wconf 72' lang='grc' dir='ltr'>καὶ</span> <span class='ocrx_word' id='word_1_691' title='bbox 3115 1856 3339 1921; x_wconf 86' lang='grc' dir='ltr'>κανόνος</span> <span class='ocrx_word' id='word_1_692' title='bbox 3375 1861 3760 1930; x_wconf 86' lang='grc' dir='ltr'>ἐκκλησιαστι-</span> 
     </span>
    </p>
   </div>
   <div class='ocr_carea' id='block_1_85' title="bbox 2074 1936 3760 2012">
    <p class='ocr_par' dir='ltr' id='par_1_85' title="bbox 2074 1936 3760 2012">
     <span class='ocr_line' id='line_1_85' title="bbox 2074 1936 3760 2012; baseline 0.005 -21"><span class='ocrx_word' id='word_1_693' title='bbox 2074 1939 2202 1994; x_wconf 75' lang='grc' dir='ltr'>κοῦ·</span> <span class='ocrx_word' id='word_1_694' title='bbox 2229 1941 2348 1994; x_wconf 87' lang='grc' dir='ltr'>ούδέ</span> <span class='ocrx_word' id='word_1_695' title='bbox 2371 1944 2428 1994; x_wconf 87' lang='grc' dir='ltr'>ἐν</span> <span class='ocrx_word' id='word_1_696' title='bbox 2452 1945 2562 2005; x_wconf 89' lang='grc' dir='ltr'>τοῖς</span> <span class='ocrx_word' id='word_1_697' title='bbox 2584 1941 2688 2008; x_wconf 77' lang='grc' dir='ltr'>ἔξω</span> <span class='ocrx_word' id='word_1_698' title='bbox 2717 1940 2815 2010; x_wconf 86' lang='grc' dir='ltr'>μὲν</span> <span class='ocrx_word' id='word_1_699' title='bbox 2841 1936 2935 1994; x_wconf 79' lang='grc' dir='ltr'>οὖν</span> <span class='ocrx_word' id='word_1_700' title='bbox 2962 1940 3331 2012; x_wconf 87' lang='grc' dir='ltr'>δικαστηρίοις</span> <span class='ocrx_word' id='word_1_701' title='bbox 3356 1944 3584 1998; x_wconf 84' lang='grc' dir='ltr'>τοιαῦτα</span> <span class='ocrx_word' id='word_1_702' title='bbox 3612 1947 3760 1999; x_wconf 81' lang='grc' dir='ltr'>ἐτολ-</span> 
     </span>
    </p>
   </div>
   <div class='ocr_carea' id='block_1_86' title="bbox 2077 2025 3757 2100">
    <p class='ocr_par' dir='ltr' id='par_1_86' title="bbox 2077 2025 3757 2100">
     <span class='ocr_line' id='line_1_86' title="bbox 2077 2025 3757 2100; baseline 0.002 -23"><span class='ocrx_word' id='word_1_703' title='bbox 2077 2025 2222 2095; x_wconf 85' lang='grc' dir='ltr'>μήθη</span> <span class='ocrx_word' id='word_1_704' title='bbox 2257 2026 2418 2088; x_wconf 84' lang='grc' dir='ltr'>ποτὲ,</span> <span class='ocrx_word' id='word_1_705' title='bbox 2455 2026 2656 2097; x_wconf 83' lang='grc' dir='ltr'>μᾶλλον</span> <span class='ocrx_word' id='word_1_706' title='bbox 2687 2025 2745 2078; x_wconf 89' lang='grc' dir='ltr'>δέ</span> <span class='ocrx_word' id='word_1_707' title='bbox 2785 2026 2905 2078; x_wconf 89' lang='grc' dir='ltr'>ούδέ</span> <span class='ocrx_word' id='word_1_708' title='bbox 2948 2026 3006 2078; x_wconf 87' lang='grc' dir='ltr'>ἐν</span> <span class='ocrx_word' id='word_1_709' title='bbox 3038 2025 3358 2097; x_wconf 89' lang='grc' dir='ltr'>βαρϐαρικῴ</span> <span class='ocrx_word' id='word_1_710' title='bbox 3398 2029 3757 2100; x_wconf 84' lang='grc' dir='ltr'>δικαστηρίῳ,</span> 
     </span>
    </p>
   </div>
   <div class='ocr_carea' id='block_1_87' title="bbox 2072 2109 3761 2184">
    <p class='ocr_par' dir='ltr' id='par_1_87' title="bbox 2072 2109 3761 2184">
     <span class='ocr_line' id='line_1_87' title="bbox 2072 2109 3761 2184; baseline 0.004 -23"><span class='ocrx_word' id='word_1_711' title='bbox 2072 2109 2194 2162; x_wconf 88' lang='grc' dir='ltr'>οὑδέ</span> <span class='ocrx_word' id='word_1_712' title='bbox 2222 2109 2427 2163; x_wconf 86' lang='grc' dir='ltr'>Σκύθαι</span> <span class='ocrx_word' id='word_1_713' title='bbox 2456 2112 2551 2164; x_wconf 78' lang='grc' dir='ltr'>καὶ</span> <span class='ocrx_word' id='word_1_714' title='bbox 2583 2109 2867 2180; x_wconf 89' lang='grc' dir='ltr'>Σαρμάται</span> <span class='ocrx_word' id='word_1_715' title='bbox 2887 2109 2986 2162; x_wconf 87' lang='grc' dir='ltr'>οὑκ</span> <span class='ocrx_word' id='word_1_716' title='bbox 3014 2109 3078 2162; x_wconf 82' lang='grc' dir='ltr'>ἄν</span> <span class='ocrx_word' id='word_1_717' title='bbox 3105 2127 3236 2163; x_wconf 89' lang='grc' dir='ltr'>ποτε</span> <span class='ocrx_word' id='word_1_718' title='bbox 3256 2111 3513 2166; x_wconf 88' lang='grc' dir='ltr'>ἐδίκασαν</span> <span class='ocrx_word' id='word_1_719' title='bbox 3543 2116 3606 2167; x_wconf 89' lang='grc' dir='ltr'>ἐκ</span> <span class='ocrx_word' id='word_1_720' title='bbox 3632 2118 3761 2184; x_wconf 84' lang='grc' dir='ltr'>μιᾶς</span> 
     </span>
    </p>
   </div>
   <div class='ocr_carea' id='block_1_88' title="bbox 2077 2193 3764 2270">
    <p class='ocr_par' dir='ltr' id='par_1_88' title="bbox 2077 2193 3764 2270">
     <span class='ocr_line' id='line_1_88' title="bbox 2077 2193 3764 2270; baseline 0.004 -24"><span class='ocrx_word' id='word_1_721' title='bbox 2077 2194 2272 2265; x_wconf 87' lang='grc' dir='ltr'>μοίρας</span> <span class='ocrx_word' id='word_1_722' title='bbox 2294 2195 2602 2266; x_wconf 88' lang='grc' dir='ltr'>κρίναντες,</span> <span class='ocrx_word' id='word_1_723' title='bbox 2621 2195 2852 2256; x_wconf 88' lang='grc' dir='ltr'>ἀπόντος</span> <span class='ocrx_word' id='word_1_724' title='bbox 2873 2193 2966 2247; x_wconf 89' lang='grc' dir='ltr'>τοῦ</span> <span class='ocrx_word' id='word_1_725' title='bbox 2993 2195 3338 2264; x_wconf 73' lang='grc' dir='ltr'>αἰτιωμένου,</span> <span class='ocrx_word' id='word_1_726' title='bbox 3362 2197 3454 2250; x_wconf 78' lang='grc' dir='ltr'>καὶ</span> <span class='ocrx_word' id='word_1_727' title='bbox 3471 2214 3545 2249; x_wconf 85' lang='grc' dir='ltr'>πα</span> <span class='ocrx_word' id='word_1_728' title='bbox 3553 2216 3764 2270; x_wconf 84' lang='grc' dir='ltr'>ραιτου-</span> 
     </span>
    </p>
   </div>
   <div class='ocr_carea' id='block_1_89' title="bbox 2078 2277 3764 2351">
    <p class='ocr_par' dir='ltr' id='par_1_89' title="bbox 2078 2277 3764 2351">
     <span class='ocr_line' id='line_1_89' title="bbox 2078 2277 3764 2351; baseline 0.004 -21"><span class='ocrx_word' id='word_1_729' title='bbox 2078 2279 2242 2351; x_wconf 86' lang='grc' dir='ltr'>μένου</span> <span class='ocrx_word' id='word_1_730' title='bbox 2275 2279 2337 2330; x_wconf 89' lang='grc' dir='ltr'>οὑ</span> <span class='ocrx_word' id='word_1_731' title='bbox 2391 2279 2592 2349; x_wconf 88' lang='grc' dir='ltr'>κρίσιν,</span> <span class='ocrx_word' id='word_1_732' title='bbox 2643 2278 2758 2332; x_wconf 85' lang='grc' dir='ltr'>ἀλλ’</span> <span class='ocrx_word' id='word_1_733' title='bbox 2800 2277 3117 2347; x_wconf 85' lang='grc' dir='ltr'>ἀπέχθειαν,</span> <span class='ocrx_word' id='word_1_734' title='bbox 3160 2278 3450 2342; x_wconf 84' lang='grc' dir='ltr'>καλοῦντος</span> <span class='ocrx_word' id='word_1_735' title='bbox 3501 2281 3764 2348; x_wconf 77' lang='grc' dir='ltr'>δικαστάς</span> 
     </span>
    </p>
   </div>
   <div class='ocr_carea' id='block_1_90' title="bbox 2079 2359 3763 2434">
    <p class='ocr_par' dir='ltr' id='par_1_90' title="bbox 2079 2359 3763 2434">
     <span class='ocr_line' id='line_1_90' title="bbox 2079 2359 3763 2434; baseline 0.004 -23"><span class='ocrx_word' id='word_1_736' title='bbox 2079 2361 2327 2433; x_wconf 88' lang='grc' dir='ltr'>μυρίους,</span> <span class='ocrx_word' id='word_1_737' title='bbox 2359 2361 2648 2415; x_wconf 89' lang='grc' dir='ltr'>ἀνεύθυνον</span> <span class='ocrx_word' id='word_1_738' title='bbox 2673 2362 2864 2414; x_wconf 76' lang='grc' dir='ltr'>ἐαυτὸν</span> <span class='ocrx_word' id='word_1_739' title='bbox 2886 2361 3135 2428; x_wconf 85' lang='grc' dir='ltr'>λέγοντος</span> <span class='ocrx_word' id='word_1_740' title='bbox 3167 2359 3327 2424; x_wconf 82' lang='grc' dir='ltr'>εἶναι,</span> <span class='ocrx_word' id='word_1_741' title='bbox 3360 2363 3579 2434; x_wconf 81' lang='grc' dir='ltr'>ἑτοίμου</span> <span class='ocrx_word' id='word_1_742' title='bbox 3619 2366 3763 2430; x_wconf 76' lang='grc' dir='ltr'>ὁντο;</span> 
     </span>
    </p>
   </div>
   <div class='ocr_carea' id='block_1_91' title="bbox 2074 2445 3764 2517">
    <p class='ocr_par' dir='ltr' id='par_1_91' title="bbox 2074 2445 3764 2517">
     <span class='ocr_line' id='line_1_91' title="bbox 2074 2445 3764 2517; baseline 0.005 -20"><span class='ocrx_word' id='word_1_743' title='bbox 2074 2445 2174 2512; x_wconf 88' lang='grc' dir='ltr'>τῆς</span> <span class='ocrx_word' id='word_1_744' title='bbox 2205 2446 2534 2516; x_wconf 78' lang='grc' dir='ltr'>οἰκουμένης</span> <span class='ocrx_word' id='word_1_745' title='bbox 2569 2446 2849 2517; x_wconf 85' lang='grc' dir='ltr'>παρούσης</span> <span class='ocrx_word' id='word_1_746' title='bbox 2880 2446 3253 2500; x_wconf 82' lang='grc' dir='ltr'>ἀποδύσασθαι</span> <span class='ocrx_word' id='word_1_747' title='bbox 3286 2448 3384 2510; x_wconf 77' lang='grc' dir='ltr'>τάς</span> <span class='ocrx_word' id='word_1_748' title='bbox 3418 2450 3625 2513; x_wconf 86' lang='grc' dir='ltr'>αἰτίας,</span> <span class='ocrx_word' id='word_1_749' title='bbox 3670 2455 3764 2505; x_wconf 72' lang='grc' dir='ltr'>καὶ</span> 
     </span>
    </p>
   </div>
   <div class='ocr_carea' id='block_1_92' title="bbox 2075 2527 3764 2594">
    <p class='ocr_par' dir='ltr' id='par_1_92' title="bbox 2075 2527 3764 2594">
     <span class='ocr_line' id='line_1_92' title="bbox 2075 2527 3764 2594; baseline 0.004 -14"><span class='ocrx_word' id='word_1_750' title='bbox 2075 2527 2244 2594; x_wconf 79' lang='grc' dir='ltr'>δεῖξαι</span> <span class='ocrx_word' id='word_1_751' title='bbox 2275 2529 2465 2582; x_wconf 82' lang='grc' dir='ltr'>ἐαυτὸν</span> <span class='ocrx_word' id='word_1_752' title='bbox 2493 2528 2668 2582; x_wconf 78' lang='grc' dir='ltr'>ἀθῶον</span> <span class='ocrx_word' id='word_1_753' title='bbox 2699 2532 2755 2582; x_wconf 87' lang='grc' dir='ltr'>ἐν</span> <span class='ocrx_word' id='word_1_754' title='bbox 2788 2531 2990 2582; x_wconf 75' lang='grc' dir='ltr'>ἅπασιν</span> <span class='ocrx_word' id='word_1_755' title='bbox 3019 2530 3168 2584; x_wconf 73' lang='grc' dir='ltr'>ὄντα.</span> <span class='ocrx_word' id='word_1_756' title='bbox 3203 2530 3389 2582; x_wconf 83' lang='grc' dir='ltr'>Ταῦτα</span> <span class='ocrx_word' id='word_1_757' title='bbox 3424 2527 3516 2584; x_wconf 79' lang='grc' dir='ltr'>οὖν</span> <span class='ocrx_word' id='word_1_758' title='bbox 3547 2531 3764 2586; x_wconf 75' lang='grc' dir='ltr'>ἅπαντα</span> 
     </span>
    </p>
   </div>
   <div class='ocr_carea' id='block_1_93' title="bbox 2076 2611 3764 2684">
    <p class='ocr_par' dir='ltr' id='par_1_93' title="bbox 2076 2611 3764 2684">
     <span class='ocr_line' id='line_1_93' title="bbox 2076 2611 3764 2684; baseline 0.002 -20"><span class='ocrx_word' id='word_1_759' title='bbox 2076 2613 2423 2683; x_wconf 88' lang='grc' dir='ltr'>λογισάμενοι</span> <span class='ocrx_word' id='word_1_760' title='bbox 2445 2614 2538 2665; x_wconf 75' lang='grc' dir='ltr'>καὶ</span> <span class='ocrx_word' id='word_1_761' title='bbox 2564 2613 2713 2684; x_wconf 80' lang='grc' dir='ltr'>παρὰ</span> <span class='ocrx_word' id='word_1_762' title='bbox 2734 2611 2841 2664; x_wconf 89' lang='grc' dir='ltr'>τῶν</span> <span class='ocrx_word' id='word_1_763' title='bbox 2867 2613 3073 2684; x_wconf 88' lang='grc' dir='ltr'>κυρίων</span> <span class='ocrx_word' id='word_1_764' title='bbox 3103 2631 3202 2683; x_wconf 90' lang='grc' dir='ltr'>μου</span> <span class='ocrx_word' id='word_1_765' title='bbox 3227 2613 3335 2666; x_wconf 90' lang='grc' dir='ltr'>τῶν</span> <span class='ocrx_word' id='word_1_766' title='bbox 3353 2613 3764 2668; x_wconf 65' lang='grc' dir='ltr'>εύλαϐεστάτων</span> 
     </span>
    </p>
   </div>
   <div class='ocr_carea' id='block_1_94' title="bbox 2076 2696 3763 2769">
    <p class='ocr_par' dir='ltr' id='par_1_94' title="bbox 2076 2696 3763 2769">
     <span class='ocr_line' id='line_1_94' title="bbox 2076 2696 3763 2769; baseline 0.002 -20"><span class='ocrx_word' id='word_1_767' title='bbox 2076 2696 2322 2764; x_wconf 76' lang='grc' dir='ltr'>ἀδελφῶν</span> <span class='ocrx_word' id='word_1_768' title='bbox 2347 2697 2506 2766; x_wconf 81' lang='grc' dir='ltr'>ἡμῶν</span> <span class='ocrx_word' id='word_1_769' title='bbox 2531 2697 2846 2749; x_wconf 83' lang='grc' dir='ltr'>ἐπισκόπων</span> <span class='ocrx_word' id='word_1_770' title='bbox 2879 2698 3210 2767; x_wconf 74' lang='grc' dir='ltr'>σαφέστερον</span> <span class='ocrx_word' id='word_1_771' title='bbox 3233 2699 3446 2751; x_wconf 78' lang='grc' dir='ltr'>ἅπαντα</span> <span class='ocrx_word' id='word_1_772' title='bbox 3481 2701 3763 2769; x_wconf 86' lang='grc' dir='ltr'>μαθόντες,</span> 
     </span>
    </p>
   </div>
   <div class='ocr_carea' id='block_1_95' title="bbox 2076 2780 3768 2856">
    <p class='ocr_par' dir='ltr' id='par_1_95' title="bbox 2076 2780 3768 2856">
     <span class='ocr_line' id='line_1_95' title="bbox 2076 2780 3768 2856; baseline 0.005 -25"><span class='ocrx_word' id='word_1_773' title='bbox 2076 2780 2174 2851; x_wconf 77' lang='grc' dir='ltr'>τὴν</span> <span class='ocrx_word' id='word_1_774' title='bbox 2193 2783 2322 2851; x_wconf 80' lang='grc' dir='ltr'>παρ’</span> <span class='ocrx_word' id='word_1_775' title='bbox 2347 2781 2554 2833; x_wconf 78' lang='grc' dir='ltr'>ἑαυτῶν</span> <span class='ocrx_word' id='word_1_776' title='bbox 2579 2783 2912 2850; x_wconf 85' lang='grc' dir='ltr'>εἰσενεγκεῖν</span> <span class='ocrx_word' id='word_1_777' title='bbox 2937 2783 3173 2852; x_wconf 80' lang='grc' dir='ltr'>σπουδὴν</span> <span class='ocrx_word' id='word_1_778' title='bbox 3199 2785 3518 2856; x_wconf 88' lang='grc' dir='ltr'>παρακέκλη</span> <span class='ocrx_word' id='word_1_779' title='bbox 3529 2785 3643 2839; x_wconf 90' lang='grc' dir='ltr'>σθε.</span> <span class='ocrx_word' id='word_1_780' title='bbox 3667 2785 3768 2840; x_wconf 79' lang='grc' dir='ltr'>Οὓ-</span> 
     </span>
    </p>
   </div>
   <div class='ocr_carea' id='block_1_96' title="bbox 2076 2866 3766 2942">
    <p class='ocr_par' dir='ltr' id='par_1_96' title="bbox 2076 2866 3766 2942">
     <span class='ocr_line' id='line_1_96' title="bbox 2076 2866 3766 2942; baseline 0.004 -25"><span class='ocrx_word' id='word_1_781' title='bbox 2076 2883 2154 2917; x_wconf 87' lang='grc' dir='ltr'>τω</span> <span class='ocrx_word' id='word_1_782' title='bbox 2185 2866 2294 2936; x_wconf 71' lang='grc' dir='ltr'>γὰρ</span> <span class='ocrx_word' id='word_1_783' title='bbox 2326 2867 2424 2936; x_wconf 85' lang='grc' dir='ltr'>οὑχ</span> <span class='ocrx_word' id='word_1_784' title='bbox 2457 2869 2590 2936; x_wconf 89' lang='grc' dir='ltr'>ήμῖν</span> <span class='ocrx_word' id='word_1_785' title='bbox 2627 2866 2811 2936; x_wconf 89' lang='grc' dir='ltr'>μόνοις</span> <span class='ocrx_word' id='word_1_786' title='bbox 2839 2867 3153 2938; x_wconf 88' lang='grc' dir='ltr'>χαρίσεσθε,</span> <span class='ocrx_word' id='word_1_787' title='bbox 3191 2869 3326 2921; x_wconf 88' lang='grc' dir='ltr'>ἀλλά</span> <span class='ocrx_word' id='word_1_788' title='bbox 3359 2872 3452 2922; x_wconf 70' lang='grc' dir='ltr'>καὶ</span> <span class='ocrx_word' id='word_1_789' title='bbox 3488 2871 3566 2941; x_wconf 80' lang='grc' dir='ltr'>τῷ</span> <span class='ocrx_word' id='word_1_790' title='bbox 3600 2873 3766 2942; x_wconf 88' lang='grc' dir='ltr'>κοινῷ</span> 
     </span>
    </p>
   </div>
   <div class='ocr_carea' id='block_1_97' title="bbox 2075 2950 3767 3024">
    <p class='ocr_par' dir='ltr' id='par_1_97' title="bbox 2075 2950 3767 3024">
     <span class='ocr_line' id='line_1_97' title="bbox 2075 2950 3767 3024; baseline 0.002 -20"><span class='ocrx_word' id='word_1_791' title='bbox 2075 2951 2184 3004; x_wconf 87' lang='grc' dir='ltr'>τῶν</span> <span class='ocrx_word' id='word_1_792' title='bbox 2217 2951 2573 3022; x_wconf 84' lang='grc' dir='ltr'>Ἐκκλησιῶν,</span> <span class='ocrx_word' id='word_1_793' title='bbox 2603 2952 2696 3003; x_wconf 70' lang='grc' dir='ltr'>καὶ</span> <span class='ocrx_word' id='word_1_794' title='bbox 2717 2951 2808 3003; x_wconf 79' lang='grc' dir='ltr'>τὸν</span> <span class='ocrx_word' id='word_1_795' title='bbox 2836 2953 2988 3021; x_wconf 80' lang='grc' dir='ltr'>παρά</span> <span class='ocrx_word' id='word_1_796' title='bbox 3013 2950 3148 3004; x_wconf 85' lang='grc' dir='ltr'>Θεοῦ</span> <span class='ocrx_word' id='word_1_797' title='bbox 3177 2951 3407 3022; x_wconf 66' lang='grc' dir='ltr'>λήψεσθε</span> <span class='ocrx_word' id='word_1_798' title='bbox 3437 2954 3767 3024; x_wconf 74' lang='grc' dir='ltr'>μισθὸν,τοῖ›</span> 
     </span>
    </p>
   </div>
   <div class='ocr_carea' id='block_1_98' title="bbox 2076 3034 3766 3109">
    <p class='ocr_par' dir='ltr' id='par_1_98' title="bbox 2076 3034 3766 3109">
     <span class='ocr_line' id='line_1_98' title="bbox 2076 3034 3766 3109; baseline 0.002 -20"><span class='ocrx_word' id='word_1_799' title='bbox 2076 3035 2167 3089; x_wconf 73' lang='grc' dir='ltr'>διὰ</span> <span class='ocrx_word' id='word_1_800' title='bbox 2192 3036 2290 3103; x_wconf 83' lang='grc' dir='ltr'>τὴν</span> <span class='ocrx_word' id='word_1_801' title='bbox 2324 3035 2432 3087; x_wconf 83' lang='grc' dir='ltr'>τῶν</span> <span class='ocrx_word' id='word_1_802' title='bbox 2468 3034 2804 3104; x_wconf 86' lang='grc' dir='ltr'>Ἐκκλησιῶν</span> <span class='ocrx_word' id='word_1_803' title='bbox 2835 3037 3058 3106; x_wconf 75' lang='grc' dir='ltr'>εἰρήνην</span> <span class='ocrx_word' id='word_1_804' title='bbox 3083 3037 3258 3089; x_wconf 87' lang='grc' dir='ltr'>πάντα</span> <span class='ocrx_word' id='word_1_805' title='bbox 3292 3038 3571 3101; x_wconf 82' lang='grc' dir='ltr'>ποιοῦντος</span> <span class='ocrx_word' id='word_1_806' title='bbox 3597 3040 3766 3109; x_wconf 86' lang='grc' dir='ltr'>διηνε-</span> 
     </span>
    </p>
   </div>
   <div class='ocr_carea' id='block_1_99' title="bbox 2079 3117 3765 3190">
    <p class='ocr_par' dir='ltr' id='par_1_99' title="bbox 2079 3117 3765 3190">
     <span class='ocr_line' id='line_1_99' title="bbox 2079 3117 3765 3190; baseline -0.004 -8"><span class='ocrx_word' id='word_1_807' title='bbox 2079 3118 2211 3181; x_wconf 84' lang='grc' dir='ltr'>κῶς.</span> <span class='ocrx_word' id='word_1_808' title='bbox 2258 3118 2503 3190; x_wconf 69' lang='grc' dir='ltr'>Ἑγράφη</span> <span class='ocrx_word' id='word_1_809' title='bbox 2554 3117 2610 3170; x_wconf 84' lang='grc' dir='ltr'>δέ</span> <span class='ocrx_word' id='word_1_810' title='bbox 2651 3117 2788 3187; x_wconf 70' lang='grc' dir='ltr'>αὕτη</span> <span class='ocrx_word' id='word_1_811' title='bbox 2841 3120 2936 3171; x_wconf 77' lang='grc' dir='ltr'>καὶ</span> <span class='ocrx_word' id='word_1_812' title='bbox 2988 3119 3122 3189; x_wconf 78' lang='grc' dir='ltr'>πρὸς</span> <span class='ocrx_word' id='word_1_813' title='bbox 3168 3120 3416 3190; x_wconf 84' lang='grc' dir='ltr'>Βενέριον</span> <span class='ocrx_word' id='word_1_814' title='bbox 3465 3124 3765 3178; x_wconf 82' lang='grc' dir='ltr'>ἐπίσκοπον</span> 
     </span>
    </p>
   </div>
   <div class='ocr_carea' id='block_1_100' title="bbox 2077 3201 3768 3279">
    <p class='ocr_par' dir='ltr' id='par_1_100' title="bbox 2077 3201 3768 3279">
     <span class='ocr_line' id='line_1_100' title="bbox 2077 3201 3768 3279; baseline -0.004 -23"><span class='ocrx_word' id='word_1_815' title='bbox 2077 3203 2429 3265; x_wconf 76' lang='grc' dir='ltr'>Μεδιολάνού,</span> <span class='ocrx_word' id='word_1_816' title='bbox 2455 3204 2549 3254; x_wconf 72' lang='grc' dir='ltr'>καὶ</span> <span class='ocrx_word' id='word_1_817' title='bbox 2574 3202 2899 3274; x_wconf 86' lang='grc' dir='ltr'>Χρωμάτιον</span> <span class='ocrx_word' id='word_1_818' title='bbox 2924 3201 3221 3255; x_wconf 87' lang='grc' dir='ltr'>ἐπίσκοπον</span> <span class='ocrx_word' id='word_1_819' title='bbox 3259 3205 3609 3277; x_wconf 85' lang='grc' dir='ltr'>Ἀκυληγίας,</span> <span class='ocrx_word' id='word_1_820' title='bbox 3642 3208 3768 3279; x_wconf 68' lang='grc' dir='ltr'>Ἕῤ.</span> 
     </span>
    </p>
   </div>
   <div class='ocr_carea' id='block_1_101' title="bbox 2081 3288 2614 3358">
    <p class='ocr_par' dir='ltr' id='par_1_101' title="bbox 2081 3288 2614 3358">
     <span class='ocr_line' id='line_1_101' title="bbox 2081 3288 2614 3358; baseline -0.008 -17"><span class='ocrx_word' id='word_1_821' title='bbox 2081 3290 2226 3358; x_wconf 78' lang='grc' dir='ltr'>ῥωσο</span> <span class='ocrx_word' id='word_1_822' title='bbox 2256 3289 2313 3339; x_wconf 86' lang='grc' dir='ltr'>ἐν</span> <span class='ocrx_word' id='word_1_823' title='bbox 2346 3288 2557 3358; x_wconf 86' lang='grc' dir='ltr'>Κυρίῳ.</span> <span class='ocrx_word' id='word_1_824' title='bbox 2596 3306 2614 3337; x_wconf 75' lang='grc' dir='ltr'>ι</span> 
     </span>
    </p>
   </div>
   <div class='ocr_carea' id='block_1_102' title="bbox 2151 3369 3764 3446">
    <p class='ocr_par' dir='ltr' id='par_1_102' title="bbox 2151 3369 3764 3446">
     <span class='ocr_line' id='line_1_102' title="bbox 2151 3369 3764 3446; baseline 0.003 -22"><span class='ocrx_word' id='word_1_825' title='bbox 2151 3372 2308 3424; x_wconf 78' lang='grc' dir='ltr'>ΚΕΦ.</span> <span class='ocrx_word' id='word_1_826' title='bbox 2351 3371 2424 3426; x_wconf 86' lang='grc' dir='ltr'>Γ’.</span> <span class='ocrx_word' id='word_1_827' title='bbox 2454 3400 2524 3410; x_wconf 89' lang='lat'>—-</span> <span class='ocrx_word' id='word_1_828' title='bbox 2549 3369 2694 3440; x_wconf 68' lang='grc' dir='ltr'>Πρὸς</span> <span class='ocrx_word' id='word_1_829' title='bbox 2726 3369 2938 3432; x_wconf 86' lang='grc' dir='ltr'>τούτοις</span> <span class='ocrx_word' id='word_1_830' title='bbox 2977 3369 3394 3425; x_wconf 88' lang='grc' dir='ltr'>ἀνταπέστειλεν</span> <span class='ocrx_word' id='word_1_831' title='bbox 3426 3375 3454 3427; x_wconf 75' lang='lat'>6</span> <span class='ocrx_word' id='word_1_832' title='bbox 3498 3378 3764 3446; x_wconf 84' lang='grc' dir='ltr'>μακάριος</span> 
     </span>
    </p>
   </div>
   <div class='ocr_carea' id='block_1_103' title="bbox 2094 3454 3765 3530">
    <p class='ocr_par' dir='ltr' id='par_1_103' title="bbox 2094 3454 3765 3530">
     <span class='ocr_line' id='line_1_103' title="bbox 2094 3454 3765 3530; baseline 0.001 -20"><span class='ocrx_word' id='word_1_833' title='bbox 2094 3455 2436 3518; x_wconf 86' lang='grc' dir='ltr'>Ίννοκέντιος</span> <span class='ocrx_word' id='word_1_834' title='bbox 2465 3457 2493 3507; x_wconf 97' lang='lat'>6</span> <span class='ocrx_word' id='word_1_835' title='bbox 2519 3455 2706 3517; x_wconf 86' lang='grc' dir='ltr'>πάπας</span> <span class='ocrx_word' id='word_1_836' title='bbox 2733 3454 3065 3526; x_wconf 66' lang='grc' dir='ltr'>ἀμφοτέροις</span> <span class='ocrx_word' id='word_1_837' title='bbox 3091 3458 3203 3518; x_wconf 89' lang='grc' dir='ltr'>τοῖς</span> <span class='ocrx_word' id='word_1_838' title='bbox 3231 3456 3421 3528; x_wconf 88' lang='grc' dir='ltr'>μέρεσι</span> <span class='ocrx_word' id='word_1_839' title='bbox 3447 3461 3515 3509; x_wconf 81' lang='grc' dir='ltr'>τά</span> <span class='ocrx_word' id='word_1_840' title='bbox 3546 3458 3636 3512; x_wconf 80' lang='grc' dir='ltr'>ἴσα</span> <span class='ocrx_word' id='word_1_841' title='bbox 3664 3460 3765 3530; x_wconf 76' lang='grc' dir='ltr'>τῆς</span> 
     </span>
    </p>
   </div>
   <div class='ocr_carea' id='block_1_104' title="bbox 2081 3538 3768 3616">
    <p class='ocr_par' dir='ltr' id='par_1_104' title="bbox 2081 3538 3768 3616">
     <span class='ocr_line' id='line_1_104' title="bbox 2081 3538 3768 3616; baseline 0.002 -22"><span class='ocrx_word' id='word_1_842' title='bbox 2081 3540 2386 3605; x_wconf 89' lang='grc' dir='ltr'>κοινωνίας,</span> <span class='ocrx_word' id='word_1_843' title='bbox 2404 3539 2673 3609; x_wconf 86' lang='grc' dir='ltr'>ἀθετήσας</span> <span class='ocrx_word' id='word_1_844' title='bbox 2691 3539 2788 3609; x_wconf 82' lang='grc' dir='ltr'>τήν</span> <span class='ocrx_word' id='word_1_845' title='bbox 2808 3538 3037 3604; x_wconf 82' lang='grc' dir='ltr'>δόξασαν</span> <span class='ocrx_word' id='word_1_846' title='bbox 3064 3541 3393 3611; x_wconf 82' lang='grc' dir='ltr'>γεγενῆσθαι</span> <span class='ocrx_word' id='word_1_847' title='bbox 3418 3543 3599 3614; x_wconf 86' lang='grc' dir='ltr'>κρίσιν</span> <span class='ocrx_word' id='word_1_848' title='bbox 3617 3547 3768 3616; x_wconf 64' lang='grc' dir='ltr'>παρὰ</span> 
     </span>
    </p>
   </div>
   <div class='ocr_carea' id='block_1_105' title="bbox 2080 3623 3766 3698">
    <p class='ocr_par' dir='ltr' id='par_1_105' title="bbox 2080 3623 3766 3698">
     <span class='ocr_line' id='line_1_105' title="bbox 2080 3623 3766 3698; baseline -0.002 -19"><span class='ocrx_word' id='word_1_849' title='bbox 2080 3625 2361 3692; x_wconf 64' lang='grc' dir='ltr'>Θεοφίλου,</span> <span class='ocrx_word' id='word_1_850' title='bbox 2389 3623 2559 3678; x_wconf 85' lang='grc' dir='ltr'>εἰπὼν</span> <span class='ocrx_word' id='word_1_851' title='bbox 2587 3623 2696 3676; x_wconf 86' lang='grc' dir='ltr'>δεῖν</span> <span class='ocrx_word' id='word_1_852' title='bbox 2719 3625 2910 3694; x_wconf 82' lang='grc' dir='ltr'>ἑτέραν</span> <span class='ocrx_word' id='word_1_853' title='bbox 2935 3624 3302 3695; x_wconf 89' lang='grc' dir='ltr'>ἀνεπίληπτον</span> <span class='ocrx_word' id='word_1_854' title='bbox 3329 3631 3766 3698; x_wconf 77' lang='grc' dir='ltr'>συγκροτηοῆναι</span> 
     </span>
    </p>
   </div>
   <div class='ocr_carea' id='block_1_106' title="bbox 2085 3707 3766 3780">
    <p class='ocr_par' dir='ltr' id='par_1_106' title="bbox 2085 3707 3766 3780">
     <span class='ocr_line' id='line_1_106' title="bbox 2085 3707 3766 3780; baseline 0.002 -17"><span class='ocrx_word' id='word_1_855' title='bbox 2085 3710 2300 3763; x_wconf 89' lang='grc' dir='ltr'>σύνοδον</span> <span class='ocrx_word' id='word_1_856' title='bbox 2333 3708 2576 3760; x_wconf 85' lang='grc' dir='ltr'>Δυτικῶν</span> <span class='ocrx_word' id='word_1_857' title='bbox 2602 3723 2660 3759; x_wconf 89' lang='grc' dir='ltr'>τε</span> <span class='ocrx_word' id='word_1_858' title='bbox 2692 3707 3184 3770; x_wconf 74' lang='grc' dir='ltr'>καὶἈνατολικῶν,</span> <span class='ocrx_word' id='word_1_859' title='bbox 3217 3709 3647 3780; x_wconf 84' lang='grc' dir='ltr'>ὑποχωρούντων</span> <span class='ocrx_word' id='word_1_860' title='bbox 3672 3715 3766 3766; x_wconf 70' lang='grc' dir='ltr'>τοῦ</span> 
     </span>
    </p>
   </div>
   <div class='ocr_carea' id='block_1_107' title="bbox 2084 3779 3767 3868">
    <p class='ocr_par' dir='ltr' id='par_1_107' title="bbox 2084 3779 3767 3868">
     <span class='ocr_line' id='line_1_107' title="bbox 2084 3779 3767 3868; baseline 0 -20"><span class='ocrx_word' id='word_1_861' title='bbox 2084 3794 2361 3864; x_wconf 87' lang='grc' dir='ltr'>συνεδρίου</span> <span class='ocrx_word' id='word_1_862' title='bbox 2406 3792 2576 3860; x_wconf 84' lang='grc' dir='ltr'>φίλων</span> <span class='ocrx_word' id='word_1_863' title='bbox 2612 3792 2848 3863; x_wconf 85' lang='grc' dir='ltr'>πρῶτον,</span> <span class='ocrx_word' id='word_1_864' title='bbox 2884 3792 3074 3845; x_wconf 77' lang='grc' dir='ltr'>ἔπειτα</span> <span class='ocrx_word' id='word_1_865' title='bbox 3109 3794 3202 3846; x_wconf 76' lang='grc' dir='ltr'>καὶ</span> <span class='ocrx_word' id='word_1_866' title='bbox 3238 3779 3475 3865; x_wconf 82' lang='grc' dir='ltr'>ἐχθρῶν·</span> <span class='ocrx_word' id='word_1_867' title='bbox 3508 3795 3627 3850; x_wconf 86' lang='grc' dir='ltr'>οὑδέ</span> <span class='ocrx_word' id='word_1_868' title='bbox 3659 3798 3767 3868; x_wconf 79' lang='grc' dir='ltr'>γάρ</span> 
     </span>
    </p>
   </div>
   <div class='ocr_carea' id='block_1_108' title="bbox 2083 3875 3768 3950">
    <p class='ocr_par' dir='ltr' id='par_1_108' title="bbox 2083 3875 3768 3950">
     <span class='ocr_line' id='line_1_108' title="bbox 2083 3875 3768 3950; baseline -0.006 -18"><span class='ocrx_word' id='word_1_869' title='bbox 2083 3882 2211 3950; x_wconf 88' lang='grc' dir='ltr'>παρ’</span> <span class='ocrx_word' id='word_1_870' title='bbox 2242 3876 2542 3948; x_wconf 81' lang='grc' dir='ltr'>ὁποτέρων,</span> <span class='ocrx_word' id='word_1_871' title='bbox 2573 3875 2648 3937; x_wconf 83' lang='grc' dir='ltr'>ὼς</span> <span class='ocrx_word' id='word_1_872' title='bbox 2670 3877 2765 3929; x_wconf 77' lang='grc' dir='ltr'>ἐπὶ</span> <span class='ocrx_word' id='word_1_873' title='bbox 2788 3875 2850 3928; x_wconf 80' lang='grc' dir='ltr'>τὸ</span> <span class='ocrx_word' id='word_1_874' title='bbox 2878 3875 3150 3937; x_wconf 89' lang='grc' dir='ltr'>πλεῖστον,</span> <span class='ocrx_word' id='word_1_875' title='bbox 3176 3876 3334 3947; x_wconf 75' lang='grc' dir='ltr'>ὀρθὸν</span> <span class='ocrx_word' id='word_1_876' title='bbox 3355 3878 3534 3930; x_wconf 69' lang='grc' dir='ltr'>αὐτῶν</span> <span class='ocrx_word' id='word_1_877' title='bbox 3560 3881 3678 3932; x_wconf 78' lang='grc' dir='ltr'>ἐστι</span> <span class='ocrx_word' id='word_1_878' title='bbox 3706 3882 3768 3932; x_wconf 56' lang='grc' dir='ltr'>τὸ</span> 
     </span>
    </p>
   </div>
   <div class='ocr_carea' id='block_1_109' title="bbox 2082 3958 3768 4036">
    <p class='ocr_par' dir='ltr' id='par_1_109' title="bbox 2082 3958 3768 4036">
     <span class='ocr_line' id='line_1_109' title="bbox 2082 3958 3768 4036; baseline -0.002 -18"><span class='ocrx_word' id='word_1_879' title='bbox 2082 3965 2386 4036; x_wconf 87' lang='grc' dir='ltr'>κριτήριον.</span> <span class='ocrx_word' id='word_1_880' title='bbox 2406 3960 2539 4013; x_wconf 79' lang='grc' dir='ltr'>Μετ’</span> <span class='ocrx_word' id='word_1_881' title='bbox 2563 3959 2747 4027; x_wconf 78' lang='grc' dir='ltr'>ὀλίγας</span> <span class='ocrx_word' id='word_1_882' title='bbox 2775 3959 2935 4036; x_wconf 85' lang='grc' dir='ltr'>πάλιν</span> <span class='ocrx_word' id='word_1_883' title='bbox 2952 3958 3164 4030; x_wconf 76' lang='grc' dir='ltr'>ἡμέρας</span> <span class='ocrx_word' id='word_1_884' title='bbox 3190 3961 3393 4030; x_wconf 87' lang='grc' dir='ltr'>ἐπέστη</span> <span class='ocrx_word' id='word_1_885' title='bbox 3419 3979 3500 4024; x_wconf 89' lang='grc' dir='ltr'>τις</span> <span class='ocrx_word' id='word_1_886' title='bbox 3528 3964 3768 4034; x_wconf 77' lang='grc' dir='ltr'>πρεσϐύ·</span> 
     </span>
    </p>
   </div>
   <div class='ocr_carea' id='block_1_110' title="bbox 2081 4034 3768 4119">
    <p class='ocr_par' dir='ltr' id='par_1_110' title="bbox 2081 4034 3768 4119">
     <span class='ocr_line' id='line_1_110' title="bbox 2081 4034 3768 4119; baseline 0 -20"><span class='ocrx_word' id='word_1_887' title='bbox 2081 4034 2239 4119; x_wconf 82' lang='grc' dir='ltr'>τερος</span> <span class='ocrx_word' id='word_1_888' title='bbox 2281 4041 2540 4113; x_wconf 81' lang='grc' dir='ltr'>Θεοφίλου</span> <span class='ocrx_word' id='word_1_889' title='bbox 2587 4041 2815 4110; x_wconf 81' lang='grc' dir='ltr'>Πέτρος,</span> <span class='ocrx_word' id='word_1_890' title='bbox 2857 4034 2974 4104; x_wconf 75' lang='grc' dir='ltr'>ἅμα</span> <span class='ocrx_word' id='word_1_891' title='bbox 3063 4044 3368 4115; x_wconf 83' lang='grc' dir='ltr'>Μαρτυρίῳ</span> <span class='ocrx_word' id='word_1_892' title='bbox 3405 4045 3636 4117; x_wconf 72' lang='grc' dir='ltr'>διακόνῳ</span> <span class='ocrx_word' id='word_1_893' title='bbox 3667 4049 3768 4117; x_wconf 78' lang='grc' dir='ltr'>τῆς</span> 
     </span>
    </p>
   </div>
   <div class='ocr_carea' id='block_1_111' title="bbox 2083 4125 3770 4196">
    <p class='ocr_par' dir='ltr' id='par_1_111' title="bbox 2083 4125 3770 4196">
     <span class='ocr_line' id='line_1_111' title="bbox 2083 4125 3770 4196; baseline 0.002 -14"><span class='ocrx_word' id='word_1_894' title='bbox 2083 4125 2734 4182; x_wconf 79' lang='grc' dir='ltr'>Κωνσταντινουπολιτῶν</span> <span class='ocrx_word' id='word_1_895' title='bbox 2779 4125 3106 4193; x_wconf 76' lang='grc' dir='ltr'>Ἑκκλησῖας</span> <span class='ocrx_word' id='word_1_896' title='bbox 3126 4169 3140 4192; x_wconf 89' lang='grc'>,</span> <span class='ocrx_word' id='word_1_897' title='bbox 3175 4128 3452 4192; x_wconf 88' lang='grc' dir='ltr'>ἐπιδόντες</span> <span class='ocrx_word' id='word_1_898' title='bbox 3479 4131 3770 4196; x_wconf 76' lang='grc' dir='ltr'>ἐπιστολὰς</span> 
     </span>
    </p>
   </div>
   <div class='ocr_carea' id='block_1_112' title="bbox 2083 4206 3765 4281">
    <p class='ocr_par' dir='ltr' id='par_1_112' title="bbox 2083 4206 3765 4281">
     <span class='ocr_line' id='line_1_112' title="bbox 2083 4206 3765 4281; baseline 0.002 -15"><span class='ocrx_word' id='word_1_899' title='bbox 2083 4213 2176 4266; x_wconf 86' lang='grc' dir='ltr'>τοῦ</span> <span class='ocrx_word' id='word_1_900' title='bbox 2208 4211 2395 4276; x_wconf 85' lang='grc' dir='ltr'>αὑτοῦ,</span> <span class='ocrx_word' id='word_1_901' title='bbox 2433 4209 2527 4262; x_wconf 85' lang='grc' dir='ltr'>καί</span> <span class='ocrx_word' id='word_1_902' title='bbox 2572 4227 2694 4262; x_wconf 87' lang='grc' dir='ltr'>τινα</span> <span class='ocrx_word' id='word_1_903' title='bbox 2727 4209 3118 4281; x_wconf 88' lang='grc' dir='ltr'>ὑπομνημάτια</span> <span class='ocrx_word' id='word_1_904' title='bbox 3157 4209 3337 4280; x_wconf 84' lang='grc' dir='ltr'>δῆθεν,</span> <span class='ocrx_word' id='word_1_905' title='bbox 3376 4212 3434 4264; x_wconf 92' lang='grc' dir='ltr'>ἐν</span> <span class='ocrx_word' id='word_1_906' title='bbox 3482 4206 3563 4275; x_wconf 74' lang='grc' dir='ltr'>οἷς</span> <span class='ocrx_word' id='word_1_907' title='bbox 3593 4214 3765 4271; x_wconf 74' lang='grc' dir='ltr'>ἐδόκει</span> 
     </span>
    </p>
   </div>
   <div class='ocr_carea' id='block_1_113' title="bbox 2084 4293 3769 4367">
    <p class='ocr_par' dir='ltr' id='par_1_113' title="bbox 2084 4293 3769 4367">
     <span class='ocr_line' id='line_1_113' title="bbox 2084 4293 3769 4367; baseline 0.002 -19"><span class='ocrx_word' id='word_1_908' title='bbox 2084 4294 2519 4366; x_wconf 90' lang='grc' dir='ltr'>κατακεκρίσθαι</span> <span class='ocrx_word' id='word_1_909' title='bbox 2535 4297 2562 4348; x_wconf 95' lang='grc' dir='ltr'>ὁ</span> <span class='ocrx_word' id='word_1_910' title='bbox 2599 4294 2853 4365; x_wconf 85' lang='grc' dir='ltr'>Ἰωάννης</span> <span class='ocrx_word' id='word_1_911' title='bbox 2870 4311 2946 4348; x_wconf 89' lang='grc' dir='ltr'>πα</span> <span class='ocrx_word' id='word_1_912' title='bbox 2955 4294 3018 4364; x_wconf 77' lang='grc' dir='ltr'>ρὰ</span> <span class='ocrx_word' id='word_1_913' title='bbox 3035 4293 3330 4364; x_wconf 86' lang='grc' dir='ltr'>τριάκοντα</span> <span class='ocrx_word' id='word_1_914' title='bbox 3346 4296 3403 4361; x_wconf 78' lang='grc' dir='ltr'>ἐξ</span> <span class='ocrx_word' id='word_1_915' title='bbox 3429 4299 3769 4367; x_wconf 68' lang='grc' dir='ltr'>ἐπισκόπων,</span> 
     </span>
    </p>
   </div>
   <div class='ocr_carea' id='block_1_114' title="bbox 2083 4373 3767 4451">
    <p class='ocr_par' dir='ltr' id='par_1_114' title="bbox 2083 4373 3767 4451">
     <span class='ocr_line' id='line_1_114' title="bbox 2083 4373 3767 4451; baseline 0.001 -17"><span class='ocrx_word' id='word_1_916' title='bbox 2083 4373 2160 4433; x_wconf 81' lang='grc' dir='ltr'>ὧν</span> <span class='ocrx_word' id='word_1_917' title='bbox 2192 4383 2239 4434; x_wconf 90' lang='grc' dir='ltr'>οἱ</span> <span class='ocrx_word' id='word_1_918' title='bbox 2277 4382 2376 4451; x_wconf 89' lang='grc' dir='ltr'>μέν</span> <span class='ocrx_word' id='word_1_919' title='bbox 2404 4379 2732 4432; x_wconf 87' lang='grc' dir='ltr'>εἰκοσιεννέα</span> <span class='ocrx_word' id='word_1_920' title='bbox 2759 4373 2899 4448; x_wconf 86' lang='grc' dir='ltr'>ἦσαν</span> <span class='ocrx_word' id='word_1_921' title='bbox 2929 4377 3250 4446; x_wconf 82' lang='grc' dir='ltr'>Αἰγύπτιοι,</span> <span class='ocrx_word' id='word_1_922' title='bbox 3281 4379 3421 4432; x_wconf 81' lang='grc' dir='ltr'>ἑπτά</span> <span class='ocrx_word' id='word_1_923' title='bbox 3447 4380 3504 4432; x_wconf 85' lang='grc' dir='ltr'>δέ</span> <span class='ocrx_word' id='word_1_924' title='bbox 3537 4381 3643 4434; x_wconf 86' lang='grc' dir='ltr'>τῶν</span> <span class='ocrx_word' id='word_1_925' title='bbox 3670 4383 3767 4436; x_wconf 77' lang='grc' dir='ltr'>ἄλο</span> 
     </span>
    </p>
   </div>
   <div class='ocr_carea' id='block_1_115' title="bbox 2083 4458 3768 4534">
    <p class='ocr_par' dir='ltr' id='par_1_115' title="bbox 2083 4458 3768 4534">
     <span class='ocr_line' id='line_1_115' title="bbox 2083 4458 3768 4534; baseline -0.006 -16"><span class='ocrx_word' id='word_1_926' title='bbox 2083 4465 2191 4518; x_wconf 91' lang='grc' dir='ltr'>λων</span> <span class='ocrx_word' id='word_1_927' title='bbox 2224 4463 2527 4534; x_wconf 89' lang='grc' dir='ltr'>κλιμάτων.</span> <span class='ocrx_word' id='word_1_928' title='bbox 2558 4458 2652 4526; x_wconf 77' lang='grc' dir='ltr'>Οἷς</span> <span class='ocrx_word' id='word_1_929' title='bbox 2694 4463 3083 4532; x_wconf 85' lang='grc' dir='ltr'>ὑπομνήμασιν</span> <span class='ocrx_word' id='word_1_930' title='bbox 3112 4461 3350 4531; x_wconf 89' lang='grc' dir='ltr'>ἐντυχὼν</span> <span class='ocrx_word' id='word_1_931' title='bbox 3379 4464 3407 4514; x_wconf 90' lang='grc' dir='ltr'>ὁ</span> <span class='ocrx_word' id='word_1_932' title='bbox 3443 4464 3632 4528; x_wconf 82' lang='grc' dir='ltr'>πάπας</span> <span class='ocrx_word' id='word_1_933' title='bbox 3670 4467 3768 4520; x_wconf 83' lang='grc' dir='ltr'>Ἰν-</span> 
     </span>
    </p>
   </div>
   <div class='ocr_carea' id='block_1_116' title="bbox 2084 4545 3766 4621">
    <p class='ocr_par' dir='ltr' id='par_1_116' title="bbox 2084 4545 3766 4621">
     <span class='ocr_line' id='line_1_116' title="bbox 2084 4545 3766 4621; baseline 0 -18"><span class='ocrx_word' id='word_1_934' title='bbox 2084 4549 2388 4614; x_wconf 85' lang='grc' dir='ltr'>νοκέντιος,</span> <span class='ocrx_word' id='word_1_935' title='bbox 2435 4549 2530 4602; x_wconf 81' lang='grc' dir='ltr'>καὶ</span> <span class='ocrx_word' id='word_1_936' title='bbox 2559 4547 2733 4620; x_wconf 86' lang='grc' dir='ltr'>εὑρὼν</span> <span class='ocrx_word' id='word_1_937' title='bbox 2774 4550 2911 4619; x_wconf 89' lang='grc' dir='ltr'>μήτε</span> <span class='ocrx_word' id='word_1_938' title='bbox 2949 4545 3051 4609; x_wconf 80' lang='grc' dir='ltr'>τὰς</span> <span class='ocrx_word' id='word_1_939' title='bbox 3088 4546 3269 4610; x_wconf 78' lang='grc' dir='ltr'>αἰτίας</span> <span class='ocrx_word' id='word_1_940' title='bbox 3311 4546 3475 4610; x_wconf 75' lang='grc' dir='ltr'>οὔσας</span> <span class='ocrx_word' id='word_1_941' title='bbox 3504 4548 3766 4621; x_wconf 80' lang='grc' dir='ltr'>βαρείας,</span> 
     </span>
    </p>
   </div>
   <div class='ocr_carea' id='block_1_117' title="bbox 2090 4631 3766 4705">
    <p class='ocr_par' dir='ltr' id='par_1_117' title="bbox 2090 4631 3766 4705">
     <span class='ocr_line' id='line_1_117' title="bbox 2090 4631 3766 4705; baseline -0.001 -18"><span class='ocrx_word' id='word_1_942' title='bbox 2090 4635 2228 4705; x_wconf 87' lang='grc' dir='ltr'>μήτε</span> <span class='ocrx_word' id='word_1_943' title='bbox 2255 4634 2346 4686; x_wconf 86' lang='grc' dir='ltr'>τὸν</span> <span class='ocrx_word' id='word_1_944' title='bbox 2393 4633 2647 4702; x_wconf 89' lang='grc' dir='ltr'>Ἰωάννην</span> <span class='ocrx_word' id='word_1_945' title='bbox 2679 4631 2923 4702; x_wconf 87' lang='grc' dir='ltr'>παρόντα</span> <span class='ocrx_word' id='word_1_946' title='bbox 2950 4631 3043 4682; x_wconf 75' lang='grc' dir='ltr'>καὶ</span> <span class='ocrx_word' id='word_1_947' title='bbox 3073 4631 3217 4683; x_wconf 88' lang='grc' dir='ltr'>κατά</span> <span class='ocrx_word' id='word_1_948' title='bbox 3245 4631 3536 4702; x_wconf 89' lang='grc' dir='ltr'>πρόσωπον</span> <span class='ocrx_word' id='word_1_949' title='bbox 3572 4633 3766 4704; x_wconf 84' lang='grc' dir='ltr'>ἐλεγχ-</span> 
     </span>
    </p>
   </div>
   <div class='ocr_carea' id='block_1_118' title="bbox 2086 4713 3768 4786">
    <p class='ocr_par' dir='ltr' id='par_1_118' title="bbox 2086 4713 3768 4786">
     <span class='ocr_line' id='line_1_118' title="bbox 2086 4713 3768 4786; baseline -0.004 -14"><span class='ocrx_word' id='word_1_950' title='bbox 2086 4719 2266 4782; x_wconf 88' lang='grc' dir='ltr'>θέντα,</span> <span class='ocrx_word' id='word_1_951' title='bbox 2300 4716 2490 4786; x_wconf 80' lang='grc' dir='ltr'>ἔμενεν</span> <span class='ocrx_word' id='word_1_952' title='bbox 2545 4713 2927 4785; x_wconf 73' lang='grc' dir='ltr'>κατασυρίξων</span> <span class='ocrx_word' id='word_1_953' title='bbox 2965 4714 3063 4784; x_wconf 84' lang='grc' dir='ltr'>τῆς</span> <span class='ocrx_word' id='word_1_954' title='bbox 3111 4714 3366 4783; x_wconf 81' lang='grc' dir='ltr'>Θεοφίλου</span> <span class='ocrx_word' id='word_1_955' title='bbox 3417 4717 3635 4786; x_wconf 89' lang='grc' dir='ltr'>μανίας,</span> <span class='ocrx_word' id='word_1_956' title='bbox 3684 4720 3768 4773; x_wconf 75' lang='grc' dir='ltr'>ὅτε</span> 
     </span>
    </p>
   </div>
   <div class='ocr_carea' id='block_1_119' title="bbox 2085 4798 3770 4872">
    <p class='ocr_par' dir='ltr' id='par_1_119' title="bbox 2085 4798 3770 4872">
     <span class='ocr_line' id='line_1_119' title="bbox 2085 4798 3770 4872; baseline -0.006 -15"><span class='ocrx_word' id='word_1_957' title='bbox 2085 4803 2227 4858; x_wconf 86' lang='grc' dir='ltr'>κατά</span> <span class='ocrx_word' id='word_1_958' title='bbox 2246 4802 2478 4863; x_wconf 83' lang='grc' dir='ltr'>ἀπόντος</span> <span class='ocrx_word' id='word_1_959' title='bbox 2493 4800 2748 4870; x_wconf 88' lang='grc' dir='ltr'>τοιαύτην</span> <span class='ocrx_word' id='word_1_960' title='bbox 2775 4800 3054 4868; x_wconf 87' lang='grc' dir='ltr'>ἀπότομον</span> <span class='ocrx_word' id='word_1_961' title='bbox 3074 4798 3337 4869; x_wconf 82' lang='grc' dir='ltr'>ἐξέϐρασε</span> <span class='ocrx_word' id='word_1_962' title='bbox 3369 4799 3566 4872; x_wconf 77' lang='grc' dir='ltr'>ψῆφον.</span> <span class='ocrx_word' id='word_1_963' title='bbox 3609 4804 3770 4856; x_wconf 77' lang='grc' dir='ltr'>Ἀπο-</span> 
     </span>
    </p>
   </div>
   <div class='ocr_carea' id='block_1_120' title="bbox 2084 4881 3762 4958">
    <p class='ocr_par' dir='ltr' id='par_1_120' title="bbox 2084 4881 3762 4958">
     <span class='ocr_line' id='line_1_120' title="bbox 2084 4881 3762 4958; baseline 0 -20"><span class='ocrx_word' id='word_1_964' title='bbox 2084 4885 2252 4949; x_wconf 89' lang='grc' dir='ltr'>λύσας</span> <span class='ocrx_word' id='word_1_965' title='bbox 2290 4881 2384 4938; x_wconf 84' lang='grc' dir='ltr'>οὖν</span> <span class='ocrx_word' id='word_1_966' title='bbox 2409 4885 2604 4946; x_wconf 78' lang='grc' dir='ltr'>αὐτοὺς</span> <span class='ocrx_word' id='word_1_967' title='bbox 2633 4882 2772 4953; x_wconf 85' lang='grc' dir='ltr'>μετά</span> <span class='ocrx_word' id='word_1_968' title='bbox 2810 4882 3144 4950; x_wconf 87' lang='grc' dir='ltr'>ἐλεγκτικῶν</span> <span class='ocrx_word' id='word_1_969' title='bbox 3175 4888 3540 4953; x_wconf 83' lang='grc' dir='ltr'>γραμμάτων.</span> <span class='ocrx_word' id='word_1_970' title='bbox 3567 4885 3762 4958; x_wconf 81' lang='grc' dir='ltr'>ηὑχετε</span> 
     </span>
    </p>
   </div>
   <div class='ocr_carea' id='block_1_121' title="bbox 2083 4966 3768 5042">
    <p class='ocr_par' dir='ltr' id='par_1_121' title="bbox 2083 4966 3768 5042">
     <span class='ocr_line' id='line_1_121' title="bbox 2083 4966 3768 5042; baseline 0 -20"><span class='ocrx_word' id='word_1_971' title='bbox 2083 4970 2176 5022; x_wconf 74' lang='grc' dir='ltr'>τὸν</span> <span class='ocrx_word' id='word_1_972' title='bbox 2201 4969 2333 5021; x_wconf 83' lang='grc' dir='ltr'>Θεὸν</span> <span class='ocrx_word' id='word_1_973' title='bbox 2380 4966 2636 5021; x_wconf 79' lang='grc' dir='ltr'>ἱκετεύων</span> <span class='ocrx_word' id='word_1_974' title='bbox 2667 4967 2806 5037; x_wconf 78' lang='grc' dir='ltr'>μετὰ</span> <span class='ocrx_word' id='word_1_975' title='bbox 2853 4969 3137 5038; x_wconf 88' lang='grc' dir='ltr'>νηστείας,</span> <span class='ocrx_word' id='word_1_976' title='bbox 3172 4968 3266 5021; x_wconf 78' lang='grc' dir='ltr'>καὶ</span> <span class='ocrx_word' id='word_1_977' title='bbox 3298 4969 3396 5038; x_wconf 80' lang='grc' dir='ltr'>τῆς</span> <span class='ocrx_word' id='word_1_978' title='bbox 3441 4969 3768 5042; x_wconf 88' lang='grc' dir='ltr'>Ἐκκλησίας</span> 
     </span>
    </p>
   </div>
   <div class='ocr_carea' id='block_1_122' title="bbox 2086 5051 3771 5126">
    <p class='ocr_par' dir='ltr' id='par_1_122' title="bbox 2086 5051 3771 5126">
     <span class='ocr_line' id='line_1_122' title="bbox 2086 5051 3771 5126; baseline 0.001 -20"><span class='ocrx_word' id='word_1_979' title='bbox 2086 5053 2465 5125; x_wconf 86' lang='grc' dir='ltr'>παραλυθῆναι</span> <span class='ocrx_word' id='word_1_980' title='bbox 2492 5053 2590 5122; x_wconf 85' lang='grc' dir='ltr'>μὲν</span> <span class='ocrx_word' id='word_1_981' title='bbox 2612 5051 2710 5123; x_wconf 82' lang='grc' dir='ltr'>τὴν</span> <span class='ocrx_word' id='word_1_982' title='bbox 2734 5051 3102 5121; x_wconf 86' lang='grc' dir='ltr'>διχοστασίαν,</span> <span class='ocrx_word' id='word_1_983' title='bbox 3133 5054 3571 5124; x_wconf 78' lang='grc' dir='ltr'>συναρμοσθῆναι</span> <span class='ocrx_word' id='word_1_984' title='bbox 3589 5055 3646 5108; x_wconf 88' lang='grc' dir='ltr'>δὲ</span> <span class='ocrx_word' id='word_1_985' title='bbox 3668 5055 3771 5126; x_wconf 74' lang='grc' dir='ltr'>τὴν</span> 
     </span>
    </p>
   </div>
   <div class='ocr_carea' id='block_1_123' title="bbox 2086 5133 3662 5208">
    <p class='ocr_par' dir='ltr' id='par_1_123' title="bbox 2086 5133 3662 5208">
     <span class='ocr_line' id='line_1_123' title="bbox 2086 5133 3662 5208; baseline -0.003 -17"><span class='ocrx_word' id='word_1_986' title='bbox 2086 5137 2458 5208; x_wconf 76' lang='grc' dir='ltr'>φιλαδελφίαν.</span> <span class='ocrx_word' id='word_1_987' title='bbox 2486 5133 2596 5189; x_wconf 84' lang='grc' dir='ltr'>Ἦν</span> <span class='ocrx_word' id='word_1_988' title='bbox 2625 5135 2683 5188; x_wconf 77' lang='grc' dir='ltr'>δὲ</span> <span class='ocrx_word' id='word_1_989' title='bbox 2709 5137 2809 5206; x_wconf 85' lang='grc' dir='ltr'>τῆς</span> <span class='ocrx_word' id='word_1_990' title='bbox 2836 5135 3128 5205; x_wconf 82' lang='grc' dir='ltr'>ἐπιστολῆς</span> <span class='ocrx_word' id='word_1_991' title='bbox 3160 5138 3194 5206; x_wconf 92' lang='grc' dir='ltr'>ή</span> <span class='ocrx_word' id='word_1_992' title='bbox 3230 5135 3461 5206; x_wconf 89' lang='grc' dir='ltr'>δύναμις</span> <span class='ocrx_word' id='word_1_993' title='bbox 3487 5136 3626 5208; x_wconf 83' lang='grc' dir='ltr'>αῦτη</span> <span class='ocrx_word' id='word_1_994' title='bbox 3646 5154 3662 5169; x_wconf 79' lang='grc' dir='ltr'><strong>ο</strong></span> 
     </span>
    </p>
   </div>
   <div class='ocr_carea' id='block_1_124' title="bbox 2163 5219 3769 5290">
    <p class='ocr_par' dir='ltr' id='par_1_124' title="bbox 2163 5219 3769 5290">
     <span class='ocr_line' id='line_1_124' title="bbox 2163 5219 3769 5290; baseline 0.002 -17"><span class='ocrx_word' id='word_1_995' title='bbox 2163 5241 2182 5273; x_wconf 73' lang='grc' dir='ltr'>ι</span> <span class='ocrx_word' id='word_1_996' title='bbox 2218 5221 2436 5290; x_wconf 77' lang='grc' dir='ltr'>Ἀδελφέ</span> <span class='ocrx_word' id='word_1_997' title='bbox 2458 5219 2705 5289; x_wconf 71' lang='grc' dir='ltr'>Θεόφιλε,</span> <span class='ocrx_word' id='word_1_998' title='bbox 2738 5221 2899 5290; x_wconf 79' lang='grc' dir='ltr'>ἡμεῖς</span> <span class='ocrx_word' id='word_1_999' title='bbox 2933 5221 3026 5273; x_wconf 72' lang='grc' dir='ltr'>καὶ</span> <span class='ocrx_word' id='word_1_1000' title='bbox 3058 5221 3116 5273; x_wconf 94' lang='grc' dir='ltr'>σέ</span> <span class='ocrx_word' id='word_1_1001' title='bbox 3149 5222 3306 5290; x_wconf 83' lang='grc' dir='ltr'>ῖσμεν</span> <span class='ocrx_word' id='word_1_1002' title='bbox 3333 5223 3650 5275; x_wconf 82' lang='grc' dir='ltr'>κοινωνικὸν</span> <span class='ocrx_word' id='word_1_1003' title='bbox 3673 5224 3769 5276; x_wconf 73' lang='grc' dir='ltr'>καὶ</span> 
     </span>
    </p>
   </div>
   <div class='ocr_carea' id='block_1_125' title="bbox 2083 5302 3768 5376">
    <p class='ocr_par' dir='ltr' id='par_1_125' title="bbox 2083 5302 3768 5376">
     <span class='ocr_line' id='line_1_125' title="bbox 2083 5302 3768 5376; baseline 0.001 -20"><span class='ocrx_word' id='word_1_1004' title='bbox 2083 5304 2175 5356; x_wconf 71' lang='grc' dir='ltr'>τὸν</span> <span class='ocrx_word' id='word_1_1005' title='bbox 2197 5305 2422 5373; x_wconf 67' lang='grc' dir='ltr'>ἀδελφὸν</span> <span class='ocrx_word' id='word_1_1006' title='bbox 2450 5304 2724 5372; x_wconf 87' lang='grc' dir='ltr'>Ἰωάννην,</span> <span class='ocrx_word' id='word_1_1007' title='bbox 2745 5303 2820 5366; x_wconf 85' lang='grc' dir='ltr'>ὡς</span> <span class='ocrx_word' id='word_1_1008' title='bbox 2838 5304 2932 5356; x_wconf 79' lang='grc' dir='ltr'>καὶ</span> <span class='ocrx_word' id='word_1_1009' title='bbox 2954 5306 3010 5356; x_wconf 90' lang='grc' dir='ltr'>ἐν</span> <span class='ocrx_word' id='word_1_1010' title='bbox 3028 5302 3266 5375; x_wconf 82' lang='grc' dir='ltr'>πρώτοις</span> <span class='ocrx_word' id='word_1_1011' title='bbox 3288 5305 3583 5376; x_wconf 86' lang='grc' dir='ltr'>γράμμασι</span> <span class='ocrx_word' id='word_1_1012' title='bbox 3611 5323 3768 5376; x_wconf 75' lang='grc' dir='ltr'>φανεο</span> 
     </span>
    </p>
   </div>
   <div class='ocr_carea' id='block_1_126' title="bbox 2089 5386 3773 5460">
    <p class='ocr_par' dir='ltr' id='par_1_126' title="bbox 2089 5386 3773 5460">
     <span class='ocr_line' id='line_1_126' title="bbox 2089 5386 3773 5460; baseline 0.004 -21"><span class='ocrx_word' id='word_1_1013' title='bbox 2089 5391 2188 5460; x_wconf 79' lang='grc' dir='ltr'>ράν</span> <span class='ocrx_word' id='word_1_1014' title='bbox 2215 5392 2247 5460; x_wconf 90' lang='grc' dir='ltr'>ή</span> <span class='ocrx_word' id='word_1_1015' title='bbox 2259 5388 2373 5458; x_wconf 83' lang='grc' dir='ltr'>μῶν</span> <span class='ocrx_word' id='word_1_1016' title='bbox 2410 5388 2507 5458; x_wconf 83' lang='grc' dir='ltr'>τὴν</span> <span class='ocrx_word' id='word_1_1017' title='bbox 2544 5386 2771 5457; x_wconf 84' lang='grc' dir='ltr'>γνώμην</span> <span class='ocrx_word' id='word_1_1018' title='bbox 2805 5389 3162 5459; x_wconf 85' lang='grc' dir='ltr'>ἐποιήσαμεν·</span> <span class='ocrx_word' id='word_1_1019' title='bbox 3201 5389 3292 5441; x_wconf 77' lang='grc' dir='ltr'>καὶ</span> <span class='ocrx_word' id='word_1_1020' title='bbox 3321 5387 3416 5440; x_wconf 83' lang='grc' dir='ltr'>νῦν</span> <span class='ocrx_word' id='word_1_1021' title='bbox 3449 5389 3504 5441; x_wconf 87' lang='grc' dir='ltr'>δέ</span> <span class='ocrx_word' id='word_1_1022' title='bbox 3533 5390 3633 5443; x_wconf 90' lang='grc' dir='ltr'>οὑκ</span> <span class='ocrx_word' id='word_1_1023' title='bbox 3661 5392 3773 5444; x_wconf 85' lang='grc' dir='ltr'>ἐκ-</span> 
     </span>
    </p>
   </div>
   <div class='ocr_carea' id='block_1_127' title="bbox 2087 5473 3770 5546">
    <p class='ocr_par' dir='ltr' id='par_1_127' title="bbox 2087 5473 3770 5546">
     <span class='ocr_line' id='line_1_127' title="bbox 2087 5473 3770 5546; baseline 0.002 -20"><span class='ocrx_word' id='word_1_1024' title='bbox 2087 5474 2308 5537; x_wconf 74' lang='grc' dir='ltr'>στάντες</span> <span class='ocrx_word' id='word_1_1025' title='bbox 2333 5473 2431 5542; x_wconf 81' lang='grc' dir='ltr'>τῆς</span> <span class='ocrx_word' id='word_1_1026' title='bbox 2455 5473 2626 5540; x_wconf 80' lang='grc' dir='ltr'>αὐτῆς</span> <span class='ocrx_word' id='word_1_1027' title='bbox 2649 5473 3047 5543; x_wconf 88' lang='grc' dir='ltr'>προαιρέσεως,</span> <span class='ocrx_word' id='word_1_1028' title='bbox 3076 5473 3240 5527; x_wconf 86' lang='grc' dir='ltr'>πάλιν</span> <span class='ocrx_word' id='word_1_1029' title='bbox 3274 5491 3354 5526; x_wconf 92' lang='grc' dir='ltr'>σοι</span> <span class='ocrx_word' id='word_1_1030' title='bbox 3382 5475 3448 5529; x_wconf 73' lang='grc' dir='ltr'>τά</span> <span class='ocrx_word' id='word_1_1031' title='bbox 3469 5475 3610 5528; x_wconf 89' lang='grc' dir='ltr'>αὑτά</span> <span class='ocrx_word' id='word_1_1032' title='bbox 3634 5492 3770 5546; x_wconf 84' lang='grc' dir='ltr'>γρα-</span> 
     </span>
    </p>
   </div>
   <div class='ocr_carea' id='block_1_128' title="bbox 2048 5556 3771 5629">
    <p class='ocr_par' dir='ltr' id='par_1_128' title="bbox 2048 5556 3771 5629">
     <span class='ocr_line' id='line_1_128' title="bbox 2048 5556 3771 5629; baseline 0.002 -21"><span class='ocrx_word' id='word_1_1033' title='bbox 2048 5574 2281 5629; x_wconf 56' lang='grc' dir='ltr'>ςςομεν,</span> <span class='ocrx_word' id='word_1_1034' title='bbox 2320 5558 2414 5610; x_wconf 73' lang='grc' dir='ltr'>καὶ</span> <span class='ocrx_word' id='word_1_1035' title='bbox 2453 5556 2643 5618; x_wconf 86' lang='grc' dir='ltr'>ὁσάκις</span> <span class='ocrx_word' id='word_1_1036' title='bbox 2682 5557 2748 5608; x_wconf 80' lang='grc' dir='ltr'>ἂν</span> <span class='ocrx_word' id='word_1_1037' title='bbox 2793 5557 3153 5628; x_wconf 82' lang='grc' dir='ltr'>ἀποστείλῃς·</span> <span class='ocrx_word' id='word_1_1038' title='bbox 3183 5558 3286 5620; x_wconf 86' lang='grc' dir='ltr'>ὃτι,</span> <span class='ocrx_word' id='word_1_1039' title='bbox 3325 5556 3420 5609; x_wconf 77' lang='grc' dir='ltr'>ἐὰν</span> <span class='ocrx_word' id='word_1_1040' title='bbox 3460 5558 3552 5628; x_wconf 81' lang='grc' dir='ltr'>μὴ’</span> <span class='ocrx_word' id='word_1_1041' title='bbox 3573 5557 3771 5612; x_wconf 86' lang='grc' dir='ltr'>δέουσα</span> 
     </span>
    </p>
   </div>
   <div class='ocr_carea' id='block_1_129' title="bbox 2145 5694 3774 5758">
    <p class='ocr_par' dir='ltr' id='par_1_129' title="bbox 2145 5694 3774 5758">
     <span class='ocr_line' id='line_1_129' title="bbox 2145 5694 3774 5758; baseline -0.001 -12"><span class='ocrx_word' id='word_1_1042' title='bbox 2145 5699 2164 5720; x_wconf 86' lang='grc'><strong><em>⁸</em></strong></span> <span class='ocrx_word' id='word_1_1043' title='bbox 2207 5697 2288 5748; x_wconf 90' lang='lat' dir='ltr'>Sic</span> <span class='ocrx_word' id='word_1_1044' title='bbox 2325 5704 2426 5746; x_wconf 77' lang='lat' dir='ltr'><strong>vet.</strong></span> <span class='ocrx_word' id='word_1_1045' title='bbox 2471 5697 2596 5746; x_wconf 85' lang='lat' dir='ltr'>edit.</span> <span class='ocrx_word' id='word_1_1046' title='bbox 2652 5695 2848 5755; x_wconf 60' lang='lat' dir='ltr'>Chrys,</span> <span class='ocrx_word' id='word_1_1047' title='bbox 2887 5709 3034 5758; x_wconf 80' lang='lat' dir='ltr'><strong>quam</strong></span> <span class='ocrx_word' id='word_1_1048' title='bbox 3085 5703 3286 5745; x_wconf 76' lang='lat' dir='ltr'>secutus</span> <span class='ocrx_word' id='word_1_1049' title='bbox 3333 5699 3411 5743; x_wconf 74' lang='lat' dir='ltr'>est</span> <span class='ocrx_word' id='word_1_1050' title='bbox 3455 5694 3680 5757; x_wconf 77' lang='lat' dir='ltr'>Bigotius</span> <span class='ocrx_word' id='word_1_1051' title='bbox 3722 5695 3774 5744; x_wconf 81' lang='lat' dir='ltr'>in</span> 
     </span>
    </p>
   </div>
   <div class='ocr_carea' id='block_1_130' title="bbox 2084 5758 3776 5822">
    <p class='ocr_par' dir='ltr' id='par_1_130' title="bbox 2084 5758 3776 5822">
     <span class='ocr_line' id='line_1_130' title="bbox 2084 5758 3776 5822; baseline -0.002 -16"><span class='ocrx_word' id='word_1_1052' title='bbox 2084 5762 2316 5810; x_wconf 78' lang='lat' dir='ltr'>versione</span> <span class='ocrx_word' id='word_1_1053' title='bbox 2358 5774 2464 5819; x_wconf 87' lang='lat' dir='ltr'>sua,</span> <span class='ocrx_word' id='word_1_1054' title='bbox 2492 5759 2613 5822; x_wconf 66' lang='lat' dir='ltr'><strong>licet</strong></span> <span class='ocrx_word' id='word_1_1055' title='bbox 2649 5758 2702 5822; x_wconf 74' lang='lat' dir='ltr'>in</span> <span class='ocrx_word' id='word_1_1056' title='bbox 2734 5758 3199 5822; x_wconf 58' lang='lat' dir='ltr'>serie_gtpaypgi-g¢9v</span> <span class='ocrx_word' id='word_1_1057' title='bbox 3245 5770 3333 5819; x_wconf 89' lang='lat' dir='ltr'>pro</span> <span class='ocrx_word' id='word_1_1058' title='bbox 3373 5758 3663 5818; x_wconf 82' lang='grc' dir='ltr'>γραμμάτων</span> <span class='ocrx_word' id='word_1_1059' title='bbox 3681 5769 3776 5818; x_wconf 80' lang='lat' dir='ltr'>pu-</span> 
     </span>
    </p>
   </div>
   <div class='ocr_carea' id='block_1_131' title="bbox 2083 5819 3186 5884">
    <p class='ocr_par' dir='ltr' id='par_1_131' title="bbox 2083 5819 3186 5884">
     <span class='ocr_line' id='line_1_131' title="bbox 2083 5819 3186 5884; baseline -0.003 -13"><span class='ocrx_word' id='word_1_1060' title='bbox 2083 5824 2256 5871; x_wconf 78' lang='lat' dir='ltr'><strong>suerit.</strong></span> <span class='ocrx_word' id='word_1_1061' title='bbox 2288 5823 2353 5870; x_wconf 79' lang='lat' dir='ltr'>Ila</span> <span class='ocrx_word' id='word_1_1062' title='bbox 2372 5833 2570 5883; x_wconf 85' lang='lat' dir='ltr'><strong>quoque</strong></span> <span class='ocrx_word' id='word_1_1063' title='bbox 2591 5819 2804 5884; x_wconf 59' lang='lat' dir='ltr'>legimus</span> <span class='ocrx_word' id='word_1_1064' title='bbox 2827 5827 2862 5867; x_wconf 79' lang='grc' dir='ltr'>ι.</span> <span class='ocrx_word' id='word_1_1065' title='bbox 2887 5819 2973 5874; x_wconf 67' lang='grc'><strong>111⁷,</strong></span> <span class='ocrx_word' id='word_1_1066' title='bbox 3003 5819 3049 5880; x_wconf 73' lang='lat' dir='ltr'><strong>p.</strong></span> <span class='ocrx_word' id='word_1_1067' title='bbox 3078 5820 3186 5868; x_wconf 73' lang='lat'><strong>520.</strong></span> 
     </span>
    </p>
   </div>
   <div class='ocr_carea' id='block_1_132' title="bbox 2154 5880 3775 5945">
    <p class='ocr_par' dir='ltr' id='par_1_132' title="bbox 2154 5880 3775 5945">
     <span class='ocr_line' id='line_1_132' title="bbox 2154 5880 3775 5945; baseline -0.002 -13"><span class='ocrx_word' id='word_1_1068' title='bbox 2154 5884 2171 5922; x_wconf 73' lang='grc' dir='ltr'>ί</span> <span class='ocrx_word' id='word_1_1069' title='bbox 2217 5884 2270 5932; x_wconf 88' lang='lat' dir='ltr'>In</span> <span class='ocrx_word' id='word_1_1070' title='bbox 2297 5880 2414 5933; x_wconf 67' lang='lat' dir='ltr'><strong>ed&#39;ii.</strong></span> <span class='ocrx_word' id='word_1_1071' title='bbox 2441 5880 2610 5941; x_wconf 76' lang='lat' dir='ltr'>Chrys.</span> <span class='ocrx_word' id='word_1_1072' title='bbox 2647 5880 2831 5944; x_wconf 72' lang='lat' dir='ltr'><strong>iegihlr</strong></span> <span class='ocrx_word' id='word_1_1073' title='bbox 2855 5885 2931 5930; x_wconf 66' lang='grc' dir='ltr'>ναὶ</span> <span class='ocrx_word' id='word_1_1074' title='bbox 2960 5884 3252 5944; x_wconf 71' lang='grc' dir='ltr'>δικασὸμεθα</span> <span class='ocrx_word' id='word_1_1075' title='bbox 3274 5882 3352 5929; x_wconf 78' lang='grc' dir='ltr'>καὶ</span> <span class='ocrx_word' id='word_1_1076' title='bbox 3377 5880 3775 5945; x_wconf 61' lang='grc' dir='ltr'>ἀπολογησόμεθα</span> 
     </span>
    </p>
   </div>
   <div class='ocr_carea' id='block_1_133' title="bbox 2087 5945 2774 6011">
    <p class='ocr_par' dir='ltr' id='par_1_133' title="bbox 2087 5945 2774 6011">
     <span class='ocr_line' id='line_1_133' title="bbox 2087 5945 2774 6011; baseline -0.006 -15"><span class='ocrx_word' id='word_1_1077' title='bbox 2087 5950 2166 5997; x_wconf 87' lang='grc' dir='ltr'>καί</span> <span class='ocrx_word' id='word_1_1078' title='bbox 2191 5947 2398 6011; x_wconf 79' lang='grc' dir='ltr'>δείξομεν</span> <span class='ocrx_word' id='word_1_1079' title='bbox 2424 5945 2474 5996; x_wconf 86' lang='lat' dir='ltr'><strong>in</strong></span> <span class='ocrx_word' id='word_1_1080' title='bbox 2495 5945 2774 5996; x_wconf 72' lang='lat' dir='ltr'>indicativo.</span> 
     </span>
    </p>
   </div>
  </div>
