  <div class='ocr_page' id='page_1' title='image "/cluster/home/n/w/nwhite01/storage/ocr_20150623/47/nnc1.0046978321/070.png"; bbox 0 0 4114 6392; ppageno 0'>
   <div class='ocr_carea' id='block_1_1' title="bbox 407 338 3680 407">
    <p class='ocr_par' dir='ltr' id='par_1_1' title="bbox 407 338 3680 407">
     <span class='ocr_line' id='line_1_1' title="bbox 407 338 3680 407; baseline -0.004 0"><span class='ocrx_word' id='word_1_1' title='bbox 407 350 474 407; x_wconf 78' lang='lat' dir='ltr'><strong>I3</strong></span> <span class='ocrx_word' id='word_1_2' title='bbox 1463 344 1550 400; x_wconf 86' lang='lat' dir='ltr'><strong>DE</strong></span> <span class='ocrx_word' id='word_1_3' title='bbox 1591 342 1750 400; x_wconf 63' lang='lat' dir='ltr'><strong>VITA</strong></span> <span class='ocrx_word' id='word_1_4' title='bbox 1789 340 1844 398; x_wconf 90' lang='lat' dir='ltr'><strong>S.</strong></span> <span class='ocrx_word' id='word_1_5' title='bbox 1883 338 2160 396; x_wconf 74' lang='lat' dir='ltr'><strong>JOANNIS</strong></span> <span class='ocrx_word' id='word_1_6' title='bbox 2196 338 2690 396; x_wconf 69' lang='lat' dir='ltr'><strong>CHRYSOSTOJII.</strong></span> <span class='ocrx_word' id='word_1_7' title='bbox 3505 391 3508 394; x_wconf 74' lang='lat'><strong>.</strong></span> <span class='ocrx_word' id='word_1_8' title='bbox 3612 340 3680 396; x_wconf 72' lang='grc' dir='ltr'>η</span> 
     </span>
    </p>
   </div>
   <div class='ocr_carea' id='block_1_2' title="bbox 406 457 1982 541">
    <p class='ocr_par' dir='ltr' id='par_1_2' title="bbox 406 457 1982 541">
     <span class='ocr_line' id='line_1_2' title="bbox 406 457 1982 541; baseline -0.009 -18"><span class='ocrx_word' id='word_1_9' title='bbox 406 479 581 541; x_wconf 89' lang='lat' dir='ltr'><strong>potest</strong></span> <span class='ocrx_word' id='word_1_10' title='bbox 609 475 665 522; x_wconf 92' lang='lat' dir='ltr'><strong>ut</strong></span> <span class='ocrx_word' id='word_1_11' title='bbox 694 467 808 521; x_wconf 98' lang='lat' dir='ltr'><strong>sine</strong></span> <span class='ocrx_word' id='word_1_12' title='bbox 853 465 1061 520; x_wconf 90' lang='lat' dir='ltr'><strong>ratione</strong></span> <span class='ocrx_word' id='word_1_13' title='bbox 1087 479 1115 516; x_wconf 90' lang='lat' dir='ltr'><strong>a</strong></span> <span class='ocrx_word' id='word_1_14' title='bbox 1145 462 1360 518; x_wconf 81' lang='lat' dir='ltr'><strong>Joannis</strong></span> <span class='ocrx_word' id='word_1_15' title='bbox 1388 461 1764 516; x_wconf 87' lang='lat' dir='ltr'><strong>communione</strong></span> <span class='ocrx_word' id='word_1_16' title='bbox 1800 457 1982 513; x_wconf 90' lang='lat' dir='ltr'><strong>disce-</strong></span> 
     </span>
    </p>
   </div>
   <div class='ocr_carea' id='block_1_3' title="bbox 408 551 1985 628">
    <p class='ocr_par' dir='ltr' id='par_1_3' title="bbox 408 551 1985 628">
     <span class='ocr_line' id='line_1_3' title="bbox 408 551 1985 628; baseline -0.008 -11"><span class='ocrx_word' id='word_1_17' title='bbox 408 562 619 617; x_wconf 84' lang='lat' dir='ltr'><strong>damus.</strong></span> <span class='ocrx_word' id='word_1_18' title='bbox 649 560 728 613; x_wconf 90' lang='lat' dir='ltr'><strong>Tu</strong></span> <span class='ocrx_word' id='word_1_19' title='bbox 783 559 940 628; x_wconf 86' lang='lat' dir='ltr'><strong>igitur</strong></span> <span class='ocrx_word' id='word_1_20' title='bbox 966 601 980 624; x_wconf 98' lang='lat'><strong>,</strong></span> <span class='ocrx_word' id='word_1_21' title='bbox 1027 558 1070 610; x_wconf 97' lang='lat' dir='ltr'><strong>si</strong></span> <span class='ocrx_word' id='word_1_22' title='bbox 1108 556 1307 626; x_wconf 87' lang='lat' dir='ltr'><strong>judicio</strong></span> <span class='ocrx_word' id='word_1_23' title='bbox 1358 553 1584 609; x_wconf 88' lang='lat' dir='ltr'><strong>confidis</strong></span> <span class='ocrx_word' id='word_1_24' title='bbox 1613 594 1630 619; x_wconf 90' lang='lat'><strong>,</strong></span> <span class='ocrx_word' id='word_1_25' title='bbox 1656 554 1785 606; x_wconf 90' lang='lat' dir='ltr'><strong>siste</strong></span> <span class='ocrx_word' id='word_1_26' title='bbox 1834 561 1888 606; x_wconf 88' lang='lat' dir='ltr'><strong>te</strong></span> <span class='ocrx_word' id='word_1_27' title='bbox 1920 551 1985 604; x_wconf 90' lang='lat' dir='ltr'><strong>ad</strong></span> 
     </span>
    </p>
   </div>
   <div class='ocr_carea' id='block_1_4' title="bbox 407 645 1986 724">
    <p class='ocr_par' dir='ltr' id='par_1_4' title="bbox 407 645 1986 724">
     <span class='ocr_line' id='line_1_4' title="bbox 407 645 1986 724; baseline -0.008 -16"><span class='ocrx_word' id='word_1_28' title='bbox 407 651 678 724; x_wconf 85' lang='lat' dir='ltr'><strong>Synodum</strong></span> <span class='ocrx_word' id='word_1_29' title='bbox 701 692 715 715; x_wconf 93' lang='lat'><strong>,</strong></span> <span class='ocrx_word' id='word_1_30' title='bbox 745 667 864 720; x_wconf 64' lang='lat' dir='ltr'><strong>qua;</strong></span> <span class='ocrx_word' id='word_1_31' title='bbox 906 649 1196 704; x_wconf 88' lang='lat' dir='ltr'><strong>secundum</strong></span> <span class='ocrx_word' id='word_1_32' title='bbox 1247 647 1512 701; x_wconf 77' lang='lat' dir='ltr'><strong>Christum</strong></span> <span class='ocrx_word' id='word_1_33' title='bbox 1554 647 1800 711; x_wconf 82' lang='lat' dir='ltr'><strong>cogitur;</strong></span> <span class='ocrx_word' id='word_1_34' title='bbox 1833 655 1886 699; x_wconf 90' lang='lat' dir='ltr'><strong>et</strong></span> <span class='ocrx_word' id='word_1_35' title='bbox 1916 645 1986 697; x_wconf 93' lang='lat' dir='ltr'><strong>ibi</strong></span> 
     </span>
    </p>
   </div>
   <div class='ocr_carea' id='block_1_5' title="bbox 408 735 1989 812">
    <p class='ocr_par' dir='ltr' id='par_1_5' title="bbox 408 735 1989 812">
     <span class='ocr_line' id='line_1_5' title="bbox 408 735 1989 812; baseline -0.005 -14"><span class='ocrx_word' id='word_1_36' title='bbox 408 743 663 812; x_wconf 77' lang='lat' dir='ltr'><strong>expositis</strong></span> <span class='ocrx_word' id='word_1_37' title='bbox 686 741 1142 796; x_wconf 84' lang='lat' dir='ltr'><strong>criminationibus</strong></span> <span class='ocrx_word' id='word_1_38' title='bbox 1170 739 1270 792; x_wconf 75' lang='lat' dir='ltr'><strong>&#39;sub</strong></span> <span class='ocrx_word' id='word_1_39' title='bbox 1298 739 1518 792; x_wconf 85' lang='lat' dir='ltr'><strong>testibus</strong></span> <span class='ocrx_word' id='word_1_40' title='bbox 1545 738 1742 790; x_wconf 74' lang='lat' dir='ltr'><strong>Nic-aeni</strong></span> <span class='ocrx_word' id='word_1_41' title='bbox 1765 735 1989 791; x_wconf 86' lang='lat' dir='ltr'><strong>Concilii</strong></span> 
     </span>
    </p>
   </div>
   <div class='ocr_carea' id='block_1_6' title="bbox 416 828 1992 903">
    <p class='ocr_par' dir='ltr' id='par_1_6' title="bbox 416 828 1992 903">
     <span class='ocr_line' id='line_1_6' title="bbox 416 828 1992 903; baseline -0.004 -15"><span class='ocrx_word' id='word_1_42' title='bbox 416 834 711 888; x_wconf 87' lang='lat' dir='ltr'><strong>canonibus</strong></span> <span class='ocrx_word' id='word_1_43' title='bbox 741 833 758 903; x_wconf 97' lang='lat'>(</span> <span class='ocrx_word' id='word_1_44' title='bbox 789 833 944 886; x_wconf 91' lang='lat' dir='ltr'><strong>alium</strong></span> <span class='ocrx_word' id='word_1_45' title='bbox 991 831 1132 884; x_wconf 90' lang='lat' dir='ltr'><strong>enim</strong></span> <span class='ocrx_word' id='word_1_46' title='bbox 1183 845 1442 884; x_wconf 90' lang='lat' dir='ltr'><strong>canonem</strong></span> <span class='ocrx_word' id='word_1_47' title='bbox 1473 829 1710 882; x_wconf 79' lang='lat' dir='ltr'><strong>Romana</strong></span> <span class='ocrx_word' id='word_1_48' title='bbox 1756 844 1861 882; x_wconf 89' lang='lat' dir='ltr'><strong>non</strong></span> <span class='ocrx_word' id='word_1_49' title='bbox 1897 828 1992 882; x_wconf 90' lang='lat' dir='ltr'><strong>ad-</strong></span> 
     </span>
    </p>
   </div>
   <div class='ocr_carea' id='block_1_7' title="bbox 413 922 1984 993">
    <p class='ocr_par' dir='ltr' id='par_1_7' title="bbox 413 922 1984 993">
     <span class='ocr_line' id='line_1_7' title="bbox 413 922 1984 993; baseline -0.004 -13"><span class='ocrx_word' id='word_1_50' title='bbox 413 926 574 980; x_wconf 85' lang='lat' dir='ltr'><strong>mittit</strong></span> <span class='ocrx_word' id='word_1_51' title='bbox 595 924 881 992; x_wconf 75' lang='lat' dir='ltr'><strong>Ecclesia),</strong></span> <span class='ocrx_word' id='word_1_52' title='bbox 903 923 1321 993; x_wconf 86' lang='lat' dir='ltr'><strong>irrefragabilem</strong></span> <span class='ocrx_word' id='word_1_53' title='bbox 1351 923 1692 977; x_wconf 89' lang='lat' dir='ltr'><strong>securitatem</strong></span> <span class='ocrx_word' id='word_1_54' title='bbox 1712 922 1950 977; x_wconf 78' lang='lat' dir='ltr'><strong>habebis.</strong></span> <span class='ocrx_word' id='word_1_55' title='bbox 1966 943 1984 974; x_wconf 77' lang='grc' dir='ltr'><strong>ι</strong></span> 
     </span>
    </p>
   </div>
   <div class='ocr_carea' id='block_1_8' title="bbox 483 1013 1994 1085">
    <p class='ocr_par' dir='ltr' id='par_1_8' title="bbox 483 1013 1994 1085">
     <span class='ocr_line' id='line_1_8' title="bbox 483 1013 1994 1085; baseline -0.003 -15"><span class='ocrx_word' id='word_1_56' title='bbox 483 1016 692 1070; x_wconf 83' lang='lat' dir='ltr'><strong>Modico</strong></span> <span class='ocrx_word' id='word_1_57' title='bbox 722 1023 841 1085; x_wconf 89' lang='lat' dir='ltr'><strong>post</strong></span> <span class='ocrx_word' id='word_1_58' title='bbox 865 1027 1112 1083; x_wconf 90' lang='lat' dir='ltr'><strong>tempore</strong></span> <span class='ocrx_word' id='word_1_59' title='bbox 1141 1014 1356 1068; x_wconf 85' lang='lat' dir='ltr'><strong>advenit</strong></span> <span class='ocrx_word' id='word_1_60' title='bbox 1406 1013 1686 1084; x_wconf 81' lang='lat' dir='ltr'><strong>presbyter</strong></span> <span class='ocrx_word' id='word_1_61' title='bbox 1731 1014 1994 1068; x_wconf 86' lang='lat' dir='ltr'><strong>Constan-</strong></span> 
     </span>
    </p>
   </div>
   <div class='ocr_carea' id='block_1_9' title="bbox 412 1106 1992 1176">
    <p class='ocr_par' dir='ltr' id='par_1_9' title="bbox 412 1106 1992 1176">
     <span class='ocr_line' id='line_1_9' title="bbox 412 1106 1992 1176; baseline -0.001 -15"><span class='ocrx_word' id='word_1_62' title='bbox 412 1108 774 1176; x_wconf 76' lang='lat' dir='ltr'><strong>tinopolitana:</strong></span> <span class='ocrx_word' id='word_1_63' title='bbox 817 1106 1101 1171; x_wconf 85' lang='lat' dir='ltr'><strong>Ecclesiae,</strong></span> <span class='ocrx_word' id='word_1_64' title='bbox 1128 1106 1463 1160; x_wconf 88' lang='lat' dir='ltr'><strong>Theotecnus</strong></span> <span class='ocrx_word' id='word_1_65' title='bbox 1489 1106 1734 1172; x_wconf 83' lang='lat' dir='ltr'><strong>nomine,</strong></span> <span class='ocrx_word' id='word_1_66' title='bbox 1763 1106 1992 1161; x_wconf 87' lang='lat' dir='ltr'><strong>reddens</strong></span> 
     </span>
    </p>
   </div>
   <div class='ocr_carea' id='block_1_10' title="bbox 413 1199 1992 1272">
    <p class='ocr_par' dir='ltr' id='par_1_10' title="bbox 413 1199 1992 1272">
     <span class='ocr_line' id='line_1_10' title="bbox 413 1199 1992 1272; baseline -0.004 -15"><span class='ocrx_word' id='word_1_67' title='bbox 413 1201 670 1271; x_wconf 84' lang='lat' dir='ltr'><strong>epistolas</strong></span> <span class='ocrx_word' id='word_1_68' title='bbox 699 1200 902 1272; x_wconf 86' lang='lat' dir='ltr'><strong>Synodi</strong></span> <span class='ocrx_word' id='word_1_69' title='bbox 940 1199 1156 1254; x_wconf 81' lang='lat' dir='ltr'><strong>Joannis</strong></span> <span class='ocrx_word' id='word_1_70' title='bbox 1180 1241 1193 1260; x_wconf 95' lang='lat'><strong>,</strong></span> <span class='ocrx_word' id='word_1_71' title='bbox 1227 1199 1411 1269; x_wconf 75' lang='lat' dir='ltr'><strong>viginti</strong></span> <span class='ocrx_word' id='word_1_72' title='bbox 1449 1199 1684 1269; x_wconf 90' lang='lat' dir='ltr'><strong>quinque</strong></span> <span class='ocrx_word' id='word_1_73' title='bbox 1707 1199 1992 1268; x_wconf 83' lang='lat' dir='ltr'><strong>episcopo-</strong></span> 
     </span>
    </p>
   </div>
   <div class='ocr_carea' id='block_1_11' title="bbox 417 1290 1991 1362">
    <p class='ocr_par' dir='ltr' id='par_1_11' title="bbox 417 1290 1991 1362">
     <span class='ocr_line' id='line_1_11' title="bbox 417 1290 1991 1362; baseline -0.001 -16"><span class='ocrx_word' id='word_1_74' title='bbox 417 1307 536 1346; x_wconf 90' lang='lat' dir='ltr'><strong>rum</strong></span> <span class='ocrx_word' id='word_1_75' title='bbox 565 1300 658 1346; x_wconf 91' lang='lat' dir='ltr'><strong>aut</strong></span> <span class='ocrx_word' id='word_1_76' title='bbox 686 1291 847 1362; x_wconf 89' lang='lat' dir='ltr'><strong>paulo</strong></span> <span class='ocrx_word' id='word_1_77' title='bbox 896 1290 1014 1360; x_wconf 82' lang='lat' dir='ltr'><strong>plus</strong></span> <span class='ocrx_word' id='word_1_78' title='bbox 1045 1308 1058 1343; x_wconf 91' lang='lat'>:</span> <span class='ocrx_word' id='word_1_79' title='bbox 1090 1291 1284 1360; x_wconf 88' lang='lat' dir='ltr'><strong>quibus</strong></span> <span class='ocrx_word' id='word_1_80' title='bbox 1330 1290 1614 1354; x_wconf 86' lang='lat' dir='ltr'><strong>docebant,</strong></span> <span class='ocrx_word' id='word_1_81' title='bbox 1647 1300 1700 1344; x_wconf 88' lang='lat' dir='ltr'><strong>et</strong></span> <span class='ocrx_word' id='word_1_82' title='bbox 1732 1290 1991 1345; x_wconf 90' lang='lat' dir='ltr'><strong>Joannem</strong></span> 
     </span>
    </p>
   </div>
   <div class='ocr_carea' id='block_1_12' title="bbox 414 1381 1991 1449">
    <p class='ocr_par' dir='ltr' id='par_1_12' title="bbox 414 1381 1991 1449">
     <span class='ocr_line' id='line_1_12' title="bbox 414 1381 1991 1449; baseline 0 -13"><span class='ocrx_word' id='word_1_83' title='bbox 414 1383 635 1436; x_wconf 85' lang='lat' dir='ltr'><strong>militari</strong></span> <span class='ocrx_word' id='word_1_84' title='bbox 661 1397 820 1436; x_wconf 85' lang='lat' dir='ltr'><strong>manu</strong></span> <span class='ocrx_word' id='word_1_85' title='bbox 862 1382 995 1436; x_wconf 90' lang='lat' dir='ltr'><strong>urbe</strong></span> <span class='ocrx_word' id='word_1_86' title='bbox 1038 1381 1315 1449; x_wconf 77' lang='lat' dir='ltr'><strong>expulsum</strong></span> <span class='ocrx_word' id='word_1_87' title='bbox 1338 1422 1352 1445; x_wconf 96' lang='lat'><strong>,</strong></span> <span class='ocrx_word' id='word_1_88' title='bbox 1381 1391 1435 1435; x_wconf 90' lang='lat' dir='ltr'><strong>et</strong></span> <span class='ocrx_word' id='word_1_89' title='bbox 1459 1381 1723 1435; x_wconf 87' lang='lat' dir='ltr'><strong>Cucusum</strong></span> <span class='ocrx_word' id='word_1_90' title='bbox 1755 1382 1805 1435; x_wconf 92' lang='lat' dir='ltr'><strong>in</strong></span> <span class='ocrx_word' id='word_1_91' title='bbox 1847 1384 1991 1437; x_wconf 87' lang='lat' dir='ltr'><strong>exsi-</strong></span> 
     </span>
    </p>
   </div>
   <div class='ocr_carea' id='block_1_13' title="bbox 413 1473 1992 1543">
    <p class='ocr_par' dir='ltr' id='par_1_13' title="bbox 413 1473 1992 1543">
     <span class='ocr_line' id='line_1_13' title="bbox 413 1473 1992 1543; baseline 0.003 -15"><span class='ocrx_word' id='word_1_92' title='bbox 413 1473 539 1528; x_wconf 89' lang='lat' dir='ltr'><strong>lium</strong></span> <span class='ocrx_word' id='word_1_93' title='bbox 566 1489 685 1530; x_wconf 88' lang='lat' dir='ltr'><strong>esse</strong></span> <span class='ocrx_word' id='word_1_94' title='bbox 735 1475 952 1528; x_wconf 89' lang='lat' dir='ltr'><strong>missum</strong></span> <span class='ocrx_word' id='word_1_95' title='bbox 977 1516 992 1538; x_wconf 92' lang='lat'><strong>,</strong></span> <span class='ocrx_word' id='word_1_96' title='bbox 1022 1484 1180 1543; x_wconf 90' lang='lat' dir='ltr'><strong>atque</strong></span> <span class='ocrx_word' id='word_1_97' title='bbox 1208 1488 1517 1528; x_wconf 87' lang='lat' dir='ltr'><strong>succensam</strong></span> <span class='ocrx_word' id='word_1_98' title='bbox 1546 1489 1664 1529; x_wconf 88' lang='lat' dir='ltr'><strong>esse</strong></span> <span class='ocrx_word' id='word_1_99' title='bbox 1689 1475 1992 1533; x_wconf 81' lang='lat' dir='ltr'><strong>ecclesiam.</strong></span> 
     </span>
    </p>
   </div>
   <div class='ocr_carea' id='block_1_14' title="bbox 413 1563 1994 1621">
    <p class='ocr_par' dir='ltr' id='par_1_14' title="bbox 413 1563 1994 1621">
     <span class='ocr_line' id='line_1_14' title="bbox 413 1563 1994 1621; baseline 0.002 -3"><span class='ocrx_word' id='word_1_100' title='bbox 413 1563 508 1618; x_wconf 86' lang='lat' dir='ltr'><strong>Cui</strong></span> <span class='ocrx_word' id='word_1_101' title='bbox 535 1566 694 1618; x_wconf 92' lang='lat' dir='ltr'><strong>etiam</strong></span> <span class='ocrx_word' id='word_1_102' title='bbox 727 1563 874 1620; x_wconf 85' lang='lat' dir='ltr'><strong>dedit</strong></span> <span class='ocrx_word' id='word_1_103' title='bbox 918 1564 1255 1619; x_wconf 90' lang='lat' dir='ltr'><strong>Innocentius</strong></span> <span class='ocrx_word' id='word_1_104' title='bbox 1283 1566 1781 1620; x_wconf 89' lang='lat' dir='ltr'><strong>communicatorias</strong></span> <span class='ocrx_word' id='word_1_105' title='bbox 1812 1565 1994 1621; x_wconf 81' lang='lat' dir='ltr'><strong>literas</strong></span> 
     </span>
    </p>
   </div>
   <div class='ocr_carea' id='block_1_15' title="bbox 415 1657 1994 1728">
    <p class='ocr_par' dir='ltr' id='par_1_15' title="bbox 415 1657 1994 1728">
     <span class='ocr_line' id='line_1_15' title="bbox 415 1657 1994 1728; baseline 0.001 -16"><span class='ocrx_word' id='word_1_106' title='bbox 415 1667 470 1712; x_wconf 88' lang='lat' dir='ltr'><strong>et</strong></span> <span class='ocrx_word' id='word_1_107' title='bbox 494 1657 558 1711; x_wconf 87' lang='lat' dir='ltr'><strong>ad</strong></span> <span class='ocrx_word' id='word_1_108' title='bbox 589 1658 848 1712; x_wconf 90' lang='lat' dir='ltr'><strong>Joannem</strong></span> <span class='ocrx_word' id='word_1_109' title='bbox 879 1659 1185 1728; x_wconf 87' lang='lat' dir='ltr'><strong>episcopum</strong></span> <span class='ocrx_word' id='word_1_110' title='bbox 1209 1669 1261 1712; x_wconf 91' lang='lat' dir='ltr'><strong>et</strong></span> <span class='ocrx_word' id='word_1_111' title='bbox 1299 1659 1362 1711; x_wconf 90' lang='lat' dir='ltr'><strong>ad</strong></span> <span class='ocrx_word' id='word_1_112' title='bbox 1389 1673 1578 1714; x_wconf 89' lang='lat' dir='ltr'><strong>omnes</strong></span> <span class='ocrx_word' id='word_1_113' title='bbox 1605 1661 1654 1713; x_wconf 91' lang='lat' dir='ltr'><strong>ei</strong></span> <span class='ocrx_word' id='word_1_114' title='bbox 1691 1661 1994 1714; x_wconf 86' lang='lat' dir='ltr'><strong>communi-</strong></span> 
     </span>
    </p>
   </div>
   <div class='ocr_carea' id='block_1_16' title="bbox 414 1748 1996 1821">
    <p class='ocr_par' dir='ltr' id='par_1_16' title="bbox 414 1748 1996 1821">
     <span class='ocr_line' id='line_1_16' title="bbox 414 1748 1996 1821; baseline 0.001 -19"><span class='ocrx_word' id='word_1_115' title='bbox 414 1757 597 1803; x_wconf 82' lang='lat' dir='ltr'><strong>cantes</strong></span> <span class='ocrx_word' id='word_1_116' title='bbox 626 1748 902 1818; x_wconf 88' lang='lat' dir='ltr'><strong>episcopos</strong></span> <span class='ocrx_word' id='word_1_117' title='bbox 921 1790 934 1813; x_wconf 96' lang='lat'><strong>,</strong></span> <span class='ocrx_word' id='word_1_118' title='bbox 968 1749 1185 1803; x_wconf 90' lang='lat' dir='ltr'><strong>hortans</strong></span> <span class='ocrx_word' id='word_1_119' title='bbox 1211 1764 1331 1803; x_wconf 92' lang='lat' dir='ltr'><strong>cum</strong></span> <span class='ocrx_word' id='word_1_120' title='bbox 1369 1749 1618 1821; x_wconf 88' lang='lat' dir='ltr'><strong>lacrymis</strong></span> <span class='ocrx_word' id='word_1_121' title='bbox 1645 1758 1702 1803; x_wconf 93' lang='lat' dir='ltr'><strong>ut</strong></span> <span class='ocrx_word' id='word_1_122' title='bbox 1733 1749 1996 1818; x_wconf 89' lang='lat' dir='ltr'><strong>patienter</strong></span> 
     </span>
    </p>
   </div>
   <div class='ocr_carea' id='block_1_17' title="bbox 416 1841 1996 1914">
    <p class='ocr_par' dir='ltr' id='par_1_17' title="bbox 416 1841 1996 1914">
     <span class='ocr_line' id='line_1_17' title="bbox 416 1841 1996 1914; baseline 0.001 -19"><span class='ocrx_word' id='word_1_123' title='bbox 416 1841 617 1909; x_wconf 88' lang='lat' dir='ltr'><strong>ferant,</strong></span> <span class='ocrx_word' id='word_1_124' title='bbox 643 1857 763 1896; x_wconf 92' lang='lat' dir='ltr'><strong>cum</strong></span> <span class='ocrx_word' id='word_1_125' title='bbox 791 1857 944 1912; x_wconf 91' lang='lat' dir='ltr'><strong>opem</strong></span> <span class='ocrx_word' id='word_1_126' title='bbox 986 1841 1126 1898; x_wconf 89' lang='lat' dir='ltr'><strong>ferre</strong></span> <span class='ocrx_word' id='word_1_127' title='bbox 1152 1859 1255 1911; x_wconf 69' lang='lat' dir='ltr'><strong>non</strong></span> <span class='ocrx_word' id='word_1_128' title='bbox 1286 1853 1484 1913; x_wconf 87' lang='lat' dir='ltr'><strong>posset,</strong></span> <span class='ocrx_word' id='word_1_129' title='bbox 1511 1859 1575 1898; x_wconf 90' lang='lat' dir='ltr'><strong>eo</strong></span> <span class='ocrx_word' id='word_1_130' title='bbox 1614 1843 1755 1914; x_wconf 89' lang='lat' dir='ltr'><strong>quod</strong></span> <span class='ocrx_word' id='word_1_131' title='bbox 1784 1843 1849 1898; x_wconf 91' lang='lat' dir='ltr'><strong>ad</strong></span> <span class='ocrx_word' id='word_1_132' title='bbox 1878 1859 1996 1896; x_wconf 89' lang='lat' dir='ltr'><strong>ma-</strong></span> 
     </span>
    </p>
   </div>
   <div class='ocr_carea' id='block_1_18' title="bbox 416 1931 1998 2005">
    <p class='ocr_par' dir='ltr' id='par_1_18' title="bbox 416 1931 1998 2005">
     <span class='ocr_line' id='line_1_18' title="bbox 416 1931 1998 2005; baseline 0.003 -19"><span class='ocrx_word' id='word_1_133' title='bbox 416 1931 523 1986; x_wconf 86' lang='lat' dir='ltr'><strong>lum</strong></span> <span class='ocrx_word' id='word_1_134' title='bbox 557 1942 798 2002; x_wconf 90' lang='lat' dir='ltr'><strong>potentes</strong></span> <span class='ocrx_word' id='word_1_135' title='bbox 853 1933 1067 2002; x_wconf 89' lang='lat' dir='ltr'><strong>quidam</strong></span> <span class='ocrx_word' id='word_1_136' title='bbox 1127 1935 1423 1989; x_wconf 79' lang='lat' dir='ltr'><strong>obstarent.</strong></span> <span class='ocrx_word' id='word_1_137' title='bbox 1474 1936 1638 1990; x_wconf 92' lang='lat' dir='ltr'><strong>Paulo</strong></span> <span class='ocrx_word' id='word_1_138' title='bbox 1692 1945 1810 2005; x_wconf 92' lang='lat' dir='ltr'><strong>post</strong></span> <span class='ocrx_word' id='word_1_139' title='bbox 1853 1936 1998 1991; x_wconf 83' lang='lat' dir='ltr'><strong>venit</strong></span> 
     </span>
    </p>
   </div>
   <div class='ocr_carea' id='block_1_19' title="bbox 419 2023 1998 2094">
    <p class='ocr_par' dir='ltr' id='par_1_19' title="bbox 419 2023 1998 2094">
     <span class='ocr_line' id='line_1_19' title="bbox 419 2023 1998 2094; baseline 0.003 -17"><span class='ocrx_word' id='word_1_140' title='bbox 419 2023 704 2078; x_wconf 85' lang='lat' dir='ltr'><strong>homuncio</strong></span> <span class='ocrx_word' id='word_1_141' title='bbox 743 2024 958 2093; x_wconf 91' lang='lat' dir='ltr'><strong>quidam</strong></span> <span class='ocrx_word' id='word_1_142' title='bbox 983 2068 997 2092; x_wconf 94' lang='lat'><strong>,</strong></span> <span class='ocrx_word' id='word_1_143' title='bbox 1026 2027 1144 2080; x_wconf 84' lang='lat' dir='ltr'><strong>visu</strong></span> <span class='ocrx_word' id='word_1_144' title='bbox 1170 2026 1444 2090; x_wconf 83' lang='lat' dir='ltr'><strong>deformis,</strong></span> <span class='ocrx_word' id='word_1_145' title='bbox 1475 2036 1528 2082; x_wconf 89' lang='lat' dir='ltr'><strong>et</strong></span> <span class='ocrx_word' id='word_1_146' title='bbox 1557 2027 1645 2094; x_wconf 87' lang='lat' dir='ltr'><strong>qui</strong></span> <span class='ocrx_word' id='word_1_147' title='bbox 1687 2027 1898 2082; x_wconf 85' lang='lat' dir='ltr'><strong>difficile</strong></span> <span class='ocrx_word' id='word_1_148' title='bbox 1925 2029 1998 2082; x_wconf 88' lang='lat' dir='ltr'><strong>in-</strong></span> 
     </span>
    </p>
   </div>
   <div class='ocr_carea' id='block_1_20' title="bbox 418 2111 1998 2190">
    <p class='ocr_par' dir='ltr' id='par_1_20' title="bbox 418 2111 1998 2190">
     <span class='ocr_line' id='line_1_20' title="bbox 418 2111 1998 2190; baseline 0.002 -20"><span class='ocrx_word' id='word_1_149' title='bbox 418 2117 579 2186; x_wconf 87' lang='lat' dir='ltr'><strong>telligi</strong></span> <span class='ocrx_word' id='word_1_150' title='bbox 611 2128 811 2186; x_wconf 85' lang='lat' dir='ltr'><strong>posset,</strong></span> <span class='ocrx_word' id='word_1_151' title='bbox 839 2119 1096 2173; x_wconf 89' lang='lat' dir='ltr'><strong>Paternus</strong></span> <span class='ocrx_word' id='word_1_152' title='bbox 1123 2111 1359 2183; x_wconf 73' lang='lat' dir='ltr'><strong>nomine,</strong></span> <span class='ocrx_word' id='word_1_153' title='bbox 1384 2120 1748 2190; x_wconf 89' lang='lat' dir='ltr'><strong>presbyterum</strong></span> <span class='ocrx_word' id='word_1_154' title='bbox 1775 2135 1833 2173; x_wconf 93' lang='lat' dir='ltr'><strong>se</strong></span> <span class='ocrx_word' id='word_1_155' title='bbox 1859 2121 1998 2174; x_wconf 89' lang='lat' dir='ltr'><strong>Con-</strong></span> 
     </span>
    </p>
   </div>
   <div class='ocr_carea' id='block_1_21' title="bbox 414 2211 1996 2282">
    <p class='ocr_par' dir='ltr' id='par_1_21' title="bbox 414 2211 1996 2282">
     <span class='ocr_line' id='line_1_21' title="bbox 414 2211 1996 2282; baseline 0.004 -21"><span class='ocrx_word' id='word_1_156' title='bbox 414 2211 898 2280; x_wconf 71' lang='lat' dir='ltr'><strong>stantinopolitanre</strong></span> <span class='ocrx_word' id='word_1_157' title='bbox 942 2213 1193 2267; x_wconf 73' lang='lat' dir='ltr'><strong>Ecclesia:</strong></span> <span class='ocrx_word' id='word_1_158' title='bbox 1231 2212 1457 2267; x_wconf 88' lang='lat' dir='ltr'><strong>dicens:</strong></span> <span class='ocrx_word' id='word_1_159' title='bbox 1504 2214 1594 2282; x_wconf 91' lang='lat' dir='ltr'><strong>qui</strong></span> <span class='ocrx_word' id='word_1_160' title='bbox 1637 2223 1690 2267; x_wconf 88' lang='lat' dir='ltr'><strong>et</strong></span> <span class='ocrx_word' id='word_1_161' title='bbox 1716 2214 1828 2282; x_wconf 89' lang='lat' dir='ltr'><strong>ipse</strong></span> <span class='ocrx_word' id='word_1_162' title='bbox 1855 2224 1996 2269; x_wconf 89' lang='lat' dir='ltr'><strong>totus</strong></span> 
     </span>
    </p>
   </div>
   <div class='ocr_carea' id='block_1_22' title="bbox 413 2301 1996 2376">
    <p class='ocr_par' dir='ltr' id='par_1_22' title="bbox 413 2301 1996 2376">
     <span class='ocr_line' id='line_1_22' title="bbox 413 2301 1996 2376; baseline 0.005 -22"><span class='ocrx_word' id='word_1_163' title='bbox 413 2301 666 2356; x_wconf 76' lang='lat' dir='ltr'><strong>elleratus</strong></span> <span class='ocrx_word' id='word_1_164' title='bbox 692 2345 706 2367; x_wconf 93' lang='lat'><strong>,</strong></span> <span class='ocrx_word' id='word_1_165' title='bbox 751 2303 1054 2357; x_wconf 88' lang='lat' dir='ltr'><strong>inimicitias</strong></span> <span class='ocrx_word' id='word_1_166' title='bbox 1093 2305 1349 2360; x_wconf 89' lang='lat' dir='ltr'><strong>adversus</strong></span> <span class='ocrx_word' id='word_1_167' title='bbox 1393 2304 1653 2359; x_wconf 89' lang='lat' dir='ltr'><strong>Joannem</strong></span> <span class='ocrx_word' id='word_1_168' title='bbox 1699 2307 1847 2361; x_wconf 86' lang='lat' dir='ltr'><strong>vultu</strong></span> <span class='ocrx_word' id='word_1_169' title='bbox 1881 2308 1996 2376; x_wconf 89' lang='lat' dir='ltr'><strong>ipso</strong></span> 
     </span>
    </p>
   </div>
   <div class='ocr_carea' id='block_1_23' title="bbox 415 2392 1998 2466">
    <p class='ocr_par' dir='ltr' id='par_1_23' title="bbox 415 2392 1998 2466">
     <span class='ocr_line' id='line_1_23' title="bbox 415 2392 1998 2466; baseline 0.006 -20"><span class='ocrx_word' id='word_1_170' title='bbox 415 2392 646 2461; x_wconf 91' lang='lat' dir='ltr'><strong>prodens</strong></span> <span class='ocrx_word' id='word_1_171' title='bbox 673 2435 688 2456; x_wconf 88' lang='lat'><strong>,</strong></span> <span class='ocrx_word' id='word_1_172' title='bbox 734 2396 1016 2465; x_wconf 73' lang='lat' dir='ltr'><strong>multisque</strong></span> <span class='ocrx_word' id='word_1_173' title='bbox 1081 2412 1202 2450; x_wconf 90' lang='lat' dir='ltr'><strong>cum</strong></span> <span class='ocrx_word' id='word_1_174' title='bbox 1259 2397 1464 2466; x_wconf 88' lang='lat' dir='ltr'><strong>probris</strong></span> <span class='ocrx_word' id='word_1_175' title='bbox 1511 2398 1786 2466; x_wconf 89' lang='lat' dir='ltr'><strong>lacerans,</strong></span> <span class='ocrx_word' id='word_1_176' title='bbox 1817 2400 1998 2455; x_wconf 87' lang='lat' dir='ltr'><strong>literas</strong></span> 
     </span>
    </p>
   </div>
   <div class='ocr_carea' id='block_1_24' title="bbox 420 2488 1997 2555">
    <p class='ocr_par' dir='ltr' id='par_1_24' title="bbox 420 2488 1997 2555">
     <span class='ocr_line' id='line_1_24' title="bbox 420 2488 1997 2555; baseline 0.008 -21"><span class='ocrx_word' id='word_1_177' title='bbox 420 2499 708 2552; x_wconf 90' lang='lat' dir='ltr'><strong>paucorum</strong></span> <span class='ocrx_word' id='word_1_178' title='bbox 741 2488 1112 2555; x_wconf 88' lang='lat' dir='ltr'><strong>episcoporum</strong></span> <span class='ocrx_word' id='word_1_179' title='bbox 1144 2488 1374 2543; x_wconf 86' lang='lat' dir='ltr'><strong>reddidit</strong></span> <span class='ocrx_word' id='word_1_180' title='bbox 1400 2530 1413 2551; x_wconf 95' lang='lat'><strong>,</strong></span> <span class='ocrx_word' id='word_1_181' title='bbox 1451 2489 1651 2555; x_wconf 83' lang='lat' dir='ltr'><strong>Acacii,</strong></span> <span class='ocrx_word' id='word_1_182' title='bbox 1681 2490 1851 2554; x_wconf 88' lang='lat' dir='ltr'><strong>Pauli,</strong></span> <span class='ocrx_word' id='word_1_183' title='bbox 1883 2493 1997 2546; x_wconf 82' lang='lat' dir='ltr'><strong>An-</strong></span> 
     </span>
    </p>
   </div>
   <div class='ocr_carea' id='block_1_25' title="bbox 418 2576 1993 2652">
    <p class='ocr_par' dir='ltr' id='par_1_25' title="bbox 418 2576 1993 2652">
     <span class='ocr_line' id='line_1_25' title="bbox 418 2576 1993 2652; baseline 0.006 -24"><span class='ocrx_word' id='word_1_184' title='bbox 418 2576 577 2628; x_wconf 91' lang='lat' dir='ltr'><strong>tiochi</strong></span> <span class='ocrx_word' id='word_1_185' title='bbox 610 2617 624 2634; x_wconf 86' lang='lat'><strong>.</strong></span> <span class='ocrx_word' id='word_1_186' title='bbox 662 2577 843 2647; x_wconf 84' lang='lat' dir='ltr'><strong>Cyrini</strong></span> <span class='ocrx_word' id='word_1_187' title='bbox 870 2618 886 2642; x_wconf 92' lang='lat'><strong>,</strong></span> <span class='ocrx_word' id='word_1_188' title='bbox 933 2577 1203 2633; x_wconf 84' lang='lat' dir='ltr'><strong>Severiaui</strong></span> <span class='ocrx_word' id='word_1_189' title='bbox 1243 2589 1299 2634; x_wconf 93' lang='lat' dir='ltr'><strong>ct</strong></span> <span class='ocrx_word' id='word_1_190' title='bbox 1341 2581 1562 2635; x_wconf 89' lang='lat' dir='ltr'><strong>aliorum</strong></span> <span class='ocrx_word' id='word_1_191' title='bbox 1599 2584 1948 2652; x_wconf 86' lang='lat' dir='ltr'><strong>quorumdam</strong></span> <span class='ocrx_word' id='word_1_192' title='bbox 1980 2602 1993 2637; x_wconf 95' lang='lat'>:</span> 
     </span>
    </p>
   </div>
   <div class='ocr_carea' id='block_1_26' title="bbox 421 2655 1995 2744">
    <p class='ocr_par' dir='ltr' id='par_1_26' title="bbox 421 2655 1995 2744">
     <span class='ocr_line' id='line_1_26' title="bbox 421 2655 1995 2744; baseline 0.006 -24"><span class='ocrx_word' id='word_1_193' title='bbox 421 2667 472 2720; x_wconf 87' lang='lat' dir='ltr'><strong>in</strong></span> <span class='ocrx_word' id='word_1_194' title='bbox 499 2655 690 2738; x_wconf 80' lang='lat' dir='ltr'><strong>quibus</strong></span> <span class='ocrx_word' id='word_1_195' title='bbox 727 2670 1183 2725; x_wconf 89' lang='lat' dir='ltr'><strong>calumniabantur</strong></span> <span class='ocrx_word' id='word_1_196' title='bbox 1209 2672 1501 2737; x_wconf 89' lang='lat' dir='ltr'><strong>Joannem,</strong></span> <span class='ocrx_word' id='word_1_197' title='bbox 1533 2675 1686 2744; x_wconf 90' lang='lat' dir='ltr'><strong>quasi</strong></span> <span class='ocrx_word' id='word_1_198' title='bbox 1715 2677 1995 2730; x_wconf 75' lang='lat' dir='ltr'><strong>ecclesiam</strong></span> 
     </span>
    </p>
   </div>
   <div class='ocr_carea' id='block_1_27' title="bbox 421 2759 1997 2837">
    <p class='ocr_par' dir='ltr' id='par_1_27' title="bbox 421 2759 1997 2837">
     <span class='ocr_line' id='line_1_27' title="bbox 421 2759 1997 2837; baseline 0.008 -27"><span class='ocrx_word' id='word_1_199' title='bbox 421 2759 763 2815; x_wconf 84' lang='lat' dir='ltr'><strong>incendisset.</strong></span> <span class='ocrx_word' id='word_1_200' title='bbox 804 2761 936 2814; x_wconf 89' lang='lat' dir='ltr'><strong>Tam</strong></span> <span class='ocrx_word' id='word_1_201' title='bbox 989 2762 1116 2816; x_wconf 89' lang='lat' dir='ltr'><strong>falsa</strong></span> <span class='ocrx_word' id='word_1_202' title='bbox 1149 2766 1301 2818; x_wconf 86' lang='lat' dir='ltr'><strong>nobis</strong></span> <span class='ocrx_word' id='word_1_203' title='bbox 1329 2766 1500 2820; x_wconf 82' lang='lat' dir='ltr'><strong>oratio</strong></span> <span class='ocrx_word' id='word_1_204' title='bbox 1541 2768 1821 2837; x_wconf 87' lang='lat' dir='ltr'><strong>apparuit,</strong></span> <span class='ocrx_word' id='word_1_205' title='bbox 1849 2777 1997 2823; x_wconf 92' lang='lat' dir='ltr'><strong>utne</strong></span> 
     </span>
    </p>
   </div>
   <div class='ocr_carea' id='block_1_28' title="bbox 421 2849 1993 2931">
    <p class='ocr_par' dir='ltr' id='par_1_28' title="bbox 421 2849 1993 2931">
     <span class='ocr_line' id='line_1_28' title="bbox 421 2849 1993 2931; baseline 0.009 -27"><span class='ocrx_word' id='word_1_206' title='bbox 421 2849 654 2906; x_wconf 84' lang='lat' dir='ltr'><strong>Joannes</strong></span> <span class='ocrx_word' id='word_1_207' title='bbox 702 2854 915 2922; x_wconf 88' lang='lat' dir='ltr'><strong>quidem</strong></span> <span class='ocrx_word' id='word_1_208' title='bbox 961 2857 1014 2909; x_wconf 92' lang='lat' dir='ltr'><strong>in</strong></span> <span class='ocrx_word' id='word_1_209' title='bbox 1040 2857 1237 2911; x_wconf 88' lang='lat' dir='ltr'><strong>celebri</strong></span> <span class='ocrx_word' id='word_1_210' title='bbox 1267 2858 1484 2928; x_wconf 87' lang='lat' dir='ltr'><strong>Synodo</strong></span> <span class='ocrx_word' id='word_1_211' title='bbox 1506 2859 1660 2931; x_wconf 87' lang='lat' dir='ltr'><strong>hujus</strong></span> <span class='ocrx_word' id='word_1_212' title='bbox 1703 2861 1783 2916; x_wconf 87' lang='lat' dir='ltr'><strong>rei</strong></span> <span class='ocrx_word' id='word_1_213' title='bbox 1812 2861 1993 2919; x_wconf 83' lang='lat' dir='ltr'><strong>defen-</strong></span> 
     </span>
    </p>
   </div>
   <div class='ocr_carea' id='block_1_29' title="bbox 422 2943 1998 3026">
    <p class='ocr_par' dir='ltr' id='par_1_29' title="bbox 422 2943 1998 3026">
     <span class='ocr_line' id='line_1_29' title="bbox 422 2943 1998 3026; baseline 0.01 -32"><span class='ocrx_word' id='word_1_214' title='bbox 422 2943 625 2997; x_wconf 79' lang='lat' dir='ltr'><strong>sionem</strong></span> <span class='ocrx_word' id='word_1_215' title='bbox 657 2945 894 2999; x_wconf 87' lang='lat' dir='ltr'><strong>attulerit</strong></span> <span class='ocrx_word' id='word_1_216' title='bbox 922 2964 934 2998; x_wconf 86' lang='lat'><strong>:</strong></span> <span class='ocrx_word' id='word_1_217' title='bbox 969 2961 1126 3022; x_wconf 84' lang='lat' dir='ltr'><strong>quem</strong></span> <span class='ocrx_word' id='word_1_218' title='bbox 1162 2961 1336 3018; x_wconf 88' lang='lat' dir='ltr'><strong>usque</strong></span> <span class='ocrx_word' id='word_1_219' title='bbox 1361 2963 1427 3002; x_wconf 89' lang='lat' dir='ltr'><strong>eo</strong></span> <span class='ocrx_word' id='word_1_220' title='bbox 1449 2949 1697 3018; x_wconf 77' lang='lat' dir='ltr'><strong>despexit</strong></span> <span class='ocrx_word' id='word_1_221' title='bbox 1743 2971 1878 3026; x_wconf 88' lang='lat' dir='ltr'><strong>papa</strong></span> <span class='ocrx_word' id='word_1_222' title='bbox 1911 2957 1998 3009; x_wconf 91' lang='lat' dir='ltr'><strong>lu-</strong></span> 
     </span>
    </p>
   </div>
   <div class='ocr_carea' id='block_1_30' title="bbox 424 3034 1994 3108">
    <p class='ocr_par' dir='ltr' id='par_1_30' title="bbox 424 3034 1994 3108">
     <span class='ocr_line' id='line_1_30' title="bbox 424 3034 1994 3108; baseline 0.007 -24"><span class='ocrx_word' id='word_1_223' title='bbox 424 3034 739 3098; x_wconf 77' lang='lat' dir='ltr'><strong>nocentius,</strong></span> <span class='ocrx_word' id='word_1_224' title='bbox 784 3043 842 3088; x_wconf 93' lang='lat' dir='ltr'><strong>ut</strong></span> <span class='ocrx_word' id='word_1_225' title='bbox 892 3035 1220 3105; x_wconf 90' lang='lat' dir='ltr'><strong>respondere</strong></span> <span class='ocrx_word' id='word_1_226' title='bbox 1265 3037 1508 3108; x_wconf 85' lang='lat' dir='ltr'><strong>dignatus</strong></span> <span class='ocrx_word' id='word_1_227' title='bbox 1550 3056 1654 3093; x_wconf 85' lang='lat' dir='ltr'><strong>non</strong></span> <span class='ocrx_word' id='word_1_228' title='bbox 1703 3045 1792 3099; x_wconf 89' lang='lat' dir='ltr'><strong>sit.</strong></span> <span class='ocrx_word' id='word_1_229' title='bbox 1819 3045 1994 3099; x_wconf 82' lang='lat' dir='ltr'><strong>Episc.</strong></span> 
     </span>
    </p>
   </div>
   <div class='ocr_carea' id='block_1_31' title="bbox 425 3121 1998 3207">
    <p class='ocr_par' dir='ltr' id='par_1_31' title="bbox 425 3121 1998 3207">
     <span class='ocr_line' id='line_1_31' title="bbox 425 3121 1998 3207; baseline 0.01 -34"><span class='ocrx_word' id='word_1_230' title='bbox 425 3121 650 3192; x_wconf 80' lang='lat' dir='ltr'><strong>Dignare</strong></span> <span class='ocrx_word' id='word_1_231' title='bbox 684 3126 844 3194; x_wconf 81' lang='lat' dir='ltr'><strong>igitur</strong></span> <span class='ocrx_word' id='word_1_232' title='bbox 895 3141 1050 3180; x_wconf 84' lang='lat' dir='ltr'><strong>aures</strong></span> <span class='ocrx_word' id='word_1_233' title='bbox 1088 3128 1217 3181; x_wconf 93' lang='lat' dir='ltr'><strong>mihi</strong></span> <span class='ocrx_word' id='word_1_234' title='bbox 1255 3129 1489 3196; x_wconf 85' lang='lat' dir='ltr'><strong>praebere</strong></span> <span class='ocrx_word' id='word_1_235' title='bbox 1516 3175 1534 3202; x_wconf 81' lang='lat'><strong>,</strong></span> <span class='ocrx_word' id='word_1_236' title='bbox 1580 3147 1638 3190; x_wconf 83' lang='lat' dir='ltr'><strong>ut</strong></span> <span class='ocrx_word' id='word_1_237' title='bbox 1666 3136 1761 3190; x_wconf 84' lang='lat' dir='ltr'><strong>tibi</strong></span> <span class='ocrx_word' id='word_1_238' title='bbox 1793 3137 1998 3207; x_wconf 81' lang='lat' dir='ltr'><strong>singula</strong></span> 
     </span>
    </p>
   </div>
   <div class='ocr_carea' id='block_1_32' title="bbox 425 3217 2000 3294">
    <p class='ocr_par' dir='ltr' id='par_1_32' title="bbox 425 3217 2000 3294">
     <span class='ocr_line' id='line_1_32' title="bbox 425 3217 2000 3294; baseline 0.013 -29"><span class='ocrx_word' id='word_1_239' title='bbox 425 3232 686 3284; x_wconf 65' lang='lat' dir='ltr'><strong>exponam</strong></span> <span class='ocrx_word' id='word_1_240' title='bbox 719 3235 731 3270; x_wconf 92' lang='lat'>:</span> <span class='ocrx_word' id='word_1_241' title='bbox 757 3217 910 3272; x_wconf 87' lang='lat' dir='ltr'><strong>valde</strong></span> <span class='ocrx_word' id='word_1_242' title='bbox 941 3220 1104 3282; x_wconf 90' lang='lat' dir='ltr'><strong>enim,</strong></span> <span class='ocrx_word' id='word_1_243' title='bbox 1138 3227 1195 3272; x_wconf 89' lang='lat' dir='ltr'><strong>ut</strong></span> <span class='ocrx_word' id='word_1_244' title='bbox 1220 3219 1295 3272; x_wconf 88' lang='lat' dir='ltr'><strong>ait</strong></span> <span class='ocrx_word' id='word_1_245' title='bbox 1317 3220 1467 3276; x_wconf 72' lang='lat' dir='ltr'><strong>Elius</strong></span> <span class='ocrx_word' id='word_1_246' title='bbox 1490 3227 1557 3281; x_wconf 90' lang='lat' dir='ltr'><strong>ad</strong></span> <span class='ocrx_word' id='word_1_247' title='bbox 1579 3226 1682 3282; x_wconf 83' lang='lat' dir='ltr'><strong>Job</strong></span> <span class='ocrx_word' id='word_1_248' title='bbox 1705 3269 1720 3294; x_wconf 93' lang='lat'><strong>,</strong></span> <span class='ocrx_word' id='word_1_249' title='bbox 1749 3226 2000 3284; x_wconf 75' lang='lat' dir='ltr'><strong>Constrin-</strong></span> 
     </span>
    </p>
   </div>
   <div class='ocr_carea' id='block_1_33' title="bbox 433 3320 2009 3397">
    <p class='ocr_par' dir='ltr' id='par_1_33' title="bbox 433 3320 2009 3397">
     <span class='ocr_line' id='line_1_33' title="bbox 433 3320 2009 3397; baseline 0.001 -25"><span class='ocrx_word' id='word_1_250' title='bbox 433 3322 503 3390; x_wconf 78' lang='lat' dir='ltr'><strong>git</strong></span> <span class='ocrx_word' id='word_1_251' title='bbox 549 3340 628 3376; x_wconf 82' lang='lat' dir='ltr'><strong>me</strong></span> <span class='ocrx_word' id='word_1_252' title='bbox 670 3327 874 3393; x_wconf 75' lang='lat' dir='ltr'><strong>spiritus</strong></span> <span class='ocrx_word' id='word_1_253' title='bbox 919 3328 1102 3380; x_wconf 76' lang='lat' dir='ltr'><strong>ventris</strong></span> <span class='ocrx_word' id='word_1_254' title='bbox 1149 3325 1265 3397; x_wconf 87' lang='lat' dir='ltr'><strong>(Job</strong></span> <span class='ocrx_word' id='word_1_255' title='bbox 1311 3323 1399 3378; x_wconf 73' lang='lat'><strong>&#39;52.</strong></span> <span class='ocrx_word' id='word_1_256' title='bbox 1450 3321 1586 3393; x_wconf 70' lang='lat'><strong>18):</strong></span> <span class='ocrx_word' id='word_1_257' title='bbox 1641 3329 1879 3375; x_wconf 89' lang='lat' dir='ltr'><strong>ventrem</strong></span> <span class='ocrx_word' id='word_1_258' title='bbox 1928 3320 2009 3374; x_wconf 88' lang='lat' dir='ltr'><strong>in-</strong></span> 
     </span>
    </p>
   </div>
   <div class='ocr_carea' id='block_1_34' title="bbox 434 3412 2007 3483">
    <p class='ocr_par' dir='ltr' id='par_1_34' title="bbox 434 3412 2007 3483">
     <span class='ocr_line' id='line_1_34' title="bbox 434 3412 2007 3483; baseline 0.003 -21"><span class='ocrx_word' id='word_1_259' title='bbox 434 3426 598 3466; x_wconf 88' lang='lat' dir='ltr'><strong>nuens</strong></span> <span class='ocrx_word' id='word_1_260' title='bbox 658 3427 890 3472; x_wconf 85' lang='lat' dir='ltr'><strong>mentem</strong></span> <span class='ocrx_word' id='word_1_261' title='bbox 939 3419 1271 3473; x_wconf 86' lang='lat' dir='ltr'><strong>sermonibus</strong></span> <span class='ocrx_word' id='word_1_262' title='bbox 1329 3415 1555 3483; x_wconf 91' lang='lat' dir='ltr'><strong>plenam.</strong></span> <span class='ocrx_word' id='word_1_263' title='bbox 1599 3413 1746 3467; x_wconf 67' lang='lat' dir='ltr'><strong>Duc.</strong></span> <span class='ocrx_word' id='word_1_264' title='bbox 1779 3412 2007 3467; x_wconf 78' lang='lat' dir='ltr'><strong>Necesse</strong></span> 
     </span>
    </p>
   </div>
   <div class='ocr_carea' id='block_1_35' title="bbox 430 3505 2000 3576">
    <p class='ocr_par' dir='ltr' id='par_1_35' title="bbox 430 3505 2000 3576">
     <span class='ocr_line' id='line_1_35' title="bbox 430 3505 2000 3576; baseline 0.003 -19"><span class='ocrx_word' id='word_1_265' title='bbox 430 3516 512 3558; x_wconf 87' lang='lat' dir='ltr'><strong>est</strong></span> <span class='ocrx_word' id='word_1_266' title='bbox 538 3521 652 3570; x_wconf 91' lang='lat' dir='ltr'><strong>me,</strong></span> <span class='ocrx_word' id='word_1_267' title='bbox 681 3507 878 3574; x_wconf 88' lang='lat' dir='ltr'><strong>optime</strong></span> <span class='ocrx_word' id='word_1_268' title='bbox 917 3512 1071 3566; x_wconf 81' lang='lat' dir='ltr'><strong>Pater</strong></span> <span class='ocrx_word' id='word_1_269' title='bbox 1098 3547 1113 3571; x_wconf 93' lang='lat'><strong>,</strong></span> <span class='ocrx_word' id='word_1_270' title='bbox 1160 3515 1347 3560; x_wconf 80' lang='lat' dir='ltr'><strong>exacte</strong></span> <span class='ocrx_word' id='word_1_271' title='bbox 1386 3505 1604 3576; x_wconf 88' lang='lat' dir='ltr'><strong>explere</strong></span> <span class='ocrx_word' id='word_1_272' title='bbox 1643 3508 2000 3561; x_wconf 87' lang='lat' dir='ltr'><strong>narrationem</strong></span> 
     </span>
    </p>
   </div>
   <div class='ocr_carea' id='block_1_36' title="bbox 430 3596 2004 3667">
    <p class='ocr_par' dir='ltr' id='par_1_36' title="bbox 430 3596 2004 3667">
     <span class='ocr_line' id='line_1_36' title="bbox 430 3596 2004 3667; baseline 0.003 -18"><span class='ocrx_word' id='word_1_273' title='bbox 430 3611 616 3649; x_wconf 86' lang='lat' dir='ltr'><strong>eorum</strong></span> <span class='ocrx_word' id='word_1_274' title='bbox 645 3638 659 3663; x_wconf 91' lang='lat'><strong>,</strong></span> <span class='ocrx_word' id='word_1_275' title='bbox 689 3612 806 3666; x_wconf 79' lang='lat' dir='ltr'><strong>quae</strong></span> <span class='ocrx_word' id='word_1_276' title='bbox 857 3596 924 3650; x_wconf 90' lang='lat' dir='ltr'><strong>ad</strong></span> <span class='ocrx_word' id='word_1_277' title='bbox 970 3598 1209 3651; x_wconf 88' lang='lat' dir='ltr'><strong>notitiam</strong></span> <span class='ocrx_word' id='word_1_278' title='bbox 1261 3607 1495 3651; x_wconf 90' lang='lat' dir='ltr'><strong>nostram</strong></span> <span class='ocrx_word' id='word_1_279' title='bbox 1528 3607 1917 3667; x_wconf 83' lang='lat' dir='ltr'><strong>pervenerunt,</strong></span> <span class='ocrx_word' id='word_1_280' title='bbox 1947 3609 2004 3654; x_wconf 90' lang='lat' dir='ltr'><strong>ut</strong></span> 
     </span>
    </p>
   </div>
   <div class='ocr_carea' id='block_1_37' title="bbox 430 3687 2003 3760">
    <p class='ocr_par' dir='ltr' id='par_1_37' title="bbox 430 3687 2003 3760">
     <span class='ocr_line' id='line_1_37' title="bbox 430 3687 2003 3760; baseline 0.003 -21"><span class='ocrx_word' id='word_1_281' title='bbox 430 3687 508 3740; x_wconf 89' lang='lat' dir='ltr'><strong>sic</strong></span> <span class='ocrx_word' id='word_1_282' title='bbox 536 3688 812 3756; x_wconf 84' lang='lat' dir='ltr'><strong>aggrediar</strong></span> <span class='ocrx_word' id='word_1_283' title='bbox 857 3688 1188 3760; x_wconf 86' lang='lat' dir='ltr'><strong>interrogare</strong></span> <span class='ocrx_word' id='word_1_284' title='bbox 1218 3701 1286 3743; x_wconf 83' lang='lat' dir='ltr'><strong>te.</strong></span> <span class='ocrx_word' id='word_1_285' title='bbox 1320 3689 1526 3744; x_wconf 81' lang='lat' dir='ltr'><strong>Rursus</strong></span> <span class='ocrx_word' id='word_1_286' title='bbox 1569 3691 1728 3760; x_wconf 80' lang='lat' dir='ltr'><strong>igitur</strong></span> <span class='ocrx_word' id='word_1_287' title='bbox 1756 3700 1876 3760; x_wconf 90' lang='lat' dir='ltr'><strong>post</strong></span> <span class='ocrx_word' id='word_1_288' title='bbox 1901 3693 2003 3745; x_wconf 91' lang='lat' dir='ltr'><strong>ali-</strong></span> 
     </span>
    </p>
   </div>
   <div class='ocr_carea' id='block_1_38' title="bbox 431 3779 2004 3854">
    <p class='ocr_par' dir='ltr' id='par_1_38' title="bbox 431 3779 2004 3854">
     <span class='ocr_line' id='line_1_38' title="bbox 431 3779 2004 3854; baseline 0.006 -26"><span class='ocrx_word' id='word_1_289' title='bbox 431 3787 559 3844; x_wconf 87' lang='lat' dir='ltr'><strong>quot</strong></span> <span class='ocrx_word' id='word_1_290' title='bbox 586 3780 694 3833; x_wconf 88' lang='lat' dir='ltr'><strong>dies</strong></span> <span class='ocrx_word' id='word_1_291' title='bbox 720 3779 885 3833; x_wconf 90' lang='lat' dir='ltr'><strong>adfuit</strong></span> <span class='ocrx_word' id='word_1_292' title='bbox 923 3780 1290 3852; x_wconf 88' lang='lat' dir='ltr'><strong>Synnadorum</strong></span> <span class='ocrx_word' id='word_1_293' title='bbox 1332 3782 1613 3850; x_wconf 89' lang='lat' dir='ltr'><strong>epise0pus</strong></span> <span class='ocrx_word' id='word_1_294' title='bbox 1637 3783 1910 3854; x_wconf 88' lang='lat' dir='ltr'><strong>Cyriacus,</strong></span> <span class='ocrx_word' id='word_1_295' title='bbox 1937 3783 2004 3837; x_wconf 90' lang='lat' dir='ltr'><strong>li-</strong></span> 
     </span>
    </p>
   </div>
   <div class='ocr_carea' id='block_1_39' title="bbox 433 3871 2005 3944">
    <p class='ocr_par' dir='ltr' id='par_1_39' title="bbox 433 3871 2005 3944">
     <span class='ocr_line' id='line_1_39' title="bbox 433 3871 2005 3944; baseline 0.005 -23"><span class='ocrx_word' id='word_1_296' title='bbox 433 3878 574 3923; x_wconf 90' lang='lat' dir='ltr'><strong>teras</strong></span> <span class='ocrx_word' id='word_1_297' title='bbox 603 3871 814 3940; x_wconf 80' lang='lat' dir='ltr'><strong>quidem</strong></span> <span class='ocrx_word' id='word_1_298' title='bbox 861 3873 1030 3926; x_wconf 89' lang='lat' dir='ltr'><strong>nullas</strong></span> <span class='ocrx_word' id='word_1_299' title='bbox 1073 3873 1274 3927; x_wconf 89' lang='lat' dir='ltr'><strong>habens</strong></span> <span class='ocrx_word' id='word_1_300' title='bbox 1306 3915 1319 3936; x_wconf 95' lang='lat'><strong>,</strong></span> <span class='ocrx_word' id='word_1_301' title='bbox 1352 3874 1574 3928; x_wconf 91' lang='lat' dir='ltr'><strong>idoneus</strong></span> <span class='ocrx_word' id='word_1_302' title='bbox 1612 3889 1740 3928; x_wconf 85' lang='lat' dir='ltr'><strong>vero</strong></span> <span class='ocrx_word' id='word_1_303' title='bbox 1779 3874 1844 3928; x_wconf 93' lang='lat' dir='ltr'><strong>ad</strong></span> <span class='ocrx_word' id='word_1_304' title='bbox 1884 3887 2005 3944; x_wconf 90' lang='lat' dir='ltr'><strong>apte</strong></span> 
     </span>
    </p>
   </div>
   <div class='ocr_carea' id='block_1_40' title="bbox 433 3965 2007 4038">
    <p class='ocr_par' dir='ltr' id='par_1_40' title="bbox 433 3965 2007 4038">
     <span class='ocr_line' id='line_1_40' title="bbox 433 3965 2007 4038; baseline 0.005 -23"><span class='ocrx_word' id='word_1_305' title='bbox 433 3973 488 4015; x_wconf 91' lang='lat' dir='ltr'><strong>et</strong></span> <span class='ocrx_word' id='word_1_306' title='bbox 511 3965 768 4018; x_wconf 89' lang='lat' dir='ltr'><strong>concinne</strong></span> <span class='ocrx_word' id='word_1_307' title='bbox 811 3967 1133 4021; x_wconf 90' lang='lat' dir='ltr'><strong>narrandum</strong></span> <span class='ocrx_word' id='word_1_308' title='bbox 1170 3985 1182 4020; x_wconf 89' lang='lat'>:</span> <span class='ocrx_word' id='word_1_309' title='bbox 1221 3967 1310 4037; x_wconf 92' lang='lat' dir='ltr'><strong>qui</strong></span> <span class='ocrx_word' id='word_1_310' title='bbox 1355 3967 1564 4023; x_wconf 87' lang='lat' dir='ltr'><strong>dicebat</strong></span> <span class='ocrx_word' id='word_1_311' title='bbox 1606 3967 1803 4038; x_wconf 79' lang='lat' dir='ltr'><strong>fugisse</strong></span> <span class='ocrx_word' id='word_1_312' title='bbox 1843 3984 1901 4024; x_wconf 89' lang='lat' dir='ltr'><strong>sc</strong></span> <span class='ocrx_word' id='word_1_313' title='bbox 1937 3969 2007 4023; x_wconf 90' lang='lat' dir='ltr'><strong>ob</strong></span> 
     </span>
    </p>
   </div>
   <div class='ocr_carea' id='block_1_41' title="bbox 434 4052 2008 4128">
    <p class='ocr_par' dir='ltr' id='par_1_41' title="bbox 434 4052 2008 4128">
     <span class='ocr_line' id='line_1_41' title="bbox 434 4052 2008 4128; baseline 0.004 -22"><span class='ocrx_word' id='word_1_314' title='bbox 434 4052 723 4122; x_wconf 88' lang='lat' dir='ltr'><strong>Itupcrialis</strong></span> <span class='ocrx_word' id='word_1_315' title='bbox 755 4057 913 4110; x_wconf 88' lang='lat' dir='ltr'><strong>edicti</strong></span> <span class='ocrx_word' id='word_1_316' title='bbox 939 4059 1422 4121; x_wconf 89' lang='lat' dir='ltr'><strong>comminationcm,</strong></span> <span class='ocrx_word' id='word_1_317' title='bbox 1453 4059 1590 4128; x_wconf 86' lang='lat' dir='ltr'><strong>quod</strong></span> <span class='ocrx_word' id='word_1_318' title='bbox 1617 4062 1693 4114; x_wconf 92' lang='lat' dir='ltr'><strong>sic</strong></span> <span class='ocrx_word' id='word_1_319' title='bbox 1722 4060 1911 4115; x_wconf 90' lang='lat' dir='ltr'><strong>habet:</strong></span> <span class='ocrx_word' id='word_1_320' title='bbox 1946 4060 2008 4114; x_wconf 88' lang='lat' dir='ltr'><strong>Si</strong></span> 
     </span>
    </p>
   </div>
   <div class='ocr_carea' id='block_1_42' title="bbox 433 4141 2005 4220">
    <p class='ocr_par' dir='ltr' id='par_1_42' title="bbox 433 4141 2005 4220">
     <span class='ocr_line' id='line_1_42' title="bbox 433 4141 2005 4220; baseline 0.004 -25"><span class='ocrx_word' id='word_1_321' title='bbox 433 4144 544 4211; x_wconf 77' lang='lat' dir='ltr'><strong>quis</strong></span> <span class='ocrx_word' id='word_1_322' title='bbox 563 4161 662 4198; x_wconf 92' lang='lat' dir='ltr'><strong>non</strong></span> <span class='ocrx_word' id='word_1_323' title='bbox 695 4147 1020 4200; x_wconf 81' lang='lat' dir='ltr'><strong>communicat</strong></span> <span class='ocrx_word' id='word_1_324' title='bbox 1046 4141 1366 4218; x_wconf 68' lang='grc' dir='ltr'><strong>ΤΙιεορΙιὶίό,</strong></span> <span class='ocrx_word' id='word_1_325' title='bbox 1389 4151 1595 4203; x_wconf 79' lang='lat' dir='ltr'><strong>Arsacia</strong></span> <span class='ocrx_word' id='word_1_326' title='bbox 1621 4161 1666 4204; x_wconf 87' lang='lat' dir='ltr'><strong>et</strong></span> <span class='ocrx_word' id='word_1_327' title='bbox 1692 4150 2005 4220; x_wconf 80' lang='lat' dir='ltr'><strong>Porphyrio,</strong></span> 
     </span>
    </p>
   </div>
   <div class='ocr_carea' id='block_1_43' title="bbox 433 4236 2008 4307">
    <p class='ocr_par' dir='ltr' id='par_1_43' title="bbox 433 4236 2008 4307">
     <span class='ocr_line' id='line_1_43' title="bbox 433 4236 2008 4307; baseline 0.005 -20"><span class='ocrx_word' id='word_1_328' title='bbox 433 4236 519 4289; x_wconf 83' lang='lat' dir='ltr'><strong>ille</strong></span> <span class='ocrx_word' id='word_1_329' title='bbox 554 4237 750 4306; x_wconf 83' lang='lat' dir='ltr'><strong>quidem</strong></span> <span class='ocrx_word' id='word_1_330' title='bbox 769 4239 1058 4307; x_wconf 79' lang='lat' dir='ltr'><strong>episcopatu</strong></span> <span class='ocrx_word' id='word_1_331' title='bbox 1084 4251 1353 4303; x_wconf 86' lang='lat' dir='ltr'><strong>arceatur;</strong></span> <span class='ocrx_word' id='word_1_332' title='bbox 1384 4241 1533 4295; x_wconf 81' lang='lat' dir='ltr'><strong>simul</strong></span> <span class='ocrx_word' id='word_1_333' title='bbox 1555 4244 1703 4295; x_wconf 84' lang='lat' dir='ltr'><strong>etiam</strong></span> <span class='ocrx_word' id='word_1_334' title='bbox 1745 4243 1940 4294; x_wconf 85' lang='lat' dir='ltr'><strong>amittat</strong></span> <span class='ocrx_word' id='word_1_335' title='bbox 1965 4244 2008 4296; x_wconf 81' lang='lat' dir='ltr'><strong>si</strong></span> 
     </span>
    </p>
   </div>
   <div class='ocr_carea' id='block_1_44' title="bbox 433 4331 2009 4403">
    <p class='ocr_par' dir='ltr' id='par_1_44' title="bbox 433 4331 2009 4403">
     <span class='ocr_line' id='line_1_44' title="bbox 433 4331 2009 4403; baseline 0.007 -25"><span class='ocrx_word' id='word_1_336' title='bbox 433 4344 582 4397; x_wconf 82' lang='lat' dir='ltr'><strong>quant</strong></span> <span class='ocrx_word' id='word_1_337' title='bbox 610 4331 739 4384; x_wconf 77' lang='lat' dir='ltr'><strong>visus</strong></span> <span class='ocrx_word' id='word_1_338' title='bbox 787 4334 937 4403; x_wconf 72' lang='lat' dir='ltr'><strong>fuerit</strong></span> <span class='ocrx_word' id='word_1_339' title='bbox 968 4333 1150 4387; x_wconf 85' lang='lat' dir='ltr'><strong>habere</strong></span> <span class='ocrx_word' id='word_1_340' title='bbox 1175 4334 1504 4388; x_wconf 77' lang='lat' dir='ltr'><strong>substantiam</strong></span> <span class='ocrx_word' id='word_1_341' title='bbox 1552 4337 1881 4403; x_wconf 81' lang='lat' dir='ltr'><strong>pecuniarum</strong></span> <span class='ocrx_word' id='word_1_342' title='bbox 1921 4347 2009 4389; x_wconf 88' lang='lat' dir='ltr'><strong>aut</strong></span> 
     </span>
    </p>
   </div>
   <div class='ocr_carea' id='block_1_45' title="bbox 435 4424 2008 4500">
    <p class='ocr_par' dir='ltr' id='par_1_45' title="bbox 435 4424 2008 4500">
     <span class='ocr_line' id='line_1_45' title="bbox 435 4424 2008 4500; baseline 0.007 -26"><span class='ocrx_word' id='word_1_343' title='bbox 435 4424 754 4491; x_wconf 73' lang='lat' dir='ltr'><strong>prwdiorum.</strong></span> <span class='ocrx_word' id='word_1_344' title='bbox 781 4426 906 4480; x_wconf 84' lang='lat' dir='ltr'><strong>Post</strong></span> <span class='ocrx_word' id='word_1_345' title='bbox 935 4426 1212 4498; x_wconf 88' lang='lat' dir='ltr'><strong>Cyriacum</strong></span> <span class='ocrx_word' id='word_1_346' title='bbox 1254 4427 1471 4483; x_wconf 82' lang='lat' dir='ltr'><strong>advenit</strong></span> <span class='ocrx_word' id='word_1_347' title='bbox 1501 4429 1769 4500; x_wconf 85' lang='lat' dir='ltr'><strong>Eulysius,</strong></span> <span class='ocrx_word' id='word_1_348' title='bbox 1798 4431 2008 4498; x_wconf 90' lang='lat' dir='ltr'><strong>episco-</strong></span> 
     </span>
    </p>
   </div>
   <div class='ocr_carea' id='block_1_46' title="bbox 439 4516 2009 4590">
    <p class='ocr_par' dir='ltr' id='par_1_46' title="bbox 439 4516 2009 4590">
     <span class='ocr_line' id='line_1_46' title="bbox 439 4516 2009 4590; baseline 0.006 -24"><span class='ocrx_word' id='word_1_349' title='bbox 439 4529 534 4582; x_wconf 86' lang='lat' dir='ltr'><strong>pus</strong></span> <span class='ocrx_word' id='word_1_350' title='bbox 573 4516 822 4582; x_wconf 74' lang='lat' dir='ltr'><strong>Apamete</strong></span> <span class='ocrx_word' id='word_1_351' title='bbox 871 4518 1131 4588; x_wconf 67' lang='lat' dir='ltr'><strong>Bithynia:</strong></span> <span class='ocrx_word' id='word_1_352' title='bbox 1162 4560 1177 4584; x_wconf 91' lang='lat'><strong>,</strong></span> <span class='ocrx_word' id='word_1_353' title='bbox 1208 4519 1436 4574; x_wconf 85' lang='lat' dir='ltr'><strong>reddens</strong></span> <span class='ocrx_word' id='word_1_354' title='bbox 1491 4519 1671 4574; x_wconf 85' lang='lat' dir='ltr'><strong>literas</strong></span> <span class='ocrx_word' id='word_1_355' title='bbox 1704 4522 2009 4590; x_wconf 86' lang='lat' dir='ltr'><strong>quindecim</strong></span> 
     </span>
    </p>
   </div>
   <div class='ocr_carea' id='block_1_47' title="bbox 434 4606 2012 4683">
    <p class='ocr_par' dir='ltr' id='par_1_47' title="bbox 434 4606 2012 4683">
     <span class='ocr_line' id='line_1_47' title="bbox 434 4606 2012 4683; baseline 0.008 -26"><span class='ocrx_word' id='word_1_356' title='bbox 434 4606 802 4675; x_wconf 83' lang='lat' dir='ltr'><strong>episcoporum</strong></span> <span class='ocrx_word' id='word_1_357' title='bbox 860 4624 891 4663; x_wconf 91' lang='lat' dir='ltr'><strong>e</strong></span> <span class='ocrx_word' id='word_1_358' title='bbox 943 4611 1146 4681; x_wconf 82' lang='lat' dir='ltr'><strong>synodo</strong></span> <span class='ocrx_word' id='word_1_359' title='bbox 1195 4611 1454 4678; x_wconf 85' lang='lat' dir='ltr'><strong>Joannis,</strong></span> <span class='ocrx_word' id='word_1_360' title='bbox 1503 4623 1558 4667; x_wconf 83' lang='lat' dir='ltr'><strong>et</strong></span> <span class='ocrx_word' id='word_1_361' title='bbox 1609 4615 1794 4683; x_wconf 87' lang='lat' dir='ltr'><strong>optimi</strong></span> <span class='ocrx_word' id='word_1_362' title='bbox 1867 4617 2012 4671; x_wconf 86' lang='lat' dir='ltr'><strong>senis</strong></span> 
     </span>
    </p>
   </div>
   <div class='ocr_carea' id='block_1_48' title="bbox 437 4698 2010 4774">
    <p class='ocr_par' dir='ltr' id='par_1_48' title="bbox 437 4698 2010 4774">
     <span class='ocr_line' id='line_1_48' title="bbox 437 4698 2010 4774; baseline 0.005 -24"><span class='ocrx_word' id='word_1_363' title='bbox 437 4698 640 4767; x_wconf 85' lang='lat' dir='ltr'><strong>Anysii,</strong></span> <span class='ocrx_word' id='word_1_364' title='bbox 670 4698 1075 4756; x_wconf 87' lang='lat' dir='ltr'><strong>&#39;l‘hessalonices</strong></span> <span class='ocrx_word' id='word_1_365' title='bbox 1113 4703 1346 4772; x_wconf 84' lang='lat' dir='ltr'><strong>episcOpi</strong></span> <span class='ocrx_word' id='word_1_366' title='bbox 1378 4719 1391 4767; x_wconf 93' lang='lat'>;</span> <span class='ocrx_word' id='word_1_367' title='bbox 1440 4705 1490 4757; x_wconf 94' lang='lat' dir='ltr'><strong>in</strong></span> <span class='ocrx_word' id='word_1_368' title='bbox 1535 4705 1728 4774; x_wconf 86' lang='lat' dir='ltr'><strong>quibus</strong></span> <span class='ocrx_word' id='word_1_369' title='bbox 1767 4717 1820 4759; x_wconf 92' lang='lat' dir='ltr'><strong>et</strong></span> <span class='ocrx_word' id='word_1_370' title='bbox 1867 4707 2010 4774; x_wconf 81' lang='lat' dir='ltr'><strong>prio—</strong></span> 
     </span>
    </p>
   </div>
   <div class='ocr_carea' id='block_1_49' title="bbox 438 4793 2010 4866">
    <p class='ocr_par' dir='ltr' id='par_1_49' title="bbox 438 4793 2010 4866">
     <span class='ocr_line' id='line_1_49' title="bbox 438 4793 2010 4866; baseline 0.004 -26"><span class='ocrx_word' id='word_1_371' title='bbox 438 4804 546 4840; x_wconf 85' lang='lat' dir='ltr'><strong>rem</strong></span> <span class='ocrx_word' id='word_1_372' title='bbox 581 4800 632 4842; x_wconf 90' lang='lat' dir='ltr'><strong>ct</strong></span> <span class='ocrx_word' id='word_1_373' title='bbox 663 4801 976 4858; x_wconf 57' lang='lat' dir='ltr'><strong>praesentem</strong></span> <span class='ocrx_word' id='word_1_374' title='bbox 1019 4793 1182 4847; x_wconf 90' lang='lat' dir='ltr'><strong>totius</strong></span> <span class='ocrx_word' id='word_1_375' title='bbox 1225 4794 1710 4866; x_wconf 82' lang='lat' dir='ltr'><strong>ConstantInOpolis</strong></span> <span class='ocrx_word' id='word_1_376' title='bbox 1753 4797 2010 4866; x_wconf 83' lang='lat' dir='ltr'><strong>direptio-</strong></span> 
     </span>
    </p>
   </div>
   <div class='ocr_carea' id='block_1_50' title="bbox 438 4883 2013 4958">
    <p class='ocr_par' dir='ltr' id='par_1_50' title="bbox 438 4883 2013 4958">
     <span class='ocr_line' id='line_1_50' title="bbox 438 4883 2013 4958; baseline 0.006 -25"><span class='ocrx_word' id='word_1_377' title='bbox 438 4897 555 4934; x_wconf 86' lang='lat' dir='ltr'><strong>nem</strong></span> <span class='ocrx_word' id='word_1_378' title='bbox 585 4883 981 4950; x_wconf 74' lang='lat' dir='ltr'><strong>perscribebant</strong></span> <span class='ocrx_word' id='word_1_379' title='bbox 1006 4886 1268 4956; x_wconf 82' lang='lat' dir='ltr'><strong>:Anysius</strong></span> <span class='ocrx_word' id='word_1_380' title='bbox 1283 4903 1409 4942; x_wconf 83' lang='lat' dir='ltr'><strong>vero</strong></span> <span class='ocrx_word' id='word_1_381' title='bbox 1426 4888 1712 4954; x_wconf 87' lang='lat' dir='ltr'><strong>scribebat,</strong></span> <span class='ocrx_word' id='word_1_382' title='bbox 1736 4905 1793 4944; x_wconf 90' lang='lat' dir='ltr'><strong>se</strong></span> <span class='ocrx_word' id='word_1_383' title='bbox 1813 4889 2013 4958; x_wconf 89' lang='lat' dir='ltr'><strong>judicio</strong></span> 
     </span>
    </p>
   </div>
   <div class='ocr_carea' id='block_1_51' title="bbox 439 4972 2012 5052">
    <p class='ocr_par' dir='ltr' id='par_1_51' title="bbox 439 4972 2012 5052">
     <span class='ocr_line' id='line_1_51' title="bbox 439 4972 2012 5052; baseline 0.006 -26"><span class='ocrx_word' id='word_1_384' title='bbox 439 4972 687 5026; x_wconf 75' lang='lat' dir='ltr'><strong>lloutauae</strong></span> <span class='ocrx_word' id='word_1_385' title='bbox 717 4973 971 5029; x_wconf 68' lang='lat' dir='ltr'><strong>Ecclesia:</strong></span> <span class='ocrx_word' id='word_1_386' title='bbox 997 4979 1334 5046; x_wconf 87' lang='lat' dir='ltr'><strong>acquiescere</strong></span> <span class='ocrx_word' id='word_1_387' title='bbox 1365 4998 1376 5032; x_wconf 92' lang='lat'>:</span> <span class='ocrx_word' id='word_1_388' title='bbox 1420 4981 1532 5047; x_wconf 89' lang='lat' dir='ltr'><strong>ipse</strong></span> <span class='ocrx_word' id='word_1_389' title='bbox 1562 4981 1810 5052; x_wconf 81' lang='lat' dir='ltr'><strong>Eulysius</strong></span> <span class='ocrx_word' id='word_1_390' title='bbox 1835 4983 2012 5036; x_wconf 89' lang='lat' dir='ltr'><strong>omnia</strong></span> 
     </span>
    </p>
   </div>
   <div class='ocr_carea' id='block_1_52' title="bbox 435 5065 2011 5141">
    <p class='ocr_par' dir='ltr' id='par_1_52' title="bbox 435 5065 2011 5141">
     <span class='ocr_line' id='line_1_52' title="bbox 435 5065 2011 5141; baseline 0.006 -23"><span class='ocrx_word' id='word_1_391' title='bbox 435 5065 656 5137; x_wconf 80' lang='lat' dir='ltr'><strong>Cyriaco</strong></span> <span class='ocrx_word' id='word_1_392' title='bbox 686 5078 1038 5125; x_wconf 83' lang='lat' dir='ltr'><strong>consentanea</strong></span> <span class='ocrx_word' id='word_1_393' title='bbox 1074 5073 1325 5125; x_wconf 83' lang='lat' dir='ltr'><strong>narravit.</strong></span> <span class='ocrx_word' id='word_1_394' title='bbox 1353 5073 1544 5141; x_wconf 82' lang='lat' dir='ltr'><strong>Elapso</strong></span> <span class='ocrx_word' id='word_1_395' title='bbox 1571 5090 1753 5129; x_wconf 89' lang='lat' dir='ltr'><strong>mense</strong></span> <span class='ocrx_word' id='word_1_396' title='bbox 1780 5117 1794 5138; x_wconf 87' lang='lat'><strong>,</strong></span> <span class='ocrx_word' id='word_1_397' title='bbox 1827 5089 2011 5129; x_wconf 89' lang='lat' dir='ltr'><strong>acces-</strong></span> 
     </span>
    </p>
   </div>
   <div class='ocr_carea' id='block_1_53' title="bbox 435 5158 2010 5237">
    <p class='ocr_par' dir='ltr' id='par_1_53' title="bbox 435 5158 2010 5237">
     <span class='ocr_line' id='line_1_53' title="bbox 435 5158 2010 5237; baseline 0.008 -27"><span class='ocrx_word' id='word_1_398' title='bbox 435 5159 502 5211; x_wconf 83' lang='lat' dir='ltr'><strong>sit</strong></span> <span class='ocrx_word' id='word_1_399' title='bbox 533 5158 820 5228; x_wconf 86' lang='lat' dir='ltr'><strong>Palladius,</strong></span> <span class='ocrx_word' id='word_1_400' title='bbox 852 5164 1133 5233; x_wconf 86' lang='lat' dir='ltr'><strong>episcopus</strong></span> <span class='ocrx_word' id='word_1_401' title='bbox 1167 5164 1510 5234; x_wconf 90' lang='lat' dir='ltr'><strong>llelenopolis</strong></span> <span class='ocrx_word' id='word_1_402' title='bbox 1531 5208 1545 5225; x_wconf 92' lang='lat'><strong>,</strong></span> <span class='ocrx_word' id='word_1_403' title='bbox 1571 5166 1772 5237; x_wconf 89' lang='lat' dir='ltr'><strong>absque</strong></span> <span class='ocrx_word' id='word_1_404' title='bbox 1799 5169 1969 5223; x_wconf 88' lang='lat' dir='ltr'><strong>literis</strong></span> <span class='ocrx_word' id='word_1_405' title='bbox 1997 5185 2010 5222; x_wconf 91' lang='lat'><strong>:</strong></span> 
     </span>
    </p>
   </div>
   <div class='ocr_carea' id='block_1_54' title="bbox 434 5253 2012 5325">
    <p class='ocr_par' dir='ltr' id='par_1_54' title="bbox 434 5253 2012 5325">
     <span class='ocr_line' id='line_1_54' title="bbox 434 5253 2012 5325; baseline 0.01 -25"><span class='ocrx_word' id='word_1_406' title='bbox 434 5254 521 5316; x_wconf 84' lang='lat' dir='ltr'><strong>qui</strong></span> <span class='ocrx_word' id='word_1_407' title='bbox 553 5263 606 5306; x_wconf 92' lang='lat' dir='ltr'><strong>et</strong></span> <span class='ocrx_word' id='word_1_408' title='bbox 633 5253 744 5321; x_wconf 90' lang='lat' dir='ltr'><strong>ipse</strong></span> <span class='ocrx_word' id='word_1_409' title='bbox 769 5253 966 5324; x_wconf 82' lang='lat' dir='ltr'><strong>fugisse</strong></span> <span class='ocrx_word' id='word_1_410' title='bbox 997 5270 1056 5310; x_wconf 91' lang='lat' dir='ltr'><strong>se</strong></span> <span class='ocrx_word' id='word_1_411' title='bbox 1084 5257 1489 5325; x_wconf 82' lang='lat' dir='ltr'><strong>magistratuum</strong></span> <span class='ocrx_word' id='word_1_412' title='bbox 1522 5260 1751 5314; x_wconf 86' lang='lat' dir='ltr'><strong>furorem</strong></span> <span class='ocrx_word' id='word_1_413' title='bbox 1778 5261 2012 5324; x_wconf 88' lang='lat' dir='ltr'><strong>dicebat,</strong></span> 
     </span>
    </p>
   </div>
   <div class='ocr_carea' id='block_1_55' title="bbox 435 5343 2016 5415">
    <p class='ocr_par' dir='ltr' id='par_1_55' title="bbox 435 5343 2016 5415">
     <span class='ocr_line' id='line_1_55' title="bbox 435 5343 2016 5415; baseline 0.008 -21"><span class='ocrx_word' id='word_1_414' title='bbox 435 5353 488 5394; x_wconf 89' lang='lat' dir='ltr'><strong>et</strong></span> <span class='ocrx_word' id='word_1_415' title='bbox 516 5343 668 5397; x_wconf 88' lang='lat' dir='ltr'><strong>nobis</strong></span> <span class='ocrx_word' id='word_1_416' title='bbox 694 5347 871 5399; x_wconf 89' lang='lat' dir='ltr'><strong>omnia</strong></span> <span class='ocrx_word' id='word_1_417' title='bbox 898 5348 1203 5415; x_wconf 82' lang='lat' dir='ltr'><strong>expressius</strong></span> <span class='ocrx_word' id='word_1_418' title='bbox 1225 5349 1513 5403; x_wconf 87' lang='lat' dir='ltr'><strong>declaravit</strong></span> <span class='ocrx_word' id='word_1_419' title='bbox 1536 5365 1551 5411; x_wconf 87' lang='lat'><strong>;</strong></span> <span class='ocrx_word' id='word_1_420' title='bbox 1583 5352 1878 5406; x_wconf 88' lang='lat' dir='ltr'><strong>ostendens</strong></span> <span class='ocrx_word' id='word_1_421' title='bbox 1903 5354 2016 5407; x_wconf 90' lang='lat' dir='ltr'><strong>edi-</strong></span> 
     </span>
    </p>
   </div>
   <div class='ocr_carea' id='block_1_56' title="bbox 435 5435 2013 5515">
    <p class='ocr_par' dir='ltr' id='par_1_56' title="bbox 435 5435 2013 5515">
     <span class='ocr_line' id='line_1_56' title="bbox 435 5435 2013 5515; baseline 0.01 -30"><span class='ocrx_word' id='word_1_422' title='bbox 435 5435 504 5487; x_wconf 84' lang='lat' dir='ltr'><strong>cti</strong></span> <span class='ocrx_word' id='word_1_423' title='bbox 527 5438 849 5505; x_wconf 76' lang='lat' dir='ltr'><strong>exemplum,</strong></span> <span class='ocrx_word' id='word_1_424' title='bbox 877 5439 1015 5508; x_wconf 84' lang='lat' dir='ltr'><strong>quod</strong></span> <span class='ocrx_word' id='word_1_425' title='bbox 1044 5440 1126 5495; x_wconf 88' lang='lat' dir='ltr'><strong>sic</strong></span> <span class='ocrx_word' id='word_1_426' title='bbox 1156 5439 1315 5496; x_wconf 82' lang='lat' dir='ltr'><strong>habet</strong></span> <span class='ocrx_word' id='word_1_427' title='bbox 1342 5459 1353 5494; x_wconf 94' lang='lat'><strong>:</strong></span> <span class='ocrx_word' id='word_1_428' title='bbox 1388 5443 1699 5515; x_wconf 86' lang='lat' dir='ltr'><strong>Quicumque</strong></span> <span class='ocrx_word' id='word_1_429' title='bbox 1732 5447 2013 5501; x_wconf 80' lang='lat' dir='ltr'><strong>occultave-</strong></span> 
     </span>
    </p>
   </div>
   <div class='ocr_carea' id='block_1_57' title="bbox 436 5526 2014 5606">
    <p class='ocr_par' dir='ltr' id='par_1_57' title="bbox 436 5526 2014 5606">
     <span class='ocr_line' id='line_1_57' title="bbox 436 5526 2014 5606; baseline 0.011 -31"><span class='ocrx_word' id='word_1_430' title='bbox 436 5526 501 5576; x_wconf 81' lang='lat' dir='ltr'><strong>rit</strong></span> <span class='ocrx_word' id='word_1_431' title='bbox 517 5526 806 5596; x_wconf 77' lang='lat' dir='ltr'><strong>episcopum</strong></span> <span class='ocrx_word' id='word_1_432' title='bbox 852 5539 942 5582; x_wconf 85' lang='lat' dir='ltr'><strong>aut</strong></span> <span class='ocrx_word' id='word_1_433' title='bbox 981 5531 1256 5598; x_wconf 86' lang='lat' dir='ltr'><strong>clericum,</strong></span> <span class='ocrx_word' id='word_1_434' title='bbox 1287 5543 1376 5586; x_wconf 89' lang='lat' dir='ltr'><strong>aut</strong></span> <span class='ocrx_word' id='word_1_435' title='bbox 1433 5537 1636 5589; x_wconf 82' lang='lat' dir='ltr'><strong>omnino</strong></span> <span class='ocrx_word' id='word_1_436' title='bbox 1668 5540 1919 5606; x_wconf 75' lang='lat' dir='ltr'><strong>exceperit</strong></span> <span class='ocrx_word' id='word_1_437' title='bbox 1962 5541 2014 5593; x_wconf 85' lang='lat' dir='ltr'><strong>in</strong></span> 
     </span>
    </p>
   </div>
   <div class='ocr_carea' id='block_1_58' title="bbox 437 5617 2016 5696">
    <p class='ocr_par' dir='ltr' id='par_1_58' title="bbox 437 5617 2016 5696">
     <span class='ocr_line' id='line_1_58' title="bbox 437 5617 2016 5696; baseline 0.012 -31"><span class='ocrx_word' id='word_1_438' title='bbox 437 5617 641 5669; x_wconf 76' lang='lat' dir='ltr'><strong>domum</strong></span> <span class='ocrx_word' id='word_1_439' title='bbox 664 5635 809 5672; x_wconf 73' lang='lat' dir='ltr'><strong>suam</strong></span> <span class='ocrx_word' id='word_1_440' title='bbox 837 5621 1053 5691; x_wconf 81' lang='lat' dir='ltr'><strong>aliquem</strong></span> <span class='ocrx_word' id='word_1_441' title='bbox 1105 5624 1190 5693; x_wconf 79' lang='lat' dir='ltr'><strong>qui</strong></span> <span class='ocrx_word' id='word_1_442' title='bbox 1232 5627 1564 5680; x_wconf 83' lang='lat' dir='ltr'><strong>communicet</strong></span> <span class='ocrx_word' id='word_1_443' title='bbox 1596 5627 1810 5696; x_wconf 85' lang='lat' dir='ltr'><strong>Joanni,</strong></span> <span class='ocrx_word' id='word_1_444' title='bbox 1840 5631 2016 5684; x_wconf 76' lang='lat' dir='ltr'><strong>domus</strong></span> 
     </span>
    </p>
   </div>
   <div class='ocr_carea' id='block_1_59' title="bbox 438 5710 2014 5785">
    <p class='ocr_par' dir='ltr' id='par_1_59' title="bbox 438 5710 2014 5785">
     <span class='ocr_line' id='line_1_59' title="bbox 438 5710 2014 5785; baseline 0.013 -26"><span class='ocrx_word' id='word_1_445' title='bbox 438 5711 550 5777; x_wconf 73' lang='lat' dir='ltr'><strong>ejus</strong></span> <span class='ocrx_word' id='word_1_446' title='bbox 589 5710 885 5781; x_wconf 83' lang='lat' dir='ltr'><strong>publicetur.</strong></span> <span class='ocrx_word' id='word_1_447' title='bbox 916 5715 1042 5770; x_wconf 89' lang='lat' dir='ltr'><strong>Post</strong></span> <span class='ocrx_word' id='word_1_448' title='bbox 1069 5716 1388 5785; x_wconf 84' lang='lat' dir='ltr'><strong>Palladium,</strong></span> <span class='ocrx_word' id='word_1_449' title='bbox 1412 5719 1675 5776; x_wconf 81' lang='lat' dir='ltr'><strong>advenere</strong></span> <span class='ocrx_word' id='word_1_450' title='bbox 1717 5723 2014 5778; x_wconf 80' lang='lat' dir='ltr'><strong>Germanus</strong></span> 
     </span>
    </p>
   </div>
   <div class='ocr_carea' id='block_1_60' title="bbox 445 5801 2010 5885">
    <p class='ocr_par' dir='ltr' id='par_1_60' title="bbox 445 5801 2010 5885">
     <span class='ocr_line' id='line_1_60' title="bbox 445 5801 2010 5885; baseline 0.013 -32"><span class='ocrx_word' id='word_1_451' title='bbox 445 5801 720 5867; x_wconf 73' lang='lat' dir='ltr'><strong>presbrter</strong></span> <span class='ocrx_word' id='word_1_452' title='bbox 743 5821 844 5862; x_wconf 84' lang='lat' dir='ltr'><strong>una</strong></span> <span class='ocrx_word' id='word_1_453' title='bbox 873 5821 993 5863; x_wconf 91' lang='lat' dir='ltr'><strong>cum</strong></span> <span class='ocrx_word' id='word_1_454' title='bbox 1012 5806 1268 5867; x_wconf 84' lang='lat' dir='ltr'><strong>Cassiano</strong></span> <span class='ocrx_word' id='word_1_455' title='bbox 1294 5809 1539 5883; x_wconf 86' lang='lat' dir='ltr'><strong>diacono,</strong></span> <span class='ocrx_word' id='word_1_456' title='bbox 1565 5813 1652 5880; x_wconf 87' lang='lat' dir='ltr'><strong>qui</strong></span> <span class='ocrx_word' id='word_1_457' title='bbox 1671 5824 1862 5871; x_wconf 87' lang='lat' dir='ltr'><strong>erantc</strong></span> <span class='ocrx_word' id='word_1_458' title='bbox 1885 5833 2010 5885; x_wconf 65' lang='grc' dir='ltr'><strong>ραι-ο</strong></span> 
     </span>
    </p>
   </div>
   <div class='ocr_carea' id='block_1_61' title="bbox 2096 453 3680 526">
    <p class='ocr_par' dir='ltr' id='par_1_61' title="bbox 2096 453 3680 526">
     <span class='ocr_line' id='line_1_61' title="bbox 2096 453 3680 526; baseline -0.001 -14"><span class='ocrx_word' id='word_1_459' title='bbox 2096 459 2236 515; x_wconf 91' lang='lat' dir='ltr'><strong>tibus</strong></span> <span class='ocrx_word' id='word_1_460' title='bbox 2247 458 2488 526; x_wconf 86' lang='lat' dir='ltr'><strong>Joannis,</strong></span> <span class='ocrx_word' id='word_1_461' title='bbox 2510 458 2610 513; x_wconf 80' lang='lat' dir='ltr'><strong>viri</strong></span> <span class='ocrx_word' id='word_1_462' title='bbox 2638 455 2894 525; x_wconf 78' lang='lat' dir='ltr'><strong>religiosi,</strong></span> <span class='ocrx_word' id='word_1_463' title='bbox 2916 455 3097 511; x_wconf 82' lang='lat' dir='ltr'><strong>literas</strong></span> <span class='ocrx_word' id='word_1_464' title='bbox 3119 455 3283 512; x_wconf 81' lang='lat' dir='ltr'><strong>totius</strong></span> <span class='ocrx_word' id='word_1_465' title='bbox 3305 455 3434 510; x_wconf 86' lang='lat' dir='ltr'><strong>cleri</strong></span> <span class='ocrx_word' id='word_1_466' title='bbox 3460 453 3680 510; x_wconf 88' lang='lat' dir='ltr'><strong>Joannis</strong></span> 
     </span>
    </p>
   </div>
   <div class='ocr_carea' id='block_1_62' title="bbox 2092 548 3680 621">
    <p class='ocr_par' dir='ltr' id='par_1_62' title="bbox 2092 548 3680 621">
     <span class='ocr_line' id='line_1_62' title="bbox 2092 548 3680 621; baseline -0.006 -14"><span class='ocrx_word' id='word_1_467' title='bbox 2092 552 2382 607; x_wconf 89' lang='lat' dir='ltr'><strong>reddentes</strong></span> <span class='ocrx_word' id='word_1_468' title='bbox 2407 569 2420 604; x_wconf 90' lang='lat'><strong>:</strong></span> <span class='ocrx_word' id='word_1_469' title='bbox 2450 551 2643 621; x_wconf 91' lang='lat' dir='ltr'><strong>quibus</strong></span> <span class='ocrx_word' id='word_1_470' title='bbox 2689 549 2931 603; x_wconf 90' lang='lat' dir='ltr'><strong>scribunt</strong></span> <span class='ocrx_word' id='word_1_471' title='bbox 2971 549 3263 602; x_wconf 86' lang='lat' dir='ltr'><strong>Ecclesiam</strong></span> <span class='ocrx_word' id='word_1_472' title='bbox 3311 548 3546 618; x_wconf 89' lang='lat' dir='ltr'><strong>ipsorum</strong></span> <span class='ocrx_word' id='word_1_473' title='bbox 3575 549 3680 600; x_wconf 76' lang='lat' dir='ltr'><strong>vim</strong></span> 
     </span>
    </p>
   </div>
   <div class='ocr_carea' id='block_1_63' title="bbox 2095 639 3683 714">
    <p class='ocr_par' dir='ltr' id='par_1_63' title="bbox 2095 639 3683 714">
     <span class='ocr_line' id='line_1_63' title="bbox 2095 639 3683 714; baseline -0.003 -18"><span class='ocrx_word' id='word_1_474' title='bbox 2095 651 2254 710; x_wconf 85' lang='lat' dir='ltr'><strong>atque</strong></span> <span class='ocrx_word' id='word_1_475' title='bbox 2283 643 2618 714; x_wconf 88' lang='lat' dir='ltr'><strong>tyrannidem</strong></span> <span class='ocrx_word' id='word_1_476' title='bbox 2646 655 2955 711; x_wconf 89' lang='lat' dir='ltr'><strong>perpessam</strong></span> <span class='ocrx_word' id='word_1_477' title='bbox 2983 654 3124 700; x_wconf 89' lang='lat' dir='ltr'><strong>esse,</strong></span> <span class='ocrx_word' id='word_1_478' title='bbox 3163 639 3402 710; x_wconf 88' lang='lat' dir='ltr'><strong>ipsorum</strong></span> <span class='ocrx_word' id='word_1_479' title='bbox 3428 639 3683 708; x_wconf 90' lang='lat' dir='ltr'><strong>episcopo</strong></span> 
     </span>
    </p>
   </div>
   <div class='ocr_carea' id='block_1_64' title="bbox 2095 729 3682 804">
    <p class='ocr_par' dir='ltr' id='par_1_64' title="bbox 2095 729 3682 804">
     <span class='ocr_line' id='line_1_64' title="bbox 2095 729 3682 804; baseline -0.003 -15"><span class='ocrx_word' id='word_1_480' title='bbox 2095 735 2312 789; x_wconf 88' lang='lat' dir='ltr'><strong>militari</strong></span> <span class='ocrx_word' id='word_1_481' title='bbox 2343 750 2503 788; x_wconf 92' lang='lat' dir='ltr'><strong>manu</strong></span> <span class='ocrx_word' id='word_1_482' title='bbox 2530 735 2724 803; x_wconf 90' lang='lat' dir='ltr'><strong>ejecto,</strong></span> <span class='ocrx_word' id='word_1_483' title='bbox 2756 744 2917 804; x_wconf 88' lang='lat' dir='ltr'><strong>atque</strong></span> <span class='ocrx_word' id='word_1_484' title='bbox 2960 734 3012 788; x_wconf 86' lang='lat' dir='ltr'><strong>in</strong></span> <span class='ocrx_word' id='word_1_485' title='bbox 3058 733 3306 787; x_wconf 84' lang='lat' dir='ltr'><strong>exsilium</strong></span> <span class='ocrx_word' id='word_1_486' title='bbox 3334 741 3452 785; x_wconf 88' lang='lat' dir='ltr'><strong>acto</strong></span> <span class='ocrx_word' id='word_1_487' title='bbox 3474 747 3569 801; x_wconf 89' lang='lat' dir='ltr'><strong>per</strong></span> <span class='ocrx_word' id='word_1_488' title='bbox 3599 729 3682 785; x_wconf 86' lang='lat' dir='ltr'><strong>fa-</strong></span> 
     </span>
    </p>
   </div>
   <div class='ocr_carea' id='block_1_65' title="bbox 2095 822 3684 894">
    <p class='ocr_par' dir='ltr' id='par_1_65' title="bbox 2095 822 3684 894">
     <span class='ocr_line' id='line_1_65' title="bbox 2095 822 3684 894; baseline -0.003 -14"><span class='ocrx_word' id='word_1_489' title='bbox 2095 826 2327 881; x_wconf 90' lang='lat' dir='ltr'><strong>ctionem</strong></span> <span class='ocrx_word' id='word_1_490' title='bbox 2361 827 2560 891; x_wconf 83' lang='lat' dir='ltr'><strong>Acacii,</strong></span> <span class='ocrx_word' id='word_1_491' title='bbox 2596 826 2797 882; x_wconf 65' lang='lat' dir='ltr'><strong>Beroea:</strong></span> <span class='ocrx_word' id='word_1_492' title='bbox 2825 825 3060 894; x_wconf 89' lang='lat' dir='ltr'><strong>episc0pi</strong></span> <span class='ocrx_word' id='word_1_493' title='bbox 3092 865 3106 887; x_wconf 98' lang='lat'><strong>,</strong></span> <span class='ocrx_word' id='word_1_494' title='bbox 3140 822 3420 891; x_wconf 86' lang='lat' dir='ltr'><strong>Theophili</strong></span> <span class='ocrx_word' id='word_1_495' title='bbox 3452 823 3684 876; x_wconf 79' lang='lat' dir='ltr'><strong>Alexan-</strong></span> 
     </span>
    </p>
   </div>
   <div class='ocr_carea' id='block_1_66' title="bbox 2097 915 3686 984">
    <p class='ocr_par' dir='ltr' id='par_1_66' title="bbox 2097 915 3686 984">
     <span class='ocr_line' id='line_1_66' title="bbox 2097 915 3686 984; baseline -0.002 -12"><span class='ocrx_word' id='word_1_496' title='bbox 2097 918 2250 982; x_wconf 69' lang='lat' dir='ltr'><strong>dritn,</strong></span> <span class='ocrx_word' id='word_1_497' title='bbox 2301 919 2548 972; x_wconf 87' lang='lat' dir='ltr'><strong>Antiochi</strong></span> <span class='ocrx_word' id='word_1_498' title='bbox 2603 918 2982 984; x_wconf 88' lang='lat' dir='ltr'><strong>Ptolemaidos,</strong></span> <span class='ocrx_word' id='word_1_499' title='bbox 3018 930 3073 972; x_wconf 90' lang='lat' dir='ltr'><strong>et</strong></span> <span class='ocrx_word' id='word_1_500' title='bbox 3125 916 3400 972; x_wconf 88' lang='lat' dir='ltr'><strong>Severiani</strong></span> <span class='ocrx_word' id='word_1_501' title='bbox 3453 915 3686 971; x_wconf 85' lang='lat' dir='ltr'><strong>Gabalo-</strong></span> 
     </span>
    </p>
   </div>
   <div class='ocr_carea' id='block_1_67' title="bbox 2097 1010 3680 1081">
    <p class='ocr_par' dir='ltr' id='par_1_67' title="bbox 2097 1010 3680 1081">
     <span class='ocr_line' id='line_1_67' title="bbox 2097 1010 3680 1081; baseline -0.001 -15"><span class='ocrx_word' id='word_1_502' title='bbox 2097 1027 2237 1066; x_wconf 92' lang='lat' dir='ltr'><strong>rum.</strong></span> <span class='ocrx_word' id='word_1_503' title='bbox 2288 1010 2494 1067; x_wconf 89' lang='lat' dir='ltr'><strong>Interea</strong></span> <span class='ocrx_word' id='word_1_504' title='bbox 2540 1011 2868 1067; x_wconf 85' lang='lat' dir='ltr'><strong>breviculum</strong></span> <span class='ocrx_word' id='word_1_505' title='bbox 2888 1011 3124 1081; x_wconf 71' lang='lat' dir='ltr'><strong>prmdicti</strong></span> <span class='ocrx_word' id='word_1_506' title='bbox 3147 1011 3445 1066; x_wconf 88' lang='lat' dir='ltr'><strong>Germanus</strong></span> <span class='ocrx_word' id='word_1_507' title='bbox 3467 1019 3522 1065; x_wconf 90' lang='lat' dir='ltr'><strong>et</strong></span> <span class='ocrx_word' id='word_1_508' title='bbox 3555 1011 3680 1064; x_wconf 76' lang='lat' dir='ltr'><strong>Cas~</strong></span> 
     </span>
    </p>
   </div>
   <div class='ocr_carea' id='block_1_68' title="bbox 2099 1104 3685 1174">
    <p class='ocr_par' dir='ltr' id='par_1_68' title="bbox 2099 1104 3685 1174">
     <span class='ocr_line' id='line_1_68' title="bbox 2099 1104 3685 1174; baseline 0 -18"><span class='ocrx_word' id='word_1_509' title='bbox 2099 1104 2280 1159; x_wconf 89' lang='lat' dir='ltr'><strong>sianus</strong></span> <span class='ocrx_word' id='word_1_510' title='bbox 2324 1104 2714 1171; x_wconf 89' lang='lat' dir='ltr'><strong>ostenderunt,</strong></span> <span class='ocrx_word' id='word_1_511' title='bbox 2759 1120 2866 1174; x_wconf 93' lang='lat' dir='ltr'><strong>quo</strong></span> <span class='ocrx_word' id='word_1_512' title='bbox 2896 1108 3127 1174; x_wconf 79' lang='lat' dir='ltr'><strong>pretiosa</strong></span> <span class='ocrx_word' id='word_1_513' title='bbox 3179 1121 3314 1159; x_wconf 84' lang='lat' dir='ltr'><strong>vasa</strong></span> <span class='ocrx_word' id='word_1_514' title='bbox 3358 1104 3685 1159; x_wconf 81' lang='lat' dir='ltr'><strong>tradiderant</strong></span> 
     </span>
    </p>
   </div>
   <div class='ocr_carea' id='block_1_69' title="bbox 2098 1198 3686 1270">
    <p class='ocr_par' dir='ltr' id='par_1_69' title="bbox 2098 1198 3686 1270">
     <span class='ocr_line' id='line_1_69' title="bbox 2098 1198 3686 1270; baseline 0.001 -20"><span class='ocrx_word' id='word_1_515' title='bbox 2098 1213 2278 1252; x_wconf 90' lang='lat' dir='ltr'><strong>coram</strong></span> <span class='ocrx_word' id='word_1_516' title='bbox 2302 1198 2590 1267; x_wconf 85' lang='lat' dir='ltr'><strong>judicibus,</strong></span> <span class='ocrx_word' id='word_1_517' title='bbox 2606 1198 2795 1253; x_wconf 88' lang='lat' dir='ltr'><strong>Studio</strong></span> <span class='ocrx_word' id='word_1_518' title='bbox 2816 1198 3069 1267; x_wconf 66' lang='lat' dir='ltr'><strong>praefecto</strong></span> <span class='ocrx_word' id='word_1_519' title='bbox 3083 1198 3262 1260; x_wconf 87' lang='lat' dir='ltr'><strong>Urbis,</strong></span> <span class='ocrx_word' id='word_1_520' title='bbox 3279 1207 3332 1250; x_wconf 84' lang='lat' dir='ltr'><strong>et</strong></span> <span class='ocrx_word' id='word_1_521' title='bbox 3355 1199 3686 1270; x_wconf 80' lang='lat' dir='ltr'><strong>Eutychiano</strong></span> 
     </span>
    </p>
   </div>
   <div class='ocr_carea' id='block_1_70' title="bbox 2099 1289 3682 1359">
    <p class='ocr_par' dir='ltr' id='par_1_70' title="bbox 2099 1289 3682 1359">
     <span class='ocr_line' id='line_1_70' title="bbox 2099 1289 3682 1359; baseline 0.001 -17"><span class='ocrx_word' id='word_1_522' title='bbox 2099 1289 2352 1359; x_wconf 69' lang='lat' dir='ltr'><strong>prmfccto</strong></span> <span class='ocrx_word' id='word_1_523' title='bbox 2401 1290 2664 1357; x_wconf 70' lang='lat' dir='ltr'><strong>Prmtorii,</strong></span> <span class='ocrx_word' id='word_1_524' title='bbox 2697 1301 2749 1344; x_wconf 86' lang='lat' dir='ltr'><strong>et</strong></span> <span class='ocrx_word' id='word_1_525' title='bbox 2779 1291 2985 1345; x_wconf 89' lang='lat' dir='ltr'><strong>Joanne</strong></span> <span class='ocrx_word' id='word_1_526' title='bbox 3028 1291 3222 1344; x_wconf 89' lang='lat' dir='ltr'><strong>comite</strong></span> <span class='ocrx_word' id='word_1_527' title='bbox 3268 1291 3639 1345; x_wconf 83' lang='lat' dir='ltr'><strong>thesaurorum</strong></span> <span class='ocrx_word' id='word_1_528' title='bbox 3666 1331 3682 1353; x_wconf 93' lang='lat'><strong>,</strong></span> 
     </span>
    </p>
   </div>
   <div class='ocr_carea' id='block_1_71' title="bbox 2099 1383 3686 1453">
    <p class='ocr_par' dir='ltr' id='par_1_71' title="bbox 2099 1383 3686 1453">
     <span class='ocr_line' id='line_1_71' title="bbox 2099 1383 3686 1453; baseline 0 -15"><span class='ocrx_word' id='word_1_529' title='bbox 2099 1393 2154 1438; x_wconf 90' lang='lat' dir='ltr'><strong>et</strong></span> <span class='ocrx_word' id='word_1_530' title='bbox 2197 1383 2477 1438; x_wconf 84' lang='lat' dir='ltr'><strong>Eustathio</strong></span> <span class='ocrx_word' id='word_1_531' title='bbox 2507 1395 2776 1453; x_wconf 73' lang='lat' dir='ltr'><strong>qumstore</strong></span> <span class='ocrx_word' id='word_1_532' title='bbox 2807 1425 2822 1450; x_wconf 94' lang='lat'><strong>,</strong></span> <span class='ocrx_word' id='word_1_533' title='bbox 2875 1399 2937 1438; x_wconf 90' lang='lat' dir='ltr'><strong>ac</strong></span> <span class='ocrx_word' id='word_1_534' title='bbox 2977 1384 3251 1438; x_wconf 87' lang='lat' dir='ltr'><strong>tabulariis</strong></span> <span class='ocrx_word' id='word_1_535' title='bbox 3280 1425 3295 1449; x_wconf 95' lang='lat'><strong>,</strong></span> <span class='ocrx_word' id='word_1_536' title='bbox 3343 1385 3393 1437; x_wconf 92' lang='lat' dir='ltr'><strong>in</strong></span> <span class='ocrx_word' id='word_1_537' title='bbox 3425 1399 3576 1449; x_wconf 90' lang='lat' dir='ltr'><strong>auro,</strong></span> <span class='ocrx_word' id='word_1_538' title='bbox 3600 1399 3686 1438; x_wconf 87' lang='lat' dir='ltr'><strong>ar-</strong></span> 
     </span>
    </p>
   </div>
   <div class='ocr_carea' id='block_1_72' title="bbox 2099 1473 3690 1545">
    <p class='ocr_par' dir='ltr' id='par_1_72' title="bbox 2099 1473 3690 1545">
     <span class='ocr_line' id='line_1_72' title="bbox 2099 1473 3690 1545; baseline 0 -17"><span class='ocrx_word' id='word_1_539' title='bbox 2099 1484 2260 1545; x_wconf 87' lang='lat' dir='ltr'><strong>gento</strong></span> <span class='ocrx_word' id='word_1_540' title='bbox 2285 1485 2340 1530; x_wconf 88' lang='lat' dir='ltr'><strong>et</strong></span> <span class='ocrx_word' id='word_1_541' title='bbox 2360 1475 2622 1537; x_wconf 77' lang='lat' dir='ltr'><strong>vesubns,</strong></span> <span class='ocrx_word' id='word_1_542' title='bbox 2653 1475 2973 1530; x_wconf 89' lang='lat' dir='ltr'><strong>calumniam</strong></span> <span class='ocrx_word' id='word_1_543' title='bbox 3003 1490 3034 1529; x_wconf 87' lang='lat' dir='ltr'><strong>a</strong></span> <span class='ocrx_word' id='word_1_544' title='bbox 3063 1473 3270 1529; x_wconf 89' lang='lat' dir='ltr'><strong>Joanne</strong></span> <span class='ocrx_word' id='word_1_545' title='bbox 3295 1476 3547 1545; x_wconf 82' lang='lat' dir='ltr'><strong>episcOpo</strong></span> <span class='ocrx_word' id='word_1_546' title='bbox 3588 1475 3690 1528; x_wconf 61' lang='lat' dir='ltr'><strong>dea</strong></span> 
     </span>
    </p>
   </div>
   <div class='ocr_carea' id='block_1_73' title="bbox 2103 1567 3687 1638">
    <p class='ocr_par' dir='ltr' id='par_1_73' title="bbox 2103 1567 3687 1638">
     <span class='ocr_line' id='line_1_73' title="bbox 2103 1567 3687 1638; baseline 0 -17"><span class='ocrx_word' id='word_1_547' title='bbox 2103 1569 2382 1638; x_wconf 88' lang='lat' dir='ltr'><strong>pellentes.</strong></span> <span class='ocrx_word' id='word_1_548' title='bbox 2435 1568 2564 1623; x_wconf 89' lang='lat' dir='ltr'><strong>Post</strong></span> <span class='ocrx_word' id='word_1_549' title='bbox 2612 1568 2735 1622; x_wconf 88' lang='lat' dir='ltr'><strong>illos</strong></span> <span class='ocrx_word' id='word_1_550' title='bbox 2777 1568 2953 1622; x_wconf 88' lang='lat' dir='ltr'><strong>denuo</strong></span> <span class='ocrx_word' id='word_1_551' title='bbox 2998 1570 3144 1622; x_wconf 89' lang='lat' dir='ltr'><strong>venit</strong></span> <span class='ocrx_word' id='word_1_552' title='bbox 3173 1568 3509 1630; x_wconf 86' lang='lat' dir='ltr'><strong>Demetrius,</strong></span> <span class='ocrx_word' id='word_1_553' title='bbox 3555 1567 3687 1622; x_wconf 85' lang='lat' dir='ltr'><strong>Pisi-</strong></span> 
     </span>
    </p>
   </div>
   <div class='ocr_carea' id='block_1_74' title="bbox 2101 1661 3689 1734">
    <p class='ocr_par' dir='ltr' id='par_1_74' title="bbox 2101 1661 3689 1734">
     <span class='ocr_line' id='line_1_74' title="bbox 2101 1661 3689 1734; baseline 0.002 -19"><span class='ocrx_word' id='word_1_554' title='bbox 2101 1662 2280 1716; x_wconf 91' lang='lat' dir='ltr'><strong>nuntis</strong></span> <span class='ocrx_word' id='word_1_555' title='bbox 2295 1663 2600 1733; x_wconf 89' lang='lat' dir='ltr'><strong>episcopus,</strong></span> <span class='ocrx_word' id='word_1_556' title='bbox 2616 1663 2707 1732; x_wconf 92' lang='lat' dir='ltr'><strong>qui</strong></span> <span class='ocrx_word' id='word_1_557' title='bbox 2728 1661 2999 1717; x_wconf 88' lang='lat' dir='ltr'><strong>Orientem</strong></span> <span class='ocrx_word' id='word_1_558' title='bbox 3017 1671 3372 1733; x_wconf 89' lang='lat' dir='ltr'><strong>percurrerat,</strong></span> <span class='ocrx_word' id='word_1_559' title='bbox 3393 1663 3689 1734; x_wconf 75' lang='lat' dir='ltr'><strong>prtedicans</strong></span> 
     </span>
    </p>
   </div>
   <div class='ocr_carea' id='block_1_75' title="bbox 2100 1755 3684 1826">
    <p class='ocr_par' dir='ltr' id='par_1_75' title="bbox 2100 1755 3684 1826">
     <span class='ocr_line' id='line_1_75' title="bbox 2100 1755 3684 1826; baseline 0 -16"><span class='ocrx_word' id='word_1_560' title='bbox 2100 1755 2462 1810; x_wconf 84' lang='lat' dir='ltr'><strong>Romanorum</strong></span> <span class='ocrx_word' id='word_1_561' title='bbox 2508 1756 2940 1810; x_wconf 91' lang='lat' dir='ltr'><strong>communionem</strong></span> <span class='ocrx_word' id='word_1_562' title='bbox 2989 1771 3108 1810; x_wconf 92' lang='lat' dir='ltr'><strong>cum</strong></span> <span class='ocrx_word' id='word_1_563' title='bbox 3155 1755 3360 1810; x_wconf 87' lang='lat' dir='ltr'><strong>Joanne</strong></span> <span class='ocrx_word' id='word_1_564' title='bbox 3389 1757 3640 1826; x_wconf 82' lang='lat' dir='ltr'><strong>episeopo</strong></span> <span class='ocrx_word' id='word_1_565' title='bbox 3669 1797 3684 1820; x_wconf 96' lang='lat'><strong>,</strong></span> 
     </span>
    </p>
   </div>
   <div class='ocr_carea' id='block_1_76' title="bbox 2099 1848 3687 1919">
    <p class='ocr_par' dir='ltr' id='par_1_76' title="bbox 2099 1848 3687 1919">
     <span class='ocr_line' id='line_1_76' title="bbox 2099 1848 3687 1919; baseline 0.001 -16"><span class='ocrx_word' id='word_1_566' title='bbox 2099 1851 2330 1904; x_wconf 88' lang='lat' dir='ltr'><strong>ostensis</strong></span> <span class='ocrx_word' id='word_1_567' title='bbox 2356 1865 2506 1918; x_wconf 67' lang='lat' dir='ltr'><strong>papae</strong></span> <span class='ocrx_word' id='word_1_568' title='bbox 2529 1849 2822 1903; x_wconf 90' lang='lat' dir='ltr'><strong>Innocentii</strong></span> <span class='ocrx_word' id='word_1_569' title='bbox 2865 1849 3054 1911; x_wconf 87' lang='lat' dir='ltr'><strong>literis,</strong></span> <span class='ocrx_word' id='word_1_570' title='bbox 3084 1848 3313 1904; x_wconf 74' lang='lat' dir='ltr'><strong>offerens</strong></span> <span class='ocrx_word' id='word_1_571' title='bbox 3343 1849 3593 1919; x_wconf 83' lang='lat' dir='ltr'><strong>epistolas</strong></span> <span class='ocrx_word' id='word_1_572' title='bbox 3620 1848 3687 1905; x_wconf 90' lang='lat' dir='ltr'><strong>ab</strong></span> 
     </span>
    </p>
   </div>
   <div class='ocr_carea' id='block_1_77' title="bbox 2100 1939 3685 2012">
    <p class='ocr_par' dir='ltr' id='par_1_77' title="bbox 2100 1939 3685 2012">
     <span class='ocr_line' id='line_1_77' title="bbox 2100 1939 3685 2012; baseline -0.002 -16"><span class='ocrx_word' id='word_1_573' title='bbox 2100 1941 2364 2012; x_wconf 88' lang='lat' dir='ltr'><strong>episcopis</strong></span> <span class='ocrx_word' id='word_1_574' title='bbox 2393 1939 2564 1995; x_wconf 55' lang='lat' dir='ltr'><strong>Cariae</strong></span> <span class='ocrx_word' id='word_1_575' title='bbox 2588 1983 2603 2007; x_wconf 91' lang='lat'><strong>,</strong></span> <span class='ocrx_word' id='word_1_576' title='bbox 2635 1940 2828 2010; x_wconf 91' lang='lat' dir='ltr'><strong>quibus</strong></span> <span class='ocrx_word' id='word_1_577' title='bbox 2885 1940 2959 1994; x_wconf 94' lang='lat' dir='ltr'><strong>illi</strong></span> <span class='ocrx_word' id='word_1_578' title='bbox 2989 1940 3211 1996; x_wconf 86' lang='lat' dir='ltr'><strong>Joannis</strong></span> <span class='ocrx_word' id='word_1_579' title='bbox 3256 1940 3685 1994; x_wconf 88' lang='lat' dir='ltr'><strong>communionem</strong></span> 
     </span>
    </p>
   </div>
   <div class='ocr_carea' id='block_1_78' title="bbox 2101 2030 3684 2102">
    <p class='ocr_par' dir='ltr' id='par_1_78' title="bbox 2101 2030 3684 2102">
     <span class='ocr_line' id='line_1_78' title="bbox 2101 2030 3684 2102; baseline -0.004 -15"><span class='ocrx_word' id='word_1_580' title='bbox 2101 2033 2554 2101; x_wconf 87' lang='lat' dir='ltr'><strong>complectuntur,</strong></span> <span class='ocrx_word' id='word_1_581' title='bbox 2589 2042 2751 2102; x_wconf 89' lang='lat' dir='ltr'><strong>atque</strong></span> <span class='ocrx_word' id='word_1_582' title='bbox 2776 2032 2908 2086; x_wconf 88' lang='lat' dir='ltr'><strong>alias</strong></span> <span class='ocrx_word' id='word_1_583' title='bbox 2936 2047 2964 2085; x_wconf 89' lang='lat' dir='ltr'><strong>a</strong></span> <span class='ocrx_word' id='word_1_584' title='bbox 3016 2031 3345 2102; x_wconf 86' lang='lat' dir='ltr'><strong>presbyteris</strong></span> <span class='ocrx_word' id='word_1_585' title='bbox 3369 2030 3684 2094; x_wconf 62' lang='lat' dir='ltr'><strong>Antiochiae,</strong></span> 
     </span>
    </p>
   </div>
   <div class='ocr_carea' id='block_1_79' title="bbox 2102 2121 3687 2194">
    <p class='ocr_par' dir='ltr' id='par_1_79' title="bbox 2102 2121 3687 2194">
     <span class='ocr_line' id='line_1_79' title="bbox 2102 2121 3687 2194; baseline -0.001 -17"><span class='ocrx_word' id='word_1_586' title='bbox 2102 2124 2296 2194; x_wconf 91' lang='lat' dir='ltr'><strong>quibus</strong></span> <span class='ocrx_word' id='word_1_587' title='bbox 2327 2125 2691 2177; x_wconf 79' lang='lat' dir='ltr'><strong>Romanorum</strong></span> <span class='ocrx_word' id='word_1_588' title='bbox 2715 2123 3052 2192; x_wconf 91' lang='lat' dir='ltr'><strong>disciplinam</strong></span> <span class='ocrx_word' id='word_1_589' title='bbox 3083 2132 3394 2192; x_wconf 89' lang='lat' dir='ltr'><strong>sequuntur.</strong></span> <span class='ocrx_word' id='word_1_590' title='bbox 3419 2131 3472 2176; x_wconf 86' lang='lat' dir='ltr'><strong>et</strong></span> <span class='ocrx_word' id='word_1_591' title='bbox 3501 2121 3687 2192; x_wconf 78' lang='lat' dir='ltr'><strong>dt‘plo-</strong></span> 
     </span>
    </p>
   </div>
   <div class='ocr_carea' id='block_1_80' title="bbox 2101 2213 3686 2286">
    <p class='ocr_par' dir='ltr' id='par_1_80' title="bbox 2101 2213 3686 2286">
     <span class='ocr_line' id='line_1_80' title="bbox 2101 2213 3686 2286; baseline -0.003 -16"><span class='ocrx_word' id='word_1_592' title='bbox 2101 2225 2224 2270; x_wconf 88' lang='lat' dir='ltr'><strong>rant</strong></span> <span class='ocrx_word' id='word_1_593' title='bbox 2270 2215 2548 2286; x_wconf 82' lang='lat' dir='ltr'><strong>Porphyrii</strong></span> <span class='ocrx_word' id='word_1_594' title='bbox 2595 2215 2989 2270; x_wconf 84' lang='lat' dir='ltr'><strong>ordinationem</strong></span> <span class='ocrx_word' id='word_1_595' title='bbox 3033 2213 3227 2268; x_wconf 90' lang='lat' dir='ltr'><strong>factam</strong></span> <span class='ocrx_word' id='word_1_596' title='bbox 3275 2222 3459 2267; x_wconf 90' lang='lat' dir='ltr'><strong>contra</strong></span> <span class='ocrx_word' id='word_1_597' title='bbox 3509 2213 3601 2279; x_wconf 87' lang='lat' dir='ltr'><strong>jus</strong></span> <span class='ocrx_word' id='word_1_598' title='bbox 3634 2221 3686 2266; x_wconf 82' lang='lat' dir='ltr'><strong>et</strong></span> 
     </span>
    </p>
   </div>
   <div class='ocr_carea' id='block_1_81' title="bbox 2101 2305 3686 2378">
    <p class='ocr_par' dir='ltr' id='par_1_81' title="bbox 2101 2305 3686 2378">
     <span class='ocr_line' id='line_1_81' title="bbox 2101 2305 3686 2378; baseline -0.003 -17"><span class='ocrx_word' id='word_1_599' title='bbox 2101 2308 2200 2363; x_wconf 81' lang='lat' dir='ltr'><strong>las.</strong></span> <span class='ocrx_word' id='word_1_600' title='bbox 2244 2308 2371 2363; x_wconf 89' lang='lat' dir='ltr'><strong>Post</strong></span> <span class='ocrx_word' id='word_1_601' title='bbox 2417 2323 2553 2378; x_wconf 90' lang='lat' dir='ltr'><strong>quos</strong></span> <span class='ocrx_word' id='word_1_602' title='bbox 2601 2323 2791 2362; x_wconf 89' lang='lat' dir='ltr'><strong>omnes</strong></span> <span class='ocrx_word' id='word_1_603' title='bbox 2817 2307 2964 2361; x_wconf 89' lang='lat' dir='ltr'><strong>venit</strong></span> <span class='ocrx_word' id='word_1_604' title='bbox 3005 2306 3285 2376; x_wconf 87' lang='lat' dir='ltr'><strong>presbyter</strong></span> <span class='ocrx_word' id='word_1_605' title='bbox 3337 2305 3686 2368; x_wconf 89' lang='lat' dir='ltr'><strong>Domitianus,</strong></span> 
     </span>
    </p>
   </div>
   <div class='ocr_carea' id='block_1_82' title="bbox 2103 2397 3689 2468">
    <p class='ocr_par' dir='ltr' id='par_1_82' title="bbox 2103 2397 3689 2468">
     <span class='ocr_line' id='line_1_82' title="bbox 2103 2397 3689 2468; baseline -0.005 -10"><span class='ocrx_word' id='word_1_606' title='bbox 2103 2415 2412 2458; x_wconf 81' lang='lat' dir='ltr'><strong>ceconomus</strong></span> <span class='ocrx_word' id='word_1_607' title='bbox 2442 2400 2694 2454; x_wconf 74' lang='lat' dir='ltr'><strong>Ecclesia:</strong></span> <span class='ocrx_word' id='word_1_608' title='bbox 2716 2399 3341 2468; x_wconf 73' lang='lat' dir='ltr'><strong>Constantinopolitanm,</strong></span> <span class='ocrx_word' id='word_1_609' title='bbox 3375 2405 3428 2451; x_wconf 92' lang='lat' dir='ltr'><strong>et</strong></span> <span class='ocrx_word' id='word_1_610' title='bbox 3448 2397 3689 2464; x_wconf 83' lang='lat' dir='ltr'><strong>Vallagas</strong></span> 
     </span>
    </p>
   </div>
   <div class='ocr_carea' id='block_1_83' title="bbox 2103 2488 3690 2563">
    <p class='ocr_par' dir='ltr' id='par_1_83' title="bbox 2103 2488 3690 2563">
     <span class='ocr_line' id='line_1_83' title="bbox 2103 2488 3690 2563; baseline -0.004 -17"><span class='ocrx_word' id='word_1_611' title='bbox 2103 2493 2340 2563; x_wconf 89' lang='lat' dir='ltr'><strong>quidam,</strong></span> <span class='ocrx_word' id='word_1_612' title='bbox 2373 2493 2656 2562; x_wconf 79' lang='lat' dir='ltr'><strong>presbyter</strong></span> <span class='ocrx_word' id='word_1_613' title='bbox 2697 2489 2985 2545; x_wconf 83' lang='lat' dir='ltr'><strong>Nisibenus</strong></span> <span class='ocrx_word' id='word_1_614' title='bbox 3013 2532 3027 2554; x_wconf 94' lang='lat'><strong>,</strong></span> <span class='ocrx_word' id='word_1_615' title='bbox 3067 2503 3294 2544; x_wconf 89' lang='lat' dir='ltr'><strong>narrans</strong></span> <span class='ocrx_word' id='word_1_616' title='bbox 3333 2488 3690 2543; x_wconf 89' lang='lat' dir='ltr'><strong>monasterio-</strong></span> 
     </span>
    </p>
   </div>
   <div class='ocr_carea' id='block_1_84' title="bbox 2103 2582 3690 2656">
    <p class='ocr_par' dir='ltr' id='par_1_84' title="bbox 2103 2582 3690 2656">
     <span class='ocr_line' id='line_1_84' title="bbox 2103 2582 3690 2656; baseline -0.004 -16"><span class='ocrx_word' id='word_1_617' title='bbox 2103 2603 2222 2640; x_wconf 89' lang='lat' dir='ltr'><strong>rum</strong></span> <span class='ocrx_word' id='word_1_618' title='bbox 2255 2602 2374 2656; x_wconf 81' lang='lat' dir='ltr'><strong>qtne</strong></span> <span class='ocrx_word' id='word_1_619' title='bbox 2429 2595 2556 2639; x_wconf 91' lang='lat' dir='ltr'><strong>sunt</strong></span> <span class='ocrx_word' id='word_1_620' title='bbox 2615 2586 2668 2638; x_wconf 91' lang='lat' dir='ltr'><strong>in</strong></span> <span class='ocrx_word' id='word_1_621' title='bbox 2724 2583 3108 2654; x_wconf 85' lang='lat' dir='ltr'><strong>Mesopotamia</strong></span> <span class='ocrx_word' id='word_1_622' title='bbox 3161 2582 3554 2638; x_wconf 84' lang='lat' dir='ltr'><strong>afﬂictioncm:</strong></span> <span class='ocrx_word' id='word_1_623' title='bbox 3604 2586 3690 2650; x_wconf 86' lang='lat' dir='ltr'><strong>qui</strong></span> 
     </span>
    </p>
   </div>
   <div class='ocr_carea' id='block_1_85' title="bbox 2101 2675 3690 2746">
    <p class='ocr_par' dir='ltr' id='par_1_85' title="bbox 2101 2675 3690 2746">
     <span class='ocr_line' id='line_1_85' title="bbox 2101 2675 3690 2746; baseline -0.004 -14"><span class='ocrx_word' id='word_1_624' title='bbox 2101 2681 2262 2732; x_wconf 88' lang='lat' dir='ltr'><strong>etiam</strong></span> <span class='ocrx_word' id='word_1_625' title='bbox 2296 2677 2641 2732; x_wconf 65' lang='lat' dir='ltr'><strong>reddiderunt</strong></span> <span class='ocrx_word' id='word_1_626' title='bbox 2664 2677 2843 2744; x_wconf 88' lang='lat' dir='ltr'><strong>()ptati</strong></span> <span class='ocrx_word' id='word_1_627' title='bbox 2872 2676 3145 2746; x_wconf 87' lang='lat' dir='ltr'><strong>cujusdam</strong></span> <span class='ocrx_word' id='word_1_628' title='bbox 3189 2675 3422 2744; x_wconf 83' lang='lat' dir='ltr'><strong>praefecti</strong></span> <span class='ocrx_word' id='word_1_629' title='bbox 3464 2684 3603 2740; x_wconf 89' lang='lat' dir='ltr'><strong>acta,</strong></span> <span class='ocrx_word' id='word_1_630' title='bbox 3639 2675 3690 2727; x_wconf 89' lang='lat' dir='ltr'><strong>in</strong></span> 
     </span>
    </p>
   </div>
   <div class='ocr_carea' id='block_1_86' title="bbox 2101 2764 3692 2838">
    <p class='ocr_par' dir='ltr' id='par_1_86' title="bbox 2101 2764 3692 2838">
     <span class='ocr_line' id='line_1_86' title="bbox 2101 2764 3692 2838; baseline -0.002 -17"><span class='ocrx_word' id='word_1_631' title='bbox 2101 2769 2294 2837; x_wconf 87' lang='lat' dir='ltr'><strong>quibus</strong></span> <span class='ocrx_word' id='word_1_632' title='bbox 2323 2768 2563 2823; x_wconf 67' lang='lat' dir='ltr'><strong>honesta:</strong></span> <span class='ocrx_word' id='word_1_633' title='bbox 2600 2767 2854 2823; x_wconf 89' lang='lat' dir='ltr'><strong>mulieres</strong></span> <span class='ocrx_word' id='word_1_634' title='bbox 2891 2782 2959 2822; x_wconf 84' lang='lat' dir='ltr'><strong>ex</strong></span> <span class='ocrx_word' id='word_1_635' title='bbox 3001 2782 3199 2838; x_wconf 85' lang='lat' dir='ltr'><strong>genere</strong></span> <span class='ocrx_word' id='word_1_636' title='bbox 3236 2765 3540 2832; x_wconf 91' lang='lat' dir='ltr'><strong>consulum,</strong></span> <span class='ocrx_word' id='word_1_637' title='bbox 3582 2764 3692 2819; x_wconf 69' lang='lat' dir='ltr'><strong>dia~</strong></span> 
     </span>
    </p>
   </div>
   <div class='ocr_carea' id='block_1_87' title="bbox 2103 2858 3690 2931">
    <p class='ocr_par' dir='ltr' id='par_1_87' title="bbox 2103 2858 3690 2931">
     <span class='ocr_line' id='line_1_87' title="bbox 2103 2858 3690 2931; baseline -0.001 -16"><span class='ocrx_word' id='word_1_638' title='bbox 2103 2863 2327 2916; x_wconf 53' lang='lat' dir='ltr'><strong>conisae</strong></span> <span class='ocrx_word' id='word_1_639' title='bbox 2342 2861 2598 2917; x_wconf 70' lang='lat' dir='ltr'><strong>Ecclesiae</strong></span> <span class='ocrx_word' id='word_1_640' title='bbox 2613 2861 3312 2931; x_wconf 60' lang='lat' dir='ltr'><strong>Constantinepofitanaedu</strong></span> <span class='ocrx_word' id='word_1_641' title='bbox 3327 2862 3499 2917; x_wconf 92' lang='lat' dir='ltr'><strong>oculis</strong></span> <span class='ocrx_word' id='word_1_642' title='bbox 3513 2858 3690 2928; x_wconf 83' lang='lat' dir='ltr'><strong>populi</strong></span> 
     </span>
    </p>
   </div>
   <div class='ocr_carea' id='block_1_88' title="bbox 2103 2949 3689 3019">
    <p class='ocr_par' dir='ltr' id='par_1_88' title="bbox 2103 2949 3689 3019">
     <span class='ocr_line' id='line_1_88' title="bbox 2103 2949 3689 3019; baseline -0.001 -14"><span class='ocrx_word' id='word_1_643' title='bbox 2103 2952 2168 3005; x_wconf 85' lang='lat' dir='ltr'><strong>ad</strong></span> <span class='ocrx_word' id='word_1_644' title='bbox 2199 2967 2319 3007; x_wconf 88' lang='lat' dir='ltr'><strong>eum</strong></span> <span class='ocrx_word' id='word_1_645' title='bbox 2351 2953 2639 3019; x_wconf 88' lang='lat' dir='ltr'><strong>ducuntur,</strong></span> <span class='ocrx_word' id='word_1_646' title='bbox 2671 2961 2872 3006; x_wconf 69' lang='lat' dir='ltr'><strong>coacta:</strong></span> <span class='ocrx_word' id='word_1_647' title='bbox 2901 2961 2993 3006; x_wconf 90' lang='lat' dir='ltr'><strong>aut</strong></span> <span class='ocrx_word' id='word_1_648' title='bbox 3032 2950 3425 3006; x_wconf 88' lang='lat' dir='ltr'><strong>communicare</strong></span> <span class='ocrx_word' id='word_1_649' title='bbox 3451 2949 3689 3012; x_wconf 87' lang='lat' dir='ltr'><strong>Arsacio,</strong></span> 
     </span>
    </p>
   </div>
   <div class='ocr_carea' id='block_1_89' title="bbox 2103 3043 3691 3100">
    <p class='ocr_par' dir='ltr' id='par_1_89' title="bbox 2103 3043 3691 3100">
     <span class='ocr_line' id='line_1_89' title="bbox 2103 3043 3691 3100; baseline -0.002 -3"><span class='ocrx_word' id='word_1_650' title='bbox 2103 3055 2192 3098; x_wconf 92' lang='lat' dir='ltr'><strong>aut</strong></span> <span class='ocrx_word' id='word_1_651' title='bbox 2225 3044 2352 3099; x_wconf 86' lang='lat' dir='ltr'><strong>fisco</strong></span> <span class='ocrx_word' id='word_1_652' title='bbox 2372 3047 2498 3099; x_wconf 91' lang='lat' dir='ltr'><strong>dare</strong></span> <span class='ocrx_word' id='word_1_653' title='bbox 2525 3045 2782 3100; x_wconf 86' lang='lat' dir='ltr'><strong>ducentas</strong></span> <span class='ocrx_word' id='word_1_654' title='bbox 2828 3044 2941 3099; x_wconf 89' lang='lat' dir='ltr'><strong>auri</strong></span> <span class='ocrx_word' id='word_1_655' title='bbox 2974 3044 3157 3099; x_wconf 91' lang='lat' dir='ltr'><strong>libras.</strong></span> <span class='ocrx_word' id='word_1_656' title='bbox 3191 3044 3266 3099; x_wconf 90' lang='lat' dir='ltr'><strong>De</strong></span> <span class='ocrx_word' id='word_1_657' title='bbox 3294 3045 3488 3098; x_wconf 90' lang='lat' dir='ltr'><strong>ascetis</strong></span> <span class='ocrx_word' id='word_1_658' title='bbox 3515 3043 3691 3096; x_wconf 84' lang='lat' dir='ltr'><strong>etvir-</strong></span> 
     </span>
    </p>
   </div>
   <div class='ocr_carea' id='block_1_90' title="bbox 2101 3133 3688 3207">
    <p class='ocr_par' dir='ltr' id='par_1_90' title="bbox 2101 3133 3688 3207">
     <span class='ocr_line' id='line_1_90' title="bbox 2101 3133 3688 3207; baseline -0.002 -17"><span class='ocrx_word' id='word_1_659' title='bbox 2101 3137 2312 3206; x_wconf 85' lang='lat' dir='ltr'><strong>ginibus</strong></span> <span class='ocrx_word' id='word_1_660' title='bbox 2340 3137 2465 3207; x_wconf 90' lang='lat' dir='ltr'><strong>quid</strong></span> <span class='ocrx_word' id='word_1_661' title='bbox 2489 3139 2677 3192; x_wconf 89' lang='lat' dir='ltr'><strong>attinet</strong></span> <span class='ocrx_word' id='word_1_662' title='bbox 2718 3137 2935 3192; x_wconf 86' lang='lat' dir='ltr'><strong>dicere?</strong></span> <span class='ocrx_word' id='word_1_663' title='bbox 2964 3137 3055 3206; x_wconf 88' lang='lat' dir='ltr'><strong>qui</strong></span> <span class='ocrx_word' id='word_1_664' title='bbox 3085 3135 3442 3191; x_wconf 88' lang='lat' dir='ltr'><strong>ostendebant</strong></span> <span class='ocrx_word' id='word_1_665' title='bbox 3481 3133 3688 3189; x_wconf 86' lang='lat' dir='ltr'><strong>sulcata</strong></span> 
     </span>
    </p>
   </div>
   <div class='ocr_carea' id='block_1_91' title="bbox 2104 3226 3692 3301">
    <p class='ocr_par' dir='ltr' id='par_1_91' title="bbox 2104 3226 3692 3301">
     <span class='ocr_line' id='line_1_91' title="bbox 2104 3226 3692 3301; baseline -0.005 -15"><span class='ocrx_word' id='word_1_666' title='bbox 2104 3233 2269 3287; x_wconf 87' lang='lat' dir='ltr'><strong>latera</strong></span> <span class='ocrx_word' id='word_1_667' title='bbox 2301 3233 2353 3286; x_wconf 92' lang='lat' dir='ltr'><strong>in</strong></span> <span class='ocrx_word' id='word_1_668' title='bbox 2380 3231 2570 3287; x_wconf 89' lang='lat' dir='ltr'><strong>eculeo</strong></span> <span class='ocrx_word' id='word_1_669' title='bbox 2597 3239 2653 3286; x_wconf 88' lang='lat' dir='ltr'><strong>et</strong></span> <span class='ocrx_word' id='word_1_670' title='bbox 2696 3232 2746 3285; x_wconf 91' lang='lat' dir='ltr'><strong>in</strong></span> <span class='ocrx_word' id='word_1_671' title='bbox 2777 3239 2930 3301; x_wconf 88' lang='lat' dir='ltr'><strong>tergo</strong></span> <span class='ocrx_word' id='word_1_672' title='bbox 2976 3230 3257 3284; x_wconf 86' lang='lat' dir='ltr'><strong>verberum</strong></span> <span class='ocrx_word' id='word_1_673' title='bbox 3303 3236 3480 3282; x_wconf 91' lang='lat' dir='ltr'><strong>notas.</strong></span> <span class='ocrx_word' id='word_1_674' title='bbox 3529 3226 3604 3280; x_wconf 87' lang='lat' dir='ltr'><strong>Ita</strong></span> <span class='ocrx_word' id='word_1_675' title='bbox 3634 3232 3692 3279; x_wconf 91' lang='lat' dir='ltr'><strong>ut</strong></span> 
     </span>
    </p>
   </div>
   <div class='ocr_carea' id='block_1_92' title="bbox 2104 3317 3690 3395">
    <p class='ocr_par' dir='ltr' id='par_1_92' title="bbox 2104 3317 3690 3395">
     <span class='ocr_line' id='line_1_92' title="bbox 2104 3317 3690 3395; baseline -0.005 -15"><span class='ocrx_word' id='word_1_676' title='bbox 2104 3343 2208 3380; x_wconf 90' lang='lat' dir='ltr'><strong>non</strong></span> <span class='ocrx_word' id='word_1_677' title='bbox 2252 3326 2481 3395; x_wconf 89' lang='lat' dir='ltr'><strong>amplius</strong></span> <span class='ocrx_word' id='word_1_678' title='bbox 2513 3325 2782 3379; x_wconf 90' lang='lat' dir='ltr'><strong>sustinens</strong></span> <span class='ocrx_word' id='word_1_679' title='bbox 2817 3338 2952 3393; x_wconf 88' lang='lat' dir='ltr'><strong>papa</strong></span> <span class='ocrx_word' id='word_1_680' title='bbox 2991 3323 3352 3382; x_wconf 87' lang='lat' dir='ltr'><strong>Innocentius,</strong></span> <span class='ocrx_word' id='word_1_681' title='bbox 3390 3319 3595 3374; x_wconf 90' lang='lat' dir='ltr'><strong>miserit</strong></span> <span class='ocrx_word' id='word_1_682' title='bbox 3623 3317 3690 3372; x_wconf 91' lang='lat' dir='ltr'><strong>ad</strong></span> 
     </span>
    </p>
   </div>
   <div class='ocr_carea' id='block_1_93' title="bbox 2105 3412 3693 3489">
    <p class='ocr_par' dir='ltr' id='par_1_93' title="bbox 2105 3412 3693 3489">
     <span class='ocr_line' id='line_1_93' title="bbox 2105 3412 3693 3489; baseline -0.005 -17"><span class='ocrx_word' id='word_1_683' title='bbox 2105 3420 2248 3489; x_wconf 88' lang='lat' dir='ltr'><strong>pium</strong></span> <span class='ocrx_word' id='word_1_684' title='bbox 2274 3419 2652 3488; x_wconf 89' lang='lat' dir='ltr'><strong>Imperatorem</strong></span> <span class='ocrx_word' id='word_1_685' title='bbox 2677 3418 2989 3481; x_wconf 82' lang='lat' dir='ltr'><strong>Honorium,</strong></span> <span class='ocrx_word' id='word_1_686' title='bbox 3019 3413 3322 3486; x_wconf 85' lang='lat' dir='ltr'><strong>singillatim</strong></span> <span class='ocrx_word' id='word_1_687' title='bbox 3346 3413 3472 3483; x_wconf 88' lang='lat' dir='ltr'><strong>qttid</strong></span> <span class='ocrx_word' id='word_1_688' title='bbox 3495 3412 3693 3467; x_wconf 87' lang='lat' dir='ltr'><strong>ferrent</strong></span> 
     </span>
    </p>
   </div>
   <div class='ocr_carea' id='block_1_94' title="bbox 2106 3503 3696 3580">
    <p class='ocr_par' dir='ltr' id='par_1_94' title="bbox 2106 3503 3696 3580">
     <span class='ocr_line' id='line_1_94' title="bbox 2106 3503 3696 3580; baseline -0.006 -16"><span class='ocrx_word' id='word_1_689' title='bbox 2106 3510 2344 3580; x_wconf 74' lang='lat' dir='ltr'><strong>epistola:</strong></span> <span class='ocrx_word' id='word_1_690' title='bbox 2371 3511 2473 3564; x_wconf 67' lang='lat' dir='ltr'><strong>illae</strong></span> <span class='ocrx_word' id='word_1_691' title='bbox 2503 3508 2846 3579; x_wconf 88' lang='lat' dir='ltr'><strong>subjungens.</strong></span> <span class='ocrx_word' id='word_1_692' title='bbox 2875 3507 3080 3574; x_wconf 82' lang='lat' dir='ltr'><strong>Quibus</strong></span> <span class='ocrx_word' id='word_1_693' title='bbox 3101 3518 3338 3576; x_wconf 87' lang='lat' dir='ltr'><strong>permota</strong></span> <span class='ocrx_word' id='word_1_694' title='bbox 3365 3505 3480 3574; x_wconf 85' lang='lat' dir='ltr'><strong>ejus</strong></span> <span class='ocrx_word' id='word_1_695' title='bbox 3527 3503 3696 3572; x_wconf 83' lang='lat' dir='ltr'><strong>pietas</strong></span> 
     </span>
    </p>
   </div>
   <div class='ocr_carea' id='block_1_95' title="bbox 2102 3593 3696 3674">
    <p class='ocr_par' dir='ltr' id='par_1_95' title="bbox 2102 3593 3696 3674">
     <span class='ocr_line' id='line_1_95' title="bbox 2102 3593 3696 3674; baseline -0.009 -11"><span class='ocrx_word' id='word_1_696' title='bbox 2102 3601 2256 3671; x_wconf 76' lang='lat' dir='ltr'><strong>jubet</strong></span> <span class='ocrx_word' id='word_1_697' title='bbox 2284 3603 2716 3662; x_wconf 85' lang='lat' dir='ltr'><strong>Occidentalium</strong></span> <span class='ocrx_word' id='word_1_698' title='bbox 2736 3603 3018 3674; x_wconf 87' lang='lat' dir='ltr'><strong>Synodum</strong></span> <span class='ocrx_word' id='word_1_699' title='bbox 3035 3598 3152 3668; x_wconf 86' lang='lat' dir='ltr'><strong>cogi</strong></span> <span class='ocrx_word' id='word_1_700' title='bbox 3183 3639 3198 3663; x_wconf 95' lang='lat'><strong>,</strong></span> <span class='ocrx_word' id='word_1_701' title='bbox 3237 3607 3439 3652; x_wconf 91' lang='lat' dir='ltr'><strong>etcum</strong></span> <span class='ocrx_word' id='word_1_702' title='bbox 3485 3611 3586 3649; x_wconf 90' lang='lat' dir='ltr'><strong>uua</strong></span> <span class='ocrx_word' id='word_1_703' title='bbox 3623 3593 3696 3649; x_wconf 84' lang='lat' dir='ltr'><strong>si-</strong></span> 
     </span>
    </p>
   </div>
   <div class='ocr_carea' id='block_1_96' title="bbox 2111 3687 3695 3757">
    <p class='ocr_par' dir='ltr' id='par_1_96' title="bbox 2111 3687 3695 3757">
     <span class='ocr_line' id='line_1_96' title="bbox 2111 3687 3695 3757; baseline -0.003 -12"><span class='ocrx_word' id='word_1_704' title='bbox 2111 3693 2216 3746; x_wconf 90' lang='lat' dir='ltr'><strong>mul</strong></span> <span class='ocrx_word' id='word_1_705' title='bbox 2247 3693 2563 3745; x_wconf 87' lang='lat' dir='ltr'><strong>sententiam</strong></span> <span class='ocrx_word' id='word_1_706' title='bbox 2589 3690 2837 3744; x_wconf 84' lang='lat' dir='ltr'><strong>tulissent</strong></span> <span class='ocrx_word' id='word_1_707' title='bbox 2862 3730 2876 3754; x_wconf 95' lang='lat'><strong>,</strong></span> <span class='ocrx_word' id='word_1_708' title='bbox 2905 3704 3022 3742; x_wconf 87' lang='lat' dir='ltr'><strong>eam</strong></span> <span class='ocrx_word' id='word_1_709' title='bbox 3051 3688 3117 3742; x_wconf 91' lang='lat' dir='ltr'><strong>ad</strong></span> <span class='ocrx_word' id='word_1_710' title='bbox 3147 3702 3296 3742; x_wconf 89' lang='lat' dir='ltr'><strong>suam</strong></span> <span class='ocrx_word' id='word_1_711' title='bbox 3325 3687 3573 3757; x_wconf 89' lang='lat' dir='ltr'><strong>pietatem</strong></span> <span class='ocrx_word' id='word_1_712' title='bbox 3605 3701 3695 3740; x_wconf 82' lang='lat' dir='ltr'><strong>re-</strong></span> 
     </span>
    </p>
   </div>
   <div class='ocr_carea' id='block_1_97' title="bbox 2111 3781 3696 3855">
    <p class='ocr_par' dir='ltr' id='par_1_97' title="bbox 2111 3781 3696 3855">
     <span class='ocr_line' id='line_1_97' title="bbox 2111 3781 3696 3855; baseline -0.004 -16"><span class='ocrx_word' id='word_1_713' title='bbox 2111 3785 2270 3840; x_wconf 87' lang='lat' dir='ltr'><strong>ferre.</strong></span> <span class='ocrx_word' id='word_1_714' title='bbox 2300 3784 2401 3852; x_wconf 83' lang='lat' dir='ltr'><strong>Qui</strong></span> <span class='ocrx_word' id='word_1_715' title='bbox 2447 3783 2680 3855; x_wconf 86' lang='lat' dir='ltr'><strong>quidem</strong></span> <span class='ocrx_word' id='word_1_716' title='bbox 2709 3782 2946 3852; x_wconf 87' lang='lat' dir='ltr'><strong>episcopi</strong></span> <span class='ocrx_word' id='word_1_717' title='bbox 2977 3781 3138 3835; x_wconf 84' lang='lat' dir='ltr'><strong>Italiae</strong></span> <span class='ocrx_word' id='word_1_718' title='bbox 3175 3781 3512 3852; x_wconf 84' lang='lat' dir='ltr'><strong>congregati,</strong></span> <span class='ocrx_word' id='word_1_719' title='bbox 3542 3788 3696 3834; x_wconf 88' lang='lat' dir='ltr'><strong>orant</strong></span> 
     </span>
    </p>
   </div>
   <div class='ocr_carea' id='block_1_98' title="bbox 2113 3871 3696 3946">
    <p class='ocr_par' dir='ltr' id='par_1_98' title="bbox 2113 3871 3696 3946">
     <span class='ocr_line' id='line_1_98' title="bbox 2113 3871 3696 3946; baseline -0.004 -15"><span class='ocrx_word' id='word_1_720' title='bbox 2113 3878 2513 3946; x_wconf 86' lang='lat' dir='ltr'><strong>Imperatorem,</strong></span> <span class='ocrx_word' id='word_1_721' title='bbox 2547 3875 2745 3928; x_wconf 89' lang='lat' dir='ltr'><strong>scribat</strong></span> <span class='ocrx_word' id='word_1_722' title='bbox 2794 3872 2945 3926; x_wconf 86' lang='lat' dir='ltr'><strong>fratri</strong></span> <span class='ocrx_word' id='word_1_723' title='bbox 2993 3886 3089 3926; x_wconf 91' lang='lat' dir='ltr'><strong>suo</strong></span> <span class='ocrx_word' id='word_1_724' title='bbox 3127 3879 3181 3925; x_wconf 88' lang='lat' dir='ltr'><strong>et</strong></span> <span class='ocrx_word' id='word_1_725' title='bbox 3221 3873 3456 3926; x_wconf 81' lang='lat' dir='ltr'><strong>coosorti</strong></span> <span class='ocrx_word' id='word_1_726' title='bbox 3487 3871 3696 3940; x_wconf 90' lang='lat' dir='ltr'><strong>imperii</strong></span> 
     </span>
    </p>
   </div>
   <div class='ocr_carea' id='block_1_99' title="bbox 2113 3965 3698 4037">
    <p class='ocr_par' dir='ltr' id='par_1_99' title="bbox 2113 3965 3698 4037">
     <span class='ocr_line' id='line_1_99' title="bbox 2113 3965 3698 4037; baseline -0.005 -13"><span class='ocrx_word' id='word_1_727' title='bbox 2113 3971 2361 4033; x_wconf 83' lang='lat' dir='ltr'><strong>Arcadio,</strong></span> <span class='ocrx_word' id='word_1_728' title='bbox 2389 3978 2446 4022; x_wconf 91' lang='lat' dir='ltr'><strong>ut</strong></span> <span class='ocrx_word' id='word_1_729' title='bbox 2470 3969 2654 4037; x_wconf 90' lang='lat' dir='ltr'><strong>jubcat</strong></span> <span class='ocrx_word' id='word_1_730' title='bbox 2680 3967 3078 4021; x_wconf 77' lang='lat' dir='ltr'><strong>Thessalonicae</strong></span> <span class='ocrx_word' id='word_1_731' title='bbox 3115 3965 3392 4036; x_wconf 88' lang='lat' dir='ltr'><strong>Synodum</strong></span> <span class='ocrx_word' id='word_1_732' title='bbox 3427 3966 3561 4029; x_wconf 83' lang='lat' dir='ltr'><strong>licri,</strong></span> <span class='ocrx_word' id='word_1_733' title='bbox 3591 3981 3698 4034; x_wconf 89' lang='lat' dir='ltr'><strong>quo</strong></span> 
     </span>
    </p>
   </div>
   <div class='ocr_carea' id='block_1_100' title="bbox 2114 4055 3696 4130">
    <p class='ocr_par' dir='ltr' id='par_1_100' title="bbox 2114 4055 3696 4130">
     <span class='ocr_line' id='line_1_100' title="bbox 2114 4055 3696 4130; baseline -0.005 -16"><span class='ocrx_word' id='word_1_734' title='bbox 2114 4062 2316 4116; x_wconf 75' lang='lat' dir='ltr'><strong>facilius</strong></span> <span class='ocrx_word' id='word_1_735' title='bbox 2357 4071 2580 4130; x_wconf 89' lang='lat' dir='ltr'><strong>utraque</strong></span> <span class='ocrx_word' id='word_1_736' title='bbox 2609 4075 2728 4128; x_wconf 81' lang='lat' dir='ltr'><strong>pars</strong></span> <span class='ocrx_word' id='word_1_737' title='bbox 2756 4057 2989 4112; x_wconf 89' lang='lat' dir='ltr'><strong>Orientis</strong></span> <span class='ocrx_word' id='word_1_738' title='bbox 3025 4065 3078 4110; x_wconf 88' lang='lat' dir='ltr'><strong>et</strong></span> <span class='ocrx_word' id='word_1_739' title='bbox 3107 4055 3411 4111; x_wconf 86' lang='lat' dir='ltr'><strong>Occidentis</strong></span> <span class='ocrx_word' id='word_1_740' title='bbox 3448 4056 3500 4109; x_wconf 92' lang='lat' dir='ltr'><strong>in</strong></span> <span class='ocrx_word' id='word_1_741' title='bbox 3534 4071 3696 4109; x_wconf 91' lang='lat' dir='ltr'><strong>unum</strong></span> 
     </span>
    </p>
   </div>
   <div class='ocr_carea' id='block_1_101' title="bbox 2113 4148 3697 4222">
    <p class='ocr_par' dir='ltr' id='par_1_101' title="bbox 2113 4148 3697 4222">
     <span class='ocr_line' id='line_1_101' title="bbox 2113 4148 3697 4222; baseline -0.004 -16"><span class='ocrx_word' id='word_1_742' title='bbox 2113 4168 2394 4206; x_wconf 83' lang='lat' dir='ltr'><strong>accurrere</strong></span> <span class='ocrx_word' id='word_1_743' title='bbox 2445 4151 2655 4222; x_wconf 82' lang='lat' dir='ltr'><strong>possit,</strong></span> <span class='ocrx_word' id='word_1_744' title='bbox 2687 4159 2740 4203; x_wconf 91' lang='lat' dir='ltr'><strong>et</strong></span> <span class='ocrx_word' id='word_1_745' title='bbox 2785 4149 3033 4220; x_wconf 85' lang='lat' dir='ltr'><strong>Synodns</strong></span> <span class='ocrx_word' id='word_1_746' title='bbox 3072 4165 3176 4201; x_wconf 91' lang='lat' dir='ltr'><strong>non</strong></span> <span class='ocrx_word' id='word_1_747' title='bbox 3219 4149 3270 4201; x_wconf 91' lang='lat' dir='ltr'><strong>iu</strong></span> <span class='ocrx_word' id='word_1_748' title='bbox 3323 4148 3697 4217; x_wconf 79' lang='lat' dir='ltr'><strong>episcoporum</strong></span> 
     </span>
    </p>
   </div>
   <div class='ocr_carea' id='block_1_102' title="bbox 2116 4238 3701 4312">
    <p class='ocr_par' dir='ltr' id='par_1_102' title="bbox 2116 4238 3701 4312">
     <span class='ocr_line' id='line_1_102' title="bbox 2116 4238 3701 4312; baseline -0.003 -14"><span class='ocrx_word' id='word_1_749' title='bbox 2116 4261 2358 4307; x_wconf 83' lang='lat' dir='ltr'><strong>numero,</strong></span> <span class='ocrx_word' id='word_1_750' title='bbox 2389 4244 2482 4298; x_wconf 88' lang='lat' dir='ltr'><strong>sed</strong></span> <span class='ocrx_word' id='word_1_751' title='bbox 2503 4244 2554 4296; x_wconf 91' lang='lat' dir='ltr'><strong>in</strong></span> <span class='ocrx_word' id='word_1_752' title='bbox 2584 4243 2818 4312; x_wconf 88' lang='lat' dir='ltr'><strong>pondere</strong></span> <span class='ocrx_word' id='word_1_753' title='bbox 2838 4241 3115 4295; x_wconf 66' lang='lat' dir='ltr'><strong>sementim</strong></span> <span class='ocrx_word' id='word_1_754' title='bbox 3145 4238 3395 4308; x_wconf 88' lang='lat' dir='ltr'><strong>perfecta,</strong></span> <span class='ocrx_word' id='word_1_755' title='bbox 3421 4251 3628 4292; x_wconf 87' lang='lat' dir='ltr'><strong>certum</strong></span> <span class='ocrx_word' id='word_1_756' title='bbox 3647 4249 3701 4293; x_wconf 87' lang='lat' dir='ltr'><strong>et</strong></span> 
     </span>
    </p>
   </div>
   <div class='ocr_carea' id='block_1_103' title="bbox 2117 4331 3698 4405">
    <p class='ocr_par' dir='ltr' id='par_1_103' title="bbox 2117 4331 3698 4405">
     <span class='ocr_line' id='line_1_103' title="bbox 2117 4331 3698 4405; baseline -0.005 -12"><span class='ocrx_word' id='word_1_757' title='bbox 2117 4338 2466 4394; x_wconf 91' lang='lat' dir='ltr'><strong>indubitatum</strong></span> <span class='ocrx_word' id='word_1_758' title='bbox 2489 4334 3115 4405; x_wconf 84' lang='lat' dir='ltr'><strong>feratjudicium.Quibus</strong></span> <span class='ocrx_word' id='word_1_759' title='bbox 3131 4347 3353 4387; x_wconf 88' lang='lat' dir='ltr'><strong>accensa</strong></span> <span class='ocrx_word' id='word_1_760' title='bbox 3375 4332 3492 4398; x_wconf 87' lang='lat' dir='ltr'><strong>ejus</strong></span> <span class='ocrx_word' id='word_1_761' title='bbox 3509 4331 3698 4401; x_wconf 90' lang='lat' dir='ltr'><strong>pietas,</strong></span> 
     </span>
    </p>
   </div>
   <div class='ocr_carea' id='block_1_104' title="bbox 2116 4424 3703 4501">
    <p class='ocr_par' dir='ltr' id='par_1_104' title="bbox 2116 4424 3703 4501">
     <span class='ocr_line' id='line_1_104' title="bbox 2116 4424 3703 4501; baseline -0.007 -14"><span class='ocrx_word' id='word_1_762' title='bbox 2116 4433 2371 4501; x_wconf 86' lang='lat' dir='ltr'><strong>episcopo</strong></span> <span class='ocrx_word' id='word_1_763' title='bbox 2397 4429 2610 4499; x_wconf 91' lang='lat' dir='ltr'><strong>quidem</strong></span> <span class='ocrx_word' id='word_1_764' title='bbox 2657 4429 2913 4482; x_wconf 72' lang='lat' dir='ltr'><strong>Romana:</strong></span> <span class='ocrx_word' id='word_1_765' title='bbox 2963 4426 3214 4480; x_wconf 73' lang='lat' dir='ltr'><strong>Ecclesia:</strong></span> <span class='ocrx_word' id='word_1_766' title='bbox 3256 4424 3482 4481; x_wconf 87' lang='lat' dir='ltr'><strong>scribit:</strong></span> <span class='ocrx_word' id='word_1_767' title='bbox 3529 4424 3703 4476; x_wconf 89' lang='lat' dir='ltr'><strong>mittat</strong></span> 
     </span>
    </p>
   </div>
   <div class='ocr_carea' id='block_1_105' title="bbox 2116 4512 3703 4591">
    <p class='ocr_par' dir='ltr' id='par_1_105' title="bbox 2116 4512 3703 4591">
     <span class='ocr_line' id='line_1_105' title="bbox 2116 4512 3703 4591; baseline -0.006 -16"><span class='ocrx_word' id='word_1_768' title='bbox 2116 4523 2348 4591; x_wconf 88' lang='lat' dir='ltr'><strong>quinque</strong></span> <span class='ocrx_word' id='word_1_769' title='bbox 2367 4521 2666 4590; x_wconf 85' lang='lat' dir='ltr'><strong>episcopos.</strong></span> <span class='ocrx_word' id='word_1_770' title='bbox 2712 4519 3051 4587; x_wconf 75' lang='lat' dir='ltr'><strong>presbyteros</strong></span> <span class='ocrx_word' id='word_1_771' title='bbox 3079 4525 3252 4569; x_wconf 88' lang='lat' dir='ltr'><strong>autem</strong></span> <span class='ocrx_word' id='word_1_772' title='bbox 3298 4514 3553 4568; x_wconf 76' lang='lat' dir='ltr'><strong>Romanu:</strong></span> <span class='ocrx_word' id='word_1_773' title='bbox 3600 4512 3703 4566; x_wconf 85' lang='lat' dir='ltr'><strong>Ec-</strong></span> 
     </span>
    </p>
   </div>
   <div class='ocr_carea' id='block_1_106' title="bbox 2119 4605 3702 4677">
    <p class='ocr_par' dir='ltr' id='par_1_106' title="bbox 2119 4605 3702 4677">
     <span class='ocr_line' id='line_1_106' title="bbox 2119 4605 3702 4677; baseline -0.005 -10"><span class='ocrx_word' id='word_1_774' title='bbox 2119 4615 2296 4668; x_wconf 75' lang='lat' dir='ltr'><strong>clesia:</strong></span> <span class='ocrx_word' id='word_1_775' title='bbox 2324 4613 2459 4666; x_wconf 88' lang='lat' dir='ltr'><strong>duos</strong></span> <span class='ocrx_word' id='word_1_776' title='bbox 2511 4622 2566 4666; x_wconf 91' lang='lat' dir='ltr'><strong>et</strong></span> <span class='ocrx_word' id='word_1_777' title='bbox 2593 4611 2873 4666; x_wconf 83' lang='lat' dir='ltr'><strong>diaconum</strong></span> <span class='ocrx_word' id='word_1_778' title='bbox 2906 4625 3085 4669; x_wconf 90' lang='lat' dir='ltr'><strong>unum,</strong></span> <span class='ocrx_word' id='word_1_779' title='bbox 3120 4607 3207 4677; x_wconf 91' lang='lat' dir='ltr'><strong>qui</strong></span> <span class='ocrx_word' id='word_1_780' title='bbox 3240 4606 3412 4660; x_wconf 72' lang='lat' dir='ltr'><strong>ferant</strong></span> <span class='ocrx_word' id='word_1_781' title='bbox 3437 4621 3588 4659; x_wconf 88' lang='lat' dir='ltr'><strong>suam</strong></span> <span class='ocrx_word' id='word_1_782' title='bbox 3637 4605 3702 4659; x_wconf 88' lang='lat' dir='ltr'><strong>ad</strong></span> 
     </span>
    </p>
   </div>
   <div class='ocr_carea' id='block_1_107' title="bbox 2120 4699 3707 4770">
    <p class='ocr_par' dir='ltr' id='par_1_107' title="bbox 2120 4699 3707 4770">
     <span class='ocr_line' id='line_1_107' title="bbox 2120 4699 3707 4770; baseline -0.003 -11"><span class='ocrx_word' id='word_1_783' title='bbox 2120 4707 2335 4759; x_wconf 87' lang='lat' dir='ltr'><strong>fratrem</strong></span> <span class='ocrx_word' id='word_1_784' title='bbox 2376 4720 2530 4759; x_wconf 90' lang='lat' dir='ltr'><strong>suum</strong></span> <span class='ocrx_word' id='word_1_785' title='bbox 2577 4703 2876 4770; x_wconf 82' lang='lat' dir='ltr'><strong>epistolam,</strong></span> <span class='ocrx_word' id='word_1_786' title='bbox 2908 4702 3061 4770; x_wconf 87' lang='lat' dir='ltr'><strong>cujus</strong></span> <span class='ocrx_word' id='word_1_787' title='bbox 3092 4701 3206 4753; x_wconf 51' lang='lat' dir='ltr'><strong>hate</strong></span> <span class='ocrx_word' id='word_1_788' title='bbox 3255 4699 3515 4752; x_wconf 87' lang='lat' dir='ltr'><strong>sententia</strong></span> <span class='ocrx_word' id='word_1_789' title='bbox 3564 4708 3707 4755; x_wconf 91' lang='lat' dir='ltr'><strong>erat:</strong></span> 
     </span>
    </p>
   </div>
   <div class='ocr_carea' id='block_1_108' title="bbox 2197 4791 3706 4865">
    <p class='ocr_par' dir='ltr' id='par_1_108' title="bbox 2197 4791 3706 4865">
     <span class='ocr_line' id='line_1_108' title="bbox 2197 4791 3706 4865; baseline -0.003 -17"><span class='ocrx_word' id='word_1_790' title='bbox 2197 4816 2216 4848; x_wconf 72' lang='grc' dir='ltr'><strong>ι</strong></span> <span class='ocrx_word' id='word_1_791' title='bbox 2240 4796 2420 4850; x_wconf 88' lang='lat' dir='ltr'><strong>Tertio</strong></span> <span class='ocrx_word' id='word_1_792' title='bbox 2431 4795 2539 4865; x_wconf 88' lang='lat' dir='ltr'><strong>jam</strong></span> <span class='ocrx_word' id='word_1_793' title='bbox 2569 4795 2742 4848; x_wconf 89' lang='lat' dir='ltr'><strong>scribo</strong></span> <span class='ocrx_word' id='word_1_794' title='bbox 2759 4793 2824 4846; x_wconf 90' lang='lat' dir='ltr'><strong>ad</strong></span> <span class='ocrx_word' id='word_1_795' title='bbox 2842 4791 3298 4846; x_wconf 82' lang='lat' dir='ltr'><strong>mansuetudinem</strong></span> <span class='ocrx_word' id='word_1_796' title='bbox 3329 4799 3492 4853; x_wconf 90' lang='lat' dir='ltr'><strong>tuam,</strong></span> <span class='ocrx_word' id='word_1_797' title='bbox 3511 4804 3706 4858; x_wconf 88' lang='lat' dir='ltr'><strong>rogans</strong></span> 
     </span>
    </p>
   </div>
   <div class='ocr_carea' id='block_1_109' title="bbox 2121 4884 3703 4960">
    <p class='ocr_par' dir='ltr' id='par_1_109' title="bbox 2121 4884 3703 4960">
     <span class='ocr_line' id='line_1_109' title="bbox 2121 4884 3703 4960; baseline -0.007 -16"><span class='ocrx_word' id='word_1_798' title='bbox 2121 4900 2178 4945; x_wconf 91' lang='lat' dir='ltr'><strong>ut</strong></span> <span class='ocrx_word' id='word_1_799' title='bbox 2199 4906 2317 4960; x_wconf 74' lang='lat' dir='ltr'><strong>quze</strong></span> <span class='ocrx_word' id='word_1_800' title='bbox 2341 4906 2407 4944; x_wconf 86' lang='lat' dir='ltr'><strong>ex</strong></span> <span class='ocrx_word' id='word_1_801' title='bbox 2433 4897 2709 4958; x_wconf 89' lang='lat' dir='ltr'><strong>compacto</strong></span> <span class='ocrx_word' id='word_1_802' title='bbox 2735 4884 3191 4941; x_wconf 84' lang='lat' dir='ltr'><strong>contraJoannem</strong></span> <span class='ocrx_word' id='word_1_803' title='bbox 3222 4884 3528 4952; x_wconf 89' lang='lat' dir='ltr'><strong>episcopum</strong></span> <span class='ocrx_word' id='word_1_804' title='bbox 3559 4894 3703 4951; x_wconf 82' lang='lat' dir='ltr'><strong>gesta</strong></span> 
     </span>
    </p>
   </div>
   <div class='ocr_carea' id='block_1_110' title="bbox 2121 4974 3706 5050">
    <p class='ocr_par' dir='ltr' id='par_1_110' title="bbox 2121 4974 3706 5050">
     <span class='ocr_line' id='line_1_110' title="bbox 2121 4974 3706 5050; baseline -0.006 -12"><span class='ocrx_word' id='word_1_805' title='bbox 2121 4992 2282 5050; x_wconf 90' lang='lat' dir='ltr'><strong>sunt,</strong></span> <span class='ocrx_word' id='word_1_806' title='bbox 2314 4982 2666 5037; x_wconf 90' lang='lat' dir='ltr'><strong>emendentur</strong></span> <span class='ocrx_word' id='word_1_807' title='bbox 2698 4997 2711 5032; x_wconf 75' lang='grc' dir='ltr'><em>τ</em></span> <span class='ocrx_word' id='word_1_808' title='bbox 2745 4990 2800 5035; x_wconf 92' lang='lat' dir='ltr'><strong>et</strong></span> <span class='ocrx_word' id='word_1_809' title='bbox 2825 4988 2882 5032; x_wconf 91' lang='lat' dir='ltr'><strong>ut</strong></span> <span class='ocrx_word' id='word_1_810' title='bbox 2912 4977 3118 5031; x_wconf 88' lang='lat' dir='ltr'><strong>videtur</strong></span> <span class='ocrx_word' id='word_1_811' title='bbox 3148 4975 3383 5032; x_wconf 91' lang='lat' dir='ltr'><strong>nondum</strong></span> <span class='ocrx_word' id='word_1_812' title='bbox 3414 4974 3706 5044; x_wconf 88' lang='lat' dir='ltr'><strong>perfectum</strong></span> 
     </span>
    </p>
   </div>
   <div class='ocr_carea' id='block_1_111' title="bbox 2122 5067 3707 5140">
    <p class='ocr_par' dir='ltr' id='par_1_111' title="bbox 2122 5067 3707 5140">
     <span class='ocr_line' id='line_1_111' title="bbox 2122 5067 3707 5140; baseline -0.006 -11"><span class='ocrx_word' id='word_1_813' title='bbox 2122 5083 2222 5129; x_wconf 88' lang='lat' dir='ltr'><strong>est.</strong></span> <span class='ocrx_word' id='word_1_814' title='bbox 2254 5075 2427 5140; x_wconf 84' lang='lat' dir='ltr'><strong>Quare</strong></span> <span class='ocrx_word' id='word_1_815' title='bbox 2453 5072 2628 5127; x_wconf 90' lang='lat' dir='ltr'><strong>denuo</strong></span> <span class='ocrx_word' id='word_1_816' title='bbox 2654 5071 2842 5140; x_wconf 90' lang='lat' dir='ltr'><strong>scripsi</strong></span> <span class='ocrx_word' id='word_1_817' title='bbox 2885 5084 2980 5138; x_wconf 91' lang='lat' dir='ltr'><strong>per</strong></span> <span class='ocrx_word' id='word_1_818' title='bbox 3010 5067 3170 5123; x_wconf 91' lang='lat' dir='ltr'><strong>hosce</strong></span> <span class='ocrx_word' id='word_1_819' title='bbox 3197 5069 3475 5136; x_wconf 85' lang='lat' dir='ltr'><strong>episc0pos</strong></span> <span class='ocrx_word' id='word_1_820' title='bbox 3504 5075 3556 5120; x_wconf 92' lang='lat' dir='ltr'><strong>ct</strong></span> <span class='ocrx_word' id='word_1_821' title='bbox 3583 5081 3707 5134; x_wconf 80' lang='lat' dir='ltr'><strong>pre-</strong></span> 
     </span>
    </p>
   </div>
   <div class='ocr_carea' id='block_1_112' title="bbox 2124 5160 3706 5239">
    <p class='ocr_par' dir='ltr' id='par_1_112' title="bbox 2124 5160 3706 5239">
     <span class='ocr_line' id='line_1_112' title="bbox 2124 5160 3706 5239; baseline -0.008 -17"><span class='ocrx_word' id='word_1_822' title='bbox 2124 5171 2405 5239; x_wconf 87' lang='lat' dir='ltr'><strong>sbyteros,</strong></span> <span class='ocrx_word' id='word_1_823' title='bbox 2451 5168 2675 5221; x_wconf 91' lang='lat' dir='ltr'><strong>multum</strong></span> <span class='ocrx_word' id='word_1_824' title='bbox 2722 5165 2980 5218; x_wconf 90' lang='lat' dir='ltr'><strong>sollicitus</strong></span> <span class='ocrx_word' id='word_1_825' title='bbox 3023 5162 3089 5217; x_wconf 89' lang='lat' dir='ltr'><strong>de</strong></span> <span class='ocrx_word' id='word_1_826' title='bbox 3136 5177 3265 5232; x_wconf 87' lang='lat' dir='ltr'><strong>pace</strong></span> <span class='ocrx_word' id='word_1_827' title='bbox 3308 5160 3664 5216; x_wconf 80' lang='lat' dir='ltr'><strong>ccrlesiaslica</strong></span> <span class='ocrx_word' id='word_1_828' title='bbox 3692 5200 3706 5221; x_wconf 88' lang='lat'><strong>,</strong></span> 
     </span>
    </p>
   </div>
   <div class='ocr_carea' id='block_1_113' title="bbox 2125 5252 3710 5330">
    <p class='ocr_par' dir='ltr' id='par_1_113' title="bbox 2125 5252 3710 5330">
     <span class='ocr_line' id='line_1_113' title="bbox 2125 5252 3710 5330; baseline -0.007 -15"><span class='ocrx_word' id='word_1_829' title='bbox 2125 5277 2220 5330; x_wconf 88' lang='lat' dir='ltr'><strong>per</strong></span> <span class='ocrx_word' id='word_1_830' title='bbox 2260 5276 2417 5330; x_wconf 90' lang='lat' dir='ltr'><strong>quam</strong></span> <span class='ocrx_word' id='word_1_831' title='bbox 2460 5271 2513 5314; x_wconf 90' lang='lat' dir='ltr'><strong>et</strong></span> <span class='ocrx_word' id='word_1_832' title='bbox 2543 5267 2782 5313; x_wconf 86' lang='lat' dir='ltr'><strong>nostrum</strong></span> <span class='ocrx_word' id='word_1_833' title='bbox 2815 5255 3099 5324; x_wconf 88' lang='lat' dir='ltr'><strong>imperium</strong></span> <span class='ocrx_word' id='word_1_834' title='bbox 3137 5270 3319 5325; x_wconf 88' lang='lat' dir='ltr'><strong>pacem</strong></span> <span class='ocrx_word' id='word_1_835' title='bbox 3364 5252 3607 5318; x_wconf 90' lang='lat' dir='ltr'><strong>obtinet,</strong></span> <span class='ocrx_word' id='word_1_836' title='bbox 3653 5261 3710 5304; x_wconf 88' lang='lat' dir='ltr'><strong>nt</strong></span> 
     </span>
    </p>
   </div>
   <div class='ocr_carea' id='block_1_114' title="bbox 2119 5347 3712 5422">
    <p class='ocr_par' dir='ltr' id='par_1_114' title="bbox 2119 5347 3712 5422">
     <span class='ocr_line' id='line_1_114' title="bbox 2119 5347 3712 5422; baseline -0.006 -16"><span class='ocrx_word' id='word_1_837' title='bbox 2119 5354 2306 5422; x_wconf 90' lang='lat' dir='ltr'><strong>jubere</strong></span> <span class='ocrx_word' id='word_1_838' title='bbox 2334 5353 2566 5420; x_wconf 86' lang='lat' dir='ltr'><strong>digneris</strong></span> <span class='ocrx_word' id='word_1_839' title='bbox 2591 5350 2824 5406; x_wconf 85' lang='lat' dir='ltr'><strong>Orientis</strong></span> <span class='ocrx_word' id='word_1_840' title='bbox 2862 5351 3140 5420; x_wconf 89' lang='lat' dir='ltr'><strong>episcopos</strong></span> <span class='ocrx_word' id='word_1_841' title='bbox 3166 5347 3558 5405; x_wconf 73' lang='lat' dir='ltr'><strong>Thessalonica:</strong></span> <span class='ocrx_word' id='word_1_842' title='bbox 3583 5359 3712 5398; x_wconf 86' lang='lat' dir='ltr'><strong>con-</strong></span> 
     </span>
    </p>
   </div>
   <div class='ocr_carea' id='block_1_115' title="bbox 2125 5435 3712 5509">
    <p class='ocr_par' dir='ltr' id='par_1_115' title="bbox 2125 5435 3712 5509">
     <span class='ocr_line' id='line_1_115' title="bbox 2125 5435 3712 5509; baseline -0.007 -11"><span class='ocrx_word' id='word_1_843' title='bbox 2125 5446 2326 5499; x_wconf 86' lang='lat' dir='ltr'><strong>venire.</strong></span> <span class='ocrx_word' id='word_1_844' title='bbox 2357 5445 2562 5498; x_wconf 83' lang='lat' dir='ltr'><strong>Etenim</strong></span> <span class='ocrx_word' id='word_1_845' title='bbox 2587 5442 2891 5498; x_wconf 90' lang='lat' dir='ltr'><strong>Occidentis</strong></span> <span class='ocrx_word' id='word_1_846' title='bbox 2920 5440 3085 5496; x_wconf 92' lang='lat' dir='ltr'><strong>nostri</strong></span> <span class='ocrx_word' id='word_1_847' title='bbox 3117 5438 3373 5509; x_wconf 88' lang='lat' dir='ltr'><strong>episcopi,</strong></span> <span class='ocrx_word' id='word_1_848' title='bbox 3406 5436 3556 5491; x_wconf 87' lang='lat' dir='ltr'><strong>lectis</strong></span> <span class='ocrx_word' id='word_1_849' title='bbox 3583 5435 3712 5488; x_wconf 90' lang='lat' dir='ltr'><strong>viris</strong></span> 
     </span>
    </p>
   </div>
   <div class='ocr_carea' id='block_1_116' title="bbox 2124 5529 3712 5596">
    <p class='ocr_par' dir='ltr' id='par_1_116' title="bbox 2124 5529 3712 5596">
     <span class='ocr_line' id='line_1_116' title="bbox 2124 5529 3712 5596; baseline -0.009 -2"><span class='ocrx_word' id='word_1_850' title='bbox 2124 5538 2380 5594; x_wconf 89' lang='lat' dir='ltr'><strong>adversus</strong></span> <span class='ocrx_word' id='word_1_851' title='bbox 2405 5537 2601 5592; x_wconf 89' lang='lat' dir='ltr'><strong>malum</strong></span> <span class='ocrx_word' id='word_1_852' title='bbox 2627 5552 2692 5593; x_wconf 90' lang='lat' dir='ltr'><strong>ac</strong></span> <span class='ocrx_word' id='word_1_853' title='bbox 2719 5535 3052 5592; x_wconf 90' lang='lat' dir='ltr'><strong>mendacium</strong></span> <span class='ocrx_word' id='word_1_854' title='bbox 3081 5531 3422 5596; x_wconf 89' lang='lat' dir='ltr'><strong>firmissimis,</strong></span> <span class='ocrx_word' id='word_1_855' title='bbox 3453 5529 3712 5583; x_wconf 87' lang='lat' dir='ltr'><strong>miserunt</strong></span> 
     </span>
    </p>
   </div>
   <div class='ocr_carea' id='block_1_117' title="bbox 2125 5618 3712 5702">
    <p class='ocr_par' dir='ltr' id='par_1_117' title="bbox 2125 5618 3712 5702">
     <span class='ocr_line' id='line_1_117' title="bbox 2125 5618 3712 5702; baseline -0.008 -17"><span class='ocrx_word' id='word_1_856' title='bbox 2125 5632 2403 5702; x_wconf 82' lang='lat' dir='ltr'><strong>episcOpos</strong></span> <span class='ocrx_word' id='word_1_857' title='bbox 2431 5629 2684 5701; x_wconf 88' lang='lat' dir='ltr'><strong>quinque,</strong></span> <span class='ocrx_word' id='word_1_858' title='bbox 2727 5628 3066 5700; x_wconf 90' lang='lat' dir='ltr'><strong>presbyteros</strong></span> <span class='ocrx_word' id='word_1_859' title='bbox 3093 5640 3222 5680; x_wconf 85' lang='lat' dir='ltr'><strong>vero</strong></span> <span class='ocrx_word' id='word_1_860' title='bbox 3260 5623 3416 5684; x_wconf 85' lang='lat' dir='ltr'><strong>duos,</strong></span> <span class='ocrx_word' id='word_1_861' title='bbox 3447 5630 3502 5676; x_wconf 92' lang='lat' dir='ltr'><strong>et</strong></span> <span class='ocrx_word' id='word_1_862' title='bbox 3529 5618 3712 5674; x_wconf 86' lang='lat' dir='ltr'><strong>diaco-</strong></span> 
     </span>
    </p>
   </div>
   <div class='ocr_carea' id='block_1_118' title="bbox 2125 5712 3711 5793">
    <p class='ocr_par' dir='ltr' id='par_1_118' title="bbox 2125 5712 3711 5793">
     <span class='ocr_line' id='line_1_118' title="bbox 2125 5712 3711 5793; baseline -0.008 -16"><span class='ocrx_word' id='word_1_863' title='bbox 2125 5740 2250 5777; x_wconf 92' lang='lat' dir='ltr'><strong>num</strong></span> <span class='ocrx_word' id='word_1_864' title='bbox 2299 5739 2461 5777; x_wconf 87' lang='lat' dir='ltr'><strong>unum</strong></span> <span class='ocrx_word' id='word_1_865' title='bbox 2506 5737 2710 5793; x_wconf 59' lang='lat' dir='ltr'><strong>magna;</strong></span> <span class='ocrx_word' id='word_1_866' title='bbox 2752 5720 3003 5776; x_wconf 61' lang='lat' dir='ltr'><strong>Ecclesiae</strong></span> <span class='ocrx_word' id='word_1_867' title='bbox 3042 5718 3318 5772; x_wconf 72' lang='lat' dir='ltr'><strong>Romamn.</strong></span> <span class='ocrx_word' id='word_1_868' title='bbox 3363 5713 3510 5781; x_wconf 87' lang='lat' dir='ltr'><strong>Quos</strong></span> <span class='ocrx_word' id='word_1_869' title='bbox 3551 5712 3711 5767; x_wconf 80' lang='lat' dir='ltr'><strong>velim</strong></span> 
     </span>
    </p>
   </div>
   <div class='ocr_carea' id='block_1_119' title="bbox 2125 5803 3714 5885">
    <p class='ocr_par' dir='ltr' id='par_1_119' title="bbox 2125 5803 3714 5885">
     <span class='ocr_line' id='line_1_119' title="bbox 2125 5803 3714 5885; baseline -0.01 -11"><span class='ocrx_word' id='word_1_870' title='bbox 2125 5819 2266 5876; x_wconf 88' lang='lat' dir='ltr'><strong>omni</strong></span> <span class='ocrx_word' id='word_1_871' title='bbox 2311 5815 2516 5874; x_wconf 85' lang='lat' dir='ltr'><strong>honore</strong></span> <span class='ocrx_word' id='word_1_872' title='bbox 2545 5813 2776 5885; x_wconf 80' lang='lat' dir='ltr'><strong>digneris</strong></span> <span class='ocrx_word' id='word_1_873' title='bbox 2809 5831 2820 5865; x_wconf 91' lang='lat'>:</span> <span class='ocrx_word' id='word_1_874' title='bbox 2857 5821 2913 5868; x_wconf 89' lang='lat' dir='ltr'><strong>ut</strong></span> <span class='ocrx_word' id='word_1_875' title='bbox 2937 5852 2952 5880; x_wconf 94' lang='lat'><strong>,</strong></span> <span class='ocrx_word' id='word_1_876' title='bbox 2998 5811 3041 5868; x_wconf 84' lang='lat' dir='ltr'><strong>si</strong></span> <span class='ocrx_word' id='word_1_877' title='bbox 3070 5808 3306 5881; x_wconf 85' lang='lat' dir='ltr'><strong>persuasi</strong></span> <span class='ocrx_word' id='word_1_878' title='bbox 3337 5806 3532 5863; x_wconf 75' lang='lat' dir='ltr'><strong>fuerint</strong></span> <span class='ocrx_word' id='word_1_879' title='bbox 3571 5803 3714 5876; x_wconf 87' lang='lat' dir='ltr'><strong>quod</strong></span> 
     </span>
    </p>
   </div>
  </div>
