4114 6392
432 334 502 387 ,5
1700 316 2012 379 PALLADIJ
2049 315 2383 376 DIALOGUS
3630 325 3695 381 ίθ

430 443 550 512 jure
570 440 826 511 expulsus
866 438 936 495 sit
958 437 1192 494 Joannes
1213 478 1229 505 ,
1255 436 1482 493 doceant
1506 449 1595 495 me,
1614 434 1682 489 ab
1707 433 1822 504 ejus
1862 447 2009 488 com-

438 534 690 588 tnunione
720 529 972 586 recedere
1001 546 1015 582 :
1044 539 1136 584 aut
1177 528 1223 584 si
1264 527 1598 598 coarguerint
1638 536 1828 596 sponte
1854 524 2008 579 maii-

436 642 570 697 gnos
610 638 731 680 esse
757 622 987 679 Orientis
1012 623 1293 692 episcopos
1315 662 1331 687 ,
1372 622 1440 674 ab
1465 634 1649 675 eorum
1695 628 1747 673 te
1771 632 2013 672 commu-

437 718 597 771 nione
637 721 898 770 avertant.
942 713 1197 781 Quaenam
1223 711 1363 767 enim
1392 713 1461 764 sit
1493 709 1906 767 Occidentalium
1945 708 2011 763 de

434 807 640 862 Joanne
662 807 911 876 episcopo
936 802 1198 858 sententia
1222 845 1236 869 ,
1262 817 1329 857 ex
1356 802 1602 856 omnibus
1627 800 1866 871 epistolis
1893 814 2013 869 quae

436 896 504 952 ad
550 911 637 951 me
676 898 889 965 scripta:
933 904 1058 950 sunt
1097 894 1229 949 duas
1269 893 1555 962 subiunxi,
1604 892 1843 962 ejusdem
1889 906 2013 945 cum

434 984 645 1041 caneris
675 985 973 1049 sententiaz,
1000 1000 1160 1039 unam
1189 983 1433 1049 Romani,
1466 982 1686 1037 alteram
1712 981 2015 1051 Aquileien-

437 1076 511 1130 sis
525 1075 777 1144 episcOpi.
797 1075 963 1129 Porro
979 1074 1081 1130 hoc
1093 1083 1216 1128 ante
1240 1073 1417 1128 omnia
1440 1073 1662 1128 obsecro
1678 1071 2013 1126 clementiam

439 1176 582 1220 tuam
605 1207 625 1233 ,
654 1167 1003 1237 Theophilum
1029 1207 1044 1231 ,
1075 1164 1408 1222 Alexandriae
1457 1165 1763 1234 episcopum
1786 1205 1802 1229 ,
1852 1162 2017 1223 etiam

438 1259 707 1323 nolentem
728 1301 744 1325 ,
776 1260 965 1314 sistere
983 1259 1170 1328 iubeas
1192 1298 1207 1324 ,
1238 1258 1329 1328 qui
1351 1258 1586 1313 omnium
1613 1257 1873 1312 malorum
1904 1271 2016 1311 ma-

437 1349 581 1405 xime
597 1359 778 1404 auctor
792 1364 914 1405 esse
939 1349 1161 1414 dicitur;
1180 1359 1239 1403 ut
1253 1350 1619 1418 episcOporum
1635 1349 1727 1418 qui
1750 1346 2017 1405 adfuerint

436 1440 683 1512 Synodus
706 1440 924 1496 minime
949 1440 1225 1509 impedita,
1249 1440 1658 1495 convenientem
1687 1438 2020 1509 temporibus

438 1531 635 1586 nostris
664 1546 847 1601 pacem
876 1531 1098 1586 sanciat.
1145 1551 1165 1583 ι

507 1620 637 1677 Car.
684 1637 757 1676 tv.
786 1651 858 1661 —
883 1621 1016 1676 Cum
1063 1622 1218 1692 igitur
1259 1629 1472 1678 sanctus
1512 1618 1797 1684 Emilius,
1841 1618 2016 1674 Bene-

438 1713 580 1768 venti
605 1713 903 1784 episcopus,
931 1723 986 1768 et
1009 1712 1294 1784 Cythegius
1319 1722 1373 1768 et
1397 1712 1739 1777 Gaudentius,
1769 1726 1872 1766 una
1894 1726 2015 1767 cum

441 1803 811 1859 Valentiniano
861 1814 916 1860 et
961 1803 1231 1859 Bonifacio
1278 1804 1641 1874 presbyteris,
1689 1802 2017 1872 accepissent

439 1894 620 1951 literas
658 1895 998 1966 Imperatoris
1027 1895 1282 1959 Honorii,
1312 1894 1603 1949 lnnocentii
1628 1935 1642 1959 ,
1674 1903 1728 1949 et
1763 1892 2014 1946 Italorum

441 1987 829 2057 episc0porum,
861 1985 1154 2041 Chromatii
1184 1984 1556 2055 Aquileiensis,
1585 1993 1638 2038 et
1662 1982 1874 2038 Venerii
1904 1982 2016 2036 Me-

440 2076 767 2131 diolanensis
789 2117 806 2142 ,
842 2086 1000 2145 atque
1028 2075 1254 2131 aliorum
1280 2116 1294 2139 ,
1323 2090 1531 2129 necnon
1557 2072 2016 2127 commonitorium

441 2167 638 2239 Synodi
690 2169 851 2222 totius
900 2166 1239 2233 Occidentis,
1289 2165 1498 2236 publica
1548 2166 1822 2221 evectione
1874 2164 2016 2217 Con-

449 2254 840 2327 stantinopolim
867 2256 1087 2327 profecti
1126 2265 1251 2312 sunt
1273 2272 1393 2312 cum
1419 2256 1641 2328 Cyrtaco
1664 2296 1681 2323 ,
1709 2255 1977 2310 Demetrio
1997 2295 2014 2321 ,

444 2348 678 2402 Palladio
702 2358 758 2404 et
790 2348 1007 2419 Eulysio
1034 2348 1316 2419 episcopis.
1345 2347 1813 2403 Commonitorium
1840 2358 2017 2402 autem

442 2437 784 2504 continebat,
810 2436 1064 2493 Joannem
1105 2438 1358 2507 judicium
1388 2438 1591 2507 ingredi
1631 2452 1739 2492 non
1782 2438 1978 2493 debere
2000 2480 2015 2504 ,

445 2528 546 2582 nisi
572 2528 670 2598 ipsi
699 2530 841 2598 prius
872 2530 1114 2585 restituta
1151 2530 1333 2584 fuisset
1361 2538 1416 2583 et
1439 2528 1677 2583 Ecclesia
1706 2536 1758 2582 et
1782 2542 2021 2582 commuo

444 2616 571 2681 nio;
601 2626 658 2670 ut
682 2617 886 2672 sublata
913 2633 1069 2672 causa
1099 2617 1427 2673 detrectandi
1460 2617 1642 2686 iudicii
1666 2657 1682 2682 ,
1708 2632 1802 2670 sua
1831 2626 2020 2686 sponte

444 2720 754 2761 consessum
803 2707 977 2761 iniret.
1010 2707 1237 2761 Profecti
1280 2707 1438 2777 igitur
1465 2706 2016 2776 Constantinopolim,

448 2805 567 2866 post
609 2807 833 2868 quatuor
862 2804 1074 2853 menses
1122 2799 1433 2865 redierunt,
1464 2786 1739 2853 narrantes
1783 2798 2020 2854 facinora

448 2890 782 2961 Babylonica.
822 2888 954 2945 Cum
999 2901 1193 2960 przcter
1231 2890 1490 2945 Cra-ciam
1530 2891 1763 2945 Athenas
1802 2891 2018 2959 naviga-

448 2995 664 3046 remus,
707 2980 906 3035 detenti
952 2995 1135 3035 sumus
1177 2980 1245 3034 ab
1291 2979 1486 3035 infesto
1530 2980 1759 3051 quodam
1809 2981 2022 3036 tribuno

448 3069 693 3135 militum,
711 3071 800 3140 qui
825 3073 1000 3124 statim
1024 3071 1387 3127 centurionem
1405 3087 1564 3126 unum
1589 3072 1743 3127 nobis
1759 3072 2019 3142 adiunxit,

447 3174 550 3214 non
594 3158 776 3213 siueus
817 3175 915 3215 nos
945 3160 1376 3215 Thessalonicam
1420 3161 1692 3217 accedere.
1724 3161 1833 3217 illic
1876 3164 2018 3217 enim

447 3248 771 3317 propositum
817 3249 970 3303 nobis
1013 3258 1128 3304 erat
1165 3250 1346 3305 literas
1388 3252 1614 3321 primum
1656 3251 1785 3306 dare
1821 3253 2020 3323 Anysio

444 3338 713 3407 episcopo.
742 3338 1025 3409 Coujectos
1049 3340 1208 3410 igitur
1230 3356 1329 3395 nos
1350 3381 1366 3405 ,
1392 3341 1576 3408 aiunt,
1608 3342 1661 3396 in
1686 3342 1793 3397 duo
1816 3344 2020 3412 navigia

447 3429 665 3483 dimisit.
685 3430 965 3500 ingruente
986 3441 1168 3501 postea
1187 3441 1372 3488 austro
1391 3433 1712 3502 vehementi,
1729 3435 1896 3492 tribus
1915 3436 2020 3491 die-

450 3520 547 3575 bus
560 3520 796 3591 Egaeum
823 3538 967 3578 mare
994 3532 1046 3578 ct
1069 3523 1199 3578 freta
1227 3525 1341 3579 sine
1360 3526 1479 3580 cibo
1501 3526 1805 3596 traiecimus
1839 3546 1852 3581 :
1876 3529 2017 3584 circa

448 3608 815 3666 duodecimam
856 3613 993 3666 tertii
1014 3614 1120 3668 diei
1152 3613 1335 3668 horam
1362 3616 1663 3684 appulimus
1684 3627 1808 3671 ante
1832 3618 2018 3673 urbem

450 3698 804 3768 regiamiuxta
821 3701 1118 3757 suburbana
1135 3702 1380 3758 Victoris.
1401 3704 1499 3760 Ubi
1518 3707 1707 3761 retenti
1728 3707 1794 3762 ab
1810 3717 2022 3762 exacto-

447 3790 592 3844 ribus
618 3800 881 3860 portuum,
910 3802 1053 3849 retro
1079 3796 1617 3867 discessimus;cuius
1644 3808 1817 3853 autem
1841 3799 2016 3869 jussu,

448 3881 746 3949 ignoramus
797 3898 813 3936 :
864 3895 919 3938 et
962 3886 1195 3940 conclusi
1242 3902 1425 3941 sumus
1469 3889 1734 3944 maritimo
1780 3890 2020 3947 Thraciae

444 3970 682 4035 castello,
702 3974 902 4045 Atbyra
927 3974 1086 4041 dicto,
1105 3976 1329 4032 Romani
1352 3980 1564 4048 quidem
1589 3982 1641 4035 in
1668 3997 1768 4036 una
1793 3983 2019 4038 domuu-

446 4062 585 4125 cuia,
606 4063 657 4117 in
689 4065 922 4133 pluribus
948 4082 1074 4122 vero
1102 4069 1191 4138 qui
1217 4083 1336 4123 cum
1367 4070 1587 4142 Cyriaco
1613 4082 1784 4140 erant,
1804 4075 2018 4145 illicque

444 4152 657 4216 vexati;
689 4154 760 4208 ita
802 4165 862 4210 ut
900 4172 968 4212 ne
1011 4156 1242 4213 famulus
1268 4160 1477 4229 quidem
1525 4171 1718 4231 praesto
1759 4174 1903 4220 esset
1926 4166 2016 4236 qui

445 4239 789 4298 ministraret.
831 4245 963 4300 Cum
1004 4247 1191 4303 literas
1227 4240 1538 4318 petiissent,
1583 4268 1688 4306 non
1733 4254 2014 4322 dedimus,

444 4329 683 4386 dicentes
702 4348 716 4385 :
735 4334 835 4399 Qui
862 4333 975 4389 fieri
1004 4345 1196 4405 potest,
1225 4346 1281 4392 ut
1307 4339 1397 4409 qui
1422 4340 1578 4410 legati
1603 4356 1806 4408 sumus,
1834 4342 2016 4399 literas

448 4420 782 4490 Imperatoris
804 4433 859 4479 et
871 4425 1242 4496 episcoporum
1264 4429 1360 4498 ipsi
1380 4429 1686 4499 imperatori
1704 4448 1808 4486 non
1826 4434 2017 4489 redda-

445 4513 748 4569 mus?Cum
764 4521 943 4570 autem
974 4532 1067 4573 eas
1081 4534 1185 4575 non
1215 4520 1343 4576 dare
1370 4523 1796 4592 persisteremus,
1817 4528 2017 4595 primus

431 4604 590 4658 venit
626 4606 693 4660 ad
718 4621 815 4661 uos
843 4607 1101 4664 Patricius
1125 4613 1362 4667 notarius
1385 4655 1401 4679 ,
1428 4614 1620 4671 deinde
1649 4618 1861 4687 quidam
1886 4620 1973 4674 alii
1999 4637 2013 4673 :

447 4702 771 4758 postremum
798 4701 940 4754 venit
964 4703 1175 4771 quidam
1204 4704 1513 4763 Valerianus
1537 4711 1752 4766 nomine
1775 4752 1789 4776 ,
1820 4727 1852 4767 e
1878 4712 2017 4784 Cap-

447 4786 661 4852 padocia
682 4829 699 4853 ,
730 4792 1044 4859 praepositus
1068 4796 1221 4848 unius
1245 4797 1484 4852 militaris
1510 4802 1713 4855 numeri
1737 4841 1754 4865 ,
1785 4811 1838 4857 et
1862 4813 2017 4872 rupto

442 4874 660 4931 Mariani
690 4879 922 4951 episcopi
950 4883 1160 4951 pollice,
1179 4886 1793 4958 signatanrlmperatoris
1819 4894 2018 4964 episto-

443 4966 547 5020 lam
577 4982 695 5021 cunt
715 4969 929 5040 reliquis
952 4973 1188 5030 abstulit.
1208 4977 1466 5034 Postridie
1482 4982 1640 5051 igitur
1667 4985 1926 5040 miserunt
1948 4988 2016 5042 ad

447 5073 564 5121 nos,
594 5075 661 5114 an
688 5062 844 5117 aulici
872 5063 1229 5133 imperatoris,
1258 5084 1327 5123 an
1358 5072 1560 5127 Atticus
1588 5076 1854 5132 nescimus
1880 5077 2017 5148 (ipse

446 5153 584 5206 enim
601 5152 875 5211 dicebatur
889 5158 1138 5214 Ecclesiae
1154 5161 1402 5217 thronum
1428 5164 1706 5238 invasisse)
1726 5185 1740 5220 :
1758 5169 1845 5238 qui
1863 5168 2016 5225 nobis

444 5242 541 5295 tria
572 5243 732 5298 millia
763 5249 1140 5304 numistnatum
1182 5251 1419 5318 dabant,
1450 5265 1665 5311 orantes
1692 5266 1750 5312 ut
1778 5260 2013 5327 persuasi

442 5333 622 5388 Attico
664 5339 1216 5409 communicaremus,
1245 5353 1300 5399 et
1344 5344 1412 5399 de
1437 5344 1656 5402 Joannis
1691 5348 1889 5416 iudicio
1930 5360 2014 5404 ta-

443 5437 706 5479 ceremus.
731 5426 933 5493 Quibus
955 5445 1062 5485 non
1090 5433 1459 5502 assentientes,
1485 5437 1811 5505 perstitimus
1834 5454 2012 5507 orare,

443 5528 563 5567 cum
610 5514 739 5571 nihil
767 5517 1039 5587 pacificum
1065 5532 1407 5592 perageretur
1427 5564 1443 5589 ,
1472 5535 1529 5579 ut
1552 5526 1666 5581 sine
1690 5527 1925 5596 periculo
1947 5527 2014 5583 ad

444 5615 655 5663 nostras
682 5609 946 5666 Ecclesias
978 5613 1273 5671 rediremus
1297 5655 1313 5682 ,
1341 5617 1454 5674 visa
1478 5619 1569 5675 tali
1607 5619 2011 5677 inhumanitate.

446 5695 674 5765 ldipsum
721 5702 879 5781 variis
924 5704 1334 5765 revelationibus
1377 5708 1623 5767 Scrvator
1669 5712 1811 5769 Deus
1858 5713 2012 5769 nobis

2119 430 2444 500 declaravit,
2494 431 2625 499 adeo
2668 443 2727 489 ut
2767 436 2937 491 sancti
2981 437 3143 491 etiam
3185 436 3431 495 Emmeiii
3471 437 3695 497 diacono

2117 520 2299 587 Paulo,
2333 524 2448 577 viro
2475 524 2756 579 mitissimo
2780 535 2835 580 et
2864 526 3130 595 prudenti,
3162 528 3213 585 in
3250 528 3375 582 navi
3395 532 3699 601 apparuerit

2116 613 2304 669 beatus
2328 616 2520 671 Paulus
2542 618 2832 686 apostolus,
2853 619 3038 675 dicens
3060 620 3160 690 ipsi
3193 638 3207 675 :
3251 620 3425 677 Videte
3444 622 3704 692 quomodo

2116 703 2415 761 ambulem:
2436 723 2536 760 nou
2561 717 2615 761 ut
2639 708 2950 779 insipientes,
2976 711 3065 765 sed
3093 720 3148 765 ut
3175 713 3446 783 sapietues,
3477 715 3702 779 videntes

2116 797 2251 866 quod
2277 799 2383 853 dies
2411 800 2533 854 mali
2555 810 2672 854 sunt
2699 808 2716 870 (
2739 799 2931 870 Ephes.
2959 803 3014 859 5.
3042 804 3131 859 15.
3179 803 3286 876 16)
3319 822 3334 858 ε
3365 805 3707 876 significante-

2117 889 2325 943 Somnio
2366 891 2564 944 variam
2609 891 2819 947 illorum
2864 892 3104 948 fraudem
3129 934 3145 959 ,
3183 909 3409 965 eamque
3446 896 3601 955 donis
3643 906 3703 963 et

2117 976 2388 1034 blanditiis
2429 979 2496 1035 ad
2523 980 2923 1041 adulterandam
2965 984 3263 1039 veritatem.
3310 984 3513 1045 InSIans
3539 987 3699 1057 igitur

2118 1068 2257 1124 idem
2302 1071 2417 1139 ipse
2460 1071 2699 1128 tribunus
2734 1073 3078 1141 Valerianus,
3118 1076 3346 1145 coniecit
3373 1091 3470 1132 nos
3497 1077 3552 1132 in
3593 1078 3695 1133 de-

2120 1160 2391 1216 terrimam
2430 1177 2619 1218 navem
2642 1205 2659 1231 ,
2688 1164 2934 1220 mercede
2957 1206 2973 1233 ,
3000 1175 3061 1221 ut
3085 1182 3267 1222 rumor
3291 1169 3404 1236 ait,
3444 1169 3703 1233 nauclero,

2118 1248 2243 1307 data
2285 1259 2343 1305 ut
2381 1251 2629 1321 perderet
2655 1253 2933 1323 episcopos
2975 1256 3279 1326 navigantes
3306 1298 3321 1321 ,
3349 1272 3470 1312 cum
3511 1258 3707 1329 viginti

2118 1341 2373 1398 militibus
2397 1342 2663 1398 variorum
2691 1343 2987 1400 officiorum
3020 1362 3036 1400 :
3067 1355 3121 1400 et
3153 1347 3331 1405 statim
3359 1363 3454 1403 nos
3480 1348 3697 1420 Athyris

2117 1432 2338 1501 expulit.
2358 1431 2491 1487 Cum
2519 1435 2915 1503 navigassemus
2944 1435 3113 1490 stadia
3141 1437 3458 1506 plurima,et
3479 1438 3696 1509 iamiam

2119 1521 2338 1591 perituri
2381 1536 2656 1589 essemus,
2703 1525 3006 1594 appulimus
3046 1525 3435 1601 Lampsacum;
3477 1537 3532 1583 et
3573 1528 3702 1587 inde

2119 1626 2320 1673 mutata
2364 1634 2498 1674 nave
2541 1620 2798 1675 vicesimo
2839 1620 2927 1677 die
2972 1622 3323 1691 applicuimlts
3372 1623 3701 1694 liydruntetn

2119 1707 2393 1763 Calabriae.
2423 1708 2603 1779 Neque
2627 1710 2851 1780 amplius
2876 1711 3030 1766 nobis
3055 1712 3235 1767 dicere
3261 1721 3564 1783 potuerunt,
3593 1728 3711 1784 quo

2120 1798 2174 1852 in
2204 1808 2343 1852 statu
2371 1808 2516 1861 esset
2556 1799 2741 1855 beatus
2769 1800 3001 1857 Joannes
3042 1804 3324 1872 episcopus
3348 1845 3362 1867 ,
3396 1819 3567 1872 neque
3609 1804 3700 1859 ubi

2119 1889 2226 1945 siut
2251 1890 2547 1945 Demetrius
2571 1933 2585 1959 ,
2610 1891 2865 1963 Cyriacus
2888 1934 2910 1961 ,
2932 1893 3179 1964 Eulysius
3203 1935 3219 1959 ,
3250 1903 3406 1965 atque
3435 1895 3702 1953 Palladius

2119 1980 2354 2050 episcopi
2379 2021 2393 2043 ,
2433 1982 2523 2050 qui
2565 1997 2686 2036 cum
2734 1984 2931 2041 nostris
2976 1984 3240 2054 episcopis
3281 1985 3440 2055 legati
3480 1984 3708 2054 prochti'

2120 2078 2292 2124 erant.
2325 2071 2498 2126 EPISC.
2526 2072 2638 2142 Age
2658 2072 2769 2144 iam
2792 2116 2809 2141 ,
2839 2090 2873 2130 ο
2901 2076 3259 2131 sacratissime
3280 2116 3296 2144 ,
3325 2076 3542 2133 adverte
3569 2076 3701 2138 mihi

2121 2160 2374 2227 animum,
2393 2162 2675 2217 attendens
2701 2163 2764 2217 iis
2787 2179 2906 2234 quze
2931 2164 3073 2220 clare
3094 2165 3355 2231 dicentur,
3373 2177 3426 2220 et
3450 2165 3711 2236 deinceps

2124 2250 2216 2305 tibi
2267 2251 2553 2308 declarabo
2606 2255 2848 2324 publicos
2902 2256 3059 2310 totius
3117 2258 3386 2327 tragoediae
3440 2259 3698 2329 satyricos

2122 2341 2418 2410 tumultus,
2468 2344 2608 2399 unde
2648 2344 2786 2400 hanc
2827 2346 3188 2400 temulentiam
3233 2348 3410 2402 exorsi
3455 2352 3597 2412 sint,
3645 2359 3701 2404 et

2122 2446 2395 2503 quousque
2419 2449 2659 2490 cessasse
2683 2436 2778 2489 visi
2809 2436 2933 2500 sint,
2965 2436 3186 2490 necdum
3216 2446 3391 2492 tamen
3422 2438 3696 2493 desierint.

2123 2520 2367 2576 Omnium
2395 2525 2676 2589 malorum,
2704 2532 2762 2578 ut
2784 2526 2903 2595 quis
2925 2526 3136 2592 dixerit,
3168 2526 3284 2581 fons
3306 2535 3362 2581 et
3385 2528 3698 2597 principium

2124 2611 2219 2665 Dei
2264 2627 2389 2667 osor
2417 2612 2625 2668 dicmon
2651 2656 2667 2681 ,
2699 2630 2908 2684 semper
2952 2616 3207 2670 insidians
3235 2627 3293 2670 ut
3338 2618 3489 2687 lupus
3532 2621 3699 2673 ratio-

2123 2700 2385 2755 nabilibus
2411 2702 2604 2757 Christi
2642 2704 2890 2774 gregibus
2912 2745 2927 2771 ,
2956 2705 3157 2774 peritos
3182 2720 3420 2775 quosque
3464 2719 3702 2775 pastores

2124 2792 2282 2846 variis
2326 2792 2479 2847 malis
2522 2796 2772 2849 atrociter
2814 2794 3111 2857 infestans,
3153 2796 3290 2850 sicut
3327 2795 3697 2869 Egyptiorutn

2123 2900 2219 2938 rex
2234 2886 2493 2940 masculos
2511 2886 2835 2955 Judteorum,
2854 2888 3057 2943 fucatas
3073 2905 3198 2945 vero
3212 2901 3264 2945 et
3284 2889 3446 2947 falsos
3465 2903 3705 2961 pastores

2126 2981 2452 3030 terrenarum
2481 2979 2809 3047 voluptatum
2841 2980 3060 3035 fallaciis
3084 2982 3350 3051 saginans.
3383 2984 3549 3038 Porro
3576 3000 3707 3054 pes-

2123 3064 2244 3121 simi
2286 3064 2444 3120 fontis
2472 3066 2628 3137 huius
2671 3069 2882 3124 canales
2907 3110 2921 3133 ,
2949 3080 3008 3124 ut
3033 3073 3206 3126 omnis
3250 3082 3511 3128 terrarum
3554 3076 3709 3129 orbis

2124 3157 2309 3221 novit,
2364 3166 2488 3212 sunt
2538 3159 2803 3225 Aeacius,
2855 3162 3216 3228 Antiocbius,
3266 3163 3592 3233 Theophilus
3643 3177 3707 3221 eo

2122 3246 2475 3315 Severianus;
2505 3251 2593 3319 qui
2620 3260 2876 3307 vocantur
2902 3253 3116 3322 quidem
3155 3255 3206 3308 id
3237 3255 3374 3323 quod
3406 3272 3509 3309 non
3534 3267 3657 3310 sunt
3680 3301 3705 3321 ,η

2123 3348 2247 3394 sunt
2272 3355 2398 3395 vero
2422 3341 2562 3410 quod
2598 3341 2703 3396 dici
2747 3357 2806 3397 se
2834 3358 2940 3397 non
2969 3344 3144 3399 ferunt
3176 3362 3189 3396 :
3219 3360 3285 3398 ex
3311 3345 3496 3399 ordine
3521 3359 3700 3401 autem

2123 3430 2437 3486 clericorum
2493 3432 2789 3502 presbyteri
2841 3432 2987 3497 duo,
3045 3442 3099 3487 et
3152 3433 3359 3490 diaconi
3413 3435 3646 3504 quinque
3678 3478 3706 3501 ,.

2124 3521 2312 3590 partim
2342 3520 2551 3590 quidem
2596 3536 2663 3575 ex
2708 3521 2953 3590 impuro,
2985 3523 3179 3591 partim
3222 3539 3286 3577 ex
3334 3525 3694 3579 maleﬁcorum

2125 3627 2344 3666 numero
2369 3613 2670 3682 congregati
2704 3631 2717 3663 :
2751 3627 2849 3667 nec
2874 3629 3000 3666 vero
3036 3614 3148 3668 scio
3183 3628 3248 3666 an
3278 3623 3444 3668 tutum
3472 3616 3540 3669 sit
3567 3615 3703 3671 tales

2122 3703 2461 3774 presbyteros
2509 3713 2601 3757 aut
2643 3702 2894 3758 diaconos
2940 3718 3132 3758 vocare
3181 3721 3194 3756 :
3245 3719 3312 3759 ex
3361 3705 3703 3772 Imperatoris

2122 3804 2298 3848 autem
2313 3794 2432 3847 aula
2448 3793 2553 3847 duo
2567 3802 2657 3847 aut
2674 3803 2780 3847 tres
2795 3793 3127 3847 solummodo
3142 3792 3309 3857 fuere,
3328 3795 3415 3863 qui
3431 3793 3705 3864 Theophi-s

2123 3883 2231 3937 lmn
2258 3883 2596 3950 roborarunt,
2625 3884 2837 3939 militari
2867 3884 3121 3954 prmsidio
3135 3901 3289 3954 opem
3320 3886 3391 3939 illt
3423 3887 3651 3941 ferentes
3675 3904 3697 3941 :

2121 3990 2155 4030 e
2178 3974 2485 4029 mulieribus
2507 3983 2701 4045 praeter
2723 3975 2839 4030 illas
2863 3991 2980 4045 quie
3005 3976 3160 4046 vulgo
3187 3985 3328 4031 notae
3355 3987 3516 4043 sunt,
3547 3987 3653 4032 tres
3677 4021 3705 4046 ,,

2122 4066 2294 4120 vidua:
2334 4066 2546 4136 quidem
2571 4109 2587 4133 ,
2634 4067 2728 4122 sed
2769 4074 2799 4122 a
2840 4068 2969 4122 viris
3012 4067 3202 4124 divites
3243 4069 3433 4133 factae,
3477 4074 3695 4126 multam

2121 4172 2188 4212 ex
2218 4158 2417 4228 rapinis
2461 4159 2736 4227 pecuniam
2780 4159 3114 4228 possidentes
3141 4160 3194 4213 in
3244 4160 3471 4229 propriae
3511 4162 3701 4216 salutis

2124 4251 2450 4319 perniciem;
2481 4251 2797 4305 tumultuum
2827 4260 2882 4305 et
2918 4251 3233 4306 seditionum
3277 4254 3645 4309 commotrices
3679 4272 3692 4307 :

2121 4340 2288 4396 Marsa
2308 4341 2540 4395 Promoti
2570 4358 2721 4407 uxor,
2740 4342 2993 4397 Castricia
3019 4343 3310 4409 Saturnini,
3328 4344 3694 4415 etEugraphia

2121 4432 2362 4499 quaadam
2404 4447 2782 4502 usquequaque
2809 4432 3005 4508 furiosa
3039 4451 3052 4486 :
3086 4433 3287 4503 reliqua
3315 4444 3491 4489 autem
3533 4436 3698 4505 pudet

2121 4524 2321 4580 dicere.
2350 4523 2612 4579 Caeterum
2650 4526 2732 4579 hac
2773 4535 2931 4594 atque
2970 4526 3082 4589 illi,
3115 4525 3266 4580 tardo
3306 4526 3469 4581 corde
3496 4527 3548 4581 in
3594 4528 3703 4581 fide

2120 4630 2241 4670 cum
2265 4615 2391 4680 sint,
2409 4616 2552 4669 velut
2576 4614 2803 4679 phalanx
2834 4618 3009 4669 furore
3032 4616 3199 4679 ebria,
3220 4616 3271 4669 in
3294 4631 3453 4670 unam
3480 4630 3697 4671 senten-

2123 4705 2247 4758 tiam
2274 4704 2397 4759 odio
2421 4703 2676 4758 doctrina:
2696 4704 2931 4771 adunati,
2956 4705 3101 4759 exitii
3127 4714 3414 4759 torrentem
3441 4706 3694 4762 adversus

2124 4795 2376 4850 Ecclesire
2406 4809 2586 4864 pacem
2614 4795 2965 4849 concitarunt.
2987 4795 3289 4852 Duc.Velis
3306 4795 3492 4866 igitur,
3516 4791 3690 4863 Pater,

2120 4898 2176 4943 et
2222 4888 2445 4942 libenter
2470 4886 2600 4941 velis
2640 4901 2819 4941 coram
2849 4886 2962 4942 Deo
3006 4886 3165 4942 nobis
3203 4886 3382 4942 dicere
3406 4929 3419 4951 ,
3454 4887 3595 4941 unde
3639 4898 3697 4941 et

2122 4978 2332 5032 illorum
2384 4976 2642 5031 adversus
2689 4976 2949 5032 Joannem
2998 4978 3218 5043 odium,
3266 4987 3321 5033 et
3367 4993 3485 5049 qua:
3538 4977 3693 5033 fuerit

2120 5068 2341 5123 Joannis
2366 5068 2598 5137 episcOpi
2630 5068 2918 5137 pertinacia
2949 5078 3123 5124 tantas
3146 5078 3432 5139 potestates
3458 5068 3650 5124 laedere
3676 5087 3690 5122 :

2119 5158 2279 5213 simul
2318 5157 2531 5212 declara
2573 5159 2726 5213 nobis
2754 5158 2896 5213 unde
2923 5160 3083 5213 vitam
3113 5174 3334 5214 exorsus
3371 5159 3477 5225 sit,
3506 5170 3560 5214 et
3588 5175 3708 5231 quo‘

2123 5257 2276 5317 pacto
2316 5248 2382 5302 ad
2408 5244 2892 5317 Constantinopolis
2920 5249 3279 5319 episcopatum
3321 5249 3392 5303 sit
3433 5259 3648 5304 evectus
3673 5292 3690 5316 ,

2120 5351 2177 5399 et
2199 5351 2399 5413 quanto
2424 5351 2662 5412 tempore
2687 5356 2809 5397 eum
2851 5343 3085 5397 tenuerit
3105 5381 3121 5406 ,
3149 5350 3204 5396 et
3237 5341 3326 5411 qui
3352 5342 3543 5396 fuerint
3576 5342 3696 5412 eius

2121 5449 2319 5498 mores,
2346 5443 2401 5488 et
2423 5434 2542 5505 quis
2568 5434 2685 5504 eius
2716 5435 2838 5489 vitae
2867 5434 3008 5500 linis,
3036 5434 3297 5504 siquidem
3322 5444 3562 5491 mortuus
3586 5446 3687 5500 est,

2123 5538 2184 5582 ut
2226 5526 2489 5582 audimus.
2540 5526 2653 5581 Etsi
2709 5541 2804 5596 per
2853 5540 3040 5581 omnes
3099 5526 3327 5581 maxime
3380 5536 3688 5599 pert-agatur

2120 5619 2375 5675 mirabilis
2398 5626 2453 5674 et
2494 5628 2676 5674 sancta
2714 5619 2812 5674 viri
2840 5619 2983 5675 illius
3025 5618 3201 5685 fama;
3233 5627 3408 5675 tamen
3439 5622 3688 5675 consuevi

2122 5728 2230 5769 non
2272 5711 2407 5769 adeo
2446 5712 2595 5769 facile
2636 5711 2937 5769 rumoribus
2973 5711 3194 5769 credere
3217 5752 3231 5780 ,
3275 5711 3579 5784 priusquam
3620 5714 3690 5769 ab
