4114 6392
379 395 449 449 ιδ
1369 392 1457 446 DE
1501 391 1664 449 VITA
1702 392 1760 446 S.
1799 391 2094 450 JOANNIS
2132 394 2654 452 CHRYSOSTOMI.
3575 393 3642 448 16

379 515 598 578 σθέντες
650 513 844 585 ὅτιπερ
906 512 1130 577 δικαίως
1189 513 1518 586 ἐκϐέϐληται
1575 518 1604 569 6
1658 517 1959 581 ἐπίσκοπος

389 597 661 668 Ἰωάννης,
692 597 943 663 διδάξωσί
978 614 1044 666 με
1079 598 1386 668 ἀποστῆναι
1428 600 1527 669 τῆς
1567 599 1733 654 αὑτοῦ
1763 617 1956 653 κοινω-

375 681 497 743 νίας
515 696 529 708 °
554 681 587 748 ἢ
611 679 926 748 ἐλέγξαντες
943 679 1400 744 ἐθελοκακοῦντας
1411 681 1538 744 τοὺς
1553 683 1654 752 τῆς
1669 684 1959 754 Ἀνατολῆς

378 763 727 828 ἐπισκόπους,
763 761 1147 834 ἀποστρέψωσί
1183 779 1243 815 σε
1286 764 1387 833 τῆς
1430 764 1607 817 αὐτῶν
1648 766 1954 830 κοινωνίας.

379 847 512 900 Τίνα
560 848 670 917 γάρ
728 847 877 899 ἐστιν
927 846 963 900 ἃ
1021 847 1278 916 φρονοῦσι
1332 849 1461 919 περί
1508 849 1602 902 τοῦ
1658 853 1957 905 ἐπισκόπου

391 931 636 986 Ἰωάννου
663 932 714 984 οἰ
761 932 996 995 Δυτικοί,
1033 935 1098 984 ἐκ
1137 932 1328 984 πασῶν
1375 933 1482 986 τῶν
1526 933 1822 987 ἐπιστολῶν
1855 936 1962 990 τῶν

385 1015 523 1085 πρός
555 1031 621 1084 με
644 1013 956 1085 γραφεισῶν
992 1015 1233 1078 ὑπέταξα
1257 1014 1369 1078 δύο,
1400 1017 1824 1087 ίσοδυναμούσας
1844 1022 1962 1083 ταῖς

383 1099 604 1161 πάσαις,
623 1097 719 1167 τὴν
739 1096 1023 1166 ἐπιστολὴν
1039 1096 1133 1149 τοῦ
1165 1096 1382 1168 Ῥώμης
1400 1099 1494 1151 καὶ
1521 1098 1616 1152 τοῦ
1641 1101 1958 1172 ίἈκυληΐας.

385 1180 556 1234 Τοῦτο
581 1181 638 1234 δὲ
675 1179 978 1249 παρακαλῶ
1027 1180 1126 1250 τὴν
1174 1181 1271 1251 σὴν
1315 1184 1632 1253 ἡμερότητα
1684 1186 1790 1256 πρὸ
1829 1187 1962 1239 πάν-

381 1283 509 1330 των,
551 1265 645 1318 καὶ
672 1264 870 1318 ἄκοντα
909 1264 999 1318 τὸν
1036 1264 1441 1336 Ἀλεξανδρείας
1485 1267 1739 1335 Θεόφιλον
1779 1264 1959 1339 παρά-

383 1349 574 1419 στῆναι
607 1348 913 1410 δικαίωσον,
938 1347 1005 1400 δι’
1033 1347 1090 1401 ὃν
1137 1348 1372 1418 μάλιστα
1404 1349 1622 1417 λέγεται
1652 1351 1868 1405 ἅπαντα
1893 1353 1962 1406 τά

382 1433 525 1487 κακά
544 1432 896 1502 γεγενῆσθαι·
923 1431 1010 1485 ἵνα
1043 1433 1122 1494 εἰς
1161 1433 1327 1503 μηδὲν
1369 1435 1401 1504 ἡ
1441 1434 1548 1486 τῶν
1580 1437 1960 1506 παραγενομέ-

379 1534 484 1569 νων
511 1514 824 1569 ἐπισκόπων
847 1513 1235 1585 ἐμποδισθεῖσα
1258 1515 1494 1578 σύνοδος,
1519 1515 1616 1586 τὴν
1643 1518 1962 1587 πρέπουσαν

376 1603 493 1663 τοῖς
523 1601 732 1669 καιροῖς
765 1597 921 1668 ἡμῶν
955 1599 1179 1668 εἰρήνην
1220 1598 1515 1671 βραϐεύσῃ.
1543 1619 1562 1651 ι

453 1684 608 1735 ΚΕΦ.
641 1679 714 1735 Δ’.
745 1712 815 1720 -
842 1680 1109 1744 Λαϐόντες
1136 1681 1422 1752 τοιγαροῦν
1451 1682 1501 1734 οἱ
1533 1683 1663 1752 περὶ
1695 1681 1786 1735 τὸν
1810 1681 1962 1751 άγιον

381 1766 678 1817 ἐπίσκοπον
723 1763 968 1832 Αἰμίλιον
1027 1764 1344 1817 Βενεϐενδοῦ
1396 1764 1492 1817 καὶ
1537 1765 1817 1835 Κυθήγιον
1867 1767 1964 1818 καὶ

381 1847 696 1900 Γαυδέντιον
740 1848 838 1900 σὺν
889 1846 1312 1916 Οὐαλεντινιανῷ
1359 1848 1453 1900 καὶ
1509 1847 1812 1918 Βονιφατίῳ
1849 1851 1965 1912 τοῖς

381 1930 772 2000 πρεσϐυτέροις
812 1930 878 1984 τὰ
911 1932 1213 2002 γράμματα
1242 1930 1335 1983 τοῦ
1389 1947 1449 1982 τε
1493 1931 1839 1984 Ἰννοκεντίου
1870 1933 1964 1985 καὶ

379 2014 489 2068 τῶν
531 2013 744 2066 Ἰταλῶν
775 2014 1109 2079 ἐπισκόπων,
1152 2013 1482 2083 Χρωματίου
1523 2013 1837 2085 Ἀκυληίας,
1868 2016 1964 2069 καί⁹

383 2099 507 2151 Βενε
517 2099 630 2166 ρίου
648 2097 1004 2160 Μεδιολάνων,
1024 2099 1118 2150 καὶ
1141 2097 1247 2150 τῶν
1271 2097 1493 2162 λοιπῶν,
1522 2098 1615 2152 καὶ
1632 2100 1966 2170 ὑπομνηστι-

381 2183 478 2235 κὺν
503 2183 600 2252 τῆς
628 2182 843 2234 συνόδου
867 2181 1044 2252 πάσης
1067 2181 1300 2245 Δύσεως,
1322 2181 1601 2251 δημοσίοις
1628 2183 1964 2253 συνθήμασιν

381 2267 660 2337 ἀπεστάλη
669 2284 765 2320 σαν
787 2269 865 2329 εἰς
884 2267 981 2337 τὴν
1003 2265 1571 2320 Κωνσταντινούπολιν
1591 2267 1689 2319 σὺν
1709 2270 1820 2330 τοῖς
1838 2269 1966 2338 περὶ

379 2352 656 2423 Κυριακὸν
700 2352 792 2403 καὶ
835 2351 1144 2421 Δημήτριον
1178 2351 1272 2402 καὶ⁸
1330 2350 1629 2404 Παλλάδιον
1663 2353 1759 2405 καὶ
1797 2352 1967 2404 Εύλύ-

381 2451 494 2491 σιον
528 2435 653 2497 τοὺς
689 2435 1040 2497 ἐπισκόπους.
1079 2430 1206 2503 Εἶχε
1239 2433 1380 2486 δὲτὸ
1422 2435 1854 2505 ύπομνηστικὸν,
1891 2435 1965 2508 μὴ

383 2517 778 2572 Ξεῖνείσελθεῖν
819 2517 1068 2585 Ἰωάννην
1118 2518 1197 2579 εἰς
1229 2518 1430 2587 κρίσιν,
1463 2517 1558 2568 ἐὰν
1595 2516 1669 2587 μὴ
1704 2518 1965 2589 πρότερον

379 2603 802 2672 ἀποκατασταθῇ
835 2601 982 2672 αὐτῷ
1011 2603 1044 2671 ἦ
1080 2618 1138 2654 τε
1178 2600 1473 2671 Ἐκκλησία
1497 2605 1592 2653 καί¹
1619 2604 1652 2671 ἠ
1686 2603 1964 2665 κοινωνία,

385 2686 450 2740 ἵν’
474 2690 552 2750 εἰς
580 2688 744 2759 μηδὲν
772 2687 908 2755 ἔχων
946 2685 1355 2756 ὑπερτίθεσθαι,
1387 2684 1710 2752 αὐθαίρετος
1750 2686 1966 2761 εἰσέλθῃ

381 2772 461 2835 εἰς
488 2771 548 2823 τὸ
575 2770 868 2840 συνέδριον.
904 2767 1252 2830 Ἀπελθόντες
1273 2763 1365 2820 οὖν
1393 2770 1473 2830 εἰς
1503 2769 1602 2838 τὴν
1626 2771 1968 2822 Κωνσταντιο

380 2855 650 2913 νούπολιν,
685 2854 1029 2923 ὑπέστρεψαν
1055 2851 1194 2922 μετά
1220 2853 1491 2923 τέσσαρας
1523 2853 1718 2923 μῆνας,
1745 2854 1966 2924 διηγού-

387 2957 535 3009 μενοι
589 2938 900 2991 Βαϐυλώνια
941 2939 1256 3008 πράγματα,
1291 2939 1370 2990 ὅτι
1415 2937 1836 3008 Κατεσχέθημεν
1864 2957 1967 2992 πα-

386 3023 706 3092 ραπλέοντες
726 3022 824 3091 τὴν
853 3021 1077 3074 Ἐλλάδα
1105 3021 1366 3091 Ἀθήναζε
1399 3021 1501 3073 ὑπὸ
1521 3021 1802 3091 χιλιάρχου
1821 3023 1965 3086 τινὸς

383 3107 670 3176 δυστήνου,
703 3106 760 3167 ὃς
790 3105 1018 3174 ἐξαυτῆς
1049 3103 1367 3170 συνέζευξεν
1395 3107 1526 3175 ἡμῖν
1557 3105 1966 3177 ἑκατοντάρχην

382 3190 500 3251 ἕνα,
541 3191 616 3261 μὴ
648 3189 1006 3259 συγχωρήσας
1043 3190 1172 3257 ἡμῖν
1219 3187 1556 3256 παραϐαλεῖν
1593 3190 1658 3259 τῇ
1695 3188 1965 3242 Θεσσαλο-

383 3276 508 3345 νίκῃ
532 3290 544 3302 ’
575 3275 692 3326 ἐκεῖ
720 3274 829 3341 γὰρ
856 3271 1033 3324 αὑτῶν
1054 3267 1121 3342 ἦν
1156 3273 1184 3323 6
1206 3271 1407 3334 σκοπὸς
1431 3272 1648 3342 πρῶτον
1671 3273 1964 3328 ἀποδοῦναι

383 3362 452 3414 τά
484 3360 787 3432 γράμματα
829 3357 1056 3426 Ἀνυσίῳ
1095 3356 1171 3426 τῷ
1214 3356 1520 3424 ἐπισκόπῳ.
1564 3356 1846 3426 Ἐμϐαλὼν
1873 3354 1965 3410 οὖν

383 3448 551 3517 ἡμᾶς,
585 3445 769 3516 φησὶν,
813 3446 892 3506 εἰς
935 3442 1028 3496 δύο
1079 3442 1259 3502 πλοῖα,
1316 3440 1642 3510 ἐξέπεμψεν.
1689 3443 1965 3511 Ἐπιγένο-

388 3529 547 3598 μένου
568 3528 625 3580 δὲ
665 3527 836 3597 βιαίου
874 3526 1045 3586 νότου,
1078 3525 1253 3578 ἄσιτοι
1283 3524 1371 3577 διά
1396 3525 1563 3594 τριῶν
1598 3525 1820 3594 ἡμερῶν
1853 3527 1967 3580 δια-

386 3609 716 3673 πλεύσαντες
737 3609 797 3661 τὸ
814 3608 951 3661 κατά
972 3607 1061 3662 τὸν
1081 3607 1300 3675 Αίγῶνα
1323 3607 1558 3674 πέλαγος
1580 3607 1756 3660 καὶτὰ
1780 3609 1962 3670 στενὰ,

382 3693 691 3763 δωδεκάτην
738 3691 884 3764 ῶραν
923 3695 988 3761 τῇ
1036 3693 1192 3762 τρίτῃ
1227 3691 1552 3761 ὡρμίσαμεν
1595 3689 1701 3760 πρὸ
1740 3692 1835 3760 τῆς
1869 3693 1965 3745 πό-

388 3776 521 3840 λεως
553 3776 777 3847 πλησίον
804 3775 911 3828 τῶν
942 3775 1200 3842 Βίκτορος
1238 3773 1576 3842 προαστείων
1598 3790 1610 3801 ο
1643 3775 1700 3825 ἐν
1727 3767 1770 3840 ᾧ
1796 3791 1965 3828 κατα-

390 3861 669 3930 σχεθέντες
705 3859 854 3930 τόπῳ
879 3859 982 3910 ὑπὸ
1017 3857 1125 3910 τῶν
1169 3858 1296 3920 τοὺς
1330 3856 1556 3926 λιμένας
1592 3858 1963 3928 πραττόντων,

389 3944 702 4013 ἀπήλθομεν
731 3945 810 4006 εἰς
849 3941 915 3994 τά
948 3941 1152 3994 ὀπίσω·
1193 3941 1339 4004 τίνος
1391 3940 1448 3994 δέ
1483 3939 1839 4006 κελεύσαντος
1867 3945 1966 3997 οὑκ

389 4027 632 4096 ἔγνωμεν
649 4045 660 4057 ·
680 4029 772 4079 καὶ
791 4025 1235 4094 συγκλεισθέντες
1255 4027 1332 4086 εἰς
1354 4023 1609 4094 φρούριον
1625 4026 1723 4095 τῆς
1744 4027 1966 4098 Θρᾴκης

390 4112 853 4181 παραθαλάσσιον,
915 4107 1148 4178 Ἀθύραν
1210 4106 1580 4177 καλούμενον,
1644 4109 1852 4163 ἐκεῖθέν
1906 4130 1965 4164 τε

392 4193 838 4264 πτρεϐὶωθέντες,
868 4193 914 4245 οἱ
949 4191 1045 4261 μὲν
1084 4191 1344 4260 Ῥωμαῖοι
1374 4191 1431 4242 ἐν
1465 4191 1692 4262 οἰκίσκῳ
1732 4194 1834 4256 ἐνὶ,
1871 4197 1966 4247 καί

390 4278 448 4327 ἐν
475 4277 750 4348 διαφόροις
780 4279 828 4328 οἱ
858 4275 991 4345 περί
1010 4274 1305 4344 κυριακὸν,
1335 4273 1409 4336 ὡς
1447 4273 1581 4344 μηδέ
1621 4275 1783 4328 παῖδα
1821 4276 1965 4346 ἔχειν

390 4362 470 4423 εἰς
503 4360 830 4432 ὑπηρεσίαν·
869 4360 963 4412 καὶ
1004 4357 1395 4428 ἀπαιτούμενοι
1439 4358 1508 4410 τά
1547 4357 1873 4427 γράμματα,
1903 4362 1962 4414 ού

388 4443 717 4514 δεδώκαμεν,
749 4444 1012 4506 εἰπόντες,
1036 4443 1118 4495 ὄτι
1149 4441 1272 4504 Πῶς
1303 4435 1414 4493 οἷόν
1457 4443 1517 4493 τέ
1551 4441 1666 4494 ἐστι
1698 4444 1966 4512 πρεσϐευ-

389 4528 486 4591 τάς
527 4530 672 4598 ἡμᾶς
724 4528 880 4589 δντας
914 4527 987 4597 μὴ
1032 4525 1180 4595 αύτῷ
1212 4524 1290 4594 τῷ
1336 4524 1548 4594 βασιλεῖ
1589 4526 1866 4580 ἐπιδοῦναι
1900 4530 1967 4582 τά

387 4612 482 4665 τοῦ
527 4611 785 4680 βασιλέως
819 4610 1121 4681 γράμματα
1174 4610 1268 4662 καὶ
1316 4607 1425 4659 τῶν
1478 4609 1832 4672 ἐπισκόπων;
1877 4612 1964 4675 Ὠς

387 4691 482 4748 οὖν
511 4695 775 4765 ἐμένομεν
819 4694 893 4765 μὴ
921 4692 1175 4756 διδόντες,
1210 4690 1427 4763 πρώτου
1480 4691 1728 4756 ἐλθόντος
1765 4694 1968 4765 Πατρι-

388 4779 507 4831 κίου
541 4778 788 4848 νοταρίου
819 4775 953 4846 πρὸς
986 4777 1153 4846 ἡμᾶς,
1201 4775 1394 4828 ἔπειτά
1432 4792 1592 4828 τινων
1625 4775 1847 4845 ἐτέρων,
1886 4796 1966 4830 τει

389 4861 634 4914 λευταῖον
664 4857 793 4930 ἦλθέ
828 4877 913 4922 τις
961 4857 1340 4930 ἀφηγούμενος
1370 4859 1488 4922 ἐνὸς
1519 4857 1772 4930 ἀριθμοῦ,
1803 4861 1968 4913 Ούαλο

388 4942 632 5013 λεριανδς
664 4944 908 5009 ὀνόματι,
953 4941 1345 5011 Καππαδόκης,
1383 4943 1478 4993 καὶ
1514 4941 1716 5004 κλάσας
1756 4941 1846 4994 τὸν
1873 4945 1968 4996 ἀν-

389 5026 601 5097 τίχειρα
650 5025 741 5078 τοῦ
795 5023 1092 5077 ἐπισκόπου
1115 5022 1395 5094 Μαριανοῦ
1423 5036 1470 5084 α,
1505 5023 1723 5092 ἀφεῖλεν
1762 5025 1966 5096 ἐσφρα-

389 5110 656 5180 γισμένην
680 5107 777 5178 τὴν
814 5107 1102 5177 ἐπιστολὴν
1130 5107 1223 5160 τοῦ
1261 5107 1522 5177 βασιλέως
1559 5107 1657 5158 σὺν
1697 5109 1816 5170 ταῖς
1856 5107 1966 5160 λοι-

390 5196 515 5256 παῖς
544 5191 866 5253 ἐπιστολαῖς.
905 5189 1326 5260 ἳΕπιγενομένης
1344 5187 1436 5244 οὖν
1456 5190 1606 5242 δευτέ
1615 5205 1714 5260 ρας
1729 5192 1760 5262 ἡ
1771 5191 1834 5259 μέ
1843 5209 1964 5261 ρας,

390 5277 720 5355 ἀπέστειλαν,
769 5275 904 5348 πρὸς
945 5275 1112 5345 ἡμᾶς,
1162 5272 1271 5327 εἴτε
1318 5276 1367 5327 οἰ
1410 5275 1510 5343 τῆς
1552 5273 1646 5326 τοῦ
1702 5273 1967 5342 βασιλέως

391 5358 582 5428 αὐλῆς,
612 5358 722 5411 είτε
760 5357 960 5428 οἱπερὶ
1004 5357 1267 5416 Ἀττικὸν,
1307 5356 1606 5426 ἀγνοοῦμεν
1644 5356 1830 5426 (αὐτὸς
1857 5358 1966 5429 γάρ

391 5443 608 5510 ἐλέγετο
637 5442 1104 5512 ἐπιπεπηδηκέναι
1135 5440 1216 5510 τῷ
1243 5440 1417 5512 θρόνῳ
1456 5443 1556 5511 τῆς
1592 5441 1964 5511 Ἐκκλησίας),

391 5526 716 5587 ἐπιδιδόντες
772 5527 904 5596 ἡμῖν
956 5525 1268 5595 νομίσματα
1324 5523 1632 5595 τρισχίλια,
1687 5523 1966 5591 ἀξιοῦντες

391 5608 708 5671 πεισθέντας
738 5610 887 5679 ἡμᾶς
913 5608 1237 5677 κοινωνῆσαι
1267 5606 1345 5676 τῷ
1386 5607 1637 5676 Ἀττικῷ,
1680 5623 1966 5678 παρασιω-

394 5696 672 5765 πήσαντυς
699 5693 796 5764 τὴν
856 5693 1101 5746 Ἰωάννου
1148 5691 1325 5760 δίκην.
1363 5689 1456 5754 Οἷς
1505 5692 1580 5762 μὴ
1627 5691 1962 5754 πεισθέντες,

394 5776 658 5847 ἐμένομεν
701 5777 1143 5848 προσευχόμενοι,
1187 5775 1323 5845 πρὸς
1371 5775 1431 5827 τὸ
1481 5774 1645 5845 μηδὲν
1693 5775 1966 5845 εἰρηνικὸν

395 5861 608 5924 ὒνύειν,
661 5853 956 5925 ἀκ.νδύνως
1015 5858 1339 5915 καταλαϐεῖν
1387 5859 1543 5930 ἡμῶν
1588 5859 1685 5921 τὰς
1747 5858 1965 5911 Ἐκκλη-

458 5981 485 6010 ⁸
508 5977 687 6045 Georg.
714 5980 950 6040 Μαρίνονδ

2067 519 2216 582 σίας,
2271 520 2369 590 τὴν
2419 518 2674 591 τοιαύτην
2724 520 2955 590 ὁρῶντες
3014 519 3420 590 ἀνημερότητα.
3470 517 3642 571 Τοῦτο

2068 603 2280 656 καὶτοῦ
2308 603 2557 674 Σωτῆρος
2594 603 2730 656 Θεοῦ
2770 604 3047 674 διαφόροις
3093 601 3501 671 ἀποκαλύψεων
3542 601 3642 653 αύ-

2065 689 2189 750 τοὺς
2221 689 2574 756 φωτίσαντος,
2606 689 2681 750 ὼς
2714 687 2808 741 καὶ
2836 687 2914 758 τῷ
2939 687 3170 757 διακόνῳ
3192 685 3286 739 τοῦ
3318 685 3476 753 ἀγίου
3516 684 3646 754 Ἐμ-

2071 769 2252 840 μελίου
2288 770 2502 841 Παύλῳ,
2546 771 2697 841 ἀνδρὶ
2735 772 3032 842 πραῦτάτῳ
3055 771 3148 824 καὶ
3183 769 3439 841 σώφρονι,
3469 768 3644 838 ὀφθῆ-

2067 871 2155 906 ναι
2189 855 2245 906 ἐν
2277 854 2353 924 τῷ
2381 855 2550 924 πλοίῳ
2579 854 2670 906 τὸν
2704 855 2978 926 μακάριον
3003 854 3212 909 Παῦλον
3231 853 3321 906 τὸν
3346 852 3643 906 ἀπόστολον

2067 935 2290 1002 λέγοντα
2328 935 2508 1007 αὐτῷ’
2547 937 2806 990 Βλέπετε
2841 937 2966 1002 πῶς
3012 936 3383 1004 περιπατεῖτε
3407 953 3421 968 ο
3444 934 3531 1005 μὴ
3563 933 3646 1003 ὡς

2067 1017 2306 1086 ἄσοφοι,
2331 1020 2560 1084 ἀλλ’ὡς
2581 1020 2782 1088 σοφοὶ,
2799 1020 3041 1086 εἰδότες,
3066 1021 3153 1073 ὅτι
3172 1023 3230 1073 αἰ
3248 1019 3649 1090 ήμέραιξπονη-

2059 1103 2163 1169 ραι
2191 1104 2350 1156 εἰσιν
2371 1121 2384 1134 ο
2416 1103 2782 1173 αἰνιττομένου
2814 1104 2906 1156 τοῦ
2933 1104 3143 1174 ὀνείρου
3176 1104 3274 1174 τὴν
3308 1103 3646 1175 πολύτροπον

2067 1184 2242 1238 αὐτῶν
2277 1185 2513 1256 ἀπάτην.
2566 1187 2666 1256 τήν
2713 1203 2772 1238 τε
2816 1185 2903 1239 διὰ
2947 1185 3133 1257 δώρων
3186 1188 3281 1239 καὶ
3331 1186 3643 1250 κολακείας,

2066 1269 2160 1320 ἐπὶ
2197 1267 2574 1340 παραχαράξει
2611 1270 2710 1339 τῆς
2743 1268 3018 1339 ἀληθείας.
3063 1269 3321 1333 Ἐπιστὰς
3358 1265 3451 1323 οὖν
3489 1271 3518 1323 6
3548 1270 3647 1323 αύ-

2065 1352 2178 1415 τὸς,
2213 1353 2396 1421 φησὶν,
2431 1350 2824 1422 Ούαλλεριανὸς
2853 1352 3187 1423 ὁιχιλίαρχος
3220 1352 3466 1406 ἐνέϐαλεν
3495 1355 3646 1424 ἡμᾶς

2067 1435 2148 1496 εἰς
2181 1435 2512 1504 σαθρότατον
2546 1436 2750 1500 πλοῖον,
2789 1435 2866 1498 ὡς
2907 1435 3238 1505 ἐθρυλλεῖτο,
3265 1435 3389 1500 δοὺς
3428 1435 3527 1505 τὴν
3565 1454 3650 1489 τι-

2071 1517 2175 1587 μὴν
2211 1516 2290 1587 τῷ
2326 1519 2614 1590 ναυκλήρῳ
2651 1521 2964 1574 ἐπισκόπων
2986 1521 3084 1590 τῆς
3113 1519 3386 1583 ἀπωλείας
3419 1518 3529 1573 τῶν
3555 1521 3650 1590 ἐμ-

2068 1601 2358 1665 πλεόντων,
2395 1602 2511 1673 ἀμα
2555 1602 2728 1656 εἴκοσι
2775 1603 3135 1672 στρατιώταις
3180 1604 3246 1655 ἐκ
3284 1601 3490 1667 τάξεων
3536 1602 3647 1655 δια-

2069 1686 2269 1756 φόρων,
2293 1688 2630 1759 παραχρῆμα
2643 1686 2870 1752 ἐξέωσεν
2885 1687 2994 1740 τῶν
3009 1687 3268 1757 Ἀθύρων.
3287 1686 3650 1740 Διαπλεύσαν-

2066 1786 2158 1833 τες
2189 1767 2281 1822 οῦν
2303 1772 2520 1834 ἱκανοὺς
2554 1773 2821 1836 σταδίους,
2849 1772 2941 1824 καὶ
2970 1771 3254 1841 μέλλοντες
3293 1770 3646 1833 ἀπόλλυσθαι,

2071 1855 2536 1925 προσωρμίσαμεν
2591 1858 2658 1927 τῇ
2727 1855 3049 1926 Λαμψάκῳο
3091 1853 3345 1908 κάκεῖθεν
3389 1855 3650 1924 ἀμείψαν-

2068 1953 2158 1998 τες
2188 1936 2284 2007 τὴν
2310 1937 2529 2001 ὁλκάδα,
2559 1938 2911 2008 κατήχθημεν
2932 1941 2996 2008 τῇ
3028 1939 3244 2008 εἰκοστῇ
3275 1939 3332 1990 ἐν
3371 1938 3650 2010 Ὑδροῦντι

2069 2021 2168 2089 τῆς
2194 2020 2531 2092 Καλαϐρίας.
2571 2022 2766 2074 Ούκέτι
2794 2022 2852 2096 δέ
2883 2022 3012 2091 ἡμῖν
3038 2015 3195 2091 εὗρον
3224 2022 3400 2074 εἰπεῖν
3423 2023 3481 2074 ἐν
3507 2023 3646 2076 τίσιν

2069 2105 2098 2155 6
2127 2104 2393 2174 μακάριος
2415 2104 2712 2167 ἐπίσκοπος
2743 2104 3016 2174 Ἰωάννης,
3044 2104 3076 2175 ἢ
3104 2104 3206 2157 ποῦ
3233 2103 3328 2156 νῦν
3354 2106 3403 2156 οἱ
3429 2108 3650 2160 ἐπίσκο-

2071 2190 2231 2240 ποιοί
2260 2188 2388 2258 περὶ
2426 2190 2735 2260 Δημήτριον
2783 2190 2877 2240 καὶ
2931 2191 3211 2258 Κυριακὸν
3249 2190 3342 2242 καί
3387 2189 3651 2244 Εύλύσιον

2071 2272 2162 2323 καί
2210 2270 2505 2324 Παλλάδιον
2557 2274 2654 2325 σὺν
2695 2275 2808 2335 τοῖς
2844 2273 3139 2342 ἡμετέροις
3190 2274 3508 2337 ἐπισκόποις
3551 2275 3649 2344 τὴν

2071 2355 2363 2425 πρεσϐείαν
2394 2355 2753 2424 στειλάμενοι.
2787 2356 2844 2407 '0
2880 2355 3126 2408 ‘EIIIEK.
3158 2354 3329 2424 Δεῦρο
3354 2355 3416 2425 δὴ
3441 2355 3648 2416 λοιπὸν,

2076 2437 2352 2507 ἱερώτατε,
2382 2437 2750 2508 ὑπόσχουμοι
2801 2438 2892 2490 τὸν
2941 2437 3084 2501 νοῦν,
3136 2438 3413 2508 προσέχων
3463 2438 3651 2508 σαφῶς

2069 2523 2181 2583 τοῖς
2214 2520 2544 2590 λεγομένοις,
2593 2522 2687 2574 καὶ
2748 2520 2982 2591 καθεξῆς
3025 2538 3108 2573 σοι
3160 2522 3414 2590 γνωρίσω
3467 2523 3650 2592 πάσης

2069 2604 2375 2672 τραγῳδίας
2403 2606 2528 2667 τοὺς
2564 2607 2622 2657 ἐν
2651 2604 2800 2674 μέσῳ
2823 2605 3149 2674 σατυρικοὺς
3173 2604 3455 2674 θορύϐους,
3486 2606 3651 2659 πόθεν

2071 2705 2131 2740 τε
2145 2691 2243 2758 τῆς
2257 2688 2425 2758 μέθης
2442 2687 2696 2757 ἤρξαντο,
2717 2688 2811 2740 καὶ
2823 2687 2986 2757 μέχρι
3001 2687 3144 2750 τίνος
3156 2687 3339 2754 ἔδοξαν
3355 2689 3646 2752 παύεσθαι,

2071 2772 2283 2825 οὐδέπω
2315 2772 2371 2824 δέ
2405 2772 2730 2825 πέπαυνται.
2773 2771 2835 2823 ’Π
2874 2772 2974 2841 μὲν
3010 2773 3265 2824 ἁπάντων
3307 2771 3416 2825 τῶν
3442 2773 3646 2833 κακῶν,

2072 2855 2148 2917 ὼς
2177 2855 2243 2908 ἂν
2291 2854 2437 2906 εἴποι
2469 2872 2572 2917 τις,
2627 2854 2840 2924 πηγὴῆ
2901 2855 3043 2924 ἀρχή
3097 2857 3244 2908 ἐστιν
3281 2857 3309 2908 6
3360 2857 3650 2924 μισόκαλος

2072 2937 2298 3006 δαίμων,
2329 2938 2415 2990 ἀεὶ
2442 2939 2818 3008 ἀντιπράττων
2847 2937 2920 3000 ὡς
2953 2937 3116 3000 λύκος
3137 2941 3259 2999 ταῖς
3287 2939 3380 2992 τοῦ
3414 2941 3650 3009 Χριστοῦ

2072 3020 2313 3088 λογικαῖς
2351 3021 2592 3088 ἀγέλαις,
2644 3021 3036 3090 λυμαινόμενος
3091 3021 3188 3090 μὲν
3244 3021 3477 3090 ἀφειδῶς
3525 3025 3652 3088 τοὺς

2072 3104 2370 3174 ἐμπείρους
2417 3105 2525 3157 τῶν
2562 3103 2910 3172 ἀγελοκόμων
2955 3103 2982 3142 ι)
3026 3104 3220 3156 πάθεσι
3258 3105 3646 3176 πολυτρόποις,

2073 3186 2322 3257 καθάπερ
2346 3188 2374 3239 ὁ
2405 3185 2656 3255 βασιλεὺς
2681 3186 2788 3240 τῶν
2808 3187 3118 3254 Αἰγυπτίων
3143 3187 3515 3259 τοὺςᾶρρενας
3540 3189 3649 3241 τῶν

2087 3269 2371 3333 Ἰουδαίων,
2407 3271 2670 3324 λιπαίνων
2702 3270 2758 3322 δὲ
2796 3273 2916 3333 ταῖς
2970 3271 3210 3333 ἀπάταις
3263 3272 3372 3324 τῶν
3421 3273 3513 3326 ἐπὶ
3549 3275 3648 3344 τῆς

2070 3355 2175 3424 γῆς
2218 3354 2420 3425 ἡδονῶν
2468 3353 2596 3416 τοῦς
2643 3354 2882 3422 φένακας
2927 3353 3034 3406 τῶν
3078 3353 3536 3426 ψευδοποιμένων.
3587 3359 3649 3410 UE

2072 3437 2128 3491 δέ
2163 3437 2297 3506 μετά
2323 3437 2494 3490 ταῦτα
2533 3436 2632 3506 τῆς
2669 3437 2911 3507 πονηρᾶς
2939 3436 3122 3506 πηγῆς
3155 3437 3352 3507 ὀχετοὶ,
3394 3439 3469 3502 ὡς
3503 3441 3650 3502 ἄπας

2071 3524 2099 3575 6
2143 3522 2423 3594 περίγειος
2479 3521 2765 3572 ἐπίσταται
2819 3518 2994 3588 χῶρος
3069 3521 3205 3572 εἰσὶν
3249 3520 3502 3584 Ἀκάκιος
3555 3525 3651 3577 καὶ

2085 3606 2351 3674 Ἀντίοχος
2377 3605 2470 3658 καὶ
2498 3603 2756 3671 Θεόφιλος
2783 3603 2878 3656 καὶ
2906 3603 3252 3673 Σευηριανὸς,
3291 3605 3340 3656 οἰ
3368 3604 3650 3674 λεγόμενοι

2075 3691 2172 3759 μὲν
2199 3690 2227 3742 ὃ
2266 3694 2341 3758 μὴ
2368 3689 2527 3750 εἰσὶν,
2556 3688 2708 3750 δντες
2739 3686 2796 3738 δέ
2837 3685 2865 3738 ὃ
2910 3684 3166 3753 λέγεσθαι
3193 3687 3294 3739 οὑκ
3332 3688 3612 3758 ἀνέχονται
3635 3707 3647 3719 ⁸

2070 3773 2166 3827 τοῦ
2191 3772 2247 3826 δέ
2274 3773 2552 3842 τάγματος
2584 3769 2693 3822 τῶν
2714 3768 2989 3838 κληρικῶν
3014 3769 3373 3840 πρεσϐύτεροι
3399 3770 3510 3834 δύο,
3537 3771 3645 3826 διά-

2072 3874 2215 3911 κονοι
2243 3855 2299 3908 δέ
2333 3855 2515 3914 πέντε,
2553 3854 2601 3905 οἰ
2635 3853 2732 3920 μέν
2776 3850 2836 3915 ἐξ
2879 3850 3215 3921 ἀκαθάρτου,
3257 3853 3307 3904 οἰ
3349 3853 3406 3906 δέ
3446 3856 3511 3908 ἐκ
3547 3873 3650 3908 κα-

2073 3940 2306 3995 κωτικοῦ
2339 3937 2572 4012 ἀριθμοῦ
2617 3936 2972 4006 συναγόμενοι
2993 3953 3005 3964 ·
3042 3936 3142 3987 οὐκ
3171 3936 3290 3990 οῖδα
3329 3936 3385 3990 δὲ
3420 3939 3468 3990 εἰ
3495 3939 3650 3992 ἀκίν-

2071 4027 2222 4096 δυνον
2243 4026 2369 4085 τοὺς
2383 4023 2656 4084 τοιούτους
2677 4020 2853 4084 λέγειν
2875 4018 3327 4092 πρεσϐυτέρουςῆ
3349 4021 3648 4088 διακόνους·

2201 4111 2257 4163 δὲ
2281 4108 2374 4160 τοῦ
2410 4106 2673 4176 βασιλέως
2705 4104 2875 4175 αύλῆς
2904 4103 2997 4156 δύο
3028 4104 3060 4174 ἢ
3095 4107 3244 4172 τρεῖς
3264 4107 3437 4174 μόνοι,
3469 4107 3518 4160 οἳ
3557 4111 3654 4162 καὶ

2073 4195 2379 4264 ἐνεύρωσαν
2410 4192 2536 4253 τοὶς
2557 4189 2685 4260 περὶ
2708 4187 2985 4256 Θεόφιλον,
3019 4191 3382 4260 στρατιωτικῇ
3431 4188 3653 4262 βοηθείᾳ

2074 4272 2635 4344 συνεπαγωνιζὸμενοι
2655 4288 2668 4302 ο
2701 4270 2974 4339 γυναικῶν
3007 4270 3064 4322 δὲ
3097 4270 3233 4340 πρὸς
3259 4274 3378 4335 ταῖς
3419 4273 3652 4343 φημιζο-

2075 4361 2263 4429 μέναις
2295 4361 2462 4428 τρεῖς,
2498 4356 2663 4427 χῆραι
2696 4355 2816 4424 μὲν,
2855 4351 3241 4423 ἀνδρόπλουτοι
3287 4355 3363 4415 δὲ,
3412 4356 3499 4408 ἐπ’
3535 4356 3652 4410 ὀλέ-

2073 4445 2186 4514 θρῳ
2219 4444 2316 4512 τῆς
2345 4440 2552 4494 ἑαυτῶν
2589 4436 2863 4508 σωτηρίας
2898 4436 2966 4488 τά
3005 4437 3062 4502 ἐξ
3099 4438 3354 4508 ἁρπαγῆς
3394 4441 3652 4509 χρήματα

2072 4527 2427 4597 κεκτημέναι,
2477 4520 2862 4593 ταραξάνδριαι
2904 4521 2996 4572 καὶ
3047 4519 3449 4587 ἀνασείστριαι·
3496 4524 3652 4593 Μάρ-

2020 4602 2022 4605 ’
2075 4626 2140 4661 σα
2179 4608 2458 4675 Προμότου
2505 4604 2661 4672 γυνὴ,
2713 4601 2808 4654 καὶ
2855 4601 3164 4671 Καστρικία
3214 4604 3246 4670 ἡ
3306 4602 3673 4673 Σατορνίνου,ἰ,

2073 4689 2165 4754 καὶ
2197 4684 2504 4754 Εύγραφία,
2533 4679 2856 4750 ἀμφιμανής
2895 4695 3012 4741 τις”
3034 4675 3104 4731 τὰ
3132 4679 3188 4731 δέ
3215 4677 3376 4730 λοιπά
3400 4675 3674 4750 αἰδοῦμαιξ

2074 4751 2165 4818 καὶ
2199 4751 2407 4832 λέγειν,
2424 4757 2594 4815 Αῦται
2619 4760 2710 4812 καὶ
2735 4755 2878 4812 οὗτοι
2902 4757 3291 4828 νωθροκάρδιοι
3316 4757 3471 4822 ὄντες
3499 4761 3557 4811 ἐν
3585 4753 3673 4832 τῇεῖ

2074 4825 2549 4911 πίστειξκαθάπερ
2590 4839 2800 4908 φάλαγξ
2842 4825 3170 4907 οἰνομανὴς,
3204 4839 3285 4901 εἰς
3336 4837 3466 4906 μίαν
3531 4825 3666 4891 συνζῐ

2072 4927 2328 4996 ἀχθέντες
2390 4919 2859 4992 μισοδιδασκαλίας
2916 4917 3161 4987 γνώμην,
3214 4918 3512 4989 χείμαρρον
3561 4923 3659 4973 ἀπ-

2072 5006 2266 5067 ωλείας
2300 5002 2440 5056 κατά
2465 5002 2562 5070 τῆς
2595 4997 3052 5066 ἐκκλησιαστικῆς
3068 4998 3290 5068 εἰρήνης
3309 4998 3653 5069 εἰργάσαντο.

2085 5089 2141 5139 Ὀ
2165 5085 2342 5138 ΔΙΑΚ.
2369 5081 2668 5150 Τοιγαροῦν
2691 5077 3095 5149 προθυμήθητι,
3114 5078 3318 5148 Πάτερ,
3335 5079 3426 5132 ἐπὶ
3451 5097 3659 5151 μαρτυ-

2077 5166 2296 5238 ροῦντος
2350 5161 2444 5215 τοῦ
2499 5160 2633 5212 Θεοῦ
2687 5161 2862 5212 εἰπεῖν
2914 5159 3073 5226 ἡμῖν,
3134 5157 3303 5210 πόθεν
3348 5175 3408 5211 τε
3452 5159 3658 5212 τούτων

2071 5235 2133 5299 τὸ
2162 5244 2298 5315 πρὸς
2323 5241 2483 5294 αὑτὸν
2516 5243 2690 5310 μῖσος,
2737 5238 2833 5291 καὶ
2864 5237 2948 5315 τίς
2980 5235 3286 5315 φιλονεικία
3317 5236 3410 5289 τοῦ
3442 5239 3660 5291 ἐπισκόο

2073 5343 2174 5379 που
2212 5313 2462 5375 Ἰωάννου
2489 5319 2729 5388 λυπῆσαι
2753 5313 3021 5377 τοσαύτας
3048 5313 3206 5377 ἀξίας
3225 5333 3236 5345 ·
3271 5315 3404 5385 όμοῦ
3437 5316 3493 5368 δέ
3520 5319 3662 5383 γνώ-

2076 5418 2222 5472 ρισον
2252 5403 2403 5470 ἡμῖν,
2442 5397 2603 5450 πόθεν
2627 5413 2686 5448 τε
2723 5394 2926 5465 ἡρξατο
2952 5392 3048 5445 τοῦ
3086 5392 3227 5462 βίου,
3253 5396 3350 5448 καὶ
3379 5395 3495 5458 πῶς
3517 5395 3658 5467 ἤχθη

2073 5487 2152 5547 εἰς
2174 5475 2800 5537 Κωνσταντινουπόλεως
2827 5473 3266 5542 ἐπισκοπὴν,καὶ
3300 5474 3463 5528 πόσον
3493 5477 3658 5546 ἐκρά-

2073 5578 2206 5629 τησε
2234 5560 2448 5632 χρόνον,
2488 5557 2584 5609 καὶ
2629 5556 2813 5606 ὁποῖον
2848 5551 2909 5605 τὸ
2942 5550 3132 5632 τούτου
3166 5547 3330 5621 ἦθος,
3370 5557 3463 5608 καὶ
3495 5559 3580 5621 τίς
3624 5561 3659 5630 ἡ

2071 5642 2167 5694 τοῦ
2203 5631 2320 5709 βίου
2353 5635 2672 5698 κατάλυσις,
2703 5633 2756 5685 εἴ
2776 5649 2837 5700 γε
2867 5631 3216 5702 κεκοίμηται,
3249 5633 3327 5709 ῶς
3365 5635 3656 5707 ἀκούομεν.

2075 5719 2139 5771 Εἰ
2169 5707 2262 5772 καὶ
2305 5713 2616 5785 ταμάλιστα
2647 5711 2734 5763 διὰ
2768 5711 2988 5762 πάντων
3016 5709 3200 5779 τρέχει
3239 5707 3520 5781 θαυμασία
3565 5717 3660 5768 καὶ

2075 5799 2328 5868 ἐνάρετος
2359 5795 2548 5865 μνήμη
2580 5804 2602 5832 ε
2631 5790 2730 5844 τοῦ
2750 5789 2962 5860 ἀνδρὸς,
2985 5788 3101 5842 ἀλλ’
3137 5789 3286 5860 ὅμως
3316 5790 3543 5864 σύνηθές
3570 5811 3659 5866 μοι

2134 5919 2165 5959 ὶ
2194 5918 2276 5966 Ms.
2295 5919 2426 5981 AReg.
2456 5915 2831 5980 ἀγελαιοκὸμων.

2144 5985 2166 6012 ⁸
2194 5979 2356 6031 Malim
2376 5976 2550 6042 l'egei'e
2582 5976 2849 6040 οήαηοιιω
2873 5976 3054 6040 Georg.
