4114 6392
512 337 536 388 1
549 336 579 388 7
1783 332 2089 393 PALLADT

2199 340 2505 400 IALOGUS
3732 355 3801 410 18

506 458 568 514 τὸ
588 454 663 530 μῆ
692 457 998 528 προχείρως
1025 455 1300 512 πιστεύειν
1321 460 1438 521 ταῖς
1461 459 1691 531 φήμαις,
1707 476 1836 530 πριν
1859 461 1924 514 ἂν
1949 463 2098 534 παρά

506 540 615 596 τῶν
649 540 825 612 ὀρθῶς
878 541 1065 610 ψέγειν
1099 543 1194 594 καὶ
1244 543 1490 594 ἐπαινεῖν
1540 543 1759 596 εἰδότων
1810 545 1968 614 μάθω
2003 545 2094 616 βε-

507 624 699 687 ϐαίως.
725 624 782 677 Ὀ
809 625 1056 680 ἘΠίΣΚ.
1087 624 1450 696 Ἐπαινοῦμέν
1481 637 1507 665 α
1541 642 1632 678 σου
1657 625 1752 694 τὴν
1788 628 2097 699 ἀκρίϐειαν,

504 710 606 762 οὐκ
627 708 960 779 ἀποδέχομαι
984 709 1040 760 δέ
1064 709 1161 775 τὴν
1187 707 1481 780 διάκρισιν,
1511 707 1937 779 φιλαληθέστατε
1966 712 2097 784 ἄνερ

506 793 602 846 καὶ
628 791 762 845 Θεοῦ
795 792 1047 864 ἄνθρωπε
1078 791 1322 862 Θεόδωρε
1339 808 1352 820 ·
1381 791 1488 844 ἔδει
1509 793 1618 862 γάρ
1641 809 1700 844 σε
1722 792 1782 857 ἐξ
1803 795 1974 865 αὐτῆς
1999 798 2098 869 τῆς

506 877 698 940 πολιᾶς
731 875 910 947 ἡμῶν,
947 876 1033 929 ἵνα
1064 875 1566 946 περιαυτολογήσω,
1605 877 1699 929 καὶ
1725 879 1789 930 ἐκ
1813 880 1907 932 τοῦ
1937 880 2099 946 ἀξιώ-

509 977 679 1031 ματος
717 959 1053 1030 ἀρκεσθῆναι
1085 959 1222 1029 πρὸς
1256 959 1518 1030 ἀληθείας
1542 960 1849 1024 ἀπόδειξιν·
1905 966 2096 1037 ἐπειδὴ

501 1044 560 1098 δὲ
591 1043 748 1098 τοῦτο
778 1044 876 1113 μὲν
926 1044 994 1108 ,ού
1048 1043 1383 1114 πεποίηκας,
1426 1043 1508 1106 δὶς
1540 1043 1597 1096 δέ
1627 1061 1694 1114 με
1725 1047 2093 1118 κατακρίνεις,

504 1127 608 1182 κᾶν
641 1127 776 1199 μετὰ
801 1127 974 1181 ταῦτα
1006 1127 1414 1198 ἀπροφάσιστόν
1461 1145 1550 1198 μοι
1594 1128 1692 1198 τὴν
1730 1130 1900 1200 ἀκοὴν
1949 1148 2094 1202 παρ-

503 1213 796 1284 εγγύησαι,
845 1213 932 1266 ἵνα
970 1211 1044 1284 μὴ
1078 1215 1157 1276 είς
1185 1214 1444 1284 ἀνόνητον
1477 1215 1526 1266 οἱ
1558 1214 1667 1266 τῶν
1693 1214 1865 1283 λόγων
1895 1217 2093 1284 γένων-

500 1313 592 1350 ται
626 1296 852 1351 δίαυλοι.
891 1295 1229 1367 Ἐπίσταμαι
1282 1298 1391 1368 γὰρ
1423 1296 1493 1349 τὰ
1542 1298 1908 1369 γεγραμμένα
1941 1305 2092 1373 παρά

501 1379 580 1450 τῷ
609 1379 739 1450 θείῳ
781 1379 952 1451 νόμῳ,
985 1380 1078 1444 τὸ,
1124 1381 1361 1434 Ἂπολεῖ
1409 1382 1625 1449 Κύριος
1662 1383 1895 1448 πάντας
1949 1385 2093 1452 τοὺς

500 1463 846 1530 λαλοῦντας
896 1463 964 1517 τὸ
1011 1464 1280 1534 ψεῦδος·
1347 1466 1440 1518 καὶ
1474 1467 1628 1537 παρά
1680 1466 1758 1538 τῷ
1806 1469 2092 1541 ἀποστόλῳ

515 1547 739 1622 Ἰωάννῃ
769 1566 783 1580 ·
835 1549 898 1601 '0
932 1548 1141 1602 λαλῶν
1191 1549 1439 1618 ψεῦδος,
1496 1553 1607 1603 οὐκ
1641 1551 1814 1604 ἔστιν
1863 1552 1931 1606 ἐκ
1985 1555 2090 1609 τοῦ

503 1633 652 1689 Θεοῦ
680 1649 693 1662 ·
738 1633 835 1686 καὶ
873 1632 1035 1686 πάλιν
1069 1634 1222 1704 παρά
1247 1633 1326 1704 τῷ
1379 1633 1543 1686 Δαϐίδ
1571 1651 1581 1661 ·
1610 1634 1741 1687 Ὅτι
1791 1635 2088 1708 lim-:5;de

497 1715 696 1786 στόμα
743 1717 1101 1771 λαλούντων
1152 1716 1350 1772 ἄδικα.
1407 1717 1610 1770 Ἀδικεῖ
1661 1718 1769 1790 γάρ
1812 1719 2027 1792 ἀληθῶς
2062 1723 2091 1774 6

499 1801 835 1873 ψευδόμενος
885 1802 946 1855 ὃν
1005 1802 1216 1855 πείθει·
1254 1803 1522 1856 ἀδικεῖδέ
1569 1804 1661 1856 καὶ
1707 1807 1736 1857 6
1769 1806 2090 1875 πειθόμενος

497 1887 592 1942 τὸν
616 1886 974 1957 ψευδόμενον,
1012 1887 1214 1957 ῥαδίως
1244 1887 1538 1940 πιστεύων.
1558 1889 1676 1940 Ἐπ’
1723 1888 1846 1957 ἴσης
1873 1885 1965 1943 οῦν
1999 1890 2088 1956 ἐξ·

504 1971 870 2044 αμαρτόντων
902 1972 1204 2041 ἐκατέρων,
1237 1971 1361 2039 μηδ’
1377 1970 1636 2043 ὁπότερος
1663 1972 1821 2042 ἡμῶν
1843 1973 2090 2046 ἀδικήσοι

497 2055 589 2108 τὸν
617 2055 805 2113 πέλας.
850 2053 1046 2126 Ἀρετὴ
1091 2053 1202 2125 γάρ
1228 2053 1390 2125 αῦτη,
1427 2053 1520 2107 τοῦ
1555 2055 1654 2124 μὲν
1698 2055 1966 2124 λέγοντος,
2005 2059 2091 2112 λέ-

498 2127 616 2209 γειν
643 2137 873 2211 τάληθῆ-
899 2138 996 2192 τοῦ
1018 2139 1073 2192 δὲ
1101 2138 1410 2203 ἀκούοντος,
1431 2139 1748 2211 δοκιμάζειν
1787 2142 1856 2194 τά
1897 2142 2086 2196 ἄδικα·

498 2223 719 2276 Γίνεσθε
750 2221 880 2293 γὰρ,
910 2223 1074 2292 φησὶν
1102 2223 1136 2293 ἡ
1167 2222 1383 2294 Γραφὴ,
1415 2222 1627 2294 δόκιμοι
1648 2224 1994 2294 τραπεζῖται,
2030 2229 2090 2282 τὸ

498 2304 752 2377 κίϐδηλον
781 2305 890 2358 ἀπὸ
913 2303 1008 2358 τοῦ
1031 2305 1259 2377 δοκίμου
1291 2306 1577 2377 ῥίπτοντες
1596 2323 1610 2336 ·
1631 2307 1728 2377 οὐχ
1764 2308 1849 2361 ἵνα
1869 2312 2088 2379 κομπά-

499 2387 694 2453 σαντες
723 2389 814 2441 τὸν
838 2382 973 2460 ἦχον
998 2387 1301 2460 δεξώμεθα,
1327 2389 1444 2442 ἀλλ’
1477 2388 1564 2442 ἵνα
1594 2389 1991 2459 σταθμίσαντες
2013 2393 2090 2463 τῷ

497 2472 629 2544 θείῳ
645 2473 794 2544 φόϐῳ
814 2473 949 2543 μετὰ
964 2473 1126 2544 ὀρθοῦ
1153 2473 1457 2537 συνειδότος
1473 2473 1540 2527 τά
1554 2473 1859 2545 λαλούμενα
1887 2475 2084 2541 πάντα,

496 2556 534 2626 ἢ
566 2555 637 2608 τὰ
661 2556 1005 2627 γραφόμενα,
1037 2559 1103 2628 τῇ
1135 2557 1244 2609 τῶν
1279 2557 1626 2628 πραγμάτων
1679 2559 1956 2631 μαρτυρία
1997 2561 2085 2614 δε-

500 2639 742 2710 ξώμεθα.
779 2640 954 2693 Ὠτων
1008 2641 1103 2694 καὶ
1136 2639 1384 2713 γλώττης
1414 2641 1588 2711 μέγας
1613 2643 1642 2695 6
1695 2642 1938 2707 κίνδυνος
1958 2661 1970 2674 ·
2007 2645 2088 2699 διὸ

498 2726 594 2780 καί
619 2727 648 2778 6
681 2724 1038 2797 καλλιτέχνης
1081 2725 1215 2790 Θεὸς
1253 2729 1320 2796 τῇ
1352 2725 1380 2764 ι’
1427 2724 1529 2797 μὲν
1575 2726 1681 2780 ὑπὸ
1717 2726 1811 2780 δύο
1867 2727 2089 2799 χειλέων

495 2811 782 2882 τηρεῖσθαι
811 2811 1131 2882 πεποίηκεν,
1161 2810 1423 2882 ἐνδοτέρω
1446 2810 1507 2864 τὸ
1533 2810 1640 2864 τῶν
1661 2811 1890 2865 ὀδόντων
1909 2812 2088 2884 ἔρυμα

497 2893 698 2964 πήξας,
729 2894 817 2946 ἵνα
839 2894 1085 2963 ἀσφαλὲς
1121 2893 1182 2947 τὸ
1211 2893 1470 2966 φρούριον
1501 2895 1747 2966 ὑπάρχον
1779 2895 2089 2967 σωφρονίζῃ

495 2979 702 3050 ταύτης
745 2979 842 3050 τὴν
895 2979 1169 3044 εὐκολίαν,
1205 2978 1347 3033 κατά
1395 2979 1455 3031 τὸ
1482 2979 1870 3050 γεγραμμένον
1893 2996 1904 3007 ·
1937 2980 2083 3042 Θοῦ,

495 3065 696 3131 Κύριε,
727 3065 1018 3133 φυλακὴν
1064 3063 1146 3128 τῷ
1183 3062 1439 3131 στόματί
1466 3079 1608 3130 μου,
1647 3062 1746 3115 καὶ
1773 3065 1962 3130 θύραν
1989 3077 2085 3116 περ

495 3147 707 3216 οιοχῆς
733 3147 865 3215 περὶ
896 3149 968 3202 τὰ
991 3148 1169 3216 χείλη
1189 3164 1332 3215 μου,
1357 3144 1451 3198 τοῦ
1479 3145 1552 3217 μὴ
1573 3145 1908 3217 ἁμαρτάνειν
1935 3164 2001 3216 με
2028 3149 2086 3200 ἐν

496 3231 719 3305 γλώσσῃ
752 3249 855 3302 μου
873 3249 885 3262 ο
919 3231 1029 3284 τῶν
1058 3232 1114 3284 δέ
1141 3231 1238 3302 τὴν
1272 3231 1411 3302 ὀπὴν
1442 3231 1750 3294 ἐλικοειδῶς
1775 3231 2088 3303 ἐξετόρνευ-

497 3335 581 3382 σε,
622 3316 709 3370 διά
733 3315 825 3369 τοῦ
859 3317 1136 3387 σχήματος
1167 3315 1538 3386 αἰνιττόμενος
1572 3315 1648 3386 μὴ
1676 3315 1867 3369 θᾶττον
1910 3317 2089 3370 εἰσδύ-

497 3418 610 3454 νειν
635 3401 726 3454 τὸν
754 3399 931 3468 λόγον.
958 3403 1045 3453 ἵνα
1078 3402 1135 3453 ἐν
1171 3399 1375 3453 πλείονι
1399 3399 1576 3469 χρόνῳ
1598 3399 1956 3470 ἐλιττόμενος,
1987 3401 2087 3472 τὴν

499 3483 632 3556 ὕλην
662 3482 758 3536 τοῦ
806 3482 1038 3553 ψεύδους
1086 3483 1359 3554 μετὰτῶν
1396 3483 1497 3554 τῆς
1550 3482 1750 3545 κακίας
1800 3483 2088 3537 σκυϐἀλων

501 3566 954 3640 προσκαταλείψῃ
992 3569 1113 3630 ταῖς
1144 3566 1333 3638 ὄχθαις
1378 3565 1592 3628 λεπτῶς
1647 3565 2007 3636 διωθούμενος
2037 3577 2084 3620 ο.

499 3653 576 3707 Οὐ
613 3651 772 3722 μόνον
799 3651 857 3704 δέ
887 3650 1089 3704 τούτων
1120 3650 1404 3720 ἐφρόντισε
1435 3649 1546 3702 τῶν
1575 3648 1846 3720 ὀργάνων,
1885 3649 1962 3713 ὡς
1991 3651 2089 3719 μό-

498 3753 608 3790 νων
663 3734 1002 3788 πταιόντων·
1035 3733 1135 3804 ἤδη
1170 3734 1227 3787 δὲ
1276 3735 1371 3788 καὶ
1418 3735 1539 3797 ταῖς
1569 3733 1779 3804 κόραις,
1835 3732 2091 3802 καθάπερ

498 3819 704 3891 θυρίσι,
762 3818 1235 3888 καταπετάσματα
1283 3816 1545 3881 τέθεικεν,
1601 3817 1688 3870 ἵνα
1727 3816 1800 3888 μὴ
1848 3817 1939 3870 τὸν
1991 3819 2090 3888 τῆς

497 3903 792 3966 ἀκολασίας
821 3903 1164 3973 είσδέχωνται
1205 3900 1454 3962 θάνατον,
1487 3901 1545 3953 ὃν
1575 3902 1603 3954 6
1633 3903 1920 3973 προφήτης
1956 3919 2090 3973 μαρ.

496 3988 722 4059 τύρεται
751 3987 924 4056 λέγων
948 4004 962 4018 ·
1015 3985 1282 4050 Θάνατος
1323 3984 1504 4053 ἀνέϐη
1534 3985 1631 4039 διὰ
1663 3985 1783 4040 τῶν
1807 3987 2083 4054 θιμιρίδων.

507 4073 570 4126 Ὀ
611 4073 796 4126 ΔῘΑΚ.
847 4072 908 4125 EE
963 4071 1060 4143 μὲν
1095 4072 1152 4124 ἐν
1202 4072 1315 4134 τοῖς
1353 4069 1608 4140 τυχοῦσιν
1656 4066 1784 4142 ἦνὴ
1821 4070 2087 4135 ἐξέτασις,

500 4157 762 4228 ἱερώτατε
787 4154 990 4225 Πάτερ,
1022 4155 1184 4225 ἤρκει
1221 4171 1313 4206 σου
1350 4155 1383 4224 ἠ
1413 4152 1506 4206 τοῦ
1537 4154 1714 4217 εἴδους
1756 4156 2090 4218 κατάστασις

497 4238 772 4293 πιστῶσαι
800 4240 928 4301 τοὺς
964 4237 1158 4305 λόγους
1183 4254 1196 4267 ·
1238 4236 1429 4308 ἐπειδὴ
1474 4236 1530 4290 δέ
1583 4238 1644 4290 οὐ
1696 4237 1900 4309 μικρὰν
1935 4235 2090 4313 φέρει

495 4326 593 4380 νῦν
634 4327 730 4398 μὲν
769 4327 1136 4394 κατάγνωσιν,
1168 4323 1463 4395 μετέπειτα
1491 4323 1546 4378 δὲ
1579 4325 1926 4397 κατάκρισιν,
1960 4343 2090 4379 συν-

496 4412 772 4483 αχθέντων
802 4413 1078 4484 ἀρχόντων
1113 4429 1171 4466 τε
1203 4413 1297 4466 καὶ
1339 4413 1484 4466 λαῶν
1506 4413 1656 4483 παρά
1678 4412 1756 4483 τῷ
1785 4413 2091 4485 βήματιτῷ

497 4499 738 4572 φοϐερῷ,
775 4499 1036 4569 ἀληθείας
1090 4497 1259 4570 οὔσης
1308 4501 1406 4572 τῆς
1448 4499 1818 4572 ζητουμένης,
1864 4502 1952 4565 δός
2001 4520 2090 4573 μοι

497 4587 850 4658 συγγνώμην,
887 4588 1100 4656 ἄριστε,
1155 4586 1229 4658 μὴ
1277 4587 1375 4651 τάς
1414 4587 1520 4640 τῶν
1555 4589 1756 4660 τριχῶν
1791 4589 2090 4659 προϐαλλό-

500 4691 661 4746 μενος
695 4675 889 4738 πολιάς
921 4675 1208 4746 μάρτυρας
1226 4690 1238 4701 ·
1267 4675 1613 4746 γεγηράκασι
1637 4677 1745 4748 γάρ
1762 4678 1854 4730 καὶ
1874 4677 2088 4746 φαῦλοι,

495 4761 597 4816 οὐκ
616 4763 784 4834 ἀρετῇ
812 4761 912 4834 τὴν
943 4763 1123 4834 ψυχὴν
1154 4760 1520 4827 πολιώσαντες
1543 4806 1557 4827 ,
1602 4765 1738 4818 ἀλλά
1764 4765 1832 4818 τά
1862 4766 2090 4836 σώματα

495 4849 688 4922 χρόνου
725 4853 891 4921 μήκει
909 4849 1307 4922 ῥυτιδώσαντες
1327 4867 1340 4881 ⁸
1366 4847 1468 4904 οἶοι
1498 4847 1637 4923 ἦσαν
1667 4854 1715 4906 οί
1739 4853 1882 4907 κατὰ
1911 4854 2090 4907 Βαϐυ-

495 4939 640 4993 λῶνα
659 4939 1211 5012 ψευδοπρεσϐύτεροι,
1235 4941 1329 4995 καὶ
1355 4942 1413 4995 ἐν
1430 4940 1508 5011 τῷ
1544 4941 1786 5014 Ἱερεμίᾳ
1823 4943 2086 5014 Ἐφραὶμ,

495 5031 625 5102 περὶ
657 5023 718 5084 οῦ
749 5029 1313 5101 μεμφόμενοςόλόγος
1333 5029 1452 5100 βοᾷ·
1489 5031 1738 5100 Ἐφραίμ
1766 5035 2092 5100 περιστερὰ

494 5116 700 5184 ἄνους,
765 5119 879 5172 οὐκ
941 5118 1178 5187 ἔχουσα
1221 5118 1504 5186 καρδίαν·
1541 5119 1746 5174 πολιαὶ
1773 5119 1937 5186 αὐτῷ
1993 5119 2090 5184 ἐξ-

493 5206 797 5274 ήνθησαν,
845 5207 1031 5271 αὐτὸς
1065 5205 1135 5258 δὲ
1181 5207 1294 5260 οὐκ
1349 5206 1525 5276 ἔγνω.
1556 5207 1832 5261 Δισσεύων
1859 5207 1918 5261 δὲ
1942 5208 2089 5276 λέγει

491 5295 836 5365 πληκτικώτε
845 5311 938 5366 ρον
953 5311 967 5325 ·
987 5294 1259 5364 Ἐγένετο
1284 5295 1536 5364 Ἐφραῒμ
1557 5297 1812 5365 ὲγκρυςρί
1816 5313 1885 5363 ας
1896 5299 1968 5350 οὐ
1984 5315 2088 5365 με-

490 5386 995 5456 ταστρεφόμενος,
1023 5385 1121 5440 καὶ
1149 5386 1456 5454 ἀλλότριοι
1504 5385 1734 5456 ἔφαγον
1761 5386 1876 5454 τὴν
1904 5387 2090 5454 ἰσχὺν

489 5473 699 5528 αὑτοῦ.
737 5473 975 5526 Κάκεῖνο
1019 5472 1076 5525 δὲ
1127 5469 1459 5542 προσθήσω,
1509 5476 1560 5526 εί
1604 5473 1698 5527 καὶ
1739 5473 1967 5544 μηκυνῶ
1997 5475 2088 5527 τὸν

487 5561 646 5632 λόγον
666 5578 680 5592 ·
713 5561 800 5626 τίς
833 5561 1170 5633 πολιώτερος
1203 5559 1345 5630 ἢτίς
1375 5561 1784 5633 ἐπιεικέστερος
1814 5563 1873 5616 τὸ
1900 5562 2087 5630 φαίνε-

549 5724 578 5754 ι
605 5715 672 5764 Ex
698 5715 922 5778 apodosi.
961 5716 1048 5764 οὐκ
1073 5716 1374 5778 ἀποδέχομαι
1395 5716 1481 5773 δέ,
1511 5723 1646 5778 patet
1666 5717 1746 5765 hic
1771 5717 2088 5766 scribendum

481 5785 603 5840 0898
625 5778 804 5840 ἐπαινῶ
829 5779 928 5840 μέν.

544 5836 576 5877 δ
600 5838 732 5898 Τήντ

547 5900 671 5965 "An
699 5900 967 5965 legendum
991 5900 1297 5965 διηθούμενος
1312 5899 1338 5950 ‘?
1354 5903 1475 5961 Qua
1493 5901 1797 5965 eopjeclura,
1823 5915 1944 5952 sane
1987 5915 2087 5952 non

481 5961 774 6025 belogans,‘
789 5963 1043 6025 Iegﬂurin
1067 5961 1288 6026 mar'gine
1310 5964 1526 6024 exempl.
1551 5963 1714 6026 Bigot.

2209 467 2331 519 σθαι
2385 467 2639 521 Ἀκακίου
2669 468 2764 521 τοῦ
2793 467 3043 540 Βεροίας,
3075 467 3134 521 ὃν
3178 467 3274 522 νῦν
3304 468 3684 541 διαμέμφεσθε
3722 471 3802 537 ὥς

2205 551 2558 624 ταραξάρχην
2605 553 2701 607 καὶ
2753 554 2999 624 ἡγεμόνα
3050 552 3151 625 τῆς
3206 552 3318 606 τῶν
3375 571 3793 626 νεωτεροποιων

2207 633 2616 706 πλημμελείαςς
2660 630 2720 690 οῦ
2765 638 2860 690 καὶ
2892 637 3051 691 αὐτοὶ⁹
3073 640 3123 690 οί
3156 637 3436 708 μυκτῆρες
3467 637 3565 702 τὰς
3593 638 3798 705 λευκὰς

2207 720 2535 792 ἐπεσύροντο
2555 720 2767 793 τρίχας,
2791 722 2955 793 ἡνίκα
2980 723 3182 794 ἐπέστη
3205 726 3272 794 τῇ
3315 721 3527 794 Ῥώμῃ.
3562 724 3799 794 κομίσας

2205 806 2304 876 τῆς
2325 807 2658 876 χειροτονίας
2678 808 2739 860 τὸ
2766 806 3026 878 ψήφισμα
3051 807 3146 861 τοῦ
3179 808 3482 861 ἐπισκόπου
3524 809 3793 868 Ἰωάννου,

2219 891 2276 943 '0
2319 889 2562 944 ’EIIIZK.
2592 891 2706 944 Νῦν
2731 891 2904 959 ἔγνων
2945 891 3155 961 σαφῶς,
3177 893 3261 947 ὅτι
3298 891 3523 963 δόκιμος
3566 891 3617 946 εἱ
3665 910 3799 965 τρα-

2205 975 2451 1047 πεζίτης,
2497 977 2570 1048 μὴ
2616 975 2939 1046 πειθόμενος
2973 980 3040 1048 τῇ
3073 976 3373 1049 δερματίνῃ
3413 980 3622 1048 σκηνῇ,
3662 978 3798 1032 ἀλλά

2201 1059 2302 1128 τὴν
2346 1059 2439 1112 τοῦ
2487 1059 2824 1121 ἐνοικοῦντος
2853 1061 3130 1131 ἐπιζητῶν
3178 1063 3509 1132 ἐπιστήμην.
3542 1060 3653 1116 Καὶ
3683 1064 3794 1132 γάρ

2203 1143 2297 1216 καὶ
2337 1144 2385 1196 οἱ
2425 1144 2740 1211 Αἰγυπτίων
2782 1147 2901 1199 ναοὶ
2948 1145 3198 1216 μέγιστοι
3244 1146 3418 1209 ὄντες,
3472 1146 3566 1198 καὶ
3609 1145 3798 1200 κάλλει

2201 1210 2362 1280 λίθων
2393 1210 2787 1297 κομπάζοντες,
2817 1210 3084 1301 πιθήκους
3113 1229 3327 1298 έχουσιν
3361 1228 3508 1281 ἔνδον
3543 1229 3637 1282 καὶ
3661 1229 3798 1292 ἴϐεις

2202 1312 2296 1364 καὶ
2350 1312 2520 1376 κύνας
2557 1315 2678 1367 ἀντὶ
2726 1313 2892 1367 θεῶν·
2941 1316 2970 1368 6
3023 1314 3081 1367 δὲ
3121 1314 3392 1385 ἡμέτερος
3445 1313 3653 1384 Κύριος
3700 1317 3796 1369 καὶ

2200 1396 2365 1462 Θεὸς,
2421 1397 2778 1468 χρηματίζων
2810 1397 2888 1468 τῷ
2932 1398 3188 1469 Σαμουὴλ
3236 1398 3364 1469 περὶ
3403 1398 3796 1463 καταστάσεως

2201 1481 2467 1550 ἡγεμόνος
2494 1481 2588 1533 τοῦ
2634 1481 2870 1552 Ἰσραὴλ,
2902 1483 3194 1551 παρεγγυᾷ
3232 1482 3306 1554 μὴ
3335 1481 3552 1552 βλέπειν
3580 1485 3660 1546 είς
3682 1483 3795 1548 ἕξιν

2201 1565 2292 1617 καὶ
2313 1564 2512 1617 πλάσιν
2531 1565 2753 1637 πηλίνου
2789 1565 3060 1636 σώματος,
3085 1565 3278 1634 λέγων·
3315 1568 3439 1633 Οὐχ
3467 1567 3548 1631 ώς
3573 1566 3795 1634 ἅνθρω-

2199 1666 2315 1715 πος
2334 1650 2553 1713 βλέπει
2585 1652 2618 1702 ό
2648 1649 2793 1715 Θεός
2813 1667 2824 1678 ·
2862 1649 3176 1716 ἅνθρωπος
3202 1648 3321 1718 μὲν
3341 1649 3453 1718 γὰρ
3485 1652 3573 1716 είς
3605 1653 3795 1717 πρόσ-

2199 1749 2382 1797 ωπον,
2402 1734 2546 1798 Θεὸς
2571 1731 2640 1785 δὲ
2663 1735 2750 1798 είς
2774 1731 3044 1801 καρδίαν.
3077 1733 3166 1785 Διὸ
3183 1734 3231 1785 oi
3251 1734 3487 1804 μιμηταὶ
3508 1733 3604 1787 τοῦ
3634 1735 3792 1800 Θεοῦ,

2199 1817 2290 1870 ἐπὶ
2320 1817 2521 1880 παντὸς
2537 1817 2860 1888 πράγματος
2886 1817 2947 1869 τὸ
2976 1815 3270 1889 βαθύτερον
3286 1817 3603 1889 ἐρευνῶσιν.
3629 1819 3795 1873 Ὅθεν

2199 1900 2496 1971 προθύμως
2542 1900 2776 1970 ἐμαυτὸν
2829 1899 3136 1970 ἐπιδίδωμι,
3197 1900 3497 1970 ἐξαγιάσας
3555 1919 3648 1956 σου
3699 1904 3794 1958 τὸν

2199 1985 2361 2053 ζυγὸν
2408 1985 2674 2056 μηδαμῶς
2710 1983 3174 2055 ἐτεροκλινοῦντα.
3217 1987 3282 2038 Οἱ
3323 1985 3381 2040 δὲ
3420 1986 3792 2058 Βαϐυλώνιοι,

2198 2069 2451 2141 γέροντες
2482 2070 2579 2140 μὲν
2609 2068 2678 2122 τά
2713 2068 2961 2139 σώματα,
2997 2068 3096 2132 τὰς
3117 2068 3174 2120 δὲ
3196 2067 3378 2140 ψυχὰς
3409 2070 3503 2122 ὑπ’
3535 2071 3796 2142 ἀναισθη-

2201 2154 2324 2216 σίας
2370 2154 2566 2224 κομιδῇ
2622 2153 2828 2223 νήπιοι,
2873 2154 2923 2205 εί
2970 2153 3252 2206 ἐπίστευον
3303 2156 3371 2224 τῇ
3428 2155 3538 2207 τῶν
3582 2157 3792 2228 νεκρῶν

2197 2235 2522 2298 ἀναστάσει,
2575 2236 2839 2307 πρότερον
2886 2237 3013 2306 μὲν,
3053 2238 3377 2309 ἐρρωμένην
3427 2239 3644 2309 ἔχοντες
3690 2241 3791 2311 τὴν

2199 2320 2413 2388 σοφίαν,
2455 2321 2555 2374 οὐκ
2574 2319 2637 2395 ἀν
2677 2321 2825 2392 ἥρων
2856 2321 3145 2392 Σωσάννης
3173 2322 3434 2386 γυναικὸς
3466 2323 3785 2395 ἀλλοτρίας·

2197 2404 2391 2458 ἔπειτα
2415 2404 2492 2466 δὲ,
2529 2392 2690 2475 εἴπερ
2718 2400 2862 2475 εἶχον
2890 2404 2980 2458 τὸν
3023 2405 3118 2459 τοῦ
3153 2405 3291 2459 Θεοῦ
3326 2406 3512 2475 φόϐον,
3573 2392 3672 2462 οὐκ
3717 2409 3785 2463 ἀν

2200 2487 2528 2552 συνέπλεξαν
2577 2491 2645 2559 τῇ
2694 2488 2961 2560 ἀκολασία
3013 2489 3112 2560 τὴν
3166 2492 3554 2559 συκοφαντίαν.
3599 2493 3673 2546 Τὸ
3727 2493 3786 2546 δὲ

2198 2573 2389 2642 ἄτιμον
2418 2573 2445 2610 τι
2484 2576 2540 2623 ἐν
2583 2574 2730 2643 γήρᾳ
2760 2571 3034 2638 ἀπόδειξις
3067 2573 3166 2644 τῆς
3203 2575 3536 2646 νεωτερικῆς
3567 2574 3714 2646 ῶρας
3752 2581 3785 2649 ή

2199 2657 2489 2711 καπηλεία.

2267 2675 2532 2786 αιὲι.
2558 2759 2627 2771 --—
2657 2730 2908 2801 Ἰωάννης
2925 2725 3082 2796 οὗτος
3101 2732 3162 2786 τὸ
3181 2733 3278 2803 μὲν
3299 2734 3452 2802 γένος
3472 2730 3540 2805 ἦν
3573 2737 3773 2789 Ἀντιο-

2196 2825 2326 2898 pb;
2351 2821 2696 2893 (κεκοίμηται
2716 2823 2817 2895 δὲ),
2839 2824 2952 2888 υἱὸς
2969 2825 3207 2895 γεγονὼς
3225 2826 3334 2880 τῶν
3361 2826 3775 2898 διαπρεψὰντων

2196 2905 2436 2971 εὐγενῶς
2469 2920 2616 2974 παρα
2650 2911 2712 2975 τῇ
2738 2908 2886 2972 τάξει
2914 2907 3005 2959 τοῦ
3040 2908 3414 2979 στρατηλάτου
3437 2909 3536 2980 τῆς
3562 2910 3785 2980 Συρίας,

2195 2989 2408 3059 τεχθεὶς
2438 2990 2576 3061 πρὸς
2607 2989 2808 3060 ἀδελφῇ
2841 2989 2919 3060 τῷ
2953 2991 3141 3062 πατρί.
3174 2991 3509 3064 Δεξιωτέρας
3536 2992 3593 3046 δέ
3615 2994 3782 3065 ύπάρο

2196 3093 2306 3146 χων
2335 3073 2592 3147 γνώμης,
2637 3073 2920 3147 ἐξησκήθη
2968 3079 3083 3140 τοῖς
3116 3076 3296 3144 λόγοις
3339 3077 3477 3147 πρὸς
3513 3077 3782 3131 διακονίαι

2196 3159 2308 3213 τῶν
2361 3160 2522 3214 θείων
2578 3161 2796 3230 λογίων.
2846 3160 3089 3216 Ἐκεῖθεν
3145 3161 3613 3215 ὀκτωκαιδέκατον
3667 3161 3789 3226 ἔτος

2200 3244 2350 3311 ἄγων
2384 3244 2482 3314 τὴν
2504 3244 2597 3297 τοῦ
2628 3244 2880 3314 σώματος
2907 3245 3141 3316 ἡλικίαν,
3186 3245 3452 3316 ἀφηνίασε
3477 3247 3606 3308 τοὺς
3636 3263 3788 3314 σοφι-

2203 3327 2334 3391 στὰς
2373 3327 2484 3381 τῶν
2522 3327 2832 3400 λεξειδρίων
2852 3345 2864 3359 ·
2897 3328 3210 3396 ἀνδρυνθεὶς
3237 3328 3294 3380 δὲ
3325 3329 3425 3399 τὴν
3451 3329 3645 3400 φρένα,
3679 3331 3788 3401 ἦρα

2198 3412 2308 3464 τῶν
2337 3411 2498 3483 ἱερῶν
2525 3412 2882 3482 μαθημάτων.
2912 3407 3090 3483 *Ηρχε
3129 3411 3185 3464 δὲ
3223 3411 3284 3464 τὸ
3310 3414 3430 3465 κατ’
3471 3415 3647 3466 ἐκεῖνο
3671 3431 3788 3466 καιο

2199 3498 2295 3569 ροῦ
2343 3500 2444 3570 τῆς
2479 3500 2622 3554 κατὰ
2672 3500 3003 3570 Ἀντιόχειαν
3061 3499 3386 3568 Ἐκκλησίας
3431 3502 3460 3553 ό
3516 3501 3787 3572 μακάριος

2197 3589 2459 3652 Μελέτιος
2488 3591 2516 3642 6
2551 3587 2909 3658 όμολογητὴς,
2939 3588 2999 3641 τὸ
3028 3587 3182 3656 γένος
3231 3587 3512 3658 Ἀρμένιος
3532 3608 3546 3621 ·
3573 3590 3630 3652 ὂς
3655 3607 3787 3661 προ-

2201 3676 2344 3747 σχὼν
2368 3677 2543 3748 εὐφυῆ
2572 3676 2664 3730 τὸν
2695 3677 2981 3729 νεανίσκον
3021 3675 3324 3747 ἐπέτρεπεν
3366 3677 3517 3747 αὐτῷ
3547 3678 3785 3749 συνεχῶς

2199 3765 2550 3836 πλησιάζειν,
2596 3765 2852 3833 ἐρασθεὶς
2888 3765 2984 3818 τοῦ
3021 3765 3255 3830 κάλλους
3281 3766 3380 3836 τῆς
3409 3766 3601 3820 τούτου
3649 3783 3787 3838 καρ-

2196 3855 2334 3915 δίας,
2371 3853 2696 3926 προφητικῷ
2715 3853 2924 3926 ὄμματι
2968 3856 3217 3927 προορῶν
3249 3855 3343 3909 τοῦ
3373 3855 3657 3909 νεανίσκου
3687 3857 3786 3928 τὴν

2198 3943 2442 3998 ἔκϐασιν.
2481 3944 2571 4006 Ὠς
2595 3943 2652 3996 δὲ
2691 3945 3034 4016 παρήδρευσε
3068 3944 3523 4018 μυσταγωγηθεὶς
3552 3946 3658 4017 ,τὴν
3691 3945 3786 3999 τοῦ

2197 4031 2425 4104 λουτροῦ
2463 4031 2889 4101 παλιγγενεσίαν
2919 4034 3064 4105 ἀμφὶ
3092 4033 3162 4088 τὰ
3191 4035 3320 4106 τρία
3346 4034 3461 4105 ἔτη,
3484 4036 3786 4105 προάγεται

2197 4119 2574 4192 ἀναγνώστης.
2609 4121 2954 4190 Νυττόμενος
3000 4123 3057 4176 δὲ
3089 4123 3195 4176 ὑπὸ
3233 4123 3325 4176 τοῦ
3363 4123 3668 4187 συνειδότος
3711 4123 3786 4193 μὴ

2199 4209 2489 4280 ἀρκεῖσθαι
2522 4213 2635 4274 τοῖς
2682 4213 2739 4263 ἐν
2782 4215 2849 4283 τῇ
2895 4211 3048 4264 πόλει
3088 4213 3295 4277 πόνοις,
3334 4211 3653 4284 σφριγώσης
3684 4211 3784 4281 τῆς

2198 4297 2480 4367 νεότητος,
2515 4301 2564 4352 εί
2603 4299 2697 4353 καὶ
2731 4299 2869 4352 σῶον
2907 4295 2974 4371 ἦν
3004 4301 3065 4353 τὸ
3090 4301 3342 4372 φρονοῦν,
3374 4300 3784 4370 καταλαμϐάνει

2199 4387 2265 4440 τά
2293 4387 2519 4458 πλησίον
2541 4387 2641 4460 ὅρη
2662 4407 2674 4420 ·
2703 4390 2797 4442 καλ¹
2826 4388 3134 4461 περιτυχὼν
3154 4391 3371 4462 γέροντι
3388 4391 3564 4462 Σύρῳ,
3592 4391 3787 4461 ἐγκρά·

2197 4491 2349 4529 τειαν
2395 4475 2756 4547 τημελοῦντι,
2801 4477 3163 4548 ἀπομιμεῖται
3199 4481 3298 4549 τὴν
3338 4478 3782 4550 σκληραγωγίαν,

2198 4565 2455 4635 χρονίσας
2484 4567 2613 4635 παρ’
2643 4567 2792 4637 αὐτῷ
2827 4567 2906 4631 δὶς
2933 4567 3026 4620 δύο
3055 4568 3172 4637 ἔτη,
3207 4569 3627 4640 ἀπομαχόμενος
3667 4572 3787 4635 ταῖς

2198 4653 2296 4723 τῆς
2350 4653 2688 4724 ἡδυπαθείας
2725 4657 2996 4711 σπιλάσιν.
3043 4658 3132 4721 Ὠς
3176 4658 3234 4712 δὲ
3277 4660 3407 4729 ῥᾷον
3437 4659 3788 4731 περιεγένετο

2198 4739 2432 4807 τούτων,
2483 4742 2544 4796 οῦ
2587 4744 2734 4814 πόνῳ
2765 4744 3040 4810 τοσοῦτον,
3087 4747 3211 4800 ὅσον
3237 4747 3403 4818 λόγῳ,
3431 4749 3704 4820 ἀναχωρεῖ
3726 4750 3786 4802 ἐν

2200 4827 2449 4900 σπηλαίῳ
2481 4831 2660 4900 μόνος,
2688 4831 3009 4902 γλιχόμενος
3035 4833 3260 4904 ἀδηλίας
3281 4852 3293 4864 ·
3312 4837 3474 4889 κάκεῖ
3496 4836 3785 4908 διατρίψας

2197 4919 2316 4988 τρὶς
2343 4919 2487 4972 ὀκτὼ
2527 4919 2727 4990 μῆνας,
2771 4921 2977 4986 ἄϋπνος
3004 4923 3231 4977 διετέλει
3277 4925 3336 4979 τὸ
3385 4926 3656 4986 πλεῖστον,
3693 4927 3786 4979 ὲκ-

2202 5006 2491 5076 μανθάνων
2523 5007 2625 5072 τὰς
2650 5009 2742 5062 τοῦ
2768 5010 3008 5081 Χριστοῦ
3056 5011 3320 5084 διαθήκας
3356 5013 3491 5087 πρὸς
3522 5013 3785 5086 ἐξοστρα-

2199 5095 2398 5149 κισμὸν
2423 5095 2524 5164 τῆς
2554 5097 2797 5164 ἀγνοίας.
2829 5098 2922 5169 Μὴ
2956 5100 3248 5154 ἀναπεσὼν
3267 5101 3325 5154 δὲ
3353 5102 3443 5155 τὸν
3467 5102 3568 5172 τῆς
3583 5103 3785 5166 διετίας

2198 5184 2409 5255 χρόνον,
2441 5186 2516 5256 μὴ
2552 5185 2789 5256 νύκτωρ,
2841 5188 2915 5258 μὴ
2965 5187 3084 5258 μεθ’
3122 5189 3358 5260 ἡμέραν.
3395 5190 3683 5260 νεκροῦται
3717 5191 3784 5244 τά

2198 5271 2304 5325 ὑπὸ
2331 5273 2599 5345 γαστέρα,
2632 5275 2864 5348 πληγεὶς
2899 5275 3007 5329 ἀπὸ
3033 5276 3129 5331 τοῦ
3161 5277 3362 5349 κρύους
3385 5278 3484 5343 τὰς
3507 5280 3637 5350 περὶ
3657 5281 3784 5341 τοὺς

2199 5363 2426 5431 νεφροὺς
2439 5361 2838 5433 δυνάμεις.οῦκ
2857 5365 3114 5434 ἐπαρκῶν
3133 5365 3189 5420 δὲ
3215 5366 3392 5438 ἐαυτῷ
3407 5367 3782 5438 χρησιμεύειν,

2199 5448 2361 5503 πάλιν
2386 5449 2798 5520 καταλαμϐάνει
2838 5452 2927 5506 τὸν
2954 5453 3410 5525 ἐκκλησιαστικὸν
3435 5455 3653 5527 λιμένα.
3680 5456 3786 5512 Καὶ

2196 5539 2356 5592 τοῦτο
2377 5539 2478 5608 τῆς
2506 5540 2601 5593 τοῦ
2627 5543 2879 5613 Σωτῆρος
2908 5543 3188 5614 προνοίας,
3239 5544 3376 5616 πρὸς
3420 5545 3483 5599 τὸ
3519 5547 3788 5618 χρήσιμον

2195 5626 2299 5692 τῆς
2337 5627 2666 5698 Ἐκκλησίας
2692 5629 2782 5682 διὰ
2809 5631 2906 5702 τῆς
2924 5630 3209 5695 ἀσθενείας
3238 5633 3344 5686 τῶν
3368 5634 3469 5704 τῆς
3498 5635 3786 5707 ἀσκήσεως

2198 5711 2378 5767 πόνων
2407 5715 2570 5768 αὐτὸν
2601 5717 2976 5790 ἀπελασάσης,
3011 5720 3077 5773 ἵν’
3107 5721 3458 5792 ἐμποδισθεὶς
3489 5726 3553 5795 τῇ
3595 5723 3790 5778 ἀδυναο

2201 5801 2298 5874 μία
2323 5843 2338 5865 ,
2393 5805 2700 5874 ἀπόσχηται
2738 5806 2845 5858 τῶν
2883 5809 3181 5880 σπηλαίων.
3231 5810 3510 5866 Ἐντεῦθεν
3546 5830 3786 5884 χειροτοο

2264 5965 2290 6008 d
2318 5966 2452 6032 Lege
2475 5969 2571 6019 Τοῦ
2596 5973 2645 6021 δὲ
2670 5973 2859 6037 ἀτίμου,
2883 5987 2995 6038 qua
3017 5981 3094 6024 est
3120 5976 3264 6042 Bigol
3305 5979 3601 6042 conjectura.
