4114 6392
363 366 424 420 Ιιῗ
1389 362 1475 418 DE
1520 362 1675 416 VITA
1716 361 1777 415 S.
1819 357 2099 415 JOANNIS
2137 356 2640 414 CHRYSOSTO-Ml.
3594 360 3659 413 η

350 477 775 550 hominibus-qui
807 478 1109 548 vituperare
1135 486 1188 532 et
1227 474 1441 529 laudare
1473 485 1615 529 recte
1644 484 1941 539 noverunt,

350 586 464 625 rem
511 569 710 638 liquido
754 568 1117 639 cognoverim.
1168 568 1340 621 Ertsc.
1389 566 1569 619 Laudo
1616 565 1943 634 diligentiam

350 671 537 726 tuam,
593 660 988 715 distinctionem
1042 675 1171 715 vero
1227 676 1330 711 non
1386 658 1647 721 adntitto,
1706 658 1946 711 veritatis

347 752 714 806 amantissime
758 761 810 805 et
860 752 968 806 Deo
1014 767 1137 804 care
1186 752 1266 803 vir
1309 750 1611 803 Theodore.
1652 749 1779 801 Nam
1834 749 1944 816 ipsa

348 843 572 897 canities
596 852 650 896 et
679 841 910 910 dignitas
940 853 1142 899 nostra,
1178 850 1232 893 ιιι
1261 841 1328 893 de
1356 856 1441 893 me
1472 841 1586 908 ipso
1615 840 1819 907 loquar,
1854 839 1945 891 tibi

348 933 593 989 sufficere
611 933 894 995 debebant,
917 942 973 985 ttt
990 948 1112 986 vera
1143 948 1263 985 esse
1288 931 1540 985 crederes
1558 947 1675 999 qme
1693 931 1941 984 dicimus.

348 1024 609 1089 Quoniam
630 1038 757 1077 vero
776 1022 828 1076 id
846 1038 950 1076 non
979 1022 1170 1086 fecisti,
1191 1032 1243 1075 et
1261 1022 1342 1074 bis
1369 1038 1453 1074 me
1471 1021 1579 1089 jatn
1605 1020 1944 1089 adjudicium

342 1115 444 1171 .Dei
488 1129 685 1177 vocas;
722 1124 841 1185 post
883 1114 982 1167 hac
1029 1113 1218 1166 saltem
1251 1112 1451 1165 omisso
1493 1111 1637 1163 onmi
1685 1119 1943 1178 praetextu

349 1222 508 1262 aures
535 1208 663 1260 mihi
692 1207 1058 1266 accommoda,
1082 1220 1147 1259 ne
1178 1206 1229 1258 in
1249 1221 1441 1258 vanum
1474 1204 1723 1258 decurrat
1748 1204 1941 1271 oratio,

338 1299 473 1352 Scio
501 1300 643 1355 enim
673 1315 792 1369 qum.
837 1300 887 1351 itt
919 1300 1036 1367 lege
1082 1298 1257 1351 divina
1308 1303 1507 1366 scripta
1554 1308 1676 1350 sunt
1710 1313 1721 1349 :
1759 1295 1945 1349 Perdet

340 1390 492 1447 Deus
531 1409 702 1445 omnes
728 1392 812 1459 qui
852 1393 1121 1459 loquuntur
1165 1390 1479 1443 mendacium
1570 1388 1710 1441 Psal.
1743 1389 1795 1443 5.
1829 1389 1859 1442 7
1883 1393 1940 1458 );

350 1483 569 1551 ct-apud
596 1483 892 1551 apostolum
920 1482 1177 1535 Joannem
1204 1523 1219 1546 ,
1256 1481 1355 1547 Qui
1381 1480 1603 1544 loquitur
1629 1479 1943 1532 mendacium

337 1593 450 1629 .non
475 1587 546 1630 est
570 1592 633 1629 ex
663 1576 768 1628 Deo
797 1574 973 1643 (Joen.
993 1574 1047 1628 8.
1084 1573 1199 1646 id);
1228 1583 1280 1627 et
1298 1588 1483 1626 rursus
1507 1573 1643 1641 apud
1668 1572 1939 1634 Davidem,

344 1667 606 1730 .Quoniani
650 1667 955 1719 obstructum
999 1674 1069 1718 est
1099 1682 1153 1717 os
1184 1666 1492 1735 loquentium
1532 1664 1705 1735 iniqua
1751 1662 1939 1735 (Psat.

342 1758 440 1811 6'2.
476 1760 603 1826 1'2).
638 1759 841 1813 Revera
883 1757 1025 1812 enim
1070 1757 1246 1826 inique
1290 1758 1396 1825 agit
1425 1758 1513 1826 qui
1544 1756 1675 1809 fallit
1712 1772 1831 1809 eum
1858 1757 1941 1809 cui

353 1852 663 1918 persuadet;
695 1860 745 1903 et
775 1852 859 1919 qui
889 1850 1057 1904 credit
1087 1850 1381 1913 mentienti,
1417 1850 1575 1902 etiam
1610 1850 1786 1917 inique
1812 1852 1936 1916 agit,

350 1943 474 1993 dum
497 1942 647 1996 facile
662 1941 848 1995 credit.
868 1940 1000 1995 Cum
1027 1942 1184 2010 igitur
1199 1943 1477 2010 mqualiter
1497 1952 1715 2009 uterque
1735 1950 1937 2009 peccet,

352 2045 539 2089 neuter
569 2045 806 2089 nostrum
852 2035 1041 2104 injuria
1072 2033 1271 2087 afficiat
1313 2035 1632 2102 proximum.
1664 2034 1757 2086 Est
1799 2032 1940 2087 enim

342 2126 465 2181 haec
508 2128 678 2181 virtus
703 2169 716 2190 ,
749 2127 974 2181 dicentis
1020 2126 1235 2196 quidem
1272 2142 1393 2179 vera
1441 2125 1622 2195 loqui,
1655 2126 1770 2194 ejus
1814 2140 1942 2179 vero

350 2221 438 2287 qui
486 2220 669 2284 audit,
722 2220 896 2288 iniqua
945 2218 1255 2286 dijudicare.
1310 2218 1496 2271 Estole
1543 2217 1723 2281 enim,
1772 2216 1941 2286 inquit

340 2312 642 2381 Scriptura,
670 2312 817 2381 probi
839 2312 1126 2380 trapezitai,
1149 2311 1334 2364 falsum
1353 2326 1382 2365 a
1406 2310 1571 2379 probo
1601 2310 1900 2377 rejicientes
1924 2325 1936 2360 :

338 2418 454 2456 anon
504 2415 558 2457 ιιι
591 2403 779 2459 tinnitu
809 2404 1147 2473 explorantes
1174 2405 1403 2456 sonitum
1450 2404 1772 2470 accipiamus
1797 2442 1812 2467 ,
1845 2402 1938 2457 sed

340 2498 484 2549 utin
516 2496 609 2550 Dei
658 2498 847 2551 timore
890 2512 1011 2550 cum
1044 2506 1185 2550 recta
1214 2497 1540 2550 conscientia
1581 2497 1758 2550 omnia
1800 2496 1939 2549 dicta

349 2598 439 2642 aut
457 2589 649 2657 scripta
673 2588 1047 2657 ponderantes,
1068 2605 1247 2643 rerum
1267 2589 1547 2642 veritatem
1565 2589 1937 2657 suscipiamus.

342 2680 570 2732 Aurium
597 2688 647 2733 et
676 2680 865 2749 linguae
891 2695 1139 2749 magnum
1171 2680 1470 2749 periculum
1496 2690 1580 2735 est
1612 2698 1624 2732 :
1659 2681 1779 2736 ideo
1804 2682 1943 2750 opti-

346 2786 469 2824 mus
517 2788 693 2825 rerum
743 2772 933 2826 artifex
983 2773 1123 2827 Deus
1170 2772 1399 2842 linguam
1448 2788 1478 2825 a
1525 2771 1735 2826 duobus
1781 2773 1941 2827 labris

344 2861 573 2916 interius
600 2863 703 2916 tixo
728 2863 962 2917 dentium
990 2874 1143 2931 septo
1168 2861 1423 2917 custodiri
1448 2865 1651 2928 statuit,
1685 2874 1744 2919 ut
1772 2876 1940 2918 tutum

350 2954 478 3007 illud
513 2954 815 3021 prtesidittm
847 2954 964 3023 ejus
989 2954 1291 3009 facilitatem
1323 2965 1613 3018 coerceret,
1646 2956 1939 3010 secundum

346 3045 403 3100 id
430 3047 569 3116 quod
598 3048 852 3115 scriptum
883 3057 967 3102 est
999 3065 1011 3099 :
1044 3047 1189 3101 Pone
1212 3088 1227 3112 ,
1261 3047 1476 3101 Domine
1498 3089 1512 3112 ,
1558 3050 1840 3102 custodiant
1864 3050 1941 3102 ori

347 3154 459 3190 utea
483 3178 499 3204 ,
527 3149 571 3190 et
598 3139 781 3190 ostium
818 3139 1110 3191 munitionis
1135 3140 1269 3191 circa
1296 3138 1429 3191 labia
1457 3156 1567 3192 mea
1594 3141 1610 3208 (
1638 3139 1783 3193 Psal.
1819 3141 1937 3195 MO.

351 3231 427 3299 ει)
454 3273 469 3295 ,
526 3239 582 3284 ut
622 3248 726 3284 non
756 3231 1060 3300 delinquant
1096 3232 1147 3284 in
1190 3232 1363 3301 lingua
1399 3248 1534 3286 mea.
1565 3233 1784 3287 Aurinm
1813 3250 1940 3288 vero

350 3323 591 3374 foramen
626 3322 859 3374 llexuose
888 3323 1136 3387 tornavit,
1168 3321 1330 3391 figura
1360 3322 1471 3391 ipsa
1501 3323 1804 3392 signifiCans
1836 3339 1939 3377 non

344 3413 456 3465 cito
503 3411 888 3465 admittendum
941 3427 1062 3467 esse
1109 3428 1453 3481 sermonem,
1488 3424 1544 3468 ut
1588 3415 1714 3469 dum
1745 3415 1943 3470 diutius

352 3502 616 3565 volvitur,
666 3503 927 3557 mendacii
978 3506 1252 3557 materiam
1286 3521 1404 3558 cum
1451 3506 1666 3560 malitiae
1696 3508 1943 3561 sordibus

260 3606 265 3610 ‘
355 3595 539 3649 leviter
570 3596 863 3648 insinuatus
907 3596 973 3649 ad
1011 3598 1219 3648 aurium
1250 3596 1449 3650 aditum
1496 3598 1777 3668 relinquat.
1825 3599 1939 3654 Non

345 3686 522 3738 solum
567 3695 744 3739 autem
792 3686 978 3739 horum
1027 3688 1503 3740 instrumentorum
1546 3704 1727 3742 curam
1760 3689 1944 3743 habuit

354 3778 515 3841 Deus,
548 3778 695 3845 quasi
730 3777 842 3831 sola
874 3786 1174 3846 pceearent,
1207 3778 1301 3832 sed
1329 3788 1381 3832 et
1421 3780 1694 3832 Oculorum
1731 3781 1942 3849 pupillis

354 3868 515 3922 veluti
567 3869 812 3922 fenestris
860 3868 1123 3922 velamina
1170 3870 1453 3938 apposuit,
1488 3886 1554 3924 ne
1602 3870 1942 3939 impudicitim

353 3968 581 4012 mortem
610 3958 890 4012 admittant
914 4001 927 4019 ,
960 3975 1117 4027 quam
1160 3960 1416 4028 propheta
1461 3970 1682 4014 testatur
1711 3962 1893 4016 dicens
1927 3981 1937 4015 :

356 4048 502 4102 Mars
543 4050 765 4101 ascendit
790 4066 882 4113 per
910 4050 1152 4117 fenestras
1184 4049 1325 4121 (Jer.
1358 4052 1411 4106 9.
1442 4053 1504 4105 9.1
1607 4053 1755 4107 Duc.
1781 4056 1833 4109 Si
1878 4056 1944 4110 de

353 4139 555 4208 vulgari
604 4154 666 4193 ac
712 4140 841 4193 levis
889 4142 1141 4195 momenti
1188 4143 1398 4212 negotio
1447 4142 1719 4213 inquisitio
1761 4155 1937 4210 esset,

354 4230 717 4285 sacratissime
752 4228 942 4297 Pater,
988 4232 1255 4287 sufficeret
1296 4234 1578 4301 adspectus
1623 4236 1696 4288 tui
1738 4240 1944 4303 species

348 4322 421 4375 ad
456 4322 749 4377 faciendam
794 4324 972 4377 verbis
1019 4326 1120 4378 tuis
1164 4324 1321 4378 ﬁdem
1355 4339 1369 4377 :
1404 4326 1495 4380 sed
1526 4328 1776 4396 quoniam
1821 4346 1941 4384 cum

354 4415 421 4468 de
454 4414 671 4468 veritate
717 4416 1032 4485 inquiritur,
1068 4432 1170 4470 non
1218 4418 1493 4473 minimam
1544 4435 1686 4474 nunc
1728 4423 1943 4491 quidem

353 4506 823 4573 reprehensionem
854 4506 1027 4571 affert,
1057 4520 1239 4578 postea
1270 4526 1395 4563 vero
1420 4511 1942 4577 condemnationem,

353 4600 729 4654 assistentibus
743 4600 899 4655 simul
920 4601 1243 4671 principibus
1260 4612 1309 4657 et
1346 4604 1554 4672 pOpnIis
1571 4614 1692 4658 ante
1713 4615 1946 4660 tremen—

352 4692 480 4746 dum
511 4693 741 4749 tribunal
772 4710 786 4746 :
820 4694 1033 4763 ignosce
1076 4695 1203 4749 mihi
1229 4738 1242 4759 ,
1274 4698 1475 4767 optime
1500 4738 1514 4762 ,
1548 4713 1647 4752 nec
1675 4698 1803 4751 mihi
1850 4716 1944 4751 ca-

355 4802 454 4841 nos
478 4788 698 4856 capillos
724 4796 887 4841 testes
914 4786 1092 4857 profer
1124 4806 1137 4841 :
1172 4801 1466 4844 senuerunt
1490 4791 1632 4844 enim
1660 4792 1818 4845 etiam
1849 4792 1947 4843 im-

355 4877 507 4944 probi
547 4878 638 4947 qui
687 4893 795 4932 non
838 4879 1069 4933 animam
1099 4881 1380 4934 virtutibus
1423 4897 1611 4936 canam
1662 4883 1895 4937 fecerunt
1928 4926 1941 4948 ,

354 4968 448 5022 sed
476 4983 701 5037 corpora
744 4971 1003 5038 temporis
1030 4970 1379 5027 diuturnitate
1420 4974 1566 5042 rugis
1610 4985 1893 5028 exararunt
1928 4993 1939 5027 :

352 5062 541 5131 quales
587 5071 742 5115 erant
790 5062 841 5114 iu
885 5061 1156 5133 Babylone
1205 5062 1319 5116 falsi
1365 5078 1559 5127 senes,
1604 5074 1658 5117 ct
1701 5067 1752 5119 in
1791 5065 1944 5120 Jere-

355 5154 467 5211 mia
496 5152 746 5220 Ephraini
770 5194 785 5216 ,
814 5151 881 5205 de
907 5168 1015 5221 quo
1043 5154 1373 5221 exprobrans
1399 5155 1672 5224 Scriptura
1701 5157 1897 5210 clamat
1928 5174 1940 5208 :

354 5242 607 5313 Eplrraim
652 5244 882 5300 columba
921 5245 1185 5314 insipiens,
1219 5263 1317 5299 non
1358 5247 1542 5300 habens
1580 5264 1667 5301 cor
1690 5265 1709 5301 :
1740 5250 1946 5302 canities

352 5334 454 5397 ipsi
480 5334 695 5399 advenit,
731 5334 837 5402 ipse
873 5351 989 5387 vero
1027 5352 1127 5389 non
1170 5338 1398 5406 cognouit
1444 5338 1596 5408 (Osee
1636 5340 1686 5391 7.
1726 5341 1809 5393 Η.
1860 5340 1940 5409 9).

356 5423 552 5479 herum
580 5441 709 5481 vero
730 5426 973 5496 asperius
998 5427 1165 5481 dixit:
1198 5427 1384 5482 Factus
1407 5441 1479 5482 est
1512 5431 1759 5498 Ephraim
1798 5436 1945 5502 panis

355 5515 738 5581 subcinericius,
780 5519 867 5587 qui
896 5534 997 5572 non
1018 5522 1342 5587 convertitur,
1376 5531 1420 5573 et
1445 5523 1597 5575 alieni
1622 5528 1945 5578 comederunt

355 5607 506 5660 robur
534 5612 643 5679 ejus
662 5608 829 5679 (Ibid.
850 5626 903 5664 v.
928 5610 981 5665 8.
998 5610 1079 5673 9).
1111 5611 1240 5665 illud
1268 5628 1478 5682 quoque
1498 5613 1710 5680 addam,
1735 5617 1944 5670 etiamsi

355 5717 531 5754 sermo
564 5700 655 5756 fiat
692 5703 937 5773 longior:
977 5704 1096 5773 quis
1126 5706 1294 5774 magis
1332 5720 1517 5770 canus,
1562 5716 1654 5759 aut
1682 5709 1800 5776 quis
1830 5708 1944 5763 visu

357 5794 649 5850 modestior
672 5795 867 5850 Acacio
887 5794 1181 5864 Berecnsi,
1211 5812 1370 5867 quem
1396 5812 1487 5851 vos
1516 5813 1655 5851 nunc
1680 5802 1942 5856 accusatis

2057 480 2114 525 ut
2141 471 2416 526 seditionis
2446 482 2737 537 auctorem,
2761 481 2814 526 et
2838 471 3019 528 delicti
3046 488 3232 528 eorum
3249 472 3440 529 ducem
3462 472 3550 543 qui
3571 489 3656 527 res

2057 577 2220 616 novas
2249 563 2586 617 excitarunt?
2627 564 2779 633 cujus
2818 564 2899 619 vel
2940 581 3100 620 nares
3146 567 3274 636 ipsa:
3304 581 3466 620 canos
3499 564 3654 619 habe-

2054 652 2181 707 bant
2206 654 2340 722 pilos
2369 655 2729 724 longissimos,
2761 671 2882 709 cum
2919 656 3142 710 Romam
3168 657 3314 712 venit
3352 657 3528 711 ferens
3555 672 3647 708 or-

2054 744 2341 799 dinationis
2386 746 2609 801 Joannis
2650 747 2887 818 episcopi
2927 747 3221 803 decretum.
3278 749 3456 803 EPISC.
3500 748 3653 805 Nunc

2052 836 2197 890 clare
2229 839 2350 890 novi
2376 847 2425 891 te
2452 838 2675 906 probum
2704 854 2823 893 esse
2854 840 3180 908 trapezitam,
3215 840 3303 909 qui
3336 856 3441 893 non
3464 838 3653 893 eredas

2058 929 2283 997 pelliceo
2318 931 2684 996 tabernaculo,
2709 931 2803 984 sed
2832 932 3108 985 scientiam
3137 932 3254 1002 ejus
3274 933 3362 1001 qui
3393 931 3652 986 inhabitat

2055 1021 2311 1092 inquiras.
2365 1021 2577 1075 Etenim
2604 1032 2657 1075 et
2684 1021 3057 1092 Egyptiorum
3087 1023 3282 1092 templa
3322 1023 3650 1093 amplissima

2052 1128 2171 1166 cum
2204 1114 2328 1176 sint,
2360 1124 2415 1167 et
2446 1113 2680 1183 lapidum
2717 1115 2895 1183 specie
2924 1130 2983 1169 se
3010 1116 3233 1183 jactent,
3277 1116 3422 1169 intus
3468 1116 3652 1171 simias

2053 1203 2252 1258 habent
2284 1214 2339 1258 et
2379 1204 2493 1258 ibes
2529 1214 2584 1260 et
2616 1220 2777 1259 canes
2804 1222 2899 1274 pro
2930 1207 3051 1259 diis.
3095 1206 3362 1262 Caeterum
3396 1209 3651 1262 Dominus

2049 1304 2235 1348 noster
2293 1304 2349 1349 et
2398 1296 2538 1349 Deus
2590 1296 2814 1364 loquens
2878 1296 3112 1351 Samueli
3158 1298 3225 1351 de
3273 1298 3651 1353 constituendo

2052 1384 2186 1439 duce
2235 1385 2469 1453 lsraelis,
2517 1387 2762 1456 prmcipit
2815 1403 2882 1441 ne
2950 1389 3254 1443 consideret
3311 1390 3548 1444 habitum
3594 1399 3650 1445 et

2050 1473 2362 1544 figmentum
2406 1477 2531 1530 lutei
2580 1479 2848 1544 corporis,
2891 1478 3075 1533 dicens
3111 1496 3124 1532 :
3171 1477 3293 1533 Non
3330 1480 3459 1533 sicut
3498 1481 3649 1534 homo

2050 1567 2231 1619 videbit
2256 1567 2395 1621 Deus
2423 1586 2441 1622 .'
2469 1569 2618 1622 homo
2649 1571 2781 1622 enim
2807 1572 2859 1624 in
2894 1573 3097 1641 faciem,
3125 1571 3261 1625 Deus
3282 1582 3452 1626 autem
3482 1575 3534 1626 in
3561 1591 3649 1627 cor

2051 1657 2117 1727 (ll
2148 1657 2275 1730 Reg.
2324 1660 2412 1714 16.
2465 1662 2543 1729 7).
2588 1662 2764 1728 Quare
2815 1663 2905 1732 qui
2954 1664 3006 1717 in
3063 1664 3213 1719 omni
3267 1681 3325 1720 re
3375 1666 3652 1721 imitantur

2052 1751 2240 1815 Deum,
2273 1753 2529 1807 interiora
2562 1765 2990 1823 perscrutantnr.
3020 1756 3172 1812 Unde
3195 1775 3277 1811 me
3306 1758 3396 1812 tibi
3423 1759 3651 1814 libenter

2048 1846 2321 1914 permitto,
2363 1849 2451 1915 qui
2483 1848 2735 1901 trutinam
2769 1858 2911 1902 tuam
2946 1850 2996 1902 in
3043 1860 3287 1904 neutram
3329 1862 3534 1919 partem
3568 1852 3650 1904 itt-

2048 1938 2245 1991 clinare
2270 1939 2682 2006 exploraverim.
2732 1939 3009 2011 Babylonii
3040 1956 3189 2003 vero,
3237 1957 3395 1995 senes
3428 1942 3643 2010 quidem

2047 2042 2294 2096 cerpore,
2312 2030 2488 2082 animo
2513 2040 2691 2084 autem
2711 2031 2779 2084 ob
2794 2042 3062 2102 stuporem
3089 2033 3372 2087 admodum
3392 2032 3640 2098 infantes,

2048 2121 2091 2173 si
2112 2130 2441 2175 mortuorum
2467 2124 2846 2177 resurrectioni
2864 2124 3240 2192 credidissent,
3266 2126 3409 2194 prius
3425 2125 3643 2195 quidem

2048 2210 2359 2267 habuissent
2404 2229 2587 2267 sanam
2620 2215 2958 2283 sapientiam,
3003 2230 3103 2270 nec
3144 2215 3507 2284 deperiissent
3540 2216 3645 2270 Su-

2048 2320 2267 2359 sannam
2322 2307 2542 2361 alterius
2578 2323 2798 2361 uxorem
2834 2325 2847 2360 :
2883 2308 3111 2373 deinde,
3161 2310 3205 2362 si
3252 2309 3344 2363 Dei
3396 2310 3644 2363 timorem

2048 2399 2391 2461 habuissent,
2442 2398 2791 2469 impudicitia:
2846 2416 2959 2456 suae
2998 2416 3284 2471 numquam
3325 2402 3644 2455 calumniam

2046 2489 2433 2559 adjunxissent.
2466 2489 2701 2546 Infamia:
2732 2491 2783 2545 in
2814 2506 2942 2547 sene
2974 2492 3230 2547 indicium
3262 2501 3360 2557 est,
3394 2492 3647 2563 juvenilis

2048 2580 2230 2634 furtiue
2259 2583 2551 2650 corruptio.

2117 2673 2243 2727 CAP.
2266 2689 2314 2726 ν.
2332 2703 2402 2713 -
2416 2673 2651 2731 Joannes
2669 2674 2756 2729 ille
2772 2690 2970 2745 genere
2983 2675 3197 2744 quidem
3216 2686 3331 2731 erat
3348 2678 3645 2733 Antioche-

2046 2779 2148 2817 nus
2182 2765 2444 2835 (mortuus
2471 2766 2612 2820 enim
2641 2766 2768 2837 est),
2800 2776 2955 2821 natus
2980 2782 3011 2822 e
3034 2770 3361 2836 parentibus,
3381 2770 3469 2840 qui
3491 2771 3645 2826 nobi-

2047 2857 2168 2911 liter
2186 2858 2435 2912 vixerunt
2454 2858 2503 2911 in
2523 2858 2699 2911 ofﬁcio
2715 2859 2952 2928 magistri
2976 2860 3202 2914 militum
3224 2860 3413 2931 Syrian,
3433 2862 3569 2933 patri
3592 2863 3643 2917 in

2046 2950 2217 3003 lucem
2241 2951 2418 3004 editus
2457 2961 2579 3020 post
2600 2965 2863 3005 sororem.
2898 2949 3029 3004 Cum
3057 2964 3235 3006 autem
3262 2962 3405 3007 esset
3432 2956 3647 3023 ingenio

2046 3041 2346 3104 solertiori,
2379 3056 2501 3096 sese
2527 3042 2579 3094 in
2624 3040 2899 3095 literarum
2932 3042 3110 3097 studio
3156 3046 3401 3098 exercuit
3451 3046 3515 3097 ad
3548 3061 3640 3099 sa—

2047 3149 2260 3188 crarunt
2316 3134 2717 3201 Scripturarum
2770 3135 3146 3189 ministerium.
3181 3136 3315 3190 lliuc
3361 3137 3544 3191 decem
3589 3147 3645 3190 et

2047 3237 2168 3279 octo
2196 3239 2364 3278 annos
2392 3234 2578 3289 natus,
2626 3241 2655 3278 a
2699 3226 2974 3294 sophistis,
3006 3227 3095 3295 qui
3124 3228 3343 3281 voculas
3383 3238 3601 3297 captant
3623 3271 3639 3292 ,

2047 3316 2269 3370 descivit
2303 3334 2315 3370 :
2347 3318 2432 3372 ubi
2484 3332 2613 3370 vero
2660 3328 2838 3371 mente
2870 3318 3005 3371 virili
3039 3317 3172 3382 fuit,
3222 3334 3406 3373 amore
3451 3330 3640 3390 captus

2052 3416 2136 3461 est
2175 3422 2445 3461 sacrarum
2487 3407 2806 3462 Literarum.
2836 3409 3069 3463 Praeerat
3096 3419 3220 3463 tunc
3251 3412 3506 3479 temporis
3529 3415 3628 3463 An-

2049 3499 2309 3555 tiocltenac
2340 3501 2592 3554 Ecclesiae
2619 3500 2806 3554 beatus
2830 3500 3072 3555 Meletius
3099 3500 3404 3563 Confessor,
3438 3518 3635 3572 genere

2054 3590 2346 3645 Armenius
2382 3610 2395 3646 :
2427 3591 2517 3661 qui
2548 3592 3209 3661 animadvertensjuvenis
3230 3593 3375 3647 illius
3404 3594 3531 3648 felix
3558 3595 3639 3648 itt-

2046 3684 2294 3753 geninm,
2330 3694 2384 3737 et
2414 3684 2813 3753 pulchritudine
2845 3687 3041 3739 mentis
3087 3686 3229 3741 illius
3270 3697 3486 3755 captus,
3519 3704 3643 3757 pcr-

2049 3775 2295 3829 mittebat
2326 3776 2374 3828 ei
2407 3785 2463 3829 ut
2497 3791 2679 3829 secum
2711 3776 2922 3830 assidue
2949 3787 3276 3844 versaretur,
3308 3778 3508 3833 lumine
3530 3795 3644 3848 pro-

2049 3864 2266 3935 phetico
2297 3867 2594 3935 praevidens
2616 3868 2829 3937 juvenis
2861 3869 3001 3923 illius
3030 3885 3361 3925 successum.
3394 3871 3524 3926 Cum
3549 3888 3643 3925 ve.-

2049 3972 2110 4011 ro
2141 3966 2249 4011 tres
2275 3973 2445 4011 annos
2466 3959 2678 4013 assidue
2707 3959 2845 4028 apttd
2877 3976 2998 4014 eum
3026 3961 3350 4025 mansisset,
3381 3978 3536 4016 sacro
3567 3966 3639 4017 la-

2050 4064 2211 4103 vacro
2245 4049 2312 4102 ab
2343 4049 2531 4103 eodem
2560 4050 2796 4104 initiatus
2821 4093 2835 4117 ,
2864 4052 3033 4106 lector
3064 4064 3425 4121 promovetur.
3444 4054 3636 4109 Verum

2049 4142 2359 4211 impellente
2385 4158 2504 4195 eum
2538 4144 2718 4195 animo
2744 4187 2757 4207 ,
2790 4154 2845 4195 ut
2869 4154 3154 4198 contentus
3176 4161 3279 4198 non
3308 4154 3423 4199 erat
3447 4147 3636 4199 civita-

2050 4236 2117 4288 tis
2162 4235 2473 4300 laboribus,
2524 4236 2573 4287 in
2620 4238 2815 4291 ardore
2855 4237 3187 4306 juventutis,
3234 4239 3443 4292 tametsi
3489 4254 3637 4293 mens

2048 4342 2176 4380 sana
2204 4338 2346 4382 esset
2376 4370 2391 4392 ,
2423 4328 2487 4381 ad
2522 4328 2728 4382 vicinos
2760 4339 2966 4384 montes
2994 4329 3123 4384 adit.
3158 4331 3252 4384 llic
3291 4347 3410 4385 cum
3449 4333 3499 4385 in
3532 4334 3631 4403 Sy-

2056 4435 2174 4472 rum
2226 4419 2511 4488 quemdam
2566 4420 2841 4473 incidisset
2898 4419 3251 4474 severissinm
3300 4424 3637 4477 continentia:

2050 4526 2276 4574 senem,
2324 4509 2539 4564 duriora
2573 4511 2695 4563 vita:
2745 4511 2861 4579 ejus
2915 4512 3153 4566 instituta
3202 4512 3439 4567 imitatur
3482 4520 3636 4567 annis

2050 4611 2296 4671 quatuor,
2347 4616 2482 4670 quos
2527 4602 2668 4673 apud
2719 4603 2889 4671 ipsum
2920 4645 2934 4667 ,
2986 4603 3194 4658 luctans
3233 4620 3355 4659 cum
3398 4604 3636 4675 volupta-

2053 4704 2162 4748 tum
2192 4695 2435 4749 cautibus
2459 4736 2473 4759 ,
2527 4695 2702 4765 exegit
2731 4712 2742 4747 :
2774 4711 2907 4765 quas
2948 4696 3036 4750 ubi
3092 4696 3297 4752 facilius
3323 4740 3335 4760 .
3384 4714 3490 4753 non
3536 4709 3640 4753 tam

2051 4787 2231 4840 labore
2258 4802 2417 4855 quam
2450 4787 2673 4849 ratione,
2704 4787 2973 4855 superavit
2996 4830 3011 4853 ,
3048 4798 3155 4841 tum
3186 4791 3409 4844 secessit
3440 4793 3490 4844 in
3518 4804 3636 4861 ape.

2052 4878 2262 4933 luneam
2289 4880 2436 4933 solus
2460 4921 2474 4945 ,
2502 4879 2823 4935 delitescere
2844 4883 3084 4949 cupiens.
3114 4880 3227 4936 illic
3268 4898 3439 4937 annos
3471 4900 3617 4939 mora

2051 4982 2137 5025 tus
2163 4982 2247 5026 est
2270 4972 2405 5025 duos
2428 5014 2443 5036 ,
2466 4973 2661 5043 quibus
2691 4973 2950 5026 insomnis
2978 4982 3034 5026 ut
3062 4974 3344 5041 plurimum
3377 4976 3642 5043 perstitit,

2050 5062 2249 5117 Christi
2304 5073 2719 5125 tcstamentmn,
2765 5080 2873 5133 quo
2918 5065 3268 5134 ignorantiam
3315 5067 3643 5135 expelleret,

2050 5155 2354 5210 addiscens.
2400 5154 2532 5210 Cum
2583 5165 2693 5210 toto
2731 5157 2823 5210 illo
2858 5156 3073 5210 biennio
3119 5172 3218 5210 nec
3252 5158 3516 5223 interdiu,
3548 5174 3646 5213 nec

2052 5258 2212 5302 noctu
2234 5249 2576 5303 decubuisset
2609 5266 2621 5300 :
2652 5249 2894 5319 proxima
2920 5248 3092 5302 ventri
3121 5248 3170 5302 ei
3201 5256 3322 5302 sunt
3360 5261 3600 5305 emortua
3630 5293 3643 5312 ,

2054 5340 2462 5410 lumbormnquc
2488 5340 2628 5393 vires
2661 5356 2787 5408 prze.
2812 5339 3009 5408 frigore
3039 5338 3350 5409 profligatae.
3385 5340 3519 5394 Cum
3551 5357 3646 5394 au-

2054 5443 2160 5485 tem
2183 5433 2282 5485 sibi
2305 5447 2461 5500 opem
2486 5431 2622 5485 ferre
2646 5447 2747 5483 non
2774 5442 2987 5499 posset,
3012 5445 3197 5485 rursus
3227 5430 3645 5487 ecclesiasticum

2055 5534 2263 5593 portum
2320 5523 2690 5594 apprehendit.
2743 5524 2914 5593 Atque
2963 5524 3012 5576 id
3058 5524 3251 5579 divinre
3297 5525 3648 5593 providentim

2052 5634 2186 5685 opus
2217 5617 2348 5681 fuit,
2379 5634 2497 5687 qua:
2526 5616 2592 5670 ad
2614 5616 2893 5670 utilitatem
2932 5617 3188 5671 Ecclesia:
3218 5633 3340 5671 eum
3371 5633 3466 5688 per
3495 5616 3649 5670 infir-

2053 5711 2291 5767 mitatem
2341 5726 2369 5762 a
2432 5708 2743 5763 monasticze
2792 5707 2919 5762 vita:
2966 5708 3242 5763 laboribus
3291 5708 3555 5764 retraxit:
3588 5719 3644 5762 ut

2056 5804 2372 5862 necessitate
2394 5802 2679 5862 impeditus
2698 5843 2714 5869 ,
2753 5817 2781 5858 a
2800 5802 3079 5875 speluncis
3111 5802 3448 5865 avelleretur.
3477 5801 3604 5858 lude
3626 5842 3644 5868 ,
