4114 6392
509 360 575 414 ιθ
1776 363 2090 419 memon
2128 363 2467 421 DIALOGUS
3012 440 3018 448 ι
3726 362 3797 418 eo

510 478 788 542 postquam
811 470 961 526 altari
989 487 1158 526 annos
1183 473 1419 543 quinque
1445 474 1805 530 ministrasset
1829 517 1844 540 ,
1873 490 1902 528 a
1931 475 2099 531 Mele-

509 563 583 616 tio
609 561 869 616 diaconus
898 561 1196 617 ordinatur.
1244 563 1510 618 Caeterum
1538 607 1553 630 ,
1600 580 1722 620 cum
1763 565 1881 634 ejus
1907 566 1973 620 ad
2002 567 2102 620 do-

509 651 738 708 cendum
770 651 992 707 facultas
1033 654 1142 722 jam
1197 655 1611 720 inclaresceret,
1661 665 1716 711 et
1757 658 1984 727 populus
2033 673 2104 712 ex

511 744 694 797 smculi
725 744 1088 800 amaritudine
1123 746 1462 802 dulcesceret
1491 747 1608 817 ejus
1650 749 2056 803 conversatione
2090 766 2103 801 :

512 851 543 889 a
589 835 842 891 Flaviano
889 837 1140 906 episcopo
1187 839 1468 907 presbyter
1521 839 1820 898 ordinatur.
1867 840 2108 909 Cumque

514 927 798 981 duodecim
842 942 1012 982 annos
1052 928 1103 981 in
1148 927 1388 983 Ecclesia
1452 929 1749 984 Antiochia
1785 930 2105 994 eﬂ'nlsisset,

515 1029 701 1071 exacta
722 1019 841 1071 vita:
861 1033 1044 1072 norma
1063 1018 1266 1072 clerum
1285 1019 1700 1075 Antiochensem
1725 1020 1982 1075 illustrat:
2014 1021 2112 1076 hos

518 1111 792 1179 sapientia:
819 1112 930 1165 Sale
955 1111 1238 1177 condiens,
1259 1113 1356 1166 hos
1377 1114 1616 1168 doctrina
1639 1115 1966 1178 illuminans,
1990 1115 2111 1169 illos

525 1202 757 1272 Spiritus
787 1204 956 1257 sancti
979 1203 1223 1258 laticibus
1247 1206 1493 1275 irrigans.
1521 1206 1655 1260 Dum
1680 1207 1793 1260 lucc
1819 1207 1886 1259 ad
1915 1205 2112 1260 Christi

526 1293 764 1348 ﬁdelium
793 1295 1234 1364 gubernationem
1263 1298 1461 1364 Optime
1489 1297 1568 1351 sic
1601 1297 1921 1364 succedunt,
1951 1297 2112 1350 mori-

528 1397 614 1440 tur
640 1387 827 1441 beatus
852 1387 1132 1442 Nectarius
1156 1430 1170 1453 ,
1203 1389 1486 1458 episcopus
1510 1388 2114 1457 Constantinopolitanzc

524 1477 804 1531 Ecclesia).
838 1476 990 1534 Tunc
1018 1488 1344 1532 concurrunt
1389 1479 1603 1548 quidam
1631 1481 1722 1549 qui
1769 1495 1874 1533 non
1905 1494 2114 1548 quaare-

521 1567 749 1631 bantur,
774 1569 1069 1623 ambientes
1093 1569 1459 1638 episcopatum
1478 1611 1492 1634 ,
1525 1571 1622 1623 viri
1651 1570 1866 1639 quidam
1895 1570 2115 1625 minime

530 1659 668 1725 viri,
701 1661 1000 1731 presbyteri
1031 1661 1247 1728 quidem
1283 1660 1560 1732 dignitate,
1591 1664 1684 1716 sed
1709 1660 2008 1717 sacerdotio
2037 1663 2118 1716 in-

523 1751 668 1821 digni
703 1753 821 1806 :alii
847 1755 1158 1824 praetorium
1191 1754 1470 1826 fatigantes
1495 1797 1510 1821 ,
1553 1754 1641 1808 alii
1687 1754 1844 1809 donis
1876 1771 2116 1810 corrum-

525 1853 735 1912 pentes,
755 1845 841 1897 alii
866 1861 993 1899 vero
1014 1845 1080 1899 ad
1104 1845 1275 1915 plebis
1301 1847 1463 1901 etiam
1485 1861 1658 1916 genua
1681 1846 2113 1916 procumbentes.

529 1933 702 2003 Super
729 1934 811 1988 his
828 1948 1196 1990 commovetur
1217 1936 1637 1991 orthodoxorum
1663 1938 1911 2007 populus,
1943 1937 2120 2007 Impe-

531 2035 765 2080 ratorem
806 2027 1134 2093 sollicitans,
1191 2028 1477 2084 sacerdotii
1529 2029 1757 2098 peritum
1820 2029 2118 2099 requirens.

529 2118 802 2171 Summam
843 2127 1020 2172 autem
1058 2135 1240 2175 rerum
1275 2121 1489 2175 tenebat
1510 2121 1798 2191 EutrOpius
1819 2121 2116 2187 eunuchus,

528 2210 850 2278 prmpositus
899 2212 1034 2264 sacri
1089 2212 1343 2266 cubiculi.
1405 2211 1540 2267 Cum
1597 2212 1861 2268 Joannem
1911 2223 2123 2283 optaret

532 2316 841 2370 prrcponere
879 2302 1077 2357 civitati
1107 2303 1264 2375 (ejus
1293 2306 1435 2359 enim
1473 2306 1643 2360 virtus
1683 2315 1806 2360 nota
1831 2307 1880 2361 ei
1926 2306 2118 2372 fuerat,

529 2406 648 2445 cum
671 2392 1007 2462 Imperatoris
1021 2396 1226 2464 negotia
1246 2396 1415 2464 ipsum
1435 2395 1501 2449 ad
1526 2397 1834 2450 interiorem
1849 2389 2120 2451 'orientcm

531 2482 910 2555 aliduxissent)
939 2525 952 2547 ,
986 2486 1150 2540 efﬁcit
1180 2487 1293 2557 ipse
1321 2498 1379 2542 ut
1406 2487 1698 2557 Imperator
1719 2489 1902 2543 literas
1925 2489 2123 2544 scribat

530 2575 596 2627 ad
637 2577 883 2631 comitem
915 2576 1176 2645 Orientis,
1206 2576 1270 2633 ut
1303 2580 1422 2635 sine
1461 2581 1707 2649 strepitu,
1750 2582 1882 2636 nihil
1907 2592 2123 2636 contur-

533 2669 664 2722 bans
707 2670 1041 2724 Antiochiam
1068 2714 1082 2736 ,
1115 2671 1374 2725 Joannem
1408 2673 1698 2727 emitteret.
1732 2674 1779 2727 Is
1806 2674 1984 2728 statim
2034 2691 2124 2730 ac-

533 2761 701 2829 ceptis
748 2761 948 2827 literis,
1001 2762 1244 2825 hortatur
1293 2765 1502 2833 ipsum,
1551 2775 1608 2818 ut
1654 2774 1801 2820 extra
1853 2767 2120 2821 civitatem

535 2868 704 2921 usque
749 2852 818 2906 ad
846 2854 1128 2926 Illarlyria,
1167 2858 1317 2923 juxta
1355 2865 1561 2925 portam
1603 2857 1994 2912 Romanenscm
2039 2859 2122 2912 di-

534 2953 696 3006 ctam,
721 2944 874 2998 sistat
903 2961 958 2997 se.
993 2965 1002 2995 :
1033 2957 1084 3016 e_t
1115 2946 1337 3015 publica:
1369 2948 1549 3001 rhedre
1581 2948 1910 3016 impositum,
1950 2965 2121 3004 cunu-

534 3035 637 3089 cho
687 3036 754 3088 ad
816 3035 867 3090 id
921 3037 1085 3091 misso
1135 3053 1255 3092 cum
1303 3039 1469 3093 milite
1518 3039 1751 3110 Magistri
1803 3041 1984 3094 tradit.
2037 3042 2124 3096 Sic

537 3126 798 3182 adductus
853 3128 1132 3182 ordinatur
1183 3129 1466 3198 cpiscopus
1517 3132 2122 3201 Constantinopolitanze

537 3217 814 3272 Ecclesire.
843 3220 926 3274 Ab
964 3219 1115 3275 initio
1164 3219 1324 3290 igitur
1349 3222 1696 3291 Theophilus,
1729 3223 2122 3279 Alexandrinus

533 3310 848 3378 cpiscOpus,
883 3325 1001 3364 cum
1039 3311 1103 3364 ad
1139 3312 1258 3380 ejus
1281 3313 1668 3368 ordinationem
1697 3315 1958 3378 venisset,
1991 3316 2124 3371 irre-

533 3399 947 3468 prchensibilem
979 3399 1095 3470 ejus
1137 3401 1388 3472 loquendi
1416 3403 1714 3458 libertatem
1747 3403 1932 3459 videns
1952 3445 1967 3470 ,
2009 3405 2123 3476 ejus

537 3491 872 3546 ordinatione
900 3493 1234 3548 exanimatus
1263 3503 1364 3549 est.
1413 3494 1574 3550 Vafer
1602 3495 1743 3550 enim
1772 3505 1854 3552 est
1902 3512 1971 3552 ex
2003 3497 2122 3567 ipso

536 3581 788 3652 adspectu
842 3601 856 3637 :
908 3584 1175 3638 occultum
1219 3585 1358 3638 enim
1403 3586 1660 3658 cujusque
1709 3586 1940 3642 hominis
1986 3603 2119 3643 con-

534 3675 711 3730 silium
787 3684 842 3730 et
899 3686 1134 3732 mentem
1191 3678 1526 3748 dignoscere.
1584 3681 1742 3736 Duc.
1811 3681 2114 3751 Exspecta,

529 3767 730 3836 Pater,
771 3778 831 3822 ut
878 3785 1043 3838 pauca
1091 3785 1376 3840 opponam.
1420 3772 1595 3827 EPISC.
1626 3772 1760 3840 Quid
1805 3773 1907 3827 hoc
1941 3782 2119 3828 autem

540 3859 769 3914 maxime
789 3869 869 3915 est
884 3862 907 3915 ?
922 3862 1072 3916 Duc.
1094 3862 1148 3917 Si
1170 3863 1293 3917 talis
1313 3873 1394 3917 est
1412 3863 1761 3934 Theophilus,
1781 3873 1838 3918 ut
1857 3864 1922 3918 ad
1946 3865 2116 3919 solum

540 3953 850 4022 adspeetum
896 3955 1092 4008 mentis
1120 3957 1234 4010 acie
1279 3957 1456 4011 omnia
1504 3959 1774 4027 pervideat
1808 3976 1822 4011 :
1851 3958 2120 4027 quomodo

539 4044 831 4113 ignoravit,
880 4047 1111 4115 expulso
1150 4046 1391 4112 Joanne,
1435 4048 1619 4103 orbem
1670 4050 1976 4104 universum
2001 4065 2030 4103 a
2059 4065 2120 4106 se

536 4137 858 4192 turbandum
908 4139 1063 4193 esse?
1094 4139 1270 4196 EPISC.
1303 4141 1416 4195 Hoc
1443 4141 1745 4196 mirandum
1773 4157 1878 4195 non
1923 4151 2008 4197 est
2031 4183 2046 4207 ,
2087 4159 2120 4198 o

535 4229 755 4298 optime.
807 4231 1017 4285 Etenim
1053 4231 1324 4288 daemones
1347 4276 1360 4299 ,
1397 4233 1486 4303 qui
1512 4233 1798 4288 adventum
1823 4234 2119 4290 Servatoris

535 4321 876 4393 declararunt
896 4365 910 4387 ,
939 4324 1251 4393 ignorarunt
1273 4341 1379 4378 uno
1399 4326 1601 4380 Christi
1627 4325 1859 4381 ﬁdelium
1891 4336 2035 4382 statu
2061 4343 2121 4383 se

535 4392 982 4482 constringéndos
1013 4431 1156 4470 esse.
1187 4416 1338 4471 Duc.
1375 4417 1472 4472 Ubi
1499 4427 1674 4473 autem
1697 4419 1998 4474 Servatoris
2026 4421 2121 4475 ad-

540 4512 758 4556 ventum
787 4503 1164 4559 declararunt?
1195 4507 1376 4561 EPISC.
1410 4508 1542 4562 Cum
1587 4509 1926 4565 clamabant:
1960 4510 2123 4564 Novi-

541 4612 650 4648 mus
672 4603 718 4648 te
740 4636 755 4660 ,
785 4596 872 4658 qui
897 4597 966 4650 sis
988 4637 1002 4660 ,
1032 4607 1235 4650 sanctus
1267 4597 1358 4651 Dei
1388 4616 1404 4661 ;
1435 4599 1558 4668 quid
1586 4602 1759 4654 venisti
1781 4611 1898 4654 ante
1925 4611 2120 4672 tempus

540 4694 772 4754 torquere
795 4702 887 4741 nos
909 4686 1119 4756 (Matth.
1147 4689 1201 4744 8.
1232 4688 1375 4760 29)?
1406 4690 1565 4746 Vides
1588 4700 1644 4745 ut
1693 4701 1817 4746 ante
1852 4695 2124 4750 novissent

540 4792 644 4830 non
688 4778 859 4832 solum
903 4789 1144 4835 sanctum
1172 4795 1294 4834 eum
1340 4797 1497 4846 esse,
1545 4783 1637 4837 sed
1668 4785 1825 4838 etiam
1866 4785 2118 4854 judicem.

539 4867 677 4935 Quid
706 4885 835 4924 vero
878 4870 1066 4940 loquor
1089 4871 1156 4926 de
1185 4872 1552 4929 daemonibus?
1592 4875 1831 4932 infelices
1874 4880 2123 4934 meretri-

537 4960 674 5016 culae
701 4976 766 5015 ex
795 4962 1066 5018 oculorum
1097 4972 1237 5019 statu
1257 4973 1432 5020 castos
1455 4967 1594 5021 viros
1620 4967 1941 5036 dignoscunt
1959 5011 1974 5036 ,
1998 4986 2122 5026 eos-

538 5069 645 5122 que
670 5063 984 5110 aversantur
1015 5074 1028 5110 :
1060 5065 1120 5110 ut
1145 5056 1386 5111 inﬁrmus
1410 5059 1596 5112 oculus
1637 5061 1767 5114 solis
1794 5061 2000 5116 radium
2024 5105 2038 5125 ,
2068 5073 2125 5119 et

538 5144 718 5199 vultur
745 5157 1089 5217 unguentum.
1122 5149 1274 5205 Unde
1311 5159 1487 5204 autem
1527 5153 1894 5222 peccatoribus
1936 5155 2124 5225 religio

539 5237 922 5294 abominationi
952 5246 1069 5308 est,
1102 5240 1288 5295 sicam
1327 5257 1433 5296 non
1457 5243 1713 5297 nossent?
1739 5243 1828 5300 Sic
1855 5256 1910 5300 et
1951 5247 2125 5301 Theo-

539 5325 719 5396 philus
739 5370 756 5395 ,
787 5344 850 5384 ex
881 5345 987 5400 quo
1015 5332 1068 5386 in
1097 5330 1317 5387 Joannis
1339 5333 1594 5402 adspectu
1620 5349 1726 5389 non
1759 5336 1958 5391 invenit
1982 5338 2123 5408 quod

539 5419 710 5475 oculis
729 5421 840 5476 suis
867 5422 1216 5492 responderet
1237 5431 1329 5478 aut
1354 5434 1561 5494 gratum
1591 5435 1759 5492 esset,
1793 5427 2121 5496 conjectura,

538 5527 646 5566 non
685 5522 829 5568 certa
878 5515 1098 5570 scientia
1137 5517 1462 5571 contrarium
1509 5517 1810 5586 suspicatus
1838 5530 1938 5574 est.
1970 5517 2120 5577 DlAd.

542 5605 675 5660 Mira
701 5607 918 5673 dixisti,
947 5608 1120 5664 Pater.
1157 5606 1264 5664 Cur
1286 5624 1414 5664 vero
1445 5608 1740 5664 obsistebat
1773 5610 1890 5680 ejus
1911 5609 2125 5665 ordina-

541 5699 713 5754 tioni?
735 5700 910 5756 Ense.
939 5699 1052 5756 Mos
1081 5700 1181 5772 ipsi
1201 5701 1324 5755 talis
1350 5708 1466 5756 erat
1485 5743 1500 5766 ,
1529 5710 1588 5756 ut
1611 5700 1780 5756 bonos
1806 5710 1859 5755 et
1879 5702 2126 5759 cordatos

541 5809 648 5848 non
674 5793 979 5862 ordinaret,
1004 5794 1104 5850 nisi
1135 5792 1347 5865 quando
1375 5808 1470 5848 sua
1491 5808 1613 5850 eum
1639 5793 1947 5862 conjectura
1971 5791 2124 5850 fefel-

2215 477 2366 532 lisset
2397 496 2410 531 :
2441 477 2690 532 omnibus
2729 479 2992 548 imperare
3028 478 3210 533 volens
3243 486 3304 533 ut
3341 477 3569 548 stupidis
3589 519 3605 543 ,
3632 479 3799 532 satius

2204 569 2449 638 judicans
2507 569 2880 638 insipientibus
2918 571 3214 640 imperare,
3259 585 3417 640 quam
3463 569 3796 639 sapientibus

2213 675 2421 730 parere.
2454 660 2501 714 A
2529 659 2726 714 salubri
2771 668 2950 715 tamen
2995 661 3335 732 providentia
3377 661 3564 715 volens
3612 661 3801 716 nolens

2212 759 2495 820 superatus
2522 760 2623 807 est.
2656 751 2746 806 Sic
2773 751 3051 807 ordinatus
3081 751 3315 807 Joannes
3334 794 3349 819 ,
3393 766 3574 807 rerum
3617 767 3802 807 curam

2213 843 2548 913 aggreditur,
2603 858 2699 913 per
2745 843 3059 898 rationalem
3111 845 3341 898 listulam
3393 860 3522 899 oves
3575 845 3804 914 probare

2214 949 2456 988 exorsus.
2490 933 2633 987 Raro
2662 942 2840 988 autem
2865 933 3124 990 adhibens
3152 935 3312 989 etiam
3339 935 3533 1004 pedum
3562 936 3806 1005 increpa-

2215 1023 2408 1088 tiones,
2433 1025 2660 1080 intendit
2683 1040 2985 1080 sermonem
3026 1025 3286 1082 adversus
3314 1026 3488 1082 fictam
3515 1027 3806 1094 sororiam,

2220 1123 2281 1169 ut
2305 1125 2533 1182 vocant,
2565 1117 2689 1171 vita:
2714 1117 3065 1183 societatem;
3112 1133 3297 1172 revera
3337 1127 3512 1173 autem
3552 1119 3810 1174 adversus

2217 1205 2630 1262 inverecundam
2653 1215 2710 1262 et
2740 1209 3032 1279 improbam
3053 1210 3211 1263 vitam
3232 1225 3352 1264 cum
3376 1211 3686 1266 mulieribus
3709 1212 3811 1266 illis

2217 1312 2338 1366 quae
2367 1297 2614 1352 dicuntur
2643 1298 3058 1354 subintroductze
3085 1341 3100 1366 ,
3131 1299 3444 1365 ostendens,
3483 1301 3526 1355 si
3549 1303 3811 1358 malorum

2219 1387 2376 1442 detur
2395 1387 2560 1456 optio,
2580 1389 2829 1444 meliores
2849 1390 2964 1444 istis
2980 1390 3199 1445 lenones
3215 1405 3358 1446 esse.
3382 1391 3461 1445 llli
3482 1393 3623 1446 enim
3646 1392 3806 1462 longe

2219 1495 2250 1533 a
2292 1479 2620 1534 medicorum
2654 1480 2868 1535 ofﬁcina
2909 1480 3247 1548 habitantes,
3289 1481 3429 1551 apud
3455 1497 3514 1538 se
3559 1484 3801 1538 morbum

2221 1568 2452 1635 habent,
2495 1569 2590 1624 sed
2632 1569 2932 1624 volentibus
2963 1587 2976 1622 :
3005 1569 3058 1623 hi
3085 1581 3264 1624 autem
3297 1571 3349 1625 in
3381 1572 3567 1626 salutis
3595 1569 3807 1628 officina

2221 1659 2552 1724 habitantes,
2581 1661 2742 1714 etiam
2792 1675 2950 1714 sanos
2977 1660 3258 1730 impellunt
3284 1661 3350 1716 ad
3385 1662 3648 1716 morbum.
3683 1665 3811 1720 Inde

2221 1767 2345 1822 pars
2373 1752 2536 1820 cleri,
2568 1753 2787 1808 minime
2816 1753 3084 1824 religiosa,
3109 1769 3332 1825 quaeque
3373 1757 3559 1811 morbo
3596 1757 3684 1810 illo
3724 1767 3806 1811 te-

2223 1843 2484 1906 nebatur.
2532 1853 2799 1899 commota
2849 1855 2953 1900 est.
3015 1845 3143 1900 Post
3190 1847 3452 1915 ejusmodi
3501 1862 3807 1903 sermonem

2223 1935 2524 2004 aggreditur
2569 1935 2877 2005 injustitiam
2901 1979 2915 2003 ,
2944 1936 3228 1992 destruens
3263 1940 3527 1994 malorum
3571 1941 3808 1996 onmium

2224 2027 2561 2094 metropolim
2586 2067 2601 2090 ,
2646 2028 2958 2091 avaritiam,
2993 2037 3051 2083 ut
3095 2030 3376 2085 aediﬁcium
3421 2031 3640 2102 iustitiae
3682 2049 3812 2088 con-

2224 2124 2474 2172 strueret.
2519 2118 2630 2172 Hoc
2679 2118 2823 2173 enim
2852 2119 3127 2188 proprium
3168 2131 3251 2176 est
3291 2125 3589 2190 sapientum
3637 2123 3812 2178 archi-

2227 2216 2485 2263 tectorum
2507 2251 2521 2274 ,
2551 2211 2699 2279 prius
2729 2211 2987 2266 mendacii
3015 2211 3295 2267 aediﬁcium
3322 2213 3622 2279 destruere,
3654 2215 3808 2269 dein-

2225 2301 2293 2356 de
2320 2303 2560 2356 veritatis
2585 2302 2765 2373 jacere
2791 2303 3131 2359 fundamcnta
3159 2345 3174 2370 ,
3217 2313 3275 2359 ut
3302 2305 3496 2359 dicitur
3519 2305 3656 2376 apud
3687 2321 3812 2374 pro-

2225 2395 2437 2463 phetam
2466 2413 2478 2448 :
2508 2393 2753 2449 Constitui
2787 2405 2833 2449 te
2861 2413 3012 2465 super
3039 2405 3206 2466 gentes
3232 2406 3278 2450 et
3313 2413 3468 2466 regna
3489 2436 3504 2460 ,
3535 2406 3590 2449 ut
3626 2398 3809 2451 evellas

2226 2498 2271 2538 et
2293 2488 2487 2556 plantes
2510 2529 2522 2550 ,
2552 2497 2605 2540 ut
2632 2486 2861 2541 destinas
2899 2496 2944 2540 et
2971 2489 3246 2556 recedi/ius
3285 2487 3428 2556 (Jer.
3473 2489 3524 2542 I.
3556 2487 3659 2558 IO)
3693 2505 3707 2553 ;
3743 2490 3810 2542 il-

2227 2577 2317 2630 Iud
2344 2577 2556 2646 quidem
2579 2620 2593 2642 ,
2621 2581 2690 2631 ut‘
2723 2577 2986 2647 agricola;
3029 2578 3131 2630 hoc
3161 2587 3337 2631 autem
3367 2587 3423 2631 ut
3465 2577 3808 2633 architectus.

2228 2655 2308 2721 Ex
2343 2682 2408 2722 eo
2435 2683 2617 2722 rursus
2652 2668 2990 2737 perturbatur
3016 2683 3137 2736 pars
3174 2683 3358 2722 eorum
3402 2669 3490 2738 qui
3533 2669 3804 2738 marsupia

2226 2768 2489 2828 spectant.
2524 2758 2650 2812 Post
2672 2758 2786 2811 haec
2821 2774 3001 2812 curam
3027 2758 3200 2812 victus
3243 2775 3427 2813 eorum
3459 2758 3650 2825 habet,
3681 2758 3810 2812 hor-

2227 2857 2346 2902 tans
2373 2863 2467 2902 eos
2497 2857 2555 2902 ut
2584 2848 2819 2902 contenti
2857 2849 2963 2902 sint
3001 2849 3111 2904 suis
3151 2849 3417 2916 obsoniis,
3462 2866 3560 2905 nec
3585 2850 3808 2906 divitum

2226 2940 2442 2995 nidores
2468 2949 2789 3010 sequantur,
2822 2955 2888 2993 ne
2908 2981 2922 3002 ,
2949 2940 3075 2994 dum
3106 2940 3295 2995 ducem
3325 2942 3522 2997 habent
3560 2942 3765 2997 fumum
3790 2985 3807 3010 ,

2227 3032 2654 3102 intemperantiae
2683 3031 2788 3102 igni
2814 3032 3092 3086 tradantur
3115 3073 3130 3099 ,
3155 3032 3489 3087 adulatorum
3527 3045 3579 3088 et
3609 3034 3811 3102 parasio

2227 3134 2401 3178 torum
2423 3124 2583 3178 vitam
2605 3123 2811 3178 sectati.
2836 3123 2970 3178 Hinc
2991 3125 3230 3194 plerique
3247 3140 3279 3179 e
3303 3125 3610 3180 Iurconibus
3630 3141 3808 3181 cmer-

2225 3232 2350 3285 gere
2376 3217 2666 3286 incipiunt,
2717 3226 2770 3272 et
2815 3219 3134 3288 copulantur
3175 3201 3454 3272 calumniae
3497 3218 3806 3274 artiﬁcibus.

2226 3308 2355 3364 Post
2381 3311 2494 3364 hzec
2517 3310 2781 3365 oeconomi
2811 3309 3017 3363 tabulas
3045 3318 3332 3376 scrutatur,
3354 3319 3408 3364 et
3428 3310 3627 3378 reperit
3653 3326 3802 3365 sum-

2212 3409 2336 3467 ptus
2353 3397 2863 3470 Ecclesiaainutiles;
2880 3411 2932 3456 et
2957 3400 3142 3455 horum
3171 3401 3464 3454 subsidium
3488 3415 3700 3455 cessare
3719 3401 3807 3471 ju-

2227 3491 2332 3544 bet.
2361 3489 2517 3543 Venit
2544 3489 2664 3544 inde
2691 3491 2756 3544 ad
2784 3490 3164 3546 examinandos
3185 3503 3428 3560 sumptus
3448 3491 3682 3560 episcOpi
3703 3532 3717 3556 ,
3750 3501 3804 3546 et

2227 3582 2428 3637 invenit
2455 3582 2791 3638 immodicam
2825 3583 3211 3653 profusionem;
3256 3592 3414 3654 atque
3443 3583 3652 3638 illorum
3680 3600 3806 3654 pro-

2225 3672 2372 3728 fusos
2400 3682 2638 3743 sumptus
2675 3674 2741 3728 ad
2765 3675 3127 3730 nosocomium
3161 3674 3430 3730 transferri
3455 3674 3627 3745 jubet.
3658 3673 3795 3729 Cum

2206 3774 2400 3820 .autem
2428 3767 2716 3820 necessitas
2753 3765 3128 3832 invalesceret,
3158 3767 3309 3835 plura
3342 3767 3647 3822 nosocomia
3677 3767 3807 3821 mdi-

2228 3856 2350 3910 licat
2369 3899 2382 3922 ,
2407 3871 2725 3926 praeponens
2772 3857 3107 3928 presbyteros
3129 3857 3243 3927 pios
3264 3858 3436 3921 duos;
3466 3868 3724 3925 praeterea
3749 3866 3807 3912 et

2226 3947 2462 4002 medicos
2484 3957 2540 4002 et
2558 3962 2758 4018 coquos
2778 3958 2936 4019 atque
2956 3949 3123 4003 bonos
3143 3949 3362 4018 opiﬁces
3403 3963 3434 4002 e
3452 3949 3692 4004 crclibum
3714 3965 3805 4003 or-

2225 4038 2349 4094 dine
2369 4039 2434 4093 ad
2452 4054 2637 4094 eorum
2653 4039 3004 4094 ministerium
3031 4057 3044 4094 :
3070 4048 3126 4094 ut
3146 4039 3484 4095 advenientes
3505 4039 3740 4110 hospites
3754 4049 3808 4094 et

2227 4131 2414 4187 morbo
2439 4132 2668 4202 correpti
2693 4142 3024 4198 curarentur,
3047 4132 3206 4205 idque
3227 4148 3345 4188 cum
3367 4144 3585 4202 propter
3609 4132 3805 4186 bonum

2225 4224 2396 4294 ipsum
2419 4267 2433 4291 ,
2465 4234 2574 4278 tum
2602 4233 2819 4294 propter
2845 4222 3403 4295 gloriamServatoris.
3425 4222 3555 4277 Post
3586 4221 3688 4276 hoc
3713 4221 3809 4276 ad-

2225 4328 2382 4373 vocat
2405 4318 2683 4373 viduarum
2714 4317 2955 4373 ordinem
2977 4359 2991 4383 ,
3018 4317 3356 4386 undiquaque
3390 4329 3637 4386 quarens
3662 4328 3808 4384 quae-

2227 4426 2350 4464 nam
2401 4411 2540 4464 inter
2580 4425 2670 4464 eas
2697 4425 2801 4463 non
2835 4418 2977 4463 recte
3024 4409 3300 4473 viverent;
3335 4408 3456 4462 etsi
3487 4421 3619 4476 quas
3664 4407 3810 4460 inve-

2227 4501 2396 4556 nisset
2429 4501 2639 4569 corpori
2665 4500 2901 4563 deditas,
2939 4499 3257 4554 admonebat
3297 4507 3355 4552 ut
3375 4508 3466 4551 aut
3485 4497 3806 4566 jejunareut,

2225 4593 2554 4647 abstinentes
2583 4607 2610 4644 a
2642 4591 2844 4646 balneis
2883 4601 3040 4660 atque
3083 4589 3365 4660 exquisitis
3407 4588 3690 4654 vestibus;
3719 4596 3810 4642 aut

2228 4688 2469 4756 protinus
2513 4686 2579 4739 ad
2625 4686 2884 4740 secundas
2927 4685 3137 4754 nuptias
3183 4682 3572 4744 concederent,
3611 4697 3681 4736 ne
3725 4681 3811 4735 lex

2230 4779 2440 4833 Domini
2464 4779 2706 4848 injuriam
2735 4787 3019 4847 pateretur.
3058 4776 3260 4832 Deinde
3291 4775 3601 4830 hortabatur
3639 4787 3813 4843 popu-

2228 4872 2342 4935 los,
2368 4871 2504 4924 utin
2546 4871 2821 4925 nocturnis
2853 4869 3098 4938 precibus
3123 4867 3322 4937 assidui
3361 4875 3575 4930 essent,
3618 4863 3810 4920 horum

2227 4971 2404 5017 autem
2451 4977 2648 5017 uxores
2690 4961 2835 5016 domi
2886 4968 3200 5023 manerent,
3246 4973 3340 5014 eas
3385 4955 3618 5011 interdiu
3656 4968 3813 5008 orare

2229 5054 2519 5110 exhortans
2542 5095 2557 5121 ,
2585 5054 2724 5124 quod
2751 5053 2848 5107 viri
2881 5051 3112 5107 interdiu
3136 5066 3242 5104 non
3268 5055 3535 5104 vacarent.
3559 5045 3686 5100 Haec
3715 5059 3813 5097 au-

2231 5156 2336 5199 tem
2363 5146 2541 5199 omnia
2581 5145 2845 5214 angebant
2873 5144 3284 5214 negligentiores
3321 5156 3353 5195 e
3379 5141 3556 5203 clero,
3597 5144 3811 5192 noctem

2232 5247 2394 5291 totam
2415 5237 2649 5291 dormire
2671 5237 2874 5290 solitos.
2899 5237 3026 5290 Post
3064 5235 3178 5289 haec
3206 5230 3556 5304 apprehendit
3576 5229 3811 5300 gladium

2231 5331 2661 5400 reprehensionis
2688 5330 2946 5384 adversus
2969 5329 3180 5394 divites,
3209 5327 3493 5382 abscessus
3532 5323 3692 5378 animi
3719 5335 3813 5377 co-

2231 5439 2348 5477 rum
2379 5438 2566 5478 secans
2589 5463 2605 5488 ,
2638 5421 2988 5477 humilitatem
3015 5421 3161 5492 ipsos
3187 5419 3418 5475 edocens
3469 5425 3524 5472 et
3563 5429 3685 5471 cum
3715 5415 3813 5468 ho-

2231 5513 2461 5568 minibus
2486 5513 2706 5584 reliquis
2730 5513 2972 5568 modeste
2993 5527 3150 5582 agere
3168 5551 3184 5576 ,
3227 5509 3522 5578 apostolico
3571 5506 3806 5561 sermoni

2231 5620 2435 5660 morem
2465 5619 2653 5676 gerens
2672 5646 2687 5670 ,
2718 5605 2809 5675 qui
2837 5611 2920 5658 est
2945 5602 3013 5657 ad
3038 5600 3375 5657 Timotheum
3401 5595 3688 5652 :Divitibus
3713 5596 3813 5648 hu-

2229 5699 2314 5767 ius
2338 5697 2510 5753 saeculi
2539 5699 2784 5768 principe,
2807 5713 2908 5750 non
2937 5693 3150 5750 sublime
3183 5708 3378 5761 sapore,
3426 5705 3582 5759 neque
3609 5701 3813 5758 sperare

2233 5793 2288 5847 in
2315 5793 2506 5847 incerto
2550 5791 2837 5846 divitiarum
2865 5790 2913 5861 (Ι
2949 5787 3080 5843 Tim.
3112 5786 3165 5841 6.
3214 5786 3278 5842 17
3301 5785 3344 5857 ).
3379 5781 3512 5839 Cum
3539 5780 3697 5855 igitur
3724 5792 3810 5834 res
