4114 6392
354 440 420 497 19
1346 443 1434 498 DE
1473 443 1636 499 VITA
1673 442 1729 496 S.
1768 441 2055 499 JOANNiS
2093 432 2602 498 CHRYSOSTOMI.
3547 445 3618 496 20

351 556 525 606 νεῖται
577 549 821 616 διάκονος
855 551 944 605 διὰ
980 552 1072 606 τοῦ
1107 552 1368 606 Μελετίου
1402 594 1417 618 ,
1468 554 1822 625 ὑπηρετήσας
1857 551 1936 621 τῷ

354 635 727 706 θυσιαστηρίῳ
761 635 857 689 δύο
902 636 1188 708 πρὸς-τοῖς
1240 637 1419 707 τρισὶν
1469 635 1666 692 ἔτεσιν.
1693 638 1832 708 Ἤδη
1882 636 1938 689 δέ

353 720 452 789 τῆς
528 717 911 790 διδάσκαλικῆς
973 718 1140 772 αὑτοῦ
1207 720 1408 791 ἀρετῆς
1470 719 1881 792 διαλαμπούσης
1921 762 1936 786 ,

355 804 448 857 καὶ⁵
477 803 587 857 τῶν
612 803 756 857 λαῶν
779 806 844 857 ἐκ
870 804 970 873 τῆς
1003 805 1095 857 τοῦ
1125 804 1240 872 βίου
1283 803 1462 875 ἆλμης
1496 803 1937 874 γλυκαινομένων

356 885 522 939 αὑτοῦ
557 889 636 958 ’τῇ
676 887 950 959 συντυχίᾳ,
991 887 1358 960 πρεσϐύτερος
1411 890 1798 957 χειροτονεῖται
1851 887 1938 941 διὰ

353 969 655 1023 ιιδλαϐιανοῦ
683 969 776 1023 τοῦ
811 970 1131 1023 ἐπισκόπου.
1174 972 1284 1024 Καὶ
1313 969 1622 1040 διαπρέψας
1653 970 1774 1042 τρὶς
1808 971 1934 1023 τέσ-

355 1071 499 1124 σαρα
524 1052 616 1124 ἔτη
647 1054 705 1105 ἐν
753 1056 818 1123 τῇ
864 1053 972 1104 τῶν
1024 1053 1344 1124 Ἀντιοχέων
1383 1051 1698 1123 Ἐκκλησία,
1735 1054 1935 1106 ἀποσε-

358 1136 544 1206 μνύνει
572 1136 634 1189 16
670 1137 848 1189 ἐκεῖσε
885 1139 1145 1208 ἰερατεῖον
1177 1141 1244 1208 τῇ
1265 1137 1358 1190 τοῦ
1389 1137 1505 1206 βίου
1520 1137 1934 1208 ἀκριϐεία,τοὺς

359 1221 457 1289 μὲν
489 1219 687 1284 ἀλίζων
714 1222 780 1290 τῇ
815 1219 1168 1292 σωφροσύνῃ,
1214 1222 1340 1283 τοὺς
1373 1219 1430 1272 δὲ
1461 1219 1710 1288 φωτίζων
1756 1224 1822 1293 τῇ
1853 1222 1930 1274 δι-

354 1301 622 1373 δασκαλία
643 1345 657 1367 ,
688 1304 815 1366 106;
841 1302 899 1355 δέ
938 1303 1171 1367 ποτίζων
1207 1305 1319 1365 τοῖς
1353 1301 1447 1355 τοῦ
1489 1303 1804 1374 Πνεύματος
1837 1306 1932 1358 νά-

357 1403 544 1456 μασιν.
587 1385 802 1439 Τούτων
853 1385 910 1437 δέ
961 1385 1135 1450 οὕτως
1187 1384 1681 1457 οὑριοδρομούντων
1733 1391 1800 1459 τῇ
1838 1389 1932 1441 τοῦ

356 1469 595 1542 Χριστοῦ
643 1469 990 1541 κυϐερνήσει,
1038 1471 1297 1540 κοιμᾶται
1341 1472 1370 1523 6
1415 1469 1684 1542 μακάριος
1716 1471 1934 1526 Νεκτά-

356 1570 490 1625 ριος,
531 1555 559 1606 ὁ
591 1553 887 1615 ἐπίσκοπος
913 1553 1011 1623 τῆς
1029 1553 1676 1606 Κωνσταντινουπολιτῶν
1709 1554 1936 1623 Ἐκκλη-

357 1637 499 1699 σίας.
549 1636 828 1690 Ἐντεῦθεν
871 1637 1224 1707 συντρέχουσι
1279 1654 1422 1700 τινες
1456 1637 1567 1689 τῶν
1612 1638 1689 1710 μὴ
1739 1637 1934 1708 ζητου-

359 1721 556 1787 μένων,
592 1718 1027 1792 μνηστεύοντεςε
1056 1721 1157 1792 τὴν
1194 1720 1504 1791 προεδρίαν,
1550 1720 1742 1791 ἄνδρες
1793 1723 1935 1783 τινὲς

354 1805 455 1856 οὑκ
497 1805 708 1874 ἄνδρες,
747 1804 1108 1876 πρεσϐύτεροι
1151 1803 1250 1874 μὲν
1284 1803 1382 1874 τὴν
1411 1803 1598 1868 ἀξίαν,
1629 1803 1838 1868 ἀνάξιοι
1879 1806 1936 1858 δὲ

353 1887 453 1957 τῆς
481 1888 800 1958 ἱερωσύνης,
819 1889 867 1940 οἰ
888 1888 984 1957 μὲν
1008 1885 1662 1959 πραιτωριοκτυποῦντες,
1692 1890 1739 1940 οἰ
1762 1888 1818 1941 δὲ
1843 1889 1936 1942 καὶ

354 1971 810 2041 δωροδοκοῦντες,
853 1970 1000 2032 ἄλλοι
1046 1971 1102 2024 δὲ
1149 1971 1244 2024 καὶ
1289 1971 1416 2034 τοὺς
1458 1970 1665 2040 δήμους
1708 1989 1938 2039 γονυπε-

355 2053 592 2118 τυῦντες.
625 2056 746 2108 Ἐπὶ
761 2054 970 2118 τούτοις
989 2054 1257 2107 κλονεῖται
1287 2055 1315 2106 ὁ
1336 2053 1464 2116 λαὸς
1484 2053 1594 2106 τῶν
1617 2054 1933 2125 ὀρθοδόξων,

355 2137 690 2192 διασκύλλων
729 2138 818 2191 16v
857 2138 1114 2208 βασιλέα,
1147 2134 1424 2208 ἐπιζητῶν
1465 2136 1558 2190 τὸν
1593 2138 1936 2207 ἐπιστήμονα

359 2221 454 2291 τῆς
489 2221 810 2294 ἱερωσύνης.
858 2222 1110 2292 Ἐκράτει
1136 2221 1195 2274 δὲ
1222 2220 1330 2274 τῶν
1363 2220 1708 2292 πραγμάτων
1733 2221 1936 2291 Εὑτρό-

356 2322 479 2369 πιος
501 2308 529 2359 6
563 2306 801 2372 σπάδων,
841 2305 1132 2377 ἀφηγητὴς
1166 2304 1274 2358 τῶν
1305 2303 1597 2374 βασιλικῶν
1639 2304 1932 2375 κοιτώνων.

353 2387 682 2460 Βουλόμενος
719 2386 811 2444 οῦν
838 2391 999 2443 αὑτὸν
1024 2389 1365 2461 παραθέσθαι
1390 2391 1458 2460 τῇ
1483 2388 1632 2441 πόλει
1667 2384 1800 2458 (εἶχε
1823 2388 1933 2458 γὰρ

356 2475 553 2544 πεῖραν
579 2475 676 2544 τῆς
703 2475 906 2546 ἀρετῆς
944 2474 1224 2538 Ἰωάννου,
1247 2471 1532 2542 βασιλικῆς
1567 2473 1746 2531 αἰτίας
1769 2471 1932 2525 αὑτὸν

354 2558 436 2619 εἰς
487 2557 775 2629 Ἀνατολὴν
804 2559 900 2630 τὴν
925 2558 1209 2629 ἐνδοτέραν
1229 2553 1613 2627 ἀγαγούσης),
1648 2551 1800 2619 οὗτος
1828 2573 1933 2609 πα-

356 2639 684 2710 ρασκευάζει
709 2642 801 2695 τὸν
832 2642 1055 2712 βασιλέα
1088 2642 1389 2712 γράμματα
1422 2637 1654 2711 χαράξαι
1684 2640 1820 2710 πρὸς
1841 2641 1932 2692 τὸν

354 2723 573 2808 κόμςτα
644 2726 1011 2795 Ἀντιοχείας,
1095 2724 1333 2796 ἀψοφητί
1403 2723 1782 2789 ἐξαποστεῖλαι
1840 2724 1932 2777 τὸν

367 2807 639 2878 Ἰωάννην,
679 2811 752 2881 μὴ
783 2811 1094 2880 ταράξαντα
1135 2811 1233 2881 τὴν
1274 2807 1606 2878 Ἀντιοχέων.
1650 2810 1744 2870 Ὃς
1775 2807 1930 2872 ἐξαυ-

354 2890 457 2960 τῆς
483 2891 777 2963 δεξάμενος
798 2893 860 2946 16
894 2893 1149 2964 γράμμα.
1181 2891 1491 2964 παρακαλεῖ
1509 2890 1671 2944 αὑτὸν
1700 2891 1804 2957 ἔξω
1834 2893 1934 2962 τῆς

357 2974 564 3038 πόλεως
597 2976 850 3044 γενέσθαι
881 2978 1042 3046 μέχρι
1079 2976 1188 3030 τῶν
1203 2958 1558 3046 Μαρτυρίων,
1587 2974 1812 3044 πλησίον
1834 2975 1934 3044 τῆς

356 3057 696 3129 καλουμένης
756 3061 1181 3130 Ῥωμανησίας,
1249 3050 1355 3110 καῖ
1395 3057 1718 3120 ἐπιϐιϐάσας
1771 3058 1934 3112 αὑτὸν

353 3141 600 3212 δημοσίῳ
626 3142 814 3213 ρηδίῳ,
839 3143 1173 3212 παραδίδωσι
1195 3141 1272 3210 τῷ
1307 3141 1663 3194 ἀποσταλέντι
1694 3142 1935 3214 εὐνούχῳ

355 3227 452 3280 σὺν
486 3225 564 3294 τῷ
593 3226 896 3298 στρατιώτῃ
921 3225 1014 3280 τοῦ
1049 3227 1368 3297 μαγίστρου.
1399 3225 1586 3289 υῦτως
1612 3226 1798 3296 ἀχθεὶς
1822 3246 1934 3296 χει-

354 3311 651 3380 ροτονεῖται
676 3309 972 3374 ἐπίσκοπος
1000 3311 1098 3379 τῆς
1125 3309 1776 3364 Κωνσταντινουπολιτῶν
1814 3312 1938 3363 Ἑκ-

352 3391 606 3462 κλησίας.
652 3391 935 3464 Ἀπαρχῆς
989 3389 1082 3446 οὖν
1131 3395 1160 3446 6
1202 3393 1458 3462 Θεόφιλος
1485 3397 1513 3447 6
1540 3396 1640 3463 τῆς
1689 3393 1938 3459 Ἀλεξαν-

350 3474 525 3544 δρέων
552 3476 873 3539 ἐπίσκοπος,
908 3476 1162 3548 προσχὼν
1187 3477 1353 3531 αὑτοῦ
1380 3480 1445 3548 τῇ
1472 3477 1824 3540 καταστάσει,
1861 3478 1938 3548 τῷ

352 3558 703 3630 ἀνεπιλήπτῳ
738 3560 837 3630 τῆς
883 3560 1230 3630 παρρησίας,
1283 3559 1545 3629 ήψυχώθη
1607 3560 1743 3631 πρὸς
1787 3561 1883 3632 τὴν
1911 3562 1936 3599 b

351 3642 704 3712 χειροτονίαν.
736 3643 893 3696 Ἔστι
930 3642 1039 3713 γάρ
1065 3641 1236 3706 δεινὸς
1264 3645 1328 3695 ὲκ
1351 3643 1450 3712 τῆς
1474 3645 1713 3712 φανερᾶς
1736 3642 1933 3712 ὅψεως·

352 3725 555 3794 ἀφανὲς
582 3725 690 3794 γὰρ
719 3725 1006 3795 ἀνθρώπου
1034 3725 1279 3797 βούλημα
1306 3725 1400 3779 καὶ
1425 3725 1651 3796 γνώμην
1683 3727 1932 3782 συνιδεῖν.

365 3807 422 3858 '0
451 3808 632 3861 AIAK.
669 3808 939 3879 Ἑπίσχες,
968 3808 1170 3880 Πάτερ,
1205 3809 1399 3879 μικρὸν
1434 3809 1839 3877 ἀνθυπενέγκω.
1878 3811 1935 3862 '0

364 3890 690 3944 ἘΠΙΣΚ.Τί
710 3892 866 3946 τοῦτο
894 3893 1155 3962 μάλιστα;
1195 3893 1253 3946 '0
1275 3893 1460 3945 ΔΙΑΚ.
1496 3892 1606 3944 Καὶ
1629 3893 1933 3958 εἰτοιοῦτος

355 3973 593 4045 ὑπάρχει
615 3975 643 4026 6
680 3974 957 4044 Θεόφιλος,
987 3975 1062 4039 ὡς
1091 3974 1227 4046 πρὸς
1245 3975 1304 4028 16
1333 3974 1550 4046 βλέπειν
1581 3974 1648 4028 δι’
1678 3975 1931 4046 ὀξύτητα,

354 4055 471 4119 πῶς
513 4057 795 4126 ἠγνόησεν.
835 4058 916 4110 ὅτι
955 4058 1051 4127 τὴν
1083 4058 1407 4130 οἰκουμένην
1434 4057 1656 4130 ταράξει
1698 4057 1934 4124 ἐξεώσας

353 4140 545 4206 αὑτόν;
588 4141 649 4194 ’0
678 4139 922 4196 ἘΠΙΣΚ.
957 4141 1127 4194 Τοῦτο
1151 4142 1210 4194 06
1252 4136 1643 4212 θαυμαστὸν,ὧ
1670 4140 1931 4212 βέλτιστε·

353 4223 450 4276 καὶ⁷
488 4225 598 4295 γὰρ
630 4225 683 4277 οί
728 4224 982 4294 δαίμονες
1023 4223 1391 4295 γνωρίσαντες
1421 4227 1521 4293 τὴν
1554 4225 1648 4277 τοῦ
1684 4225 1934 4295 Σωτῆρος

353 4307 669 4377 ἐπιδημίαν,
688 4309 983 4378 ἠγνόησαν,
1018 4308 1100 4361 ὅτι
1130 4309 1210 4361 ἐνὶ
1237 4310 1518 4380 φυσήματι
1537 4309 1644 4362 τῶν
1672 4309 1820 4380 αὐτῷ
1847 4325 1938 4363 πε-

354 4390 721 4444 πιστευκότων
747 4391 1081 4462 δεθήσονται.
1118 4393 1176 4444 '0
1207 4392 1390 4449 ΔΙΑΚ.
1417 4392 1525 4445 Ποῦ
1548 4393 1604 4446 δὲ
1634 4393 1936 4464 ἐγνώρισαν

353 4472 451 4542 τήν
492 4473 586 4526 τοῦ
636 4475 886 4545 Σωτῆρος
930 4475 1268 4544 παρουσίαν;
1320 4476 1378 4528 '0
1437 4477 1685 4531 ’EHIEK.
1744 4477 1938 4530 Ἠνίκα

354 4556 548 4610 ἐϐόων·
591 4557 849 4626 Οἴδαμέν
891 4575 962 4613 σε
1010 4559 1098 4624 τίς
1125 4555 1198 4622 εἷ,
1248 4562 1280 4613 ὁ
1312 4558 1479 4628 ἅγιος
1505 4558 1611 4612 τοῦ
1657 4558 1807 4612 Θεοῦ
1831 4576 1844 4590 ο
1880 4561 1938 4613 τί

353 4633 535 4706 ἦλθες
584 4640 698 4708 πρὸ
746 4641 953 4709 καιροῦ
983 4641 1324 4708 ,βασανίσαι
1364 4639 1561 4710 ἡμᾶςη
1612 4642 1796 4713 Ὁρᾷς,
1853 4644 1936 4697 ὅτι

359 4722 718 4793 προῄδεισαν,
761 4725 827 4777 οὑ
859 4725 1017 4795 μόνον
1063 4725 1146 4778 ὅτι
1181 4725 1333 4792 ἅγιός
1372 4727 1541 4789 ἐστιν,
1586 4725 1698 4779 ἀλλ’
1729 4727 1810 4779 ὅτι
1844 4729 1938 4780 καὶ

351 4808 568 4876 κριτής.
611 4806 677 4859 Τί
705 4806 760 4859 δὲ
786 4807 929 4875 λέγω
959 4808 1087 4877 περὶ
1109 4808 1218 4860 τῶν
1245 4809 1544 4878 δαιμόνωνς
1574 4811 1628 4862 αἰ
1674 4809 1932 4863 κακοδαί-

357 4906 518 4960 μονες
545 4889 653 4943 τῶν
679 4891 961 4962 ἑταιρίδων
987 4894 1049 4944 ἐκ
1081 4893 1180 4962 τῆς
1200 4891 1308 4944 τῶν
1333 4892 1628 4963 ὀφθαλμῶν
1661 4894 1937 4947 καταστά-

355 4990 495 5038 σεως
523 4975 849 5045 γνωρίζουσι
880 4976 1006 5039 τοὺς
1059 4976 1343 5046 σώφρονας
1389 4976 1611 5048 ἄνδρας,
1647 4980 1741 5032 καὶ
1795 4979 1932 5032 ἀπο-

356 5058 706 5130 στρέφονται,
744 5059 932 5131 ῶσπερ
962 5062 990 5113 6
1016 5061 1186 5113 νοσῶν
1217 5059 1494 5130 ὀφθαλμὸς
1521 5062 1621 5132 τὴν
1654 5061 1748 5114 τοῦ
1780 5061 1934 5132 ήλίου

354 5142 571 5214 αῐγλην,
601 5144 696 5198 καὶ
723 5147 751 5198 ὀ
781 5145 892 5213 γὺψ
923 5144 984 5198 16
1016 5145 1208 5215 μύρον.
1239 5143 1408 5198 Πόθεν
1436 5145 1493 5198 δὲ
1537 5146 1620 5208 τὸ,
1649 5145 1936 5215 Βδέλυγμα

355 5227 698 5298 ἁμαρτωλοῖς
722 5227 1020 5290 θεοσέϐεια,
1045 5231 1092 5280 εἰ
1113 5229 1186 5298 μὴ
1207 5227 1408 5299 ταύτην
1435 5228 1754 5300 ἐγνώριζον;
1781 5227 1938 5283 Οὕτω

355 5312 448 5362 καί
473 5311 501 5361 ὁ
530 5310 805 5380 Θεόφιλος,
836 5311 894 5375 ἐξ
931 5305 1004 5365 ὦν
1037 5311 1130 5364 τοῦ
1168 5313 1298 5365 ἰδίου
1334 5313 1616 5383 ὀφθαλμοῦ
1646 5314 1708 5366 τὸ
1729 5312 1934 5367 κατάλ-

355 5392 514 5462 ληλον
552 5394 584 5464 ἦ
616 5396 674 5448 1.6
707 5395 1044 5465 καταθύμιον
1070 5398 1126 5448 ἐν
1154 5398 1218 5466 τῇ
1253 5395 1347 5447 τοῦ
1407 5397 1654 5451 Ἰωάννου
1683 5399 1803 5468 ὀψει
1836 5399 1936 5468 οὑχ

355 5471 537 5547 εὗρεν,
576 5480 947 5549 στοχαστικῶς
978 5479 1038 5532 16
1069 5479 1308 5532 ἐναντίον
1333 5481 1698 5546 ὑπετόπασεν,
1731 5482 1792 5533 οὑ
1834 5498 1937 5534 κα·-

356 5561 729 5632 ταληπτικῶς.
776 5563 832 5616 Ὀ
850 5565 1033 5618 ΔΙΑΚ.
1066 5564 1397 5635 Θαυμασίως
1436 5565 1669 5635 εἴρηκας
1690 5606 1704 5627 ,
1733 5566 1936 5634 Πάτερ.

359 5646 502 5711 Πρὸς
537 5647 590 5699 τί
634 5647 691 5700 δὲ
735 5648 1065 5700 ἁντέπιπτεν
1106 5651 1172 5719 τῇ
1220 5649 1556 5720 χειροτονίᾳ;
1594 5650 1652 5701 'U
1687 5649 1937 5702 ἘΠΙΣΚ.

361 5729 521 5792 Ἐθος
539 5732 686 5802 αὑτῷ
708 5730 948 5785 τοιοῦτον
964 5728 1050 5803 ἦν,
1069 5734 1142 5805 μὴ
1161 5737 1486 5804 χειροτονεῖν
1518 5735 1642 5797 τοὺς
1669 5734 1940 5804 χρηστοὺς

421 5869 448 5930 ξι
471 5868 634 5916 (Σολεεκ
661 5869 988 5930 μαστεύοντες.
1029 5868 1155 5917 forte
1182 5870 1380 5918 melius.

415 5927 447 5969 δ
467 5931 579 5980 Cod.
601 5927 830 5983 ἡντικὰτει
847 5932 960 5990 πρὸς
978 5932 1077 5988 τήν.

668 6026 943 6084 ιἈτιιοι..
992 6025 1107 6084 Gn.
1161 6026 1413 6088 XLHI.

2047 552 2138 604 καὶ
2166 552 2489 624 -ἐχέφρονας,
2531 556 2579 607 εἰ
2623 557 2696 627 μή
2735 573 2787 608 τι
2828 556 2894 609 ἂν
2935 555 3250 627 ἀστοχήσοι,
3299 555 3621 625 βουλόμενος

2045 635 2298 688 ἁπάντων
2353 640 2574 707 κρατεῖν
2619 637 2694 702 ώς
2741 640 3012 710 ἀνοήτων·
3044 639 3265 710 ἄμεινον
3309 638 3617 708 ἡγούμενος

2043 719 2284 790 ἀνοήτων
2326 724 2570 789 κρατεῖν,
2615 721 2648 790 ἢ
2699 723 2977 792 φρονίμων
3007 722 3246 776 ἀκούειν.
3277 722 3424 792 Πλὴν
3470 723 3620 793 ὅμως

2042 805 2254 856 νικᾶται
2302 804 2405 856 ὑπὸ
2453 804 2551 874 τῆς
2587 805 2856 875 σωτηρίου
2896 807 3160 877 Προνοίας
3216 805 3311 859 καὶ
3357 804 3500 858 ἐκὼν
3528 808 3623 860 καὶ

2042 885 2208 940 ἄκων.
2263 887 2448 950 Οὕτως
2501 888 2898 959 χειροτονηθεὶς
2948 891 2976 942 6
3041 889 3292 961 Ἰωάννης
3320 929 3334 951 ,
3395 889 3620 961 ἄρχεται

2040 969 2137 1038 τῆς
2174 969 2283 1023 τῶν
2333 971 2675 1041 πραγμάτων
2719 971 3054 1041 ἐπιμελείας,
3097 972 3204 1024 ἀπὸ
3249 972 3349 1042 τῆς
3398 972 3623 1044 λογικῆς

2038 1051 2343 1124 ἀρξάμενος
2411 1053 2667 1124 σύριγγος
2721 1054 2819 1123 τῆς
2877 1053 2986 1107 τῶν
3039 1055 3328 1126 προϐάτων
3384 1055 3618 1125 δοκιμακ

2042 1136 2181 1198 σίας.
2264 1135 2540 1203 Ὀλιγάκις
2601 1136 2657 1188 δὲ
2703 1137 3127 1206 καταχρώμενος
3183 1137 3276 1190 καὶ
3333 1140 3399 1209 τῇ
3465 1138 3622 1207 ἐλεγ-

2039 1220 2197 1288 κτικῇ
2259 1216 2566 1289 βακτηρία,
2614 1220 2920 1272 κατατείνει
2969 1220 3124 1288 λόγον
3179 1221 3320 1274 κατά
3368 1220 3467 1290 τῆς
3502 1222 3622 1274 ἐπι-

2038 1303 2278 1356 πλάστου
2303 1303 2684 1372 ἀδελφοζωῒας,
2724 1304 2785 1357 16
2826 1304 2870 1356 δ’
2896 1303 3116 1375 ἀληθὲς,
3151 1305 3292 1358 κατά
3325 1305 3424 1374 τῆς
3455 1306 3623 1376 ἀσχή-

2041 1404 2141 1456 μου
2178 1386 2486 1451 κακοζωτας
2527 1387 2654 1456 περὶ
2693 1387 2800 1440 τῶν
2840 1387 3186 1458 καλουμένων
3227 1389 3620 1455 συνεισάκτων,

2038 1469 2358 1533 ἀποδεικνὺς
2421 1471 2478 1523 ἐν
2522 1469 2728 1540 αἱρέσει
2780 1471 2965 1524 κακῶν
3026 1471 3280 1539 ἀμείνους
3317 1465 3454 1523 εἶναι
3495 1472 3620 1535 τοὺς

2039 1555 2458 1624 πορνοτρόφους.
2503 1553 2728 1605 Ἐκεῖνοι
2758 1553 2855 1622 μὲν
2887 1553 2994 1623 γὰρ
3026 1553 3214 1625 ςτόρρω
3242 1553 3337 1606 τοῦ
3383 1555 3620 1624 ἰατρείου

2037 1635 2334 1700 οἰκοῦντες,
2365 1635 2485 1689 καθ’
2514 1635 2739 1698 ἑαυτοὺς
2767 1635 2948 1704 έχουσι
2982 1638 3094 1698 τοῖς
3136 1635 3478 1707 βουλομένοις
3522 1637 3622 1707 τὴν

2038 1721 2209 1772 νόσον·
2243 1713 2388 1773 οῦτοι
2417 1720 2474 1772 δὲ
2505 1718 2650 1772 ἔνδον
2687 1718 2782 1772 τοῦ
2820 1719 3179 1790 ἐργαστηρίου
3212 1719 3486 1783 οἰκοῦντες
3521 1721 3620 1790 τῆς

2041 1803 2335 1874 σωτηρίας,
2371 1803 2464 1855 καὶ
2495 1804 2620 1866 τοὺς
2663 1801 3004 1870 ὑγιαίνοντας
3034 1803 3390 1856 ἐκκαλοῦνται
3432 1805 3509 1866 εἰς
3536 1805 3621 1856 νό-

2040 1903 2149 1938 σον.
2193 1885 2466 1938 Ἐντεῦθεν
2501 1884 2737 1938 θλίϐεται
2769 1885 2829 1937 τὸ
2855 1885 3137 1953 ἁφιλόθεον
3175 1886 3338 1956 μέρος
3365 1885 3459 1938 τοῦ
3491 1886 3624 1956 γλή-

2039 1987 2135 2040 ρου
2171 1969 2435 2039 πυρέττον
2463 1967 2523 2020 16
2542 1968 2732 2030 πάθος.
2762 1967 2894 2020 Μετ’
2935 1971 3140 2021 ἐκεῖνον
3161 1969 3250 2021 τὸν
3281 1969 3435 2037 λόγον
3460 1970 3622 2040 ἄρχε-

2037 2071 2124 2106 ται
2153 2053 2294 2106 κατά
2318 2052 2418 2121 τῆς
2447 2052 2678 2115 ἀδικίας,
2711 2054 3103 2122 καταστρέφων
3143 2053 3243 2123 τὴν
3289 2054 3620 2124 μητρόπολιν

2039 2135 2148 2188 τῶν
2183 2135 2367 2189 κακῶν
2414 2136 2512 2206 τὴν
2550 2133 2860 2200 πλεονεξίαν
2903 2137 2984 2198 εἰς
3026 2135 3314 2206 οἰκοδομὴν
3348 2136 3621 2190 δικαιοσύ-

2040 2237 2158 2289 νης.
2186 2220 2356 2273 Τοῦτο
2393 2219 2501 2290 γὰρ
2530 2219 2658 2272 ἴδιον
2685 2218 2792 2271 τῶν
2820 2218 2998 2288 σοφῶν
3036 2220 3450 2289 ἀρχιτεκτόνων,
3489 2222 3622 2291 πρό-

2039 2321 2195 2376 τερον
2232 2302 2604 2374 καταστρέψαι
2641 2303 2739 2373 τὴν
2775 2302 3062 2373 οἰκοδομὴν
3109 2302 3201 2354 τοῦ
3236 2302 3484 2372 ψεύδους,
3521 2301 3620 2357 εἷθ’

2043 2387 2267 2458 ὕστερον
2299 2385 2470 2439 θεῖναι
2499 2387 2590 2439 τὸν
2624 2386 2871 2457 θεμέλιον
2903 2387 3003 2456 τῆς
3042 2386 3322 2456 ἀληθείας,
3360 2387 3437 2450 ὡς
3466 2388 3623 2456 λέγε-

2041 2490 2130 2526 ται
2158 2471 2309 2543 παρὰ
2328 2471 2405 2542 τῷ
2431 2474 2706 2544 προφήτῃ·
2736 2470 3088 2537 Καθέστηκά
3115 2486 3187 2523 σε
3214 2471 3311 2524 ἐπὶ
3341 2471 3488 2539 ἔθνη
3521 2475 3620 2526 καὶ

2035 2557 2376 2622 βασιλείας,
2413 2552 2682 2623 ὲκριζοῦν
2719 2553 2816 2607 καὶ
2848 2555 3296 2622 καταφυτεύειν,
3325 2556 3420 2608 καὶ
3447 2572 3623 2610 κατα-

2041 2639 2334 2694 σκάπτειν
2366 2638 2463 2691 καί
2490 2637 2922 2706 ἀνοικοδομεῖν·
2955 2637 3014 2690 16
3051 2638 3148 2708 μὲν
3181 2639 3256 2701 ώς
3277 2637 3528 2710 γεωργῷ,
3561 2639 3623 2692 16

2039 2724 2097 2776 δὲ
2126 2724 2201 2787 ώς
2223 2723 2506 2793 οἰκοδόμῳ.
2547 2723 2639 2775 Ἐκ
2668 2722 2857 2775 τούτου
2884 2724 3214 2793 ταράσσεται
3245 2723 3407 2776 πάλιν
3431 2724 3491 2776 τὸ
3524 2723 3623 2794 μέ-

2044 2824 2133 2878 ρος
2183 2806 2290 2860 τῶν
2342 2805 2832 2876 βαλαντιοσκόπων.
2885 2807 3039 2860 Μετά
3080 2806 3238 2859 τοῦτο
3282 2807 3622 2878 ἐπιμελεῖται

2040 2889 2217 2943 αὐτῶν
2244 2890 2342 2961 τῆς
2371 2889 2604 2958 διαίτης,
2639 2888 2972 2959 παρακαλῶν
3003 2890 3291 2958 ἀρκεῖσθαι
3318 2894 3430 2954 τοῖς
3470 2891 3624 2956 ἰδίοις

2039 2972 2309 3042 ὀψωνίοις,
2338 2973 2432 3025 καὶ
2467 2971 2540 3042 μὴ
2569 2971 2783 3024 διώκειν
2816 2972 2916 3035 τάς
2946 2972 3170 3037 κνίσσας
3203 2975 3302 3038 τάς
3327 2975 3435 3027 τῶν
3460 2974 3624 3028 πλου-

2043 3057 2192 3117 σίων,
2225 3056 2311 3107 ἵνα
2342 3055 2415 3125 μὴ
2445 3055 2650 3108 καπνὸν
2683 3053 2899 3124 ἔχοντες
2937 3055 3028 3108 τὸν
3051 3055 3328 3127 δᾳδοῦχον,
3362 3060 3426 3128 τῇ
3463 3058 3624 3126 φλογί

2038 3139 2140 3208 τῆς
2169 3138 2463 3200 ἀκολασίας
2504 3137 2868 3207 παραδοθῶσι,
2903 3138 3152 3192 κολάκων
3180 3140 3272 3192 καὶ
3306 3141 3624 3211 παρασίτων

2043 3221 2470 3292 μεταδιώξαντες
2536 3221 2668 3291 βίον.
2745 3221 3027 3274 Ἐντεῦθεν
3111 3222 3496 3292 ἀνορύττονται
3572 3227 3621 3278 οἰ

2041 3306 2258 3369 πλείους
2292 3306 2399 3358 τῶν
2432 3306 2880 3376 γαστριμάργων,
2921 3305 3358 3376 συγκλωθόμενοι
3387 3311 3498 3370 τοῖς
3531 3325 3622 3361 σο-

2040 3393 2255 3458 φισταῖς
2273 3389 2372 3458 τῆς
2400 3389 2750 3460 κατηγορίας.
2783 3389 2935 3442 Μετὰ
2962 3388 3118 3441 τοῦτο
3139 3389 3389 3462 διερευνᾷ
3416 3391 3482 3444 16
3508 3392 3627 3462 βρέ-

2039 3473 2133 3526 ϐια
2162 3472 2255 3525 τοῦ
2299 3472 2604 3542 οἰκονόμου,
2632 3474 2726 3525 καὶ
2758 3472 3002 3543 εὑρίσκει
3029 3473 3292 3544 ἀνάλωμα
3343 3476 3444 3528 οὑκ
3477 3477 3626 3544 ώφε-

2038 3555 2161 3608 λοῦν
2190 3555 2290 3625 τὴν
2327 3555 2672 3624 Ἐκκλησίαν·
2701 3555 3034 3626 προστάσσει
3063 3556 3268 3610 τούτων
3297 3558 3487 3628 ἀργεῖν
3523 3559 3624 3629 τὴν

2037 3640 2374 3710 ἐπικουρίαν.
2416 3638 2674 3710 Ἔρχεται
2716 3641 2796 3701 εἰς
2836 3638 2896 3692 16
2942 3640 3106 3710 μέρος
3137 3640 3230 3692 τοῦ
3266 3640 3622 3711 ἀναλώματος

2036 3721 2128 3775 τοῦ
2161 3723 2458 3776 ἐπισκόπου
2490 3733 2511 3761 ο
2535 3763 2548 3787 ,
2581 3724 2674 3775 καὶ
2717 3723 2961 3794 εὑρίσκει
2993 3723 3270 3792 δαψίλειαν
3304 3725 3365 3777 06
3405 3717 3622 3795 τὴντυ-

2034 3806 2254 3876 χοῦσαν,
2292 3807 2385 3860 καὶ
2426 3806 2638 3860 κελεύει
2697 3806 3082 3877 μετενεχθῆναι
3127 3809 3227 3878 τὴν
3275 3809 3622 3863 πολυτέλειαν

2034 3892 2239 3944 τούτων
2301 3892 2380 3953 εἰς
2435 3891 2494 3944 τὸ
2554 3893 2918 3960 νοσοκομεῖον.
2984 3891 3358 3964 Περισσούσης
3416 3893 3473 3946 δὲ
3522 3894 3622 3964 τῆς

2034 3976 2244 4044 χρείας.
2297 3975 2470 4038 κτίζει
2507 3975 2727 4030 πλείονα
2775 3973 3620 4048 νοσοκομεῖα,’προκαταστήσας

2035 4059 2130 4113 δύο
2154 4059 2262 4111 τῶν
2287 4057 2527 4111 εὑλαϐῶν
2557 4057 2966 4131 πρεσϐυτέρων,
3009 4057 3088 4110 ἔτι
3126 4059 3230 4130 μὴν
3254 4060 3347 4112 καί¹
3383 4061 3618 4131 ἰατροὺς,

2037 4144 2132 4197 καὶ
2185 4144 2498 4213 μαγείρους,
2528 4143 2622 4195 καὶ
2656 4142 2925 4212 χρηστοὺς
2965 4141 3073 4194 τῶν
3111 4144 3340 4213 ἀγάμων
3386 4144 3622 4215 ἐργάτας

2037 4227 2244 4290 τούτοις
2306 4229 2382 4289 εἰς
2431 4226 2750 4297 ὑπηρεσίαν·
2797 4225 2932 4278 ὥστε
2983 4228 3108 4289 τοὺς
3160 4226 3624 4298 ἐπιχωριάζοντας

2040 4310 2224 4374 ξένους
2272 4312 2365 4363 καὶ
2415 4310 2519 4362 ὑπὸ
2545 4311 2699 4363 νόσου
2741 4309 3064 4378 ληφθέντας,
3095 4312 3385 4380 τυγχάνειν
3426 4312 3625 4380 ἐπιμε-

2037 4395 2204 4458 λείας,
2235 4395 2329 4448 καί
2359 4395 2425 4448 δι’
2464 4394 2596 4447 αὑτὸ
2633 4394 2693 4446 16
2721 4395 2902 4455 καλὸν,
2939 4395 3032 4447 καὶ
3061 4393 3149 4447 διὰ
3182 4395 3280 4462 τὴν
3314 4394 3407 4446 τοῦ
3439 4395 3623 4464 Σωτῆ-

2041 4496 2132 4549 ρος
2170 4478 2346 4543 δόξαν.
2389 4478 2541 4530 Μετὰ
2570 4476 2728 4529 τοῦτο
2766 4476 3155 4546 προσκαλεῖται
3192 4477 3253 4528 16
3285 4476 3392 4528 τῶν
3434 4477 3621 4548 χηρῶν

2036 4562 2244 4631 τάγμα,
2278 4559 2688 4630 ἐμπερινοστῶν
2723 4562 2780 4613 ἐν
2805 4560 2996 4622 αὑταῖς
3024 4559 3123 4623 τάς
3154 4561 3253 4612 οὑκ
3279 4558 3455 4630 ὀρθῶς
3487 4561 3620 4612 ἀνα-

2038 4644 2429 4715 στρεφομένας,
2459 4642 2554 4695 καὶ
2581 4641 2755 4713 εὑρὼν
2781 4643 3143 4714 φιλοσάρκους
3173 4642 3348 4707 τινὰς,
3386 4642 3623 4714 παρῄνει

2040 4727 2071 4798 ἢ
2123 4727 2376 4796 νηστείαν
2430 4725 2740 4789 ἀναλαϐεῖν,
2789 4726 3134 4797 ἀπεχομένας
3183 4726 3479 4795 βαλανείων
3527 4729 3641 4781 καὶ.

2040 4810 2346 4882 περιέργων
2392 4810 2640 4879 ἱματίων,
2691 4812 2723 4881 ἢ
2770 4810 2962 4863 θᾶττον
2992 4813 3188 4880 χωρεῖν
3240 4811 3330 4864 ἐπὶ
3371 4811 3621 4882 δεύτερον

2039 4896 2235 4965 γάμον,
2269 4896 2353 4948 ἵνα
2378 4895 2451 4966 μὴ
2486 4894 2775 4966 ὑϐρίζηται
2798 4897 2824 4947 ὁ
2846 4895 3007 4964 νόμος
3039 4897 3066 4947 ὀ
3095 4893 3186 4947 τοῦ
3217 4894 3442 4965 Κυρίου.
3466 4895 3620 4948 Μετά

2037 4978 2195 5030 τοῦτο
2237 4977 2538 5048 παρεκάλει
2587 4980 2714 5041 τοὺς
2751 4978 2956 5049 δήμους
3013 4981 3447 5048 προσκαρτερεῖν
3500 4981 3621 5042 ταῖς

2041 5067 2379 5132 νυκτεριναῖς
2415 5062 2733 5126 λιτανείαις,
2762 5063 2861 5126 τάς
2899 5062 2955 5114 δέ
2996 5060 3203 5114 τούτων
3237 5066 3502 5129 γυναῖκας
3538 5062 3621 5115 οῖ-

2040 5164 2125 5199 κοι
2153 5147 2352 5216 μένειν,
2381 5150 2438 5199 ἐν
2467 5148 2652 5218 ήμέρα
2675 5146 3117 5218 προσευχομένας
3150 5145 3505 5218 παρακαλῶν,
3531 5147 3621 5200 διὰ

2040 5232 2100 5284 τὸ
2149 5233 2224 5302 μὴ
2272 5231 2555 5301 σχολάζειν
2609 5234 2667 5284 ἐν
2695 5231 2878 5302 ἡμέρα
2918 5230 3046 5293 τοὺς
3085 5229 3302 5300 ἄνδρας.
3345 5231 3528 5284 Ταῦτα
3560 5231 3619 5283 δέ

2041 5316 2218 5369 πάντα
2251 5316 2438 5369 ἐλύπει
2462 5317 2588 5379 τοὺς
2616 5315 3011 5384 ἀμελεστέρους
3043 5313 3137 5366 τοῦ
3169 5315 3396 5385 κλήρου,
3418 5315 3620 5367 παννύ-

2041 5418 2155 5471 χιον
2197 5400 2478 5454 καθεύδειν
2531 5399 2984 5468 συνειθισμένους.
3015 5398 3167 5451 Μετά
3213 5399 3371 5451 τοῦτο
3417 5399 3621 5468 ἥπτετο

2039 5484 2132 5537 τοῦ
2165 5484 2480 5552 ἐλεγκτικοῦ
2515 5481 2704 5551 ξίφους
2750 5481 2893 5534 κατά
2935 5480 3040 5533 τῶν
3071 5480 3362 5540 πλουσίων,
3407 5483 3620 5550 τέμνων

2039 5569 2106 5622 16
2145 5568 2244 5639 τῆς
2273 5568 2449 5638 ψυχῆς
2476 5567 2858 5636 ἀποστήματα,
2900 5564 3129 5633 ἀτυφίαν
3174 5565 3370 5628 αὑτοὺς
3412 5565 3620 5618 ἐκδιδά-

2043 5668 2208 5715 σκων,
2252 5649 2771 5721 μετριοφρονοῦντας
2811 5647 2948 5719 πρὸς
2991 5649 3116 5711 τοὺς
3154 5647 3371 5710 λοιποὺς
3411 5648 3620 5718 ἀνθρώ-

2043 5752 2196 5797 πους,
2231 5731 2572 5802 ἀποστολικῷ
2602 5731 2921 5800 πειθόμενος
2957 5729 3119 5802 λόγῳ,
3156 5731 3234 5801 τῷ
3277 5731 3413 5802 πρὸς
3449 5732 3618 5801 Τιμό-

2043 5818 2163 5871 θεον
2215 5817 2516 5889 φερομένῳ·
2558 5815 2685 5882 Τοῖς
2734 5816 3052 5882 πλουσίοις
3085 5816 3153 5868 ἐν
3194 5813 3275 5881 τῷ
3307 5815 3426 5871 νῦν
3451 5813 3618 5872 αἰῶνι

2112 5930 2134 5958 ⁶
2161 5927 2340 5991 Georg.
2362 5924 2447 5974 τοῦ
2471 5925 2774 5977 imam-1606

3201 6016 3239 6078 5
