4114 6392
536 348 595 402 ει
1810 354 2127 413 PALLADII
2173 354 2524 413 DIALOGUS
3729 357 3797 411 22

530 462 909 542 αιφάητλλε
951 464 1032 533 μὴ
1088 466 1557 535 ὑψηλοφρονεῖν,
1596 467 1752 535 μηδὲ
1791 469 2107 534 ἠλπικέναι

530 549 631 602 ἐπὶ
657 549 926 602 πλούτου
953 548 1295 616 ἀδηλότητι.
1316 548 1532 602 Τούτων
1547 545 1639 603 οὖν
1662 548 1835 614 οὕτως
1855 554 2104 622 ἐχόντων,

533 633 628 686 καὶ
674 632 777 702 τῆς
820 632 1144 704 Ἐκκλησίας
1185 633 1454 704 ὁσημέραι
1503 632 1598 685 ἐπὶ
1637 633 1698 686 10
1730 638 1975 704 κρεῖττον
2013 638 2110 689 ἀνι

530 716 751 788 θούσης,
793 715 974 786 πάσης
1010 716 1112 787 τῆς
1152 717 1359 780 πόλεως
1385 719 1465 781 είς
1497 718 1779 773 εὐσέϐειαν
1823 737 2107 792 μεταχρω-

533 798 771 869 σθείσης,
802 797 1124 872 σωφροσύνῃ
1151 798 1244 852 καὶ
1270 798 1558 871 ψαλμῳδίᾳ
1582 800 1690 853 τῶν
1718 800 1909 872 ψυχῶν
1938 820 2108 871 γεγα-

531 882 805 952 νωμένων,
870 884 971 936 οὐκ
1021 882 1249 953 ῆνεγκεν
1310 885 1340 935 0
1403 884 1695 953 μισόκαλος
1762 885 1971 956 δαίμων
2015 888 2109 941 τὸν

530 964 769 1035 δρασμὸν
793 963 900 1017 τῶν
925 966 1014 1017 ὐπ’
1047 965 1212 1018 αὐτοῦ
1236 966 1645 1037 κρατουμένων,
1680 966 1774 1032 οὒς
1800 969 2108 1039 ἀπέστησεν

530 1049 561 1100 0
578 1048 735 1116 λόγος
759 1047 854 1100 τοῦ
882 1049 1094 1119 ’Κυρίου
1117 1050 1205 1103 διά
1231 1049 1331 1119 τῆς
1360 1050 1605 1103 Ἰωάννου
1639 1046 2001 1117 διδασκώίάς·
2031 1055 2108 1118 ὡς

531 1131 655 1195 τοὺς
695 1132 1020 1201 ἱππομανείς
1066 1134 1160 1185 καὶ
1197 1132 1631 1202 θεατροσκόπους
1665 1145 1690 1173 ι
1712 1175 1725 1197 ,
1760 1135 2106 1205 καταλιμπά-

530 1232 720 1280 νοντας
743 1215 841 1278 τὰς
859 1216 1028 1279 αὐλὰς
1063 1215 1159 1290 τοῦ
1188 1215 1453 1278 διαϐόλου,
1480 1216 1752 1286 δρομαίως
1777 1222 1971 1290 χωρεῖν
2015 1221 2106 1274 ἐπὶ

530 1298 628 1369 τὴν
671 1298 910 1369 μάνδραν
949 1297 1040 1352 τοῦ
1077 1288 1356 1370 Σωτῆρος,
1392 1299 1555 1371 ἔρωτι
1596 1299 1698 1371 τῆς
1727 1288 1983 1374 σύριγγος
2010 1302 2104 1356 τοῦ

528 1381 927 1453 φιλοπροϐάτου
951 1383 1224 1452 ποιμένος.

600 1466 757 1520 ΚΕΦ.
791 1468 882 1533 εἶ’.
909 1497 978 1507 -
1015 1468 1109 1520 Ἐκ
1142 1468 1337 1521 τούτου
1374 1458 1887 1539 προκαταλαμϐάνει
1912 1470 2104 1539 φθόνος
2148 1520 2149 1525 η

527 1549 627 1613 τάς
652 1550 890 1614 διανοίας
930 1550 1038 1603 τῶν
1078 1550 1364 1621 μισθωτῶν
1398 1552 1695 1621 ποιμένων.
1733 1553 2103 1623 ἐλεγχομένων

527 1635 593 1687 ἐκ
619 1633 714 1688 τοῦ
744 1634 1110 1705 παραλλήλου.
1139 1633 1230 1705 Μὴ
1259 1634 1575 1704 δυνηθέντες
1606 1634 1663 1689 δὲ
1690 1637 1854 1690 αὐτοῦ
1878 1655 2099 1709 περιγε-

528 1716 734 1778 νέσθαι,
762 1717 851 1770 διά
877 1718 936 1771 10
968 1719 1043 1789 μὴ
1078 1718 1504 1772 ἐπικαλέσασθαι
1537 1721 1628 1773 τὸν
1664 1722 1973 1794 καταλυτῆν
2004 1718 2099 1776 τοῦ

527 1799 725 1869 φθόνου
755 1800 1003 1872 Σωτῆρα,
1034 1800 1292 1854 πλέκουσι
1325 1801 1575 1865 διαϐολὰς
1603 1804 1745 1857 κατά
1781 1804 1875 1858 τοῦ
1919 1806 2099 1861 Ἰωάν-

528 1900 642 1949 νου,
670 1887 1130 1956 μεταποιήσαντες
1158 1885 1323 1939 αὐτοῦ
1356 1902 1506 1950 τινας
1541 1887 1759 1956 ὁμιλίας
1792 1890 1873 1952 είς
1909 1889 2102 1955 ὕθλους

518 1968 670 2023 κατὰ
690 1970 786 2041 τῆς
815 1969 1148 2045 βασιλίσσης,
1173 1970 1267 2023 καὶ
1291 1971 1496 2041 ἐτέρων
1530 1971 1637 2025 τῶν
1660 1973 1718 2025 ἐν
1744 1976 1809 2045 τῇ
1849 1973 1984 2045 αὐλῇ
2006 1966 2099 2029 τοῦ

512 2052 806 2121 βασιλέως.
843 2042 1047 2123 Συνέϐη
1100 2053 1158 2105 δὲ
1203 2054 1322 2107 κατ’
1357 2056 1534 2107 ἐκεῖνο
1569 2054 1763 2126 καιροῦ
1785 2042 2102 2114 ἐπιστάντα

538 2137 808 2200 nam,
864 2136 953 2191 τὸν
1004 2138 1301 2191 ἐπίσκοπον
1354 2137 1597 2209 Βεροίας,
1649 2140 1968 2211 ἀστοχῆσαι,
2022 2143 2098 2206 ὡς

522 2221 725 2289 ελεγεν,
761 2220 1104 2289 καταγωγίου
1137 2218 1321 2274 καλοῦ’
1352 2221 1446 2274 καὶ
1476 2220 1734 2293 λυπηθεὶς
1773 2223 1868 2277 ἐπὶ
1899 2216 2094 2297 τούτῳ,

523 2302 656 2375 ὀργῇ
696 2302 1032 2371 ὑπετυφοῦτο
1072 2301 1148 2367 ὡς
1181 2303 1614 2375 καταφρονηθεὶς
1650 2305 1756 2357 ὑπὸ
1788 2304 1881 2359 τοῦ
1916 2307 2098 2361 Ἰωάν-

520 2402 638 2440 νου.
691 2387 1104 2457 Ἀκατασχέτοις
1139 2387 1195 2440 δὲ
1243 2387 1522 2464 λογισμοῖς
1559 2388 1832 2459 ἡττηθεὶς,
1873 2392 2097 2463 ἐκφέρει

516 2462 678 2539 ’λόγον
731 2470 922 2539 ἄλογον
977 2472 1042 2524 ἐκ
1095 2470 1189 2524 τοῦ
1238 2462 1674 2542 περισσεύματος
1718 2473 1818 2542 τῆς
1869 2462 2099 2546 καρδίας

520 2552 669 2618 ἀξιον
689 2553 788 2624 τῆς
800 2551 965 2608 αὐτοῦ
992 2553 1292 2617 διανοίαςδ,
1313 2554 1402 2607 ἐπί
1426 2572 1587 2607 τινων
1610 2555 1884 2626 κληρικῶν
1920 2558 2099 2613 Ἰωάν-

521 2652 615 2689 νου
659 2636 845 2690 είπών·
900 2636 1039 2705 Ἐγὼ
1078 2637 1227 2707 αὐτῷ
1277 2636 1463 2707 ἀρτύω
1513 2637 1716 2710 χύτραν
1738 2650 1786 2694 ο.
1838 2639 2100 2713 Ἐξαυτῆς

522 2719 886 2788 συγκλωσθεὶς
919 2712 1233 2791 Σευηριανῷ
1261 2722 1355 2773 καὶ
1386 2721 1663 2792 Ἀντιόχῳ,
1705 2722 1794 2776 καὶ
1839 2712 2093 2796 Ἰσαακίῳ

521 2803 792 2876 Συρίσκῳ,
824 2804 1241 2875 περιτρίμματι,
1269 2804 1525 2875 ἀφηγητῇ
1563 2803 2093 2875 ψευδομοναζόντων,

518 2889 577 2941 ἐν
602 2888 944 2956 κακολογίαις
994 2886 1373 2957 κατατριϐέντι
1421 2888 1653 2941 πάντοτε
1693 2888 1836 2942 κατά
1872 2891 2097 2944 ἐπισκό-

521 2989 659 3033 πων,
729 2972 1056 3025 σκέπτονται
1111 2969 1512 3040 θωρακίζεσθαι
1581 2971 1739 3041 δῆθεν
1805 2972 1902 3040 μὲν
1957 2975 2097 3030 κατά

532 3055 797 3116 Ἰωάννου,
828 3054 889 3108 10
922 3054 966 3107 δ’
996 3053 1215 3123 ἀληθὲς,
1236 3053 1379 3107 κατά
1394 3055 1494 3125 τῆς
1519 3055 1674 3122 δόξης
1705 3056 1800 3110 τοῦ
1825 3054 2093 3130 Σωτῆρος.

531 3137 975 3200 ’Δποστείλαντες
1040 3137 1097 3191 δὲ
1161 3136 1375 3207 πρῶτον
1440 3139 1521 3200 είς
1588 3138 1687 3210 τὴν
1758 3141 2095 3211 Ἀντιοχέων,

520 3220 742 3291 ζητοῦσι
773 3221 1022 3291 νεότητος
1047 3219 1211 3274 αὐτοῦ
1248 3220 1647 3293 πλημμελείας.
1690 3223 1776 3287 ἀς
1803 3223 1862 3276 δὲ
1902 3224 2097 3288 ἐξέλι-

520 3320 638 3358 πον
688 3303 1119 3371 ἐξερευνῶντες
1167 3304 1607 3372 ἐξερευνήσας,
1665 3307 1759 3360 καὶ
1801 3308 1898 3378 οὐχ
1941 3303 2097 3380 εὖρον

516 3387 693 3449 οὐδὲν,
720 3388 1136 3442 ἀποστέλλουσιν
1162 3389 1242 3451 είς
1270 3386 1369 3461 τὴν
1406 3388 1811 3461 Ἀλεξάνδρειαν
1835 3388 1971 3463 πρός
1998 3389 2096 3463 τὴν

517 3470 798 3542 εὐχέρειαν
834 3471 1115 3541 Θεοφίλου,
1157 3471 1491 3543 καλουμένου
1527 3473 1859 3542 Ἀμφαλλάξ,
1886 3474 1955 3528 τά
1982 3492 2093 3528 τοι-

517 3551 655 3607 αῦτα
691 3553 875 3622 σοφῶς
919 3553 1443 3625 ἀρχιτεκτονοῦντος*
1477 3556 1555 3618 ὃς,
1584 3555 1812 3625 ἐξαυτῆς
1855 3556 2095 3612 ἀναπτύ-

518 3638 617 3702 ξας
651 3637 718 3689 τά
760 3640 859 3708 τῆς
898 3637 1137 3701 διανοίας
1174 3638 1336 3691 αὐτοῦ
1373 3638 1555 3708 βιϐλία
1601 3639 1738 3710 μετὰ
1763 3639 1965 3711 πολλῆς
1992 3640 2093 3712 τῆς

516 3718 815 3792 λῃστρικῆς
861 3720 1113 3791 ήσυχίας,
1164 3720 1368 3790 ἠρεύνα
1425 3720 1602 3791 ζητῶν
1643 3722 1842 3793 τρόπον
1881 3726 2094 3795 προφά-

516 3819 654 3868 σεως
689 3802 790 3857 κᾶν
815 3804 915 3874 τῆς
941 3804 1230 3875 τυχούσης.
1284 3803 1343 3860 'O
1373 3805 1557 3857 AIAK.
1602 3806 1875 3877 Ἐπίσχες,
1915 3802 1960 3861 ῶ
1990 3809 2095 3862 Πά-

511 3903 631 3958 τερ,
666 3887 773 3941 τῶν
799 3887 976 3956 λόγων
1005 3889 1103 3958 τήν
1130 3888 1329 3959 ῥύμην,
1353 3888 1483 3959 πρὶν
1513 3888 1861 3960 ἐπιλήσομαι,
1895 3892 1980 3945 ἵνα
2012 3910 2092 3947 σοι

512 3970 655 4025 εἴπω
683 3972 783 4044 τὴν
804 3971 912 4026 ἀπὸ
953 3971 1357 4042 Ἀλεξανδρείας
1376 3971 1643 4026 διαϐᾶσαν
1665 3974 1802 4044 πρὸς
1827 3977 1975 4047 ήμᾶς
1999 3980 2092 4032 καὶ

508 4053 905 4129 θρυλληθείσαν
937 4056 1135 4110 αἰτίαν.
1166 4057 1300 4109 Φασὶ
1352 4056 1481 4128 γάρ,
1531 4058 1615 4111 ὅτι
1669 4059 2093 4133 καθαιρεθέντας

500 4137 806 4210 ,κληρικοὺς
828 4138 933 4193 ὐπὸ
964 4138 1220 4209 Θεοφίλου
1250 4138 1466 4205 ἐδέξατο
1500 4140 1754 4212 Ἰωάννης
1791 4145 1870 4208 είς
1900 4162 2091 4200 κοινω-

512 4223 653 4286 νίαν,
696 4225 945 4296 λυπήσας
984 4223 1074 4277 τὸν
1111 4223 1391 4291 Θεόφιλον,
1424 4224 1562 4296 ὅπερ
1611 4226 1712 4279 οὐκ
1744 4226 1869 4281 ἔδει·
1914 4230 1989 4293 ὡς
2027 4234 2091 4285 ἐκ

498 4306 703 4362 ’τούτου
729 4308 1067 4377 διενεχθέντα
1104 4307 1266 4362 αὐτὸν
1308 4312 1557 4380 χωρῆσαι
1596 4310 1739 4365 κατὰ
1773 4312 1867 4366 τοῦ
1911 4314 2091 4369 Ἰωάν-

504 4409 624 4447 ωου.
669 4390 729 4447 Ὀ
767 4392 1013 4447 ἘΠΙΣΚ.
1064 4391 1255 4464 Δῶμεν
1286 4393 1459 4464 ἀληθῆ
1497 4391 1635 4449 εἶναι
1678 4396 1768 4450 τὸν
1801 4398 2089 4470 είρημένον

511 4475 757 4545 θρύλλονσ
789 4474 882 4529 καὶ
906 4476 1203 4529 ἐπισκόπου
1229 4478 1363 4541 ἐστὶ,
1389 4478 1555 4531 κακὸν
1588 4480 1768 4533 ίᾶσθαι
1789 4480 1974 4551 κακῶς
1998 4484 2090 4536 καὶ

508 4559 614 4611 ποῦ
639 4559 702 4613 10
728 4558 1083 4627 εὐαγγελικὸν
1108 4561 1283 4613 ἐκεῖνο
1303 4560 1365 4614 10
1394 4560 1570 4627 λέγον·
1604 4562 1701 4630 Μὴ
1737 4563 2027 4619 ἐπιδυέτω
2056 4569 2090 4621 ό

506 4640 683 4710 ἥλιος
704 4643 802 4697 ἐπὶ
830 4641 910 4709 τῷ
934 4643 1317 4713 παροργισμῷ
1338 4644 1545 4713 ὐμῶν;
1573 4645 1674 4698 ποῦ
1703 4646 1759 4700 δὲ
1779 4648 1840 4700 τὸ
1865 4647 2091 4703 ἀποστοο

506 4725 676 4790 λικδν,
701 4727 852 4780 Νίκα
881 4726 944 4779 τὸ
969 4727 1157 4780 κακόν
1181 4728 1250 4780 ἐν
1270 4726 1351 4793 τῷ
1378 4727 1610 4798 ἀγαθῷ;
1638 4727 1742 4781 ποῦ
1777 4728 1833 4782 δὲ
1860 4729 1922 4783 τὸ
1954 4748 2087 4803 προ-

508 4807 758 4880 φητικδν,
778 4811 859 4863 .El
895 4807 1288 4864 ἀνταπέδωκα
1324 4809 1450 4876 τοῖς
1486 4811 1961 4868 ἁνταποδιδοῦσὶ
1984 4832 2089 4884 μοι

506 4890 692 4955 κακά;
717 4887 856 4945 Εἶτα
883 4887 976 4945 οὖν
1002 4887 1071 4962 ἦν
1097 4892 1524 4965 φιλονεικότερον
1549 4895 1725 4947 εἰπεῖν
1756 4895 2088 4963 ἐγκαλοῦντα

504 4973 600 5026 ἐπὶ
633 4973 881 5027 εὐλαϐῶν
914 4975 1252 5028 ἐπισκόπων
1298 4976 1518 5045 Ἀδελφὲ
1563 4976 1804 5047 Ἰωάννη,
1842 4979 2088 5051 παρῆλθέ

505 5073 567 5109 σε
593 5060 932 5129 πεποιηκότα
955 5059 1017 5112 10
1040 5058 1073 5130 ῆ
1107 5059 1201 5115 10:
1226 5059 1319 5112 καὶ
1341 5060 1433 5113 τὸν
1472 5061 1722 5132 Ἰωάννην
1748 5062 2090 5135 ἀπολογησά-

507 5156 689 5209 μενον,
720 5144 1046 5213 ἠγνοηκέναι
1073 5143 1136 5194 10
1155 5145 1421 5214 πρᾶγμα;
1454 5144 1514 5196 '0
1544 5146 1725 5199 ΔΙΑΚ.
1767 5146 1987 5218 Ἀληθές
2013 5148 2089 5201 εῐο

507 5239 703 5295 ρηκας,
759 5226 814 5279 εί
861 5225 925 5293 γέ
967 5242 1052 5288 τις
1102 5220 1169 5295 ἦν
1208 5226 1266 5277 ἐν
1311 5224 1459 5296 αὐτῷ
1512 5227 1848 5291 καλοθέλεια,
1879 5231 1971 5283 καὶ
2011 5229 2085 5301 μὴ

506 5309 1011 5380 κατεσχηματίζετο
1055 5307 1155 5377 τὴν
1185 5307 1292 5360 τῶν
1326 5307 1603 5379 κληρικῶν
1636 5312 1834 5374 αἰτίαν,
1881 5312 1979 5383 τὴν
2010 5315 2085 5367 ol-

503 5392 659 5447 κείαν
679 5393 852 5465 ὀργὴν
880 5393 1191 5463 ἐκπληρῶν.
1249 5393 1306 5445 '0
1356 5392 1604 5448 'EIIIZK.
1656 5394 1741 5465 Νὴ
1780 5395 1871 5450 τὸν
1922 5396 2084 5466 φόϐον

499 5476 681 5530 τοίνυν
718 5484 811 5530 τὸν
858 5475 952 5529 τοῦ
987 5474 1145 5539 Θεοῦ,
1181 5476 1238 5539 ὃς
1283 5474 1531 5541 δεσπόζει
1566 5477 1674 5530 τῶν
1715 5478 1956 5551 ἀπείρων
1991 5482 2084 5551 φό-

502 5559 630 5623 ϐων,
678 5561 779 5614 οὐκ
816 5558 927 5632 ἐρῶ
982 5576 1064 5612 σοι
1111 5557 1304 5622 ἄλλως,
1347 5557 1460 5613 ἀλλ’
1493 5560 1570 5623 ὡς
1615 5560 1729 5632 ἔχει
1773 5562 1984 5631 φύσεως
2023 5566 2083 5617 τὸ

560 5675 593 5737 ξ
613 5672 1025 5737 Θεατροσκόπους.
1055 5670 1246 5733 tegere
1266 5671 1432 5721 malim
1454 5672 1813 5735 θεατροκόπους.

441 5770 449 5776 ’
560 5732 1302 5807 ἒίὲβοτὲοπαθοινίαςλέη...
1681 5799 1701 5807 -
1774 5796 1839 5807 ..

562 5796 588 5827 ο
616 5791 808 5865 ⁸Ἀριςτῖω
850 5791 1041 5865 χῇτραν.
1068 5791 1153 5844 Sic
1178 5791 1366 5845 Gallice
1400 5793 1643 5845 dicimus:
1667 5799 1731 5847 ,ιε
1768 5796 1839 5847 ιιιί
1869 5800 2079 5865 prépare

496 5868 560 5907 un
578 5852 760 5921 plut'de
778 5852 1033 5920 ηιᾰῖοροπ.

2217 471 2448 542 πρᾶγμα
2486 469 2614 539 περὶ
2638 468 2848 542 τούτων
2882 460 2956 522 ῶν
2984 466 3213 539 εἴρηκας
3249 467 3543 539 κληρικῶν.
3591 467 3792 525 Ἰσίδω-

2220 540 2310 622 ρός
2332 570 2437 615 τις,
2470 540 2841 623 πρεσϐύτερος
2872 550 2953 604 ἐτι
2981 552 3083 622 τῆς
3117 552 3211 605 τοῦ
3250 550 3519 622 μακαρίου
3564 550 3794 606 Ἀθανα-

2219 636 2333 688 σίου
2352 624 2447 689 τοῦ
2479 634 2717 705 μεγάλου
2740 635 3092 706 χειροτονίας,
3118 634 3470 704 ὀγδοηκοστὸν
3499 635 3618 698 ἔτος
3644 634 3794 703 ἄγων
3821 642 3836 658 ⁵

2216 718 2314 789 τὴν
2345 718 2563 789 ήλικίαν
2597 717 2679 784 (δν
2715 717 2862 770 ἴσασι
2905 717 3193 786 Ῥωμαίων
3232 718 3281 769 οἱ
3322 717 3563 771 πλεῖστοι
3595 717 3795 789 ἐγκλη-

2219 800 2512 854 σιαστικῶν
2561 801 2747 854 ἕνεκεν
2791 798 3111 853 είσϐαλόντα
3158 801 3239 862 είς
3286 800 3478 869 αὐτὴν,
3518 800 3793 869 ξενοδόχον

2229 883 2632 954 Ἀλεξανδρείας
2665 882 2813 936 ϐνταο
2844 877 3003 936 οἶσθα
3042 881 3099 935 δὲ
3138 882 3231 935 καὶ
3273 881 3435 946 αὐτὸς
3470 883 3561 935 τὸν
3601 883 3791 954 ἄνδρα,

2216 966 2380 1036 ήνίκα
2426 968 2524 1020 σὺν
2569 966 2810 1036 Ἀκακίῳ
2840 964 3007 1019 ἐλθὼν
3035 964 3135 1035 τὴν
3161 964 3459 1021 Φλαυῖανοῦ
3504 965 3639 1038 πρὸς
3670 966 3795 1020 Θεό-

2217 1049 2369 1119 φιλον
2402 1048 2685 1104 κοινωνίαν
2719 1048 2997 1118 ἐκόμισεν,
3030 1049 3233 1102 εἴκοσιν
3277 1049 3451 1102 ἔτεσιν
3484 1051 3792 1120 ἀπεσχοινι-

2218 1132 2422 1203 σμένην
2451 1131 2723 1202 Εὐαγρίου
2756 1131 2940 1184 ἐνεκεν
2978 1130 3072 1183 τοῦ
3115 1132 3405 1203 μακαρίου,
3437 1132 3531 1186 τοῦ
3565 1134 3792 1200 πολλοὺς

2215 1214 2433 1284 ἀγῶνας
2490 1215 2903 1285 ἀγωνισαμένου
2957 1215 3015 1267 ἐν
3062 1215 3531 1286 ἐκκλησιαπικοίς
3564 1217 3789 1288 πόνοις)⁶

2212 1298 2388 1369 τούτῳ
2436 1298 2515 1369 τῷ
2554 1297 2811 1368 Ἰσιδώρῳ
2838 1298 2974 1368 γυνή
3009 1314 3093 1361 τις
3138 1301 3279 1371 χήρα
3319 1299 3428 1352 τῶν
3455 1301 3793 1371 μεγιστάνων

2211 1381 2396 1436 δίδωσι
2434 1381 2639 1451 χιλίους
2665 1380 2975 1452 χρυσίνους,
3009 1382 3300 1455 όρκώσασα
3323 1382 3484 1437 αὐτὸν
3518 1384 3659 1439 κατὰ
3692 1387 3791 1457 τῆς

2212 1464 2307 1519 τοῦ
2337 1466 2592 1537 Σωτῆρος
2613 1464 2915 1537 τραπέζης,
2953 1466 3397 1537 συναγοράσαντα
3425 1467 3606 1537 ἀμφια
3642 1468 3793 1522 ἐνδῦ-

2214 1561 2304 1603 σαι
2333 1552 2431 1613 τάς
2464 1550 2810 1619 πτωχοτέρας
2846 1549 2954 1601 τῶν
2994 1549 3405 1623 Ἀλεξανδρέων,
3436 1553 3510 1623 μὴ
3544 1553 3792 1622 μεταδόν-

2210 1652 2280 1687 τα
2314 1633 2569 1703 γνώσεως
2618 1632 2698 1702 τῷ
2739 1632 3003 1704 Θεοφίλῳ,
3050 1632 3136 1686 ἵνα
3165 1634 3238 1705 μὴ
3277 1634 3458 1689 λαϐὼν
3488 1636 3647 1697 αὐτὰ,
3677 1641 3789 1703 τοῖς

2210 1717 2381 1782 λίθοις
2402 1715 2819 1789 προσαναλώοῃο
2848 1716 3133 1788 λιθομανία
3152 1719 3261 1786 γάρ
3286 1737 3370 1783 τις
3390 1718 3551 1774 αὐτὸν
3572 1721 3791 1793 Φαραώ-

2211 1818 2321 1865 νιος
2361 1800 2472 1871 ἔχει
2520 1801 2601 1864 είς
2654 1801 3079 1872 οἰκοδομήματα,
3133 1797 3208 1856 ὧν
3240 1803 3489 1874 οὐδαμῶς
3532 1802 3723 1877 χρῄζει
3751 1809 3785 1879 ἡ

2224 1883 2537 1953 Ἐκκλησία.
2579 1884 2689 1936 Kal
2712 1886 2782 1936 τὰ
2817 1883 2917 1953 μὲν
2943 1884 3166 1938 τοιαῦτα
3206 1887 3263 1939 ἐν
3301 1886 3537 1959 δευτέρῳ
3567 1889 3782 1943 κείσθω·

2210 1967 2272 2021 10
2304 1967 2361 2022 δὲ
2388 1969 2712 2036 κατεπεῖγον
2742 1970 2870 2036 περὶ
2893 1966 2988 2020 τοῦ
3018 1968 3052 2021 Ἰ
3062 1967 3289 2040 σιδώρου
3323 1969 3573 2024 ἀκουσονσ
3607 1971 3788 2025 λαϐὼν

2210 2050 2493 2122 τοιγαροῦν
2532 2052 2560 2102 ὁ
2597 2050 2863 2121 Ἰσίδωρος
2894 2050 2962 2104 τά
2986 2052 3317 2121 νομίσματα,
3345 2052 3625 2107 ἀναλίσκει
3666 2059 3788 2120 ταῖς

2212 2134 2534 2204 πενομέναις
2561 2134 2654 2187 καὶ
2680 2137 2799 2197 ταῖς
2827 2134 3044 2205 χήραις.
3080 2135 3262 2203 Ἔγνω
3297 2136 3457 2191 ποθὲν
3482 2140 3510 2191 0
3530 2138 3787 2208 Θεόφιλος

2212 2218 2383 2286 (οὐδὲν
2418 2217 2526 2288 γάρ
2566 2217 2715 2287 αὐτῷ
2750 2218 3005 2272 ἐλάνθανε
3036 2218 3144 2272 τῶν
3174 2219 3447 2291 πανταχοῦ
3476 2224 3784 2295 πραττομέ-

2211 2319 2317 2355 νων
2345 2301 2379 2373 ἢ
2416 2300 2782 2371 λαλουμένων,
2816 2301 2990 2370 ἔχοντι
3024 2304 3392 2377 ἐργοσκόπους
3420 2305 3513 2358 καὶ
3540 2305 3787 2374 λογοσκό-

2210 2403 2362 2449 πους,
2419 2385 2505 2439 ἴνα
2559 2386 2633 2457 μὴ
2684 2385 2858 2447 ἄλλως
2909 2388 3088 2454 εἴπω),
3130 2389 3225 2441 καλ⁴
3273 2388 3660 2460 προσκαλεῖται
3694 2392 3785 2445 τὸν

2221 2470 2507 2539 Ἰσίδωρον,
2542 2468 2921 2539 μετριοπαθῶς
2951 2470 3371 2542 πυνθανόμενος,
3413 2472 3463 2525 εί
3503 2472 3658 2527 ταῦθ’
3687 2473 3781 2529 οὐ.

2208 2570 2315 2617 τως
2371 2551 2505 2623 ἔχει.
2564 2552 2677 2605 Οὐκ
2732 2553 3110 2623 ἀρνησάμενος
3168 2552 3485 2625 ὡμολόγησε
3538 2557 3636 2627 τὴν
3687 2555 3783 2612 τοῦ

2208 2635 2529 2704 πράγματος
2557 2633 2851 2688 διακονίαν.
2890 2636 2948 2687 Ὀ
2972 2635 3029 2689 δὲ
3067 2634 3325 2700 ἀκούσας,
3349 2638 3444 2709 τὴν
3478 2639 3679 2711 σκηνὴν
3704 2641 3785 2694 ἐν,

2208 2717 2484 2781 αλλάσσει,
2512 2716 2607 2771 καὶ
2626 2720 2655 2771 0
2682 2717 2787 2789 πρὸ
2808 2720 2980 2790 ῥοπῆς
3009 2719 3256 2791 ἐπιεικὴς
3286 2722 3377 2774 καὶ
3407 2723 3782 2794 χρηστοφανὴς

2210 2802 2267 2853 ἐν
2318 2803 2383 2871 τῇ
2433 2801 2722 2872 ἐρωτήσει,
2760 2804 2899 2871 μετὰ
2942 2801 3039 2873 τὴν
3066 2796 3238 2873 ῥοπὴν
3272 2803 3485 2874 οίδησεν
3511 2804 3649 2870 ὅλος,
3682 2806 3781 2871 τὰς

2213 2884 2428 2953 μορφάς
2472 2883 2833 2950 ἐναλλάττων,
2888 2883 2986 2955 τῆς
3041 2886 3383 2957 ἀποκρίσεως
3435 2887 3783 2960 είσελθούσης

2208 2966 2302 3020 τοῦ
2365 2966 2655 3039 Ἰσιδώρου.
2719 2970 2827 3022 Καὶ
2884 2963 3080 3041 μικρὸν
3148 2970 3498 3041 ἐφησυχάσας
3566 2972 3777 3044 χρόνον,

2206 3050 2457 3122 καθάπερ
2484 3050 2855 3123 λαθροδάκτης
2882 3052 3049 3113 κύων,
3090 3054 3226 3124 μετά
3254 3054 3346 3108 δύο
3370 3055 3546 3124 μῆνας
3574 3056 3779 3129 προφέ-

2210 3148 2291 3204 ρει
2312 3134 2553 3206 χαρτίον,
2592 3138 2967 3207 συγκροτήσας
2997 3136 3058 3190 10
3089 3138 3365 3210 ἱερατεῖον,
3397 3140 3661 3211 παρόντος
3684 3142 3777 3197 τοῦ

2202 3215 2487 3288 ,Ἰσιδὼρου
2528 3217 2724 3285 λέγων,
2765 3216 2846 3272 ὅτι
2875 3218 3044 3272 Τοῦτο
3071 3220 3338 3292 ἐδεξάμην
3364 3221 3470 3293 πρὸ
3500 3223 3780 3281 δεκαοκτὼ

2205 3299 2362 3365 ἐτῶν,
2407 3299 2667 3372 Ἰσίδωρε,
2696 3301 2838 3356 κατά
2893 3302 3008 3367 σοῦ,
3056 3305 3151 3357 καὶ
3192 3303 3379 3375 ἐπειδὴ
3424 3309 3779 3379 περιάσχολος

2204 3382 2487 3455 ἐγενόμην,
2521 3383 2661 3455 λήθῃ
2684 3385 2972 3455 παρέδωκα
2998 3387 3060 3439 10
3080 3389 3329 3458 πρᾶγμα·
3362 3387 3457 3442 νῦν
3477 3389 3533 3442 δὲ
3562 3391 3780 3460 ἐτέρους

2203 3464 2476 3537 ἐπιζητῶν
2507 3467 2732 3538 χάρτας,
2757 3468 2967 3540 εὕρηκα
2989 3470 3148 3523 τοῦτο
3172 3471 3232 3524 10
3260 3474 3389 3542 περὶ
3418 3472 3512 3526 σοῦ
3534 3474 3774 3545 χαρτίον·

2203 3547 2539 3619 ἀπολόγησαι
2573 3550 2710 3621 πρὸς
2734 3552 2887 3605 αὐτό.
2919 3553 3165 3625 Περιεῖχε
3194 3555 3253 3608 δὲ
3290 3557 3319 3609 0
3344 3556 3549 3628 χάρτης
3581 3556 3777 3630 ἔγκλη-

2206 3649 2281 3703 μα
2326 3631 2393 3710 10
2418 3632 2687 3705 Σοδόμων.
2730 3636 2875 3706 Πρὸς
2918 3637 3093 3691 ταῦτα
3127 3641 3157 3692 0
3188 3638 3454 3710 Ἰσίδωρος
3481 3640 3775 3709 ἀπολογού-

2205 3706 2559 3785 μενοςἾέγει
2622 3717 2700 3787 τῷ
2748 3718 3008 3790 Θεοφίλῳ·
3067 3706 3519 3794 Συγχωρήσωμεν
3577 3706 3775 3795 ἀληθὲς

2201 3795 2361 3878 εἶναι,
2387 3801 2469 3855 ὅτι
2510 3801 2604 3855 καὶ
2642 3801 2808 3869 ἐδέξω
2832 3803 2919 3857 10v
2942 3805 3147 3877 χάρτην
3187 3805 3281 3859 καὶ
3318 3806 3645 3878 παρέπεσεν·
3675 3810 3776 3861 οὐκ

2199 3876 2269 3953 ἦν
2305 3886 2335 3937 0
2365 3882 2487 3948 δοὺς
2516 3884 2609 3937 τὸν
2631 3884 2891 3950 λίϐελλον,
2916 3888 3000 3940 ἵνα
3031 3876 3375 3961 ἐκδευτέρου
3398 3876 3594 3945 τοῦτον
3620 3892 3776 3945 άπαι-

2200 3964 2368 4037 τηθῇς
2402 3967 2543 4038 Πρὸς
2564 3966 2737 4021 ταῦτα
2760 3970 2789 4022 0
2809 3969 3082 4037 Θεόφιλος·
3125 3970 3263 4025 Ἀλλ’
3290 3972 3351 4025 οὐ
3379 3974 3555 4045 παρῆν
3576 3976 3604 4027 0
3624 3976 3772 4038 παῖς.

2200 4048 2470 4121 πλεύστης
2499 4051 2779 4123 ὑπάρχων.
2814 4053 2923 4106 Kal
2950 4054 2978 4105 0
3009 4046 3293 4127 Ἰσίδωρος
3322 4056 3396 4109 Οὐ
3422 4058 3603 4128 παρῆν
3632 4074 3773 4130 παρ-

2200 4131 2359 4192 αυτὰ,
2401 4134 2475 4197 ὼς
2503 4133 2701 4203 λέγεις,
2738 4136 2913 4188 πάπα’
2950 4137 3085 4207 μετὰ
3121 4138 3215 4191 τὸν
3250 4137 3413 4192 πλοῦν
3454 4141 3514 4193 οὐ
3551 4140 3769 4211 παρῆν;

2200 4213 2277 4284 τῷ
2302 4215 2538 4287 δευτέρῳ
2567 4216 2675 4271 έτει
2714 4218 2774 4271 οὐ
2805 4219 3009 4291 παρῆν,
3047 4221 3166 4274 οὐδὲ
3192 4219 3271 4291 τῷ
3300 4222 3467 4293 τρίτῳ
3492 4238 3507 4287 ;
3540 4225 3634 4277 καὶ
3677 4222 3773 4276 νῦν

2199 4298 2247 4349 εί
2308 4299 2559 4369 πάρεστι,
2613 4300 2865 4355 κέλευσον
2920 4303 3109 4372 στῆναι
3153 4305 3245 4357 τὸν
3284 4304 3589 4376 ἄνθρωπον,
3629 4306 3772 4378 Πρὸς

2196 4378 2368 4434 ταῦτα
2411 4384 2440 4435 ὁ
2486 4383 2743 4452 Θεόφιλος
2787 4386 2878 4438 ὑπ’
2910 4386 3081 4457 αὐτῆς
3125 4390 3221 4457 τῆς
3265 4387 3521 4459 ἀληθείας
3563 4388 3771 4458 μέλλων

2198 4465 2671 4538 εὐκαταφρόνητος
2719 4468 2985 4536 γίνεσθαι,
3038 4470 3394 4527 ἀναϐάλλεται
3437 4474 3519 4536 είς
3560 4474 3771 4544 ἡμέραν

2198 4549 2408 4619 ἐτέραν.
2451 4551 2559 4603 Kal
2600 4551 2909 4621 λιπαρήσας
2952 4551 3076 4605 τινὰ
3124 4556 3404 4608 νεανίσκον
3446 4557 3770 4628 ὑποσχέσεσι

2198 4630 2417 4696 πολλαῖς
2432 4628 2481 4697 ἀ,
2510 4633 2727 4704 ἤλειψεν
2764 4637 2844 4698 είς
2884 4637 3218 4708 κατηγορίαν
3264 4638 3404 4692 κατὰ
3439 4639 3534 4695 τοῦ
3569 4638 3771 4695 Ἰσιδώ-

2201 4730 2315 4784 ρου,
2350 4714 2473 4779 δοὺς
2507 4717 2675 4787 αὐτῷ,
2707 4717 2784 4781 ὥς
2832 4736 2985 4788 φασι,
3030 4721 3419 4777 πεντεκαίδεκα
3464 4722 3765 4795 χρυσίνους,

2196 4797 2256 4861 ὃς
2282 4797 2513 4867 ἐξαυτῆς
2546 4800 2857 4855 ἀνατίθεται
2882 4805 2949 4874 τῇ
2989 4805 3175 4876 μητρί.
3209 4806 3273 4858 Ἠ
3298 4806 3354 4860 δὲ
3385 4805 3542 4860 τοῦτο
3572 4807 3671 4879 μέν
3706 4809 3766 4861 οὐ

2196 4880 2520 4946 κατεδέξατο
2562 4884 2668 4937 ὐπὸ
2721 4885 2815 4939 τοῦ
2860 4888 3113 4952 ἀκλινοῦς
3166 4889 3465 4961 ὀφθαλμοῦ,
3509 4889 3667 4944 τοῦτο
3710 4890 3766 4945 δὲ

2198 4965 2301 5018 ὑπὸ
2333 4965 2426 5019 τοῦ
2449 4966 2599 5032 δέους
2620 4968 2727 5023 τῶν
2756 4971 2938 5041 νόμων
2968 4973 3360 5042 ἀνατραπεῖσα,
3393 4974 3762 5047 ἐνθυμουμένη

2199 5049 2407 5118 μήποτε
2448 5051 2478 5103 ὁ
2505 5052 2775 5124 Ἰσίδωρος
2816 5055 3243 5125 συκοφαντηθείς
3284 5057 3645 5126 ἐκκαλέσηται
3674 5061 3764 5113 ἐπὶ

2195 5130 2287 5182 τὸν
2304 5131 2547 5213 ,ἄρχοντα
2584 5135 2691 5187 τῶν
2726 5136 2932 5206 δήμων,
2965 5136 3215 5201 ἐλθοῦσα,
3241 5139 3493 5208 ὁμολογεῖ
3508 5140 3607 5211 τὴν
3632 5141 3763 5213 δρα-

2198 5212 2533 5286 ματουργίαν
2560 5216 2636 5287 τῷ
2679 5218 2951 5291 Ἰσιδώρῳ,
2985 5220 3207 5286 δείξασα
3239 5222 3387 5292 αὐτῷ
3412 5223 3539 5287 τοὺς
3572 5212 3762 5295 χρυσί-

2195 5312 2337 5361 νους,
2368 5297 2462 5362 οὒς
2486 5298 2638 5368 ἐλεγέ
2679 5302 2830 5373 παρά
2857 5303 2959 5373 τῆς
2987 5305 3221 5375 ἀδελφῆς
3258 5304 3514 5374 Θεοφίλου
3545 5306 3763 5377 εἰληφέ-

2195 5397 2301 5443 ναι,
2334 5381 2518 5450 μισθδν
2574 5384 2714 5439 κατά
2765 5384 2861 5439 τοῦ
2916 5387 3112 5442 ἀθὼου.
3165 5389 3275 5441 Kal
3325 5388 3462 5460 αῦτη
3528 5390 3628 5461 μὲν
3678 5390 3763 5445 διὰ

2196 5463 2381 5525 πολλὰ,
2441 5464 2729 5538 ἐξαιρέτως
2786 5470 2843 5523 δὲ
2891 5470 2979 5523 διὰ
3027 5470 3185 5524 τοῦτο
3225 5471 3324 5542 τὴν
3370 5472 3527 5541 ἀξίαν
3567 5474 3761 5529 τίσασα

2193 5548 2383 5620 ποινὴν
2406 5548 2652 5621 τελευτᾷ,
2683 5553 2808 5616 τούς
2841 5554 3078 5624 μαστοὺς
3105 5557 3588 5630 χειρουργουμένη.
3622 5559 3760 5631 Πρὸς

2190 5632 2361 5683 ταῦτα
2402 5634 2430 5685 0
2476 5631 2739 5703 Ἰσίδωρος
2774 5634 2965 5704 ἔμενεν
3001 5636 3160 5697 οἴκοι,
3200 5639 3293 5692 τὸν
3316 5638 3449 5693 Θεὸν
3483 5641 3755 5698 ἱκετεύων.

2201 5716 2259 5767 'U
2299 5715 2356 5768 δὲ
2390 5716 2690 5780 νεανίσκος.
2726 5717 2788 5771 τὸ
2822 5718 2919 5789 μὲν
2943 5719 3068 5785 τοὺς
3089 5720 3284 5793 νόμους
3318 5723 3671 5797 φοϐούμενος,
3701 5725 3757 5782 τί,

2249 5846 2275 5887 ἀ
2300 5850 2476 5914 Georg.
2502 5854 2765 5912 πολυύλοις.
