  <div class='ocr_page' id='page_1' title='image "/cluster/home/n/w/nwhite01/storage/ocr_20150623/47/nnc1.0046978321/078.png"; bbox 0 0 4114 6392; ppageno 0'>
   <div class='ocr_carea' id='block_1_1' title="bbox 336 372 3606 438">
    <p class='ocr_par' dir='ltr' id='par_1_1' title="bbox 336 372 3606 438">
     <span class='ocr_line' id='line_1_1' title="bbox 336 372 3606 438; baseline -0.001 0"><span class='ocrx_word' id='word_1_1' title='bbox 336 384 399 438; x_wconf 77' lang='lat'><strong>2!</strong></span> <span class='ocrx_word' id='word_1_2' title='bbox 1358 377 1443 431; x_wconf 84' lang='lat' dir='ltr'><strong>DE</strong></span> <span class='ocrx_word' id='word_1_3' title='bbox 1484 372 1639 430; x_wconf 80' lang='lat' dir='ltr'><strong>VITA</strong></span> <span class='ocrx_word' id='word_1_4' title='bbox 1674 376 1735 430; x_wconf 84' lang='lat' dir='ltr'><strong>S.</strong></span> <span class='ocrx_word' id='word_1_5' title='bbox 1776 373 2049 429; x_wconf 82' lang='lat' dir='ltr'><strong>JOANNIS</strong></span> <span class='ocrx_word' id='word_1_6' title='bbox 2085 372 2577 431; x_wconf 75' lang='lat' dir='ltr'><strong>CHRYSOSTOMI.</strong></span> <span class='ocrx_word' id='word_1_7' title='bbox 3538 379 3606 434; x_wconf 64' lang='lat'><strong>23</strong></span> 
     </span>
    </p>
   </div>
   <div class='ocr_carea' id='block_1_2' title="bbox 342 490 1917 560">
    <p class='ocr_par' dir='ltr' id='par_1_2' title="bbox 342 490 1917 560">
     <span class='ocr_line' id='line_1_2' title="bbox 342 490 1917 560; baseline -0.007 -8"><span class='ocrx_word' id='word_1_8' title='bbox 342 500 410 552; x_wconf 87' lang='lat' dir='ltr'><strong>ita</strong></span> <span class='ocrx_word' id='word_1_9' title='bbox 439 512 487 552; x_wconf 61' lang='lat' dir='ltr'><strong>sit</strong></span> <span class='ocrx_word' id='word_1_10' title='bbox 528 498 815 560; x_wconf 80' lang='lat' dir='ltr'><strong>haberent,</strong></span> <span class='ocrx_word' id='word_1_11' title='bbox 849 493 1084 548; x_wconf 81' lang='lat' dir='ltr'><strong>Ecclesia</strong></span> <span class='ocrx_word' id='word_1_12' title='bbox 1125 494 1173 545; x_wconf 91' lang='lat' dir='ltr'><strong>in</strong></span> <span class='ocrx_word' id='word_1_13' title='bbox 1206 492 1317 546; x_wconf 87' lang='lat' dir='ltr'><strong>dies</strong></span> <span class='ocrx_word' id='word_1_14' title='bbox 1348 490 1712 545; x_wconf 88' lang='lat' dir='ltr'><strong>efflorescente</strong></span> <span class='ocrx_word' id='word_1_15' title='bbox 1735 491 1785 543; x_wconf 91' lang='lat' dir='ltr'><strong>in</strong></span> <span class='ocrx_word' id='word_1_16' title='bbox 1807 505 1917 542; x_wconf 83' lang='lat' dir='ltr'><strong>me-</strong></span> 
     </span>
    </p>
   </div>
   <div class='ocr_carea' id='block_1_3' title="bbox 340 580 1916 652">
    <p class='ocr_par' dir='ltr' id='par_1_3' title="bbox 340 580 1916 652">
     <span class='ocr_line' id='line_1_3' title="bbox 340 580 1916 652; baseline -0.006 -11"><span class='ocrx_word' id='word_1_17' title='bbox 340 588 443 641; x_wconf 92' lang='lat' dir='ltr'><strong>lius</strong></span> <span class='ocrx_word' id='word_1_18' title='bbox 464 628 480 651; x_wconf 92' lang='lat'><strong>,</strong></span> <span class='ocrx_word' id='word_1_19' title='bbox 507 596 561 641; x_wconf 84' lang='lat' dir='ltr'><strong>et</strong></span> <span class='ocrx_word' id='word_1_20' title='bbox 588 597 697 640; x_wconf 89' lang='lat' dir='ltr'><strong>tota</strong></span> <span class='ocrx_word' id='word_1_21' title='bbox 727 586 939 639; x_wconf 91' lang='lat' dir='ltr'><strong>civitate</strong></span> <span class='ocrx_word' id='word_1_22' title='bbox 970 584 1020 636; x_wconf 90' lang='lat' dir='ltr'><strong>iu</strong></span> <span class='ocrx_word' id='word_1_23' title='bbox 1058 583 1311 652; x_wconf 90' lang='lat' dir='ltr'><strong>pietatem</strong></span> <span class='ocrx_word' id='word_1_24' title='bbox 1356 582 1726 635; x_wconf 80' lang='lat' dir='ltr'><strong>transformata</strong></span> <span class='ocrx_word' id='word_1_25' title='bbox 1753 622 1766 645; x_wconf 95' lang='lat'><strong>,</strong></span> <span class='ocrx_word' id='word_1_26' title='bbox 1798 580 1916 632; x_wconf 77' lang='lat' dir='ltr'><strong>ani-</strong></span> 
     </span>
    </p>
   </div>
   <div class='ocr_carea' id='block_1_4' title="bbox 341 669 1914 744">
    <p class='ocr_par' dir='ltr' id='par_1_4' title="bbox 341 669 1914 744">
     <span class='ocr_line' id='line_1_4' title="bbox 341 669 1914 744; baseline -0.006 -14"><span class='ocrx_word' id='word_1_27' title='bbox 341 678 633 744; x_wconf 72' lang='lat' dir='ltr'><strong>mabusqae</strong></span> <span class='ocrx_word' id='word_1_28' title='bbox 661 675 905 728; x_wconf 87' lang='lat' dir='ltr'><strong>castitate</strong></span> <span class='ocrx_word' id='word_1_29' title='bbox 934 682 988 727; x_wconf 87' lang='lat' dir='ltr'><strong>et</strong></span> <span class='ocrx_word' id='word_1_30' title='bbox 1017 671 1309 743; x_wconf 82' lang='lat' dir='ltr'><strong>pSalmodia</strong></span> <span class='ocrx_word' id='word_1_31' title='bbox 1358 669 1764 735; x_wconf 79' lang='lat' dir='ltr'><strong>exsultantibus,</strong></span> <span class='ocrx_word' id='word_1_32' title='bbox 1811 682 1914 722; x_wconf 93' lang='lat' dir='ltr'><strong>non</strong></span> 
     </span>
    </p>
   </div>
   <div class='ocr_carea' id='block_1_5' title="bbox 341 760 1917 831">
    <p class='ocr_par' dir='ltr' id='par_1_5' title="bbox 341 760 1917 831">
     <span class='ocr_line' id='line_1_5' title="bbox 341 760 1917 831; baseline -0.006 -9"><span class='ocrx_word' id='word_1_33' title='bbox 341 768 461 823; x_wconf 91' lang='lat' dir='ltr'><strong>tulit</strong></span> <span class='ocrx_word' id='word_1_34' title='bbox 491 768 750 820; x_wconf 89' lang='lat' dir='ltr'><strong>bonorum</strong></span> <span class='ocrx_word' id='word_1_35' title='bbox 780 780 904 818; x_wconf 88' lang='lat' dir='ltr'><strong>osor</strong></span> <span class='ocrx_word' id='word_1_36' title='bbox 925 764 1131 817; x_wconf 64' lang='lat' dir='ltr'><strong>daemon</strong></span> <span class='ocrx_word' id='word_1_37' title='bbox 1160 762 1335 831; x_wconf 88' lang='lat' dir='ltr'><strong>fugam</strong></span> <span class='ocrx_word' id='word_1_38' title='bbox 1362 776 1545 816; x_wconf 92' lang='lat' dir='ltr'><strong>eorum</strong></span> <span class='ocrx_word' id='word_1_39' title='bbox 1572 760 1658 830; x_wconf 90' lang='lat' dir='ltr'><strong>qui</strong></span> <span class='ocrx_word' id='word_1_40' title='bbox 1689 760 1754 814; x_wconf 91' lang='lat' dir='ltr'><strong>ab</strong></span> <span class='ocrx_word' id='word_1_41' title='bbox 1802 760 1917 827; x_wconf 90' lang='lat' dir='ltr'><strong>ipso</strong></span> 
     </span>
    </p>
   </div>
   <div class='ocr_carea' id='block_1_6' title="bbox 342 850 1916 925">
    <p class='ocr_par' dir='ltr' id='par_1_6' title="bbox 342 850 1916 925">
     <span class='ocr_line' id='line_1_6' title="bbox 342 850 1916 925; baseline -0.007 -11"><span class='ocrx_word' id='word_1_42' title='bbox 342 860 658 914; x_wconf 82' lang='lat' dir='ltr'><strong>tenebantur</strong></span> <span class='ocrx_word' id='word_1_43' title='bbox 676 901 691 920; x_wconf 81' lang='lat'><strong>,</strong></span> <span class='ocrx_word' id='word_1_44' title='bbox 714 873 846 925; x_wconf 90' lang='lat' dir='ltr'><strong>quos</strong></span> <span class='ocrx_word' id='word_1_45' title='bbox 873 856 1077 910; x_wconf 89' lang='lat' dir='ltr'><strong>Domini</strong></span> <span class='ocrx_word' id='word_1_46' title='bbox 1106 870 1282 909; x_wconf 89' lang='lat' dir='ltr'><strong>sermo</strong></span> <span class='ocrx_word' id='word_1_47' title='bbox 1304 870 1396 923; x_wconf 89' lang='lat' dir='ltr'><strong>per</strong></span> <span class='ocrx_word' id='word_1_48' title='bbox 1419 852 1639 906; x_wconf 87' lang='lat' dir='ltr'><strong>Joannis</strong></span> <span class='ocrx_word' id='word_1_49' title='bbox 1667 850 1916 920; x_wconf 75' lang='lat' dir='ltr'><strong>przedica-</strong></span> 
     </span>
    </p>
   </div>
   <div class='ocr_carea' id='block_1_7' title="bbox 342 943 1917 1012">
    <p class='ocr_par' dir='ltr' id='par_1_7' title="bbox 342 943 1917 1012">
     <span class='ocr_line' id='line_1_7' title="bbox 342 943 1917 1012; baseline -0.006 -8"><span class='ocrx_word' id='word_1_50' title='bbox 342 951 539 1004; x_wconf 84' lang='lat' dir='ltr'><strong>tionem</strong></span> <span class='ocrx_word' id='word_1_51' title='bbox 570 950 637 1003; x_wconf 90' lang='lat' dir='ltr'><strong>ab</strong></span> <span class='ocrx_word' id='word_1_52' title='bbox 667 965 731 1003; x_wconf 89' lang='lat' dir='ltr'><strong>eo</strong></span> <span class='ocrx_word' id='word_1_53' title='bbox 761 958 1031 1000; x_wconf 88' lang='lat' dir='ltr'><strong>amoverat</strong></span> <span class='ocrx_word' id='word_1_54' title='bbox 1056 965 1067 999; x_wconf 91' lang='lat'><strong>:</strong></span> <span class='ocrx_word' id='word_1_55' title='bbox 1101 948 1168 999; x_wconf 91' lang='lat' dir='ltr'><strong>ita</strong></span> <span class='ocrx_word' id='word_1_56' title='bbox 1197 944 1366 1012; x_wconf 89' lang='lat' dir='ltr'><strong>utqui</strong></span> <span class='ocrx_word' id='word_1_57' title='bbox 1404 944 1529 997; x_wconf 90' lang='lat' dir='ltr'><strong>circi</strong></span> <span class='ocrx_word' id='word_1_58' title='bbox 1567 958 1748 996; x_wconf 90' lang='lat' dir='ltr'><strong>amore</strong></span> <span class='ocrx_word' id='word_1_59' title='bbox 1778 943 1917 995; x_wconf 88' lang='lat' dir='ltr'><strong>insa-</strong></span> 
     </span>
    </p>
   </div>
   <div class='ocr_carea' id='block_1_8' title="bbox 339 1033 1916 1104">
    <p class='ocr_par' dir='ltr' id='par_1_8' title="bbox 339 1033 1916 1104">
     <span class='ocr_line' id='line_1_8' title="bbox 339 1033 1916 1104; baseline -0.006 -10"><span class='ocrx_word' id='word_1_60' title='bbox 339 1041 555 1094; x_wconf 89' lang='lat' dir='ltr'><strong>niebant</strong></span> <span class='ocrx_word' id='word_1_61' title='bbox 602 1049 655 1093; x_wconf 90' lang='lat' dir='ltr'><strong>et</strong></span> <span class='ocrx_word' id='word_1_62' title='bbox 703 1038 1037 1091; x_wconf 90' lang='lat' dir='ltr'><strong>theatralium</strong></span> <span class='ocrx_word' id='word_1_63' title='bbox 1066 1035 1522 1104; x_wconf 81' lang='lat' dir='ltr'><strong>spectaculorum,</strong></span> <span class='ocrx_word' id='word_1_64' title='bbox 1566 1033 1763 1086; x_wconf 80' lang='lat' dir='ltr'><strong>relictis</strong></span> <span class='ocrx_word' id='word_1_65' title='bbox 1803 1033 1916 1085; x_wconf 85' lang='lat' dir='ltr'><strong>dia-</strong></span> 
     </span>
    </p>
   </div>
   <div class='ocr_carea' id='block_1_9' title="bbox 342 1128 1912 1194">
    <p class='ocr_par' dir='ltr' id='par_1_9' title="bbox 342 1128 1912 1194">
     <span class='ocr_line' id='line_1_9' title="bbox 342 1128 1912 1194; baseline -0.006 -7"><span class='ocrx_word' id='word_1_66' title='bbox 342 1133 445 1189; x_wconf 78' lang='lat' dir='ltr'><strong>boli</strong></span> <span class='ocrx_word' id='word_1_67' title='bbox 472 1132 626 1185; x_wconf 90' lang='lat' dir='ltr'><strong>atriis</strong></span> <span class='ocrx_word' id='word_1_68' title='bbox 644 1173 658 1194; x_wconf 92' lang='lat'><strong>,</strong></span> <span class='ocrx_word' id='word_1_69' title='bbox 686 1132 884 1184; x_wconf 90' lang='lat' dir='ltr'><strong>cursim</strong></span> <span class='ocrx_word' id='word_1_70' title='bbox 910 1130 977 1183; x_wconf 93' lang='lat' dir='ltr'><strong>ad</strong></span> <span class='ocrx_word' id='word_1_71' title='bbox 1003 1130 1181 1183; x_wconf 88' lang='lat' dir='ltr'><strong>caulas</strong></span> <span class='ocrx_word' id='word_1_72' title='bbox 1226 1128 1524 1182; x_wconf 88' lang='lat' dir='ltr'><strong>Servatoris</strong></span> <span class='ocrx_word' id='word_1_73' title='bbox 1565 1129 1912 1190; x_wconf 89' lang='lat' dir='ltr'><strong>accederent,</strong></span> 
     </span>
    </p>
   </div>
   <div class='ocr_carea' id='block_1_10' title="bbox 339 1217 1644 1293">
    <p class='ocr_par' dir='ltr' id='par_1_10' title="bbox 339 1217 1644 1293">
     <span class='ocr_line' id='line_1_10' title="bbox 339 1217 1644 1293; baseline -0.005 -15"><span class='ocrx_word' id='word_1_74' title='bbox 339 1225 478 1293; x_wconf 90' lang='lat' dir='ltr'><strong>capti</strong></span> <span class='ocrx_word' id='word_1_75' title='bbox 506 1238 689 1276; x_wconf 92' lang='lat' dir='ltr'><strong>amore</strong></span> <span class='ocrx_word' id='word_1_76' title='bbox 719 1222 906 1275; x_wconf 78' lang='lat' dir='ltr'><strong>fistul-.e</strong></span> <span class='ocrx_word' id='word_1_77' title='bbox 936 1220 1159 1287; x_wconf 87' lang='lat' dir='ltr'><strong>pastoris</strong></span> <span class='ocrx_word' id='word_1_78' title='bbox 1190 1220 1366 1272; x_wconf 90' lang='lat' dir='ltr'><strong>ovium</strong></span> <span class='ocrx_word' id='word_1_79' title='bbox 1398 1217 1644 1271; x_wconf 87' lang='lat' dir='ltr'><strong>amantis.</strong></span> 
     </span>
    </p>
   </div>
   <div class='ocr_carea' id='block_1_11' title="bbox 407 1312 1917 1378">
    <p class='ocr_par' dir='ltr' id='par_1_11' title="bbox 407 1312 1917 1378">
     <span class='ocr_line' id='line_1_11' title="bbox 407 1312 1917 1378; baseline -0.006 -8"><span class='ocrx_word' id='word_1_80' title='bbox 407 1315 537 1370; x_wconf 70' lang='lat' dir='ltr'><strong>CAP.</strong></span> <span class='ocrx_word' id='word_1_81' title='bbox 566 1331 709 1368; x_wconf 84' lang='lat' dir='ltr'><strong>vt.â€”</strong></span> <span class='ocrx_word' id='word_1_82' title='bbox 737 1314 814 1367; x_wconf 81' lang='lat' dir='ltr'><strong>Ex</strong></span> <span class='ocrx_word' id='word_1_83' title='bbox 843 1314 944 1367; x_wconf 93' lang='lat' dir='ltr'><strong>hoc</strong></span> <span class='ocrx_word' id='word_1_84' title='bbox 986 1312 1439 1367; x_wconf 90' lang='lat' dir='ltr'><strong>mercenariorum</strong></span> <span class='ocrx_word' id='word_1_85' title='bbox 1463 1318 1734 1378; x_wconf 89' lang='lat' dir='ltr'><strong>pastorum</strong></span> <span class='ocrx_word' id='word_1_86' title='bbox 1768 1323 1917 1361; x_wconf 83' lang='lat' dir='ltr'><strong>men-</strong></span> 
     </span>
    </p>
   </div>
   <div class='ocr_carea' id='block_1_12' title="bbox 342 1400 1912 1473">
    <p class='ocr_par' dir='ltr' id='par_1_12' title="bbox 342 1400 1912 1473">
     <span class='ocr_line' id='line_1_12' title="bbox 342 1400 1912 1473; baseline -0.006 -13"><span class='ocrx_word' id='word_1_87' title='bbox 342 1415 423 1461; x_wconf 84' lang='lat' dir='ltr'><strong>tes</strong></span> <span class='ocrx_word' id='word_1_88' title='bbox 453 1406 587 1460; x_wconf 87' lang='lat' dir='ltr'><strong>livor</strong></span> <span class='ocrx_word' id='word_1_89' title='bbox 614 1414 837 1473; x_wconf 85' lang='lat' dir='ltr'><strong>occupat</strong></span> <span class='ocrx_word' id='word_1_90' title='bbox 860 1445 875 1466; x_wconf 83' lang='lat'><strong>,</strong></span> <span class='ocrx_word' id='word_1_91' title='bbox 907 1404 995 1473; x_wconf 92' lang='lat' dir='ltr'><strong>qui</strong></span> <span class='ocrx_word' id='word_1_92' title='bbox 1025 1418 1089 1457; x_wconf 77' lang='lat' dir='ltr'><strong>ex</strong></span> <span class='ocrx_word' id='word_1_93' title='bbox 1120 1402 1514 1470; x_wconf 87' lang='lat' dir='ltr'><strong>comparatione</strong></span> <span class='ocrx_word' id='word_1_94' title='bbox 1539 1400 1912 1469; x_wconf 88' lang='lat' dir='ltr'><strong>arguebantur.</strong></span> 
     </span>
    </p>
   </div>
   <div class='ocr_carea' id='block_1_13' title="bbox 339 1490 1914 1565">
    <p class='ocr_par' dir='ltr' id='par_1_13' title="bbox 339 1490 1914 1565">
     <span class='ocr_line' id='line_1_13' title="bbox 339 1490 1914 1565; baseline -0.006 -13"><span class='ocrx_word' id='word_1_95' title='bbox 339 1498 439 1565; x_wconf 86' lang='lat' dir='ltr'><strong>Qui</strong></span> <span class='ocrx_word' id='word_1_96' title='bbox 468 1515 585 1552; x_wconf 91' lang='lat' dir='ltr'><strong>cum</strong></span> <span class='ocrx_word' id='word_1_97' title='bbox 608 1514 727 1553; x_wconf 88' lang='lat' dir='ltr'><strong>eum</strong></span> <span class='ocrx_word' id='word_1_98' title='bbox 758 1512 1009 1565; x_wconf 72' lang='lat' dir='ltr'><strong>superare</strong></span> <span class='ocrx_word' id='word_1_99' title='bbox 1038 1511 1142 1548; x_wconf 91' lang='lat' dir='ltr'><strong>non</strong></span> <span class='ocrx_word' id='word_1_100' title='bbox 1176 1494 1498 1554; x_wconf 89' lang='lat' dir='ltr'><strong>valuissent,</strong></span> <span class='ocrx_word' id='word_1_101' title='bbox 1532 1507 1597 1545; x_wconf 91' lang='lat' dir='ltr'><strong>eo</strong></span> <span class='ocrx_word' id='word_1_102' title='bbox 1634 1490 1774 1561; x_wconf 87' lang='lat' dir='ltr'><strong>quod</strong></span> <span class='ocrx_word' id='word_1_103' title='bbox 1810 1506 1914 1543; x_wconf 92' lang='lat' dir='ltr'><strong>non</strong></span> 
     </span>
    </p>
   </div>
   <div class='ocr_carea' id='block_1_14' title="bbox 338 1581 1908 1644">
    <p class='ocr_par' dir='ltr' id='par_1_14' title="bbox 338 1581 1908 1644">
     <span class='ocr_line' id='line_1_14' title="bbox 338 1581 1908 1644; baseline -0.008 0"><span class='ocrx_word' id='word_1_104' title='bbox 338 1589 657 1644; x_wconf 86' lang='lat' dir='ltr'><strong>advocarent</strong></span> <span class='ocrx_word' id='word_1_105' title='bbox 685 1587 899 1642; x_wconf 67' lang='lat' dir='ltr'><strong>invidiae</strong></span> <span class='ocrx_word' id='word_1_106' title='bbox 920 1587 1306 1642; x_wconf 84' lang='lat' dir='ltr'><strong>destructorem</strong></span> <span class='ocrx_word' id='word_1_107' title='bbox 1354 1581 1673 1636; x_wconf 92' lang='lat' dir='ltr'><strong>Dominum:</strong></span> <span class='ocrx_word' id='word_1_108' title='bbox 1707 1581 1908 1633; x_wconf 88' lang='lat' dir='ltr'><strong>calum-</strong></span> 
     </span>
    </p>
   </div>
   <div class='ocr_carea' id='block_1_15' title="bbox 341 1670 1914 1741">
    <p class='ocr_par' dir='ltr' id='par_1_15' title="bbox 341 1670 1914 1741">
     <span class='ocr_line' id='line_1_15' title="bbox 341 1670 1914 1741; baseline -0.006 -8"><span class='ocrx_word' id='word_1_109' title='bbox 341 1681 455 1734; x_wconf 86' lang='lat' dir='ltr'><strong>nias</strong></span> <span class='ocrx_word' id='word_1_110' title='bbox 483 1688 699 1733; x_wconf 85' lang='lat' dir='ltr'><strong>nectunt</strong></span> <span class='ocrx_word' id='word_1_111' title='bbox 722 1678 972 1731; x_wconf 88' lang='lat' dir='ltr'><strong>adversus</strong></span> <span class='ocrx_word' id='word_1_112' title='bbox 989 1676 1247 1730; x_wconf 90' lang='lat' dir='ltr'><strong>Joannem</strong></span> <span class='ocrx_word' id='word_1_113' title='bbox 1273 1714 1287 1739; x_wconf 89' lang='lat'><strong>,</strong></span> <span class='ocrx_word' id='word_1_114' title='bbox 1316 1672 1576 1741; x_wconf 87' lang='lat' dir='ltr'><strong>aliquibus</strong></span> <span class='ocrx_word' id='word_1_115' title='bbox 1601 1671 1714 1740; x_wconf 86' lang='lat' dir='ltr'><strong>ejus</strong></span> <span class='ocrx_word' id='word_1_116' title='bbox 1745 1670 1914 1724; x_wconf 89' lang='lat' dir='ltr'><strong>homi-</strong></span> 
     </span>
    </p>
   </div>
   <div class='ocr_carea' id='block_1_16' title="bbox 342 1761 1913 1836">
    <p class='ocr_par' dir='ltr' id='par_1_16' title="bbox 342 1761 1913 1836">
     <span class='ocr_line' id='line_1_16' title="bbox 342 1761 1913 1836; baseline -0.007 -12"><span class='ocrx_word' id='word_1_117' title='bbox 342 1771 425 1824; x_wconf 91' lang='lat' dir='ltr'><strong>liis</strong></span> <span class='ocrx_word' id='word_1_118' title='bbox 459 1770 683 1824; x_wconf 83' lang='lat' dir='ltr'><strong>detortis</strong></span> <span class='ocrx_word' id='word_1_119' title='bbox 724 1768 774 1821; x_wconf 91' lang='lat' dir='ltr'><strong>in</strong></span> <span class='ocrx_word' id='word_1_120' title='bbox 809 1770 959 1836; x_wconf 87' lang='lat' dir='ltr'><strong>jocos</strong></span> <span class='ocrx_word' id='word_1_121' title='bbox 984 1766 1241 1819; x_wconf 88' lang='lat' dir='ltr'><strong>adversus</strong></span> <span class='ocrx_word' id='word_1_122' title='bbox 1266 1764 1554 1833; x_wconf 70' lang='lat' dir='ltr'><strong>Augustam</strong></span> <span class='ocrx_word' id='word_1_123' title='bbox 1596 1772 1649 1816; x_wconf 91' lang='lat' dir='ltr'><strong>et</strong></span> <span class='ocrx_word' id='word_1_124' title='bbox 1687 1761 1818 1815; x_wconf 90' lang='lat' dir='ltr'><strong>alios</strong></span> <span class='ocrx_word' id='word_1_125' title='bbox 1848 1776 1913 1813; x_wconf 88' lang='lat' dir='ltr'><strong>ex</strong></span> 
     </span>
    </p>
   </div>
   <div class='ocr_carea' id='block_1_17' title="bbox 339 1853 1914 1929">
    <p class='ocr_par' dir='ltr' id='par_1_17' title="bbox 339 1853 1914 1929">
     <span class='ocr_line' id='line_1_17' title="bbox 339 1853 1914 1929; baseline -0.008 -13"><span class='ocrx_word' id='word_1_126' title='bbox 339 1863 459 1916; x_wconf 88' lang='lat' dir='ltr'><strong>aula</strong></span> <span class='ocrx_word' id='word_1_127' title='bbox 486 1859 845 1929; x_wconf 89' lang='lat' dir='ltr'><strong>Imperatoris.</strong></span> <span class='ocrx_word' id='word_1_128' title='bbox 868 1858 1100 1927; x_wconf 84' lang='lat' dir='ltr'><strong>Contigit</strong></span> <span class='ocrx_word' id='word_1_129' title='bbox 1123 1867 1297 1910; x_wconf 93' lang='lat' dir='ltr'><strong>autem</strong></span> <span class='ocrx_word' id='word_1_130' title='bbox 1323 1865 1379 1908; x_wconf 90' lang='lat' dir='ltr'><strong>ut</strong></span> <span class='ocrx_word' id='word_1_131' title='bbox 1404 1854 1454 1907; x_wconf 92' lang='lat' dir='ltr'><strong>id</strong></span> <span class='ocrx_word' id='word_1_132' title='bbox 1487 1853 1740 1922; x_wconf 87' lang='lat' dir='ltr'><strong>temporis</strong></span> <span class='ocrx_word' id='word_1_133' title='bbox 1778 1854 1914 1905; x_wconf 81' lang='lat' dir='ltr'><strong>Aea-</strong></span> 
     </span>
    </p>
   </div>
   <div class='ocr_carea' id='block_1_18' title="bbox 339 1943 1912 2023">
    <p class='ocr_par' dir='ltr' id='par_1_18' title="bbox 339 1943 1912 2023">
     <span class='ocr_line' id='line_1_18' title="bbox 339 1943 1912 2023; baseline -0.009 -14"><span class='ocrx_word' id='word_1_134' title='bbox 339 1956 454 2009; x_wconf 92' lang='lat' dir='ltr'><strong>cius</strong></span> <span class='ocrx_word' id='word_1_135' title='bbox 474 1996 487 2020; x_wconf 95' lang='lat'><strong>,</strong></span> <span class='ocrx_word' id='word_1_136' title='bbox 515 1953 794 2023; x_wconf 90' lang='lat' dir='ltr'><strong>episcopus</strong></span> <span class='ocrx_word' id='word_1_137' title='bbox 824 1951 1046 2015; x_wconf 68' lang='lat' dir='ltr'><strong>Beraare,</strong></span> <span class='ocrx_word' id='word_1_138' title='bbox 1079 1948 1168 2018; x_wconf 88' lang='lat' dir='ltr'><strong>qui</strong></span> <span class='ocrx_word' id='word_1_139' title='bbox 1206 1946 1494 2001; x_wconf 82' lang='lat' dir='ltr'><strong>advenerat</strong></span> <span class='ocrx_word' id='word_1_140' title='bbox 1532 1943 1912 1998; x_wconf 85' lang='lat' dir='ltr'><strong>Constantino-</strong></span> 
     </span>
    </p>
   </div>
   <div class='ocr_carea' id='block_1_19' title="bbox 340 2037 1909 2118">
    <p class='ocr_par' dir='ltr' id='par_1_19' title="bbox 340 2037 1909 2118">
     <span class='ocr_line' id='line_1_19' title="bbox 340 2037 1909 2118; baseline -0.01 -16"><span class='ocrx_word' id='word_1_141' title='bbox 340 2049 522 2118; x_wconf 87' lang='lat' dir='ltr'><strong>polim,</strong></span> <span class='ocrx_word' id='word_1_142' title='bbox 542 2046 944 2115; x_wconf 87' lang='lat' dir='ltr'><strong>haudquaquam</strong></span> <span class='ocrx_word' id='word_1_143' title='bbox 966 2042 1161 2095; x_wconf 90' lang='lat' dir='ltr'><strong>bonum</strong></span> <span class='ocrx_word' id='word_1_144' title='bbox 1190 2040 1475 2109; x_wconf 89' lang='lat' dir='ltr'><strong>hospitium</strong></span> <span class='ocrx_word' id='word_1_145' title='bbox 1497 2037 1909 2101; x_wconf 85' lang='lat' dir='ltr'><strong>nancisceretur,</strong></span> 
     </span>
    </p>
   </div>
   <div class='ocr_carea' id='block_1_20' title="bbox 340 2130 1907 2203">
    <p class='ocr_par' dir='ltr' id='par_1_20' title="bbox 340 2130 1907 2203">
     <span class='ocr_line' id='line_1_20' title="bbox 340 2130 1907 2203; baseline -0.01 -9"><span class='ocrx_word' id='word_1_146' title='bbox 340 2152 395 2195; x_wconf 90' lang='lat' dir='ltr'><strong>ut</strong></span> <span class='ocrx_word' id='word_1_147' title='bbox 438 2140 647 2193; x_wconf 76' lang='lat' dir='ltr'><strong>dicebat</strong></span> <span class='ocrx_word' id='word_1_148' title='bbox 678 2181 691 2203; x_wconf 92' lang='lat'><strong>,</strong></span> <span class='ocrx_word' id='word_1_149' title='bbox 724 2148 777 2191; x_wconf 93' lang='lat' dir='ltr'><strong>et</strong></span> <span class='ocrx_word' id='word_1_150' title='bbox 822 2136 892 2190; x_wconf 89' lang='lat' dir='ltr'><strong>ob</strong></span> <span class='ocrx_word' id='word_1_151' title='bbox 938 2135 1037 2189; x_wconf 92' lang='lat' dir='ltr'><strong>hoc</strong></span> <span class='ocrx_word' id='word_1_152' title='bbox 1078 2148 1341 2194; x_wconf 63' lang='lat' dir='ltr'><strong>merens,</strong></span> <span class='ocrx_word' id='word_1_153' title='bbox 1374 2133 1447 2185; x_wconf 91' lang='lat' dir='ltr'><strong>ira</strong></span> <span class='ocrx_word' id='word_1_154' title='bbox 1492 2130 1907 2191; x_wconf 84' lang='lat' dir='ltr'><strong>intumescebat,</strong></span> 
     </span>
    </p>
   </div>
   <div class='ocr_carea' id='block_1_21' title="bbox 339 2221 1909 2300">
    <p class='ocr_par' dir='ltr' id='par_1_21' title="bbox 339 2221 1909 2300">
     <span class='ocr_line' id='line_1_21' title="bbox 339 2221 1909 2300; baseline -0.008 -16"><span class='ocrx_word' id='word_1_155' title='bbox 339 2231 487 2300; x_wconf 90' lang='lat' dir='ltr'><strong>quasi</strong></span> <span class='ocrx_word' id='word_1_156' title='bbox 526 2230 796 2299; x_wconf 71' lang='lat' dir='ltr'><strong>neglectus</strong></span> <span class='ocrx_word' id='word_1_157' title='bbox 834 2243 863 2281; x_wconf 93' lang='lat' dir='ltr'><strong>a</strong></span> <span class='ocrx_word' id='word_1_158' title='bbox 894 2227 1116 2282; x_wconf 82' lang='lat' dir='ltr'><strong>Joanne.</strong></span> <span class='ocrx_word' id='word_1_159' title='bbox 1144 2224 1559 2293; x_wconf 84' lang='lat' dir='ltr'><strong>Cogitationibus</strong></span> <span class='ocrx_word' id='word_1_160' title='bbox 1602 2233 1777 2274; x_wconf 88' lang='lat' dir='ltr'><strong>autem</strong></span> <span class='ocrx_word' id='word_1_161' title='bbox 1810 2221 1909 2273; x_wconf 83' lang='lat' dir='ltr'><strong>im-</strong></span> 
     </span>
    </p>
   </div>
   <div class='ocr_carea' id='block_1_22' title="bbox 340 2311 1912 2382">
    <p class='ocr_par' dir='ltr' id='par_1_22' title="bbox 340 2311 1912 2382">
     <span class='ocr_line' id='line_1_22' title="bbox 340 2311 1912 2382; baseline -0.006 -9"><span class='ocrx_word' id='word_1_162' title='bbox 340 2320 627 2376; x_wconf 85' lang='lat' dir='ltr'><strong>moderatis</strong></span> <span class='ocrx_word' id='word_1_163' title='bbox 676 2320 882 2382; x_wconf 90' lang='lat' dir='ltr'><strong>victus,</strong></span> <span class='ocrx_word' id='word_1_164' title='bbox 935 2317 1218 2372; x_wconf 83' lang='lat' dir='ltr'><strong>absurdum</strong></span> <span class='ocrx_word' id='word_1_165' title='bbox 1286 2329 1584 2367; x_wconf 91' lang='lat' dir='ltr'><strong>sermonem</strong></span> <span class='ocrx_word' id='word_1_166' title='bbox 1635 2328 1698 2365; x_wconf 87' lang='lat' dir='ltr'><strong>ex</strong></span> <span class='ocrx_word' id='word_1_167' title='bbox 1752 2311 1912 2364; x_wconf 87' lang='lat' dir='ltr'><strong>abun-</strong></span> 
     </span>
    </p>
   </div>
   <div class='ocr_carea' id='block_1_23' title="bbox 337 2404 1912 2480">
    <p class='ocr_par' dir='ltr' id='par_1_23' title="bbox 337 2404 1912 2480">
     <span class='ocr_line' id='line_1_23' title="bbox 337 2404 1912 2480; baseline -0.007 -13"><span class='ocrx_word' id='word_1_168' title='bbox 337 2413 517 2468; x_wconf 90' lang='lat' dir='ltr'><strong>dantia</strong></span> <span class='ocrx_word' id='word_1_169' title='bbox 547 2413 723 2467; x_wconf 84' lang='lat' dir='ltr'><strong>cordis</strong></span> <span class='ocrx_word' id='word_1_170' title='bbox 750 2412 904 2467; x_wconf 76' lang='lat' dir='ltr'><strong>effert</strong></span> <span class='ocrx_word' id='word_1_171' title='bbox 932 2411 1144 2480; x_wconf 89' lang='lat' dir='ltr'><strong>dignum</strong></span> <span class='ocrx_word' id='word_1_172' title='bbox 1187 2425 1279 2461; x_wconf 87' lang='lat' dir='ltr'><strong>sua</strong></span> <span class='ocrx_word' id='word_1_173' title='bbox 1324 2417 1499 2461; x_wconf 90' lang='lat' dir='ltr'><strong>mente</strong></span> <span class='ocrx_word' id='word_1_174' title='bbox 1524 2448 1539 2471; x_wconf 92' lang='lat'><strong>,</strong></span> <span class='ocrx_word' id='word_1_175' title='bbox 1564 2404 1912 2474; x_wconf 68' lang='lat' dir='ltr'><strong>pra-sentibus</strong></span> 
     </span>
    </p>
   </div>
   <div class='ocr_carea' id='block_1_24' title="bbox 338 2495 1910 2577">
    <p class='ocr_par' dir='ltr' id='par_1_24' title="bbox 338 2495 1910 2577">
     <span class='ocr_line' id='line_1_24' title="bbox 338 2495 1910 2577; baseline -0.006 -19"><span class='ocrx_word' id='word_1_176' title='bbox 338 2506 650 2577; x_wconf 86' lang='lat' dir='ltr'><strong>quibusdam</strong></span> <span class='ocrx_word' id='word_1_177' title='bbox 676 2504 898 2560; x_wconf 87' lang='lat' dir='ltr'><strong>Joannis</strong></span> <span class='ocrx_word' id='word_1_178' title='bbox 944 2502 1153 2557; x_wconf 87' lang='lat' dir='ltr'><strong>clericis</strong></span> <span class='ocrx_word' id='word_1_179' title='bbox 1174 2542 1187 2565; x_wconf 97' lang='lat'><strong>,</strong></span> <span class='ocrx_word' id='word_1_180' title='bbox 1228 2499 1449 2553; x_wconf 90' lang='lat' dir='ltr'><strong>dicens:</strong></span> <span class='ocrx_word' id='word_1_181' title='bbox 1479 2498 1591 2567; x_wconf 86' lang='lat' dir='ltr'><strong>Ego</strong></span> <span class='ocrx_word' id='word_1_182' title='bbox 1616 2495 1713 2565; x_wconf 90' lang='lat' dir='ltr'><strong>ipsi</strong></span> <span class='ocrx_word' id='word_1_183' title='bbox 1751 2495 1910 2549; x_wconf 87' lang='lat' dir='ltr'><strong>ollam</strong></span> 
     </span>
    </p>
   </div>
   <div class='ocr_carea' id='block_1_25' title="bbox 338 2588 1910 2666">
    <p class='ocr_par' dir='ltr' id='par_1_25' title="bbox 338 2588 1910 2666">
     <span class='ocr_line' id='line_1_25' title="bbox 338 2588 1910 2666; baseline -0.01 -12"><span class='ocrx_word' id='word_1_184' title='bbox 338 2599 550 2655; x_wconf 88' lang='lat' dir='ltr'><strong>condio.</strong></span> <span class='ocrx_word' id='word_1_185' title='bbox 591 2598 795 2652; x_wconf 79' lang='lat' dir='ltr'><strong>Exinde</strong></span> <span class='ocrx_word' id='word_1_186' title='bbox 823 2597 982 2666; x_wconf 82' lang='lat' dir='ltr'><strong>igitur</strong></span> <span class='ocrx_word' id='word_1_187' title='bbox 1008 2594 1320 2663; x_wconf 89' lang='lat' dir='ltr'><strong>conjunetus</strong></span> <span class='ocrx_word' id='word_1_188' title='bbox 1349 2600 1431 2645; x_wconf 91' lang='lat' dir='ltr'><strong>cst</strong></span> <span class='ocrx_word' id='word_1_189' title='bbox 1456 2589 1775 2649; x_wconf 89' lang='lat' dir='ltr'><strong>Severiano,</strong></span> <span class='ocrx_word' id='word_1_190' title='bbox 1800 2588 1910 2640; x_wconf 85' lang='lat' dir='ltr'><strong>An-</strong></span> 
     </span>
    </p>
   </div>
   <div class='ocr_carea' id='block_1_26' title="bbox 340 2679 1911 2757">
    <p class='ocr_par' dir='ltr' id='par_1_26' title="bbox 340 2679 1911 2757">
     <span class='ocr_line' id='line_1_26' title="bbox 340 2679 1911 2757; baseline -0.009 -13"><span class='ocrx_word' id='word_1_191' title='bbox 340 2690 551 2753; x_wconf 89' lang='lat' dir='ltr'><strong>tiocho,</strong></span> <span class='ocrx_word' id='word_1_192' title='bbox 598 2688 796 2743; x_wconf 91' lang='lat' dir='ltr'><strong>lsaacio</strong></span> <span class='ocrx_word' id='word_1_193' title='bbox 829 2686 1045 2757; x_wconf 86' lang='lat' dir='ltr'><strong>Syrisce</strong></span> <span class='ocrx_word' id='word_1_194' title='bbox 1069 2726 1083 2749; x_wconf 95' lang='lat'><strong>,</strong></span> <span class='ocrx_word' id='word_1_195' title='bbox 1131 2680 1585 2743; x_wconf 81' lang='lat' dir='ltr'><strong>circumforaneo,</strong></span> <span class='ocrx_word' id='word_1_196' title='bbox 1626 2679 1911 2749; x_wconf 63' lang='lat' dir='ltr'><strong>praeposito</strong></span> 
     </span>
    </p>
   </div>
   <div class='ocr_carea' id='block_1_27' title="bbox 345 2770 1911 2843">
    <p class='ocr_par' dir='ltr' id='par_1_27' title="bbox 345 2770 1911 2843">
     <span class='ocr_line' id='line_1_27' title="bbox 345 2770 1911 2843; baseline -0.008 -10"><span class='ocrx_word' id='word_1_197' title='bbox 345 2780 483 2833; x_wconf 88' lang='lat' dir='ltr'><strong>&#39;alsis</strong></span> <span class='ocrx_word' id='word_1_198' title='bbox 513 2778 803 2842; x_wconf 88' lang='lat' dir='ltr'><strong>monachis,</strong></span> <span class='ocrx_word' id='word_1_199' title='bbox 828 2778 950 2829; x_wconf 89' lang='lat' dir='ltr'><strong>trito</strong></span> <span class='ocrx_word' id='word_1_200' title='bbox 980 2776 1029 2828; x_wconf 92' lang='lat' dir='ltr'><strong>in</strong></span> <span class='ocrx_word' id='word_1_201' title='bbox 1057 2773 1323 2843; x_wconf 87' lang='lat' dir='ltr'><strong>perpetuis</strong></span> <span class='ocrx_word' id='word_1_202' title='bbox 1349 2772 1606 2825; x_wconf 89' lang='lat' dir='ltr'><strong>adversus</strong></span> <span class='ocrx_word' id='word_1_203' title='bbox 1634 2770 1911 2838; x_wconf 88' lang='lat' dir='ltr'><strong>episc0pos</strong></span> 
     </span>
    </p>
   </div>
   <div class='ocr_carea' id='block_1_28' title="bbox 336 2859 1910 2923">
    <p class='ocr_par' dir='ltr' id='par_1_28' title="bbox 336 2859 1910 2923">
     <span class='ocr_line' id='line_1_28' title="bbox 336 2859 1910 2923; baseline -0.006 -2"><span class='ocrx_word' id='word_1_204' title='bbox 336 2869 617 2923; x_wconf 66' lang='lat' dir='ltr'><strong>calumniis</strong></span> <span class='ocrx_word' id='word_1_205' title='bbox 650 2886 663 2921; x_wconf 88' lang='lat'><strong>:</strong></span> <span class='ocrx_word' id='word_1_206' title='bbox 696 2867 994 2921; x_wconf 89' lang='lat' dir='ltr'><strong>deliberant</strong></span> <span class='ocrx_word' id='word_1_207' title='bbox 1020 2865 1214 2918; x_wconf 89' lang='lat' dir='ltr'><strong>armari</strong></span> <span class='ocrx_word' id='word_1_208' title='bbox 1245 2863 1444 2916; x_wconf 88' lang='lat' dir='ltr'><strong>scilicet</strong></span> <span class='ocrx_word' id='word_1_209' title='bbox 1474 2861 1727 2916; x_wconf 89' lang='lat' dir='ltr'><strong>adversus</strong></span> <span class='ocrx_word' id='word_1_210' title='bbox 1752 2859 1910 2913; x_wconf 87' lang='lat' dir='ltr'><strong>Joan-</strong></span> 
     </span>
    </p>
   </div>
   <div class='ocr_carea' id='block_1_29' title="bbox 340 2948 1912 3024">
    <p class='ocr_par' dir='ltr' id='par_1_29' title="bbox 340 2948 1912 3024">
     <span class='ocr_line' id='line_1_29' title="bbox 340 2948 1912 3024; baseline -0.008 -9"><span class='ocrx_word' id='word_1_211' title='bbox 340 2975 462 3014; x_wconf 90' lang='lat' dir='ltr'><strong>nem</strong></span> <span class='ocrx_word' id='word_1_212' title='bbox 489 2976 503 3024; x_wconf 89' lang='lat'><strong>;</strong></span> <span class='ocrx_word' id='word_1_213' title='bbox 530 2974 713 3014; x_wconf 85' lang='lat' dir='ltr'><strong>revera</strong></span> <span class='ocrx_word' id='word_1_214' title='bbox 742 2968 914 3011; x_wconf 91' lang='lat' dir='ltr'><strong>autem</strong></span> <span class='ocrx_word' id='word_1_215' title='bbox 946 2965 1128 3010; x_wconf 91' lang='lat' dir='ltr'><strong>contra</strong></span> <span class='ocrx_word' id='word_1_216' title='bbox 1153 2954 1376 3024; x_wconf 81' lang='lat' dir='ltr'><strong>gloriam</strong></span> <span class='ocrx_word' id='word_1_217' title='bbox 1407 2952 1721 3007; x_wconf 90' lang='lat' dir='ltr'><strong>Servatoris.</strong></span> <span class='ocrx_word' id='word_1_218' title='bbox 1743 2948 1912 3004; x_wconf 61' lang='lat' dir='ltr'><strong>Caete-</strong></span> 
     </span>
    </p>
   </div>
   <div class='ocr_carea' id='block_1_30' title="bbox 342 3039 1913 3116">
    <p class='ocr_par' dir='ltr' id='par_1_30' title="bbox 342 3039 1913 3116">
     <span class='ocr_line' id='line_1_30' title="bbox 342 3039 1913 3116; baseline -0.008 -13"><span class='ocrx_word' id='word_1_219' title='bbox 342 3066 499 3112; x_wconf 90' lang='lat' dir='ltr'><strong>rum,</strong></span> <span class='ocrx_word' id='word_1_220' title='bbox 545 3064 663 3102; x_wconf 90' lang='lat' dir='ltr'><strong>cmu</strong></span> <span class='ocrx_word' id='word_1_221' title='bbox 714 3048 983 3101; x_wconf 80' lang='lat' dir='ltr'><strong>misissent</strong></span> <span class='ocrx_word' id='word_1_222' title='bbox 1034 3045 1263 3116; x_wconf 89' lang='lat' dir='ltr'><strong>primum</strong></span> <span class='ocrx_word' id='word_1_223' title='bbox 1313 3041 1687 3106; x_wconf 88' lang='lat' dir='ltr'><strong>Antiochiam,</strong></span> <span class='ocrx_word' id='word_1_224' title='bbox 1743 3039 1913 3093; x_wconf 84' lang='lat' dir='ltr'><strong>adule-</strong></span> 
     </span>
    </p>
   </div>
   <div class='ocr_carea' id='block_1_31' title="bbox 339 3130 1913 3207">
    <p class='ocr_par' dir='ltr' id='par_1_31' title="bbox 339 3130 1913 3207">
     <span class='ocr_line' id='line_1_31' title="bbox 339 3130 1913 3207; baseline -0.008 -13"><span class='ocrx_word' id='word_1_225' title='bbox 339 3140 558 3195; x_wconf 77' lang='lat' dir='ltr'><strong>scentia:</strong></span> <span class='ocrx_word' id='word_1_226' title='bbox 587 3140 703 3207; x_wconf 85' lang='lat' dir='ltr'><strong>ejus</strong></span> <span class='ocrx_word' id='word_1_227' title='bbox 738 3138 929 3191; x_wconf 88' lang='lat' dir='ltr'><strong>delicta</strong></span> <span class='ocrx_word' id='word_1_228' title='bbox 975 3136 1303 3205; x_wconf 83' lang='lat' dir='ltr'><strong>perquirunt.</strong></span> <span class='ocrx_word' id='word_1_229' title='bbox 1328 3132 1427 3187; x_wconf 89' lang='lat' dir='ltr'><strong>Ubi</strong></span> <span class='ocrx_word' id='word_1_230' title='bbox 1457 3145 1582 3185; x_wconf 87' lang='lat' dir='ltr'><strong>vero</strong></span> <span class='ocrx_word' id='word_1_231' title='bbox 1629 3130 1913 3198; x_wconf 81' lang='lat' dir='ltr'><strong>defecerunt</strong></span> 
     </span>
    </p>
   </div>
   <div class='ocr_carea' id='block_1_32' title="bbox 339 3223 1913 3297">
    <p class='ocr_par' dir='ltr' id='par_1_32' title="bbox 339 3223 1913 3297">
     <span class='ocr_line' id='line_1_32' title="bbox 339 3223 1913 3297; baseline -0.005 -13"><span class='ocrx_word' id='word_1_232' title='bbox 339 3240 616 3285; x_wconf 75' lang='lat' dir='ltr'><strong>scrutantes</strong></span> <span class='ocrx_word' id='word_1_233' title='bbox 661 3230 987 3283; x_wconf 83' lang='lat' dir='ltr'><strong>scrutationes</strong></span> <span class='ocrx_word' id='word_1_234' title='bbox 1015 3225 1182 3297; x_wconf 72' lang='lat' dir='ltr'><strong>(Paul.</strong></span> <span class='ocrx_word' id='word_1_235' title='bbox 1215 3225 1303 3280; x_wconf 78' lang='lat'><strong>63.</strong></span> <span class='ocrx_word' id='word_1_236' title='bbox 1332 3225 1410 3294; x_wconf 87' lang='lat'><strong>7),</strong></span> <span class='ocrx_word' id='word_1_237' title='bbox 1435 3233 1489 3279; x_wconf 91' lang='lat' dir='ltr'><strong>et</strong></span> <span class='ocrx_word' id='word_1_238' title='bbox 1528 3223 1658 3277; x_wconf 89' lang='lat' dir='ltr'><strong>nihil</strong></span> <span class='ocrx_word' id='word_1_239' title='bbox 1697 3224 1913 3277; x_wconf 80' lang='lat' dir='ltr'><strong>invene-</strong></span> 
     </span>
    </p>
   </div>
   <div class='ocr_carea' id='block_1_33' title="bbox 341 3313 1909 3384">
    <p class='ocr_par' dir='ltr' id='par_1_33' title="bbox 341 3313 1909 3384">
     <span class='ocr_line' id='line_1_33' title="bbox 341 3313 1909 3384; baseline -0.006 -11"><span class='ocrx_word' id='word_1_240' title='bbox 341 3330 500 3383; x_wconf 88' lang='lat' dir='ltr'><strong>runt,</strong></span> <span class='ocrx_word' id='word_1_241' title='bbox 533 3322 747 3374; x_wconf 89' lang='lat' dir='ltr'><strong>mittunt</strong></span> <span class='ocrx_word' id='word_1_242' title='bbox 774 3318 1145 3373; x_wconf 82' lang='lat' dir='ltr'><strong>Alexandriam</strong></span> <span class='ocrx_word' id='word_1_243' title='bbox 1196 3315 1262 3369; x_wconf 93' lang='lat' dir='ltr'><strong>ad</strong></span> <span class='ocrx_word' id='word_1_244' title='bbox 1293 3314 1571 3384; x_wconf 86' lang='lat' dir='ltr'><strong>Theophili</strong></span> <span class='ocrx_word' id='word_1_245' title='bbox 1606 3313 1864 3367; x_wconf 87' lang='lat' dir='ltr'><strong>vafritiem</strong></span> <span class='ocrx_word' id='word_1_246' title='bbox 1895 3354 1909 3379; x_wconf 90' lang='lat'><strong>,</strong></span> 
     </span>
    </p>
   </div>
   <div class='ocr_carea' id='block_1_34' title="bbox 340 3404 1915 3480">
    <p class='ocr_par' dir='ltr' id='par_1_34' title="bbox 340 3404 1915 3480">
     <span class='ocr_line' id='line_1_34' title="bbox 340 3404 1915 3480; baseline -0.006 -17"><span class='ocrx_word' id='word_1_247' title='bbox 340 3411 429 3480; x_wconf 83' lang='lat' dir='ltr'><strong>qui</strong></span> <span class='ocrx_word' id='word_1_248' title='bbox 457 3412 730 3465; x_wconf 85' lang='lat' dir='ltr'><strong>dicebatur</strong></span> <span class='ocrx_word' id='word_1_249' title='bbox 750 3408 1053 3472; x_wconf 83' lang='lat' dir='ltr'><strong>Cothurnus,</strong></span> <span class='ocrx_word' id='word_1_250' title='bbox 1074 3407 1285 3461; x_wconf 85' lang='lat' dir='ltr'><strong>solertis</strong></span> <span class='ocrx_word' id='word_1_251' title='bbox 1318 3407 1438 3460; x_wconf 86' lang='lat' dir='ltr'><strong>talia</strong></span> <span class='ocrx_word' id='word_1_252' title='bbox 1460 3405 1632 3459; x_wconf 87' lang='lat' dir='ltr'><strong>moliri</strong></span> <span class='ocrx_word' id='word_1_253' title='bbox 1665 3423 1677 3457; x_wconf 89' lang='lat'><strong>:</strong></span> <span class='ocrx_word' id='word_1_254' title='bbox 1705 3404 1792 3475; x_wconf 92' lang='lat' dir='ltr'><strong>qui</strong></span> <span class='ocrx_word' id='word_1_255' title='bbox 1815 3413 1915 3457; x_wconf 91' lang='lat' dir='ltr'><strong>sta-</strong></span> 
     </span>
    </p>
   </div>
   <div class='ocr_carea' id='block_1_35' title="bbox 342 3496 1913 3573">
    <p class='ocr_par' dir='ltr' id='par_1_35' title="bbox 342 3496 1913 3573">
     <span class='ocr_line' id='line_1_35' title="bbox 342 3496 1913 3573; baseline -0.006 -16"><span class='ocrx_word' id='word_1_256' title='bbox 342 3506 434 3557; x_wconf 92' lang='lat' dir='ltr'><strong>tim</strong></span> <span class='ocrx_word' id='word_1_257' title='bbox 460 3504 719 3573; x_wconf 88' lang='lat' dir='ltr'><strong>replicans</strong></span> <span class='ocrx_word' id='word_1_258' title='bbox 740 3503 935 3555; x_wconf 91' lang='lat' dir='ltr'><strong>mentis</strong></span> <span class='ocrx_word' id='word_1_259' title='bbox 961 3516 1071 3555; x_wconf 71' lang='lat' dir='ltr'><strong>sua:</strong></span> <span class='ocrx_word' id='word_1_260' title='bbox 1092 3501 1355 3554; x_wconf 89' lang='lat' dir='ltr'><strong>volumina</strong></span> <span class='ocrx_word' id='word_1_261' title='bbox 1381 3514 1501 3553; x_wconf 91' lang='lat' dir='ltr'><strong>cum</strong></span> <span class='ocrx_word' id='word_1_262' title='bbox 1524 3498 1631 3551; x_wconf 90' lang='lat' dir='ltr'><strong>otio</strong></span> <span class='ocrx_word' id='word_1_263' title='bbox 1660 3506 1714 3551; x_wconf 94' lang='lat' dir='ltr'><strong>et</strong></span> <span class='ocrx_word' id='word_1_264' title='bbox 1736 3496 1913 3566; x_wconf 88' lang='lat' dir='ltr'><strong>quiete</strong></span> 
     </span>
    </p>
   </div>
   <div class='ocr_carea' id='block_1_36' title="bbox 342 3588 1910 3663">
    <p class='ocr_par' dir='ltr' id='par_1_36' title="bbox 342 3588 1910 3663">
     <span class='ocr_line' id='line_1_36' title="bbox 342 3588 1910 3663; baseline -0.006 -13"><span class='ocrx_word' id='word_1_265' title='bbox 342 3595 671 3661; x_wconf 88' lang='lat' dir='ltr'><strong>latrocinali,</strong></span> <span class='ocrx_word' id='word_1_266' title='bbox 700 3593 935 3663; x_wconf 84' lang='lat' dir='ltr'><strong>cujusvis</strong></span> <span class='ocrx_word' id='word_1_267' title='bbox 980 3592 1138 3647; x_wconf 90' lang='lat' dir='ltr'><strong>etiam</strong></span> <span class='ocrx_word' id='word_1_268' title='bbox 1192 3599 1480 3660; x_wconf 81' lang='lat' dir='ltr'><strong>praetextus</strong></span> <span class='ocrx_word' id='word_1_269' title='bbox 1519 3589 1749 3657; x_wconf 89' lang='lat' dir='ltr'><strong>speciem</strong></span> <span class='ocrx_word' id='word_1_270' title='bbox 1788 3588 1910 3641; x_wconf 88' lang='lat' dir='ltr'><strong>dili-</strong></span> 
     </span>
    </p>
   </div>
   <div class='ocr_carea' id='block_1_37' title="bbox 339 3678 1912 3756">
    <p class='ocr_par' dir='ltr' id='par_1_37' title="bbox 339 3678 1912 3756">
     <span class='ocr_line' id='line_1_37' title="bbox 339 3678 1912 3756; baseline -0.006 -15"><span class='ocrx_word' id='word_1_271' title='bbox 339 3694 528 3756; x_wconf 89' lang='lat' dir='ltr'><strong>genter</strong></span> <span class='ocrx_word' id='word_1_272' title='bbox 567 3684 1015 3755; x_wconf 91' lang='lat' dir='ltr'><strong>perscrutabatur.</strong></span> <span class='ocrx_word' id='word_1_273' title='bbox 1048 3684 1197 3736; x_wconf 79' lang='lat' dir='ltr'><strong>Duc.</strong></span> <span class='ocrx_word' id='word_1_274' title='bbox 1228 3680 1400 3745; x_wconf 87' lang='lat' dir='ltr'><strong>Siste,</strong></span> <span class='ocrx_word' id='word_1_275' title='bbox 1433 3682 1625 3744; x_wconf 87' lang='lat' dir='ltr'><strong>Pater,</strong></span> <span class='ocrx_word' id='word_1_276' title='bbox 1650 3678 1912 3733; x_wconf 88' lang='lat' dir='ltr'><strong>sermonis</strong></span> 
     </span>
    </p>
   </div>
   <div class='ocr_carea' id='block_1_38' title="bbox 343 3770 1913 3845">
    <p class='ocr_par' dir='ltr' id='par_1_38' title="bbox 343 3770 1913 3845">
     <span class='ocr_line' id='line_1_38' title="bbox 343 3770 1913 3845; baseline -0.007 -13"><span class='ocrx_word' id='word_1_277' title='bbox 343 3780 417 3831; x_wconf 79' lang='lat' dir='ltr'><strong>tui</strong></span> <span class='ocrx_word' id='word_1_278' title='bbox 441 3792 653 3832; x_wconf 91' lang='lat' dir='ltr'><strong>cursum</strong></span> <span class='ocrx_word' id='word_1_279' title='bbox 677 3817 693 3841; x_wconf 94' lang='lat'><strong>,</strong></span> <span class='ocrx_word' id='word_1_280' title='bbox 721 3784 1004 3845; x_wconf 91' lang='lat' dir='ltr'><strong>antequam</strong></span> <span class='ocrx_word' id='word_1_281' title='bbox 1030 3774 1337 3837; x_wconf 85' lang='lat' dir='ltr'><strong>obliviscar,</strong></span> <span class='ocrx_word' id='word_1_282' title='bbox 1372 3781 1429 3825; x_wconf 91' lang='lat' dir='ltr'><strong>ut</strong></span> <span class='ocrx_word' id='word_1_283' title='bbox 1456 3771 1547 3824; x_wconf 89' lang='lat' dir='ltr'><strong>tibi</strong></span> <span class='ocrx_word' id='word_1_284' title='bbox 1576 3770 1749 3823; x_wconf 91' lang='lat' dir='ltr'><strong>dicam</strong></span> <span class='ocrx_word' id='word_1_285' title='bbox 1788 3784 1913 3823; x_wconf 89' lang='lat' dir='ltr'><strong>cau-</strong></span> 
     </span>
    </p>
   </div>
   <div class='ocr_carea' id='block_1_39' title="bbox 342 3863 1909 3938">
    <p class='ocr_par' dir='ltr' id='par_1_39' title="bbox 342 3863 1909 3938">
     <span class='ocr_line' id='line_1_39' title="bbox 342 3863 1909 3938; baseline -0.005 -17"><span class='ocrx_word' id='word_1_286' title='bbox 342 3882 455 3922; x_wconf 87' lang='lat' dir='ltr'><strong>sam</strong></span> <span class='ocrx_word' id='word_1_287' title='bbox 481 3910 494 3929; x_wconf 86' lang='lat'><strong>,</strong></span> <span class='ocrx_word' id='word_1_288' title='bbox 524 3884 642 3938; x_wconf 77' lang='lat' dir='ltr'><strong>qua:</strong></span> <span class='ocrx_word' id='word_1_289' title='bbox 666 3867 732 3921; x_wconf 90' lang='lat' dir='ltr'><strong>ad</strong></span> <span class='ocrx_word' id='word_1_290' title='bbox 762 3882 858 3921; x_wconf 92' lang='lat' dir='ltr'><strong>nos</strong></span> <span class='ocrx_word' id='word_1_291' title='bbox 884 3881 1050 3935; x_wconf 89' lang='lat' dir='ltr'><strong>usque</strong></span> <span class='ocrx_word' id='word_1_292' title='bbox 1078 3863 1397 3919; x_wconf 83' lang='lat' dir='ltr'><strong>Alexandria</strong></span> <span class='ocrx_word' id='word_1_293' title='bbox 1444 3863 1685 3932; x_wconf 87' lang='lat' dir='ltr'><strong>pervenit</strong></span> <span class='ocrx_word' id='word_1_294' title='bbox 1709 3872 1760 3915; x_wconf 93' lang='lat' dir='ltr'><strong>et</strong></span> <span class='ocrx_word' id='word_1_295' title='bbox 1789 3876 1909 3929; x_wconf 88' lang='lat' dir='ltr'><strong>per-</strong></span> 
     </span>
    </p>
   </div>
   <div class='ocr_carea' id='block_1_40' title="bbox 341 3951 1913 4021">
    <p class='ocr_par' dir='ltr' id='par_1_40' title="bbox 341 3951 1913 4021">
     <span class='ocr_line' id='line_1_40' title="bbox 341 3951 1913 4021; baseline -0.005 -9"><span class='ocrx_word' id='word_1_296' title='bbox 341 3958 565 4012; x_wconf 89' lang='lat' dir='ltr'><strong>crebuit.</strong></span> <span class='ocrx_word' id='word_1_297' title='bbox 593 3957 854 4012; x_wconf 77' lang='lat' dir='ltr'><strong>Joannem</strong></span> <span class='ocrx_word' id='word_1_298' title='bbox 907 3958 1049 4011; x_wconf 91' lang='lat' dir='ltr'><strong>enim</strong></span> <span class='ocrx_word' id='word_1_299' title='bbox 1096 3956 1245 4009; x_wconf 88' lang='lat' dir='ltr'><strong>aiunt</strong></span> <span class='ocrx_word' id='word_1_300' title='bbox 1285 3955 1506 4009; x_wconf 90' lang='lat' dir='ltr'><strong>clericos</strong></span> <span class='ocrx_word' id='word_1_301' title='bbox 1550 3968 1581 4007; x_wconf 91' lang='lat' dir='ltr'><strong>a</strong></span> <span class='ocrx_word' id='word_1_302' title='bbox 1616 3951 1913 4021; x_wconf 85' lang='lat' dir='ltr'><strong>Theophilo</strong></span> 
     </span>
    </p>
   </div>
   <div class='ocr_carea' id='block_1_41' title="bbox 342 4043 1908 4117">
    <p class='ocr_par' dir='ltr' id='par_1_41' title="bbox 342 4043 1908 4117">
     <span class='ocr_line' id='line_1_41' title="bbox 342 4043 1908 4117; baseline -0.003 -16"><span class='ocrx_word' id='word_1_303' title='bbox 342 4048 611 4117; x_wconf 90' lang='lat' dir='ltr'><strong>depositos</strong></span> <span class='ocrx_word' id='word_1_304' title='bbox 665 4047 946 4101; x_wconf 90' lang='lat' dir='ltr'><strong>admisisse</strong></span> <span class='ocrx_word' id='word_1_305' title='bbox 995 4045 1060 4099; x_wconf 94' lang='lat' dir='ltr'><strong>ad</strong></span> <span class='ocrx_word' id='word_1_306' title='bbox 1126 4045 1586 4103; x_wconf 84' lang='lat' dir='ltr'><strong>communionem;</strong></span> <span class='ocrx_word' id='word_1_307' title='bbox 1629 4052 1787 4112; x_wconf 91' lang='lat' dir='ltr'><strong>atque</strong></span> <span class='ocrx_word' id='word_1_308' title='bbox 1838 4043 1908 4097; x_wconf 91' lang='lat' dir='ltr'><strong>ita</strong></span> 
     </span>
    </p>
   </div>
   <div class='ocr_carea' id='block_1_42' title="bbox 341 4132 1913 4206">
    <p class='ocr_par' dir='ltr' id='par_1_42' title="bbox 341 4132 1913 4206">
     <span class='ocr_line' id='line_1_42' title="bbox 341 4132 1913 4206; baseline -0.003 -15"><span class='ocrx_word' id='word_1_309' title='bbox 341 4137 692 4206; x_wconf 83' lang='lat' dir='ltr'><strong>Theophilum</strong></span> <span class='ocrx_word' id='word_1_310' title='bbox 720 4137 1004 4190; x_wconf 82' lang='lat' dir='ltr'><strong>offendisse</strong></span> <span class='ocrx_word' id='word_1_311' title='bbox 1036 4155 1048 4189; x_wconf 89' lang='lat'><strong>:</strong></span> <span class='ocrx_word' id='word_1_312' title='bbox 1081 4134 1220 4203; x_wconf 89' lang='lat' dir='ltr'><strong>quod</strong></span> <span class='ocrx_word' id='word_1_313' title='bbox 1264 4134 1481 4187; x_wconf 90' lang='lat' dir='ltr'><strong>minime</strong></span> <span class='ocrx_word' id='word_1_314' title='bbox 1522 4132 1715 4186; x_wconf 84' lang='lat' dir='ltr'><strong>factum</strong></span> <span class='ocrx_word' id='word_1_315' title='bbox 1755 4146 1913 4201; x_wconf 83' lang='lat' dir='ltr'><strong>opor-</strong></span> 
     </span>
    </p>
   </div>
   <div class='ocr_carea' id='block_1_43' title="bbox 342 4225 1910 4294">
    <p class='ocr_par' dir='ltr' id='par_1_43' title="bbox 342 4225 1910 4294">
     <span class='ocr_line' id='line_1_43' title="bbox 342 4225 1910 4294; baseline -0.004 -10"><span class='ocrx_word' id='word_1_316' title='bbox 342 4230 441 4284; x_wconf 89' lang='lat' dir='ltr'><strong>tuit</strong></span> <span class='ocrx_word' id='word_1_317' title='bbox 468 4246 482 4282; x_wconf 90' lang='lat'>:</span> <span class='ocrx_word' id='word_1_318' title='bbox 514 4228 648 4283; x_wconf 89' lang='lat' dir='ltr'><strong>adeo</strong></span> <span class='ocrx_word' id='word_1_319' title='bbox 684 4236 740 4280; x_wconf 93' lang='lat' dir='ltr'><strong>ut</strong></span> <span class='ocrx_word' id='word_1_320' title='bbox 760 4244 825 4281; x_wconf 79' lang='lat' dir='ltr'><strong>ex</strong></span> <span class='ocrx_word' id='word_1_321' title='bbox 849 4243 912 4280; x_wconf 90' lang='lat' dir='ltr'><strong>eo</strong></span> <span class='ocrx_word' id='word_1_322' title='bbox 943 4226 1180 4280; x_wconf 89' lang='lat' dir='ltr'><strong>infensus</strong></span> <span class='ocrx_word' id='word_1_323' title='bbox 1208 4225 1418 4289; x_wconf 88' lang='lat' dir='ltr'><strong>Joauni,</strong></span> <span class='ocrx_word' id='word_1_324' title='bbox 1459 4239 1763 4294; x_wconf 85' lang='lat' dir='ltr'><strong>oppugnare</strong></span> <span class='ocrx_word' id='word_1_325' title='bbox 1789 4240 1910 4278; x_wconf 89' lang='lat' dir='ltr'><strong>eum</strong></span> 
     </span>
    </p>
   </div>
   <div class='ocr_carea' id='block_1_44' title="bbox 342 4315 1910 4390">
    <p class='ocr_par' dir='ltr' id='par_1_44' title="bbox 342 4315 1910 4390">
     <span class='ocr_line' id='line_1_44' title="bbox 342 4315 1910 4390; baseline -0.004 -17"><span class='ocrx_word' id='word_1_326' title='bbox 342 4335 625 4390; x_wconf 80' lang='lat' dir='ltr'><strong>aggressus</strong></span> <span class='ocrx_word' id='word_1_327' title='bbox 649 4321 737 4375; x_wconf 90' lang='lat' dir='ltr'><strong>sit.</strong></span> <span class='ocrx_word' id='word_1_328' title='bbox 772 4320 940 4372; x_wconf 73' lang='lat' dir='ltr'><strong>Ense.</strong></span> <span class='ocrx_word' id='word_1_329' title='bbox 971 4319 1164 4371; x_wconf 86' lang='lat' dir='ltr'><strong>Demus</strong></span> <span class='ocrx_word' id='word_1_330' title='bbox 1194 4317 1331 4371; x_wconf 88' lang='lat' dir='ltr'><strong>hunc</strong></span> <span class='ocrx_word' id='word_1_331' title='bbox 1358 4331 1647 4381; x_wconf 90' lang='lat' dir='ltr'><strong>rumorem,</strong></span> <span class='ocrx_word' id='word_1_332' title='bbox 1675 4315 1765 4385; x_wconf 89' lang='lat' dir='ltr'><strong>qui</strong></span> <span class='ocrx_word' id='word_1_333' title='bbox 1790 4331 1910 4383; x_wconf 90' lang='lat' dir='ltr'><strong>per-</strong></span> 
     </span>
    </p>
   </div>
   <div class='ocr_carea' id='block_1_45' title="bbox 342 4405 1912 4476">
    <p class='ocr_par' dir='ltr' id='par_1_45' title="bbox 342 4405 1912 4476">
     <span class='ocr_line' id='line_1_45' title="bbox 342 4405 1912 4476; baseline -0.005 -11"><span class='ocrx_word' id='word_1_334' title='bbox 342 4409 577 4473; x_wconf 86' lang='lat' dir='ltr'><strong>crebuit,</strong></span> <span class='ocrx_word' id='word_1_335' title='bbox 607 4424 725 4463; x_wconf 87' lang='lat' dir='ltr'><strong>esse</strong></span> <span class='ocrx_word' id='word_1_336' title='bbox 756 4423 938 4462; x_wconf 85' lang='lat' dir='ltr'><strong>verum</strong></span> <span class='ocrx_word' id='word_1_337' title='bbox 972 4425 985 4461; x_wconf 92' lang='lat'><strong>:</strong></span> <span class='ocrx_word' id='word_1_338' title='bbox 1024 4423 1092 4461; x_wconf 89' lang='lat' dir='ltr'><strong>an</strong></span> <span class='ocrx_word' id='word_1_339' title='bbox 1118 4406 1353 4476; x_wconf 88' lang='lat' dir='ltr'><strong>episcopi</strong></span> <span class='ocrx_word' id='word_1_340' title='bbox 1381 4414 1496 4471; x_wconf 89' lang='lat' dir='ltr'><strong>est,</strong></span> <span class='ocrx_word' id='word_1_341' title='bbox 1529 4406 1724 4459; x_wconf 88' lang='lat' dir='ltr'><strong>malum</strong></span> <span class='ocrx_word' id='word_1_342' title='bbox 1774 4405 1912 4458; x_wconf 91' lang='lat' dir='ltr'><strong>malo</strong></span> 
     </span>
    </p>
   </div>
   <div class='ocr_carea' id='block_1_46' title="bbox 342 4496 1913 4568">
    <p class='ocr_par' dir='ltr' id='par_1_46' title="bbox 342 4496 1913 4568">
     <span class='ocr_line' id='line_1_46' title="bbox 342 4496 1913 4568; baseline -0.005 -12"><span class='ocrx_word' id='word_1_343' title='bbox 342 4503 646 4556; x_wconf 86' lang='lat' dir='ltr'><strong>curare?et</strong></span> <span class='ocrx_word' id='word_1_344' title='bbox 677 4500 763 4554; x_wconf 87' lang='lat' dir='ltr'><strong>ubi</strong></span> <span class='ocrx_word' id='word_1_345' title='bbox 791 4509 871 4555; x_wconf 90' lang='lat' dir='ltr'><strong>est</strong></span> <span class='ocrx_word' id='word_1_346' title='bbox 910 4499 1039 4553; x_wconf 92' lang='lat' dir='ltr'><strong>illud</strong></span> <span class='ocrx_word' id='word_1_347' title='bbox 1079 4498 1346 4568; x_wconf 80' lang='lat' dir='ltr'><strong>Evangelii</strong></span> <span class='ocrx_word' id='word_1_348' title='bbox 1374 4497 1515 4568; x_wconf 90' lang='lat' dir='ltr'><strong>quod</strong></span> <span class='ocrx_word' id='word_1_349' title='bbox 1539 4500 1649 4561; x_wconf 86' lang='lat' dir='ltr'><strong>ait,</strong></span> <span class='ocrx_word' id='word_1_350' title='bbox 1678 4496 1774 4551; x_wconf 82' lang='lat' dir='ltr'><strong>Sol</strong></span> <span class='ocrx_word' id='word_1_351' title='bbox 1815 4514 1913 4549; x_wconf 84' lang='lat' dir='ltr'><strong>non</strong></span> 
     </span>
    </p>
   </div>
   <div class='ocr_carea' id='block_1_47' title="bbox 343 4587 1915 4662">
    <p class='ocr_par' dir='ltr' id='par_1_47' title="bbox 343 4587 1915 4662">
     <span class='ocr_line' id='line_1_47' title="bbox 343 4587 1915 4662; baseline -0.004 -16"><span class='ocrx_word' id='word_1_352' title='bbox 343 4593 537 4646; x_wconf 83' lang='lat' dir='ltr'><strong>occidat</strong></span> <span class='ocrx_word' id='word_1_353' title='bbox 560 4608 711 4662; x_wconf 83' lang='lat' dir='ltr'><strong>super</strong></span> <span class='ocrx_word' id='word_1_354' title='bbox 737 4591 1049 4644; x_wconf 80' lang='lat' dir='ltr'><strong>iracundiam</strong></span> <span class='ocrx_word' id='word_1_355' title='bbox 1064 4601 1274 4643; x_wconf 79' lang='lat' dir='ltr'><strong>vestram</strong></span> <span class='ocrx_word' id='word_1_356' title='bbox 1294 4587 1509 4657; x_wconf 83' lang='lat' dir='ltr'><strong>(Epltes.</strong></span> <span class='ocrx_word' id='word_1_357' title='bbox 1532 4588 1680 4659; x_wconf 65' lang='lat'><strong>4.26)</strong></span> <span class='ocrx_word' id='word_1_358' title='bbox 1703 4589 1725 4640; x_wconf 85' lang='lat'><strong>?</strong></span> <span class='ocrx_word' id='word_1_359' title='bbox 1748 4589 1833 4641; x_wconf 91' lang='lat' dir='ltr'><strong>ubi</strong></span> <span class='ocrx_word' id='word_1_360' title='bbox 1853 4589 1915 4640; x_wconf 90' lang='lat' dir='ltr'><strong>il-</strong></span> 
     </span>
    </p>
   </div>
   <div class='ocr_carea' id='block_1_48' title="bbox 345 4678 1913 4759">
    <p class='ocr_par' dir='ltr' id='par_1_48' title="bbox 345 4678 1913 4759">
     <span class='ocr_line' id='line_1_48' title="bbox 345 4678 1913 4759; baseline -0.004 -21"><span class='ocrx_word' id='word_1_361' title='bbox 345 4684 434 4738; x_wconf 91' lang='lat' dir='ltr'><strong>lud</strong></span> <span class='ocrx_word' id='word_1_362' title='bbox 457 4683 703 4759; x_wconf 85' lang='lat' dir='ltr'><strong>apostoli,</strong></span> <span class='ocrx_word' id='word_1_363' title='bbox 742 4681 890 4734; x_wconf 83' lang='lat' dir='ltr'><strong>Vince</strong></span> <span class='ocrx_word' id='word_1_364' title='bbox 907 4682 959 4734; x_wconf 84' lang='lat' dir='ltr'><strong>in</strong></span> <span class='ocrx_word' id='word_1_365' title='bbox 975 4682 1102 4735; x_wconf 88' lang='lat' dir='ltr'><strong>bona</strong></span> <span class='ocrx_word' id='word_1_366' title='bbox 1126 4679 1315 4733; x_wconf 83' lang='lat' dir='ltr'><strong>malum</strong></span> <span class='ocrx_word' id='word_1_367' title='bbox 1343 4679 1516 4750; x_wconf 70' lang='lat' dir='ltr'><strong>(liam.</strong></span> <span class='ocrx_word' id='word_1_368' title='bbox 1550 4680 1635 4733; x_wconf 75' lang='lat' dir='ltr'><strong>l2.</strong></span> <span class='ocrx_word' id='word_1_369' title='bbox 1658 4679 1748 4749; x_wconf 75' lang='grc'><strong>21)</strong></span> <span class='ocrx_word' id='word_1_370' title='bbox 1772 4678 1795 4731; x_wconf 84' lang='lat'><strong>?</strong></span> <span class='ocrx_word' id='word_1_371' title='bbox 1825 4678 1913 4732; x_wconf 91' lang='lat' dir='ltr'><strong>ubi</strong></span> 
     </span>
    </p>
   </div>
   <div class='ocr_carea' id='block_1_49' title="bbox 344 4770 1911 4845">
    <p class='ocr_par' dir='ltr' id='par_1_49' title="bbox 344 4770 1911 4845">
     <span class='ocr_line' id='line_1_49' title="bbox 344 4770 1911 4845; baseline -0.004 -15"><span class='ocrx_word' id='word_1_372' title='bbox 344 4774 471 4830; x_wconf 90' lang='lat' dir='ltr'><strong>illud</strong></span> <span class='ocrx_word' id='word_1_373' title='bbox 496 4776 788 4845; x_wconf 62' lang='lat' dir='ltr'><strong>prophetae,</strong></span> <span class='ocrx_word' id='word_1_374' title='bbox 810 4773 869 4827; x_wconf 88' lang='lat' dir='ltr'><strong>Si</strong></span> <span class='ocrx_word' id='word_1_375' title='bbox 887 4773 1083 4825; x_wconf 83' lang='lat' dir='ltr'><strong>reddidi</strong></span> <span class='ocrx_word' id='word_1_376' title='bbox 1102 4774 1479 4826; x_wconf 77' lang='lat' dir='ltr'><strong>retribuetuibus</strong></span> <span class='ocrx_word' id='word_1_377' title='bbox 1497 4772 1617 4825; x_wconf 78' lang='lat' dir='ltr'><strong>milii</strong></span> <span class='ocrx_word' id='word_1_378' title='bbox 1638 4772 1774 4824; x_wconf 85' lang='lat' dir='ltr'><strong>mala</strong></span> <span class='ocrx_word' id='word_1_379' title='bbox 1792 4770 1911 4841; x_wconf 80' lang='lat' dir='ltr'><strong>(Ps.</strong></span> 
     </span>
    </p>
   </div>
   <div class='ocr_carea' id='block_1_50' title="bbox 344 4864 1915 4935">
    <p class='ocr_par' dir='ltr' id='par_1_50' title="bbox 344 4864 1915 4935">
     <span class='ocr_line' id='line_1_50' title="bbox 344 4864 1915 4935; baseline -0.002 -16"><span class='ocrx_word' id='word_1_380' title='bbox 344 4868 399 4919; x_wconf 90' lang='lat'><strong>7.</strong></span> <span class='ocrx_word' id='word_1_381' title='bbox 428 4866 526 4935; x_wconf 83' lang='lat'><strong>5)?</strong></span> <span class='ocrx_word' id='word_1_382' title='bbox 554 4864 753 4920; x_wconf 86' lang='lat' dir='ltr'><strong>Deinde</strong></span> <span class='ocrx_word' id='word_1_383' title='bbox 781 4880 905 4917; x_wconf 91' lang='lat' dir='ltr'><strong>num</strong></span> <span class='ocrx_word' id='word_1_384' title='bbox 936 4866 1214 4933; x_wconf 79' lang='lat' dir='ltr'><strong>Operosius</strong></span> <span class='ocrx_word' id='word_1_385' title='bbox 1244 4872 1359 4918; x_wconf 88' lang='lat' dir='ltr'><strong>erat</strong></span> <span class='ocrx_word' id='word_1_386' title='bbox 1395 4878 1573 4917; x_wconf 89' lang='lat' dir='ltr'><strong>coram</strong></span> <span class='ocrx_word' id='word_1_387' title='bbox 1611 4864 1915 4917; x_wconf 89' lang='lat' dir='ltr'><strong>reverendis</strong></span> 
     </span>
    </p>
   </div>
   <div class='ocr_carea' id='block_1_51' title="bbox 257 4953 1911 5026">
    <p class='ocr_par' dir='ltr' id='par_1_51' title="bbox 257 4953 1911 5026">
     <span class='ocr_line' id='line_1_51' title="bbox 257 4953 1911 5026; baseline -0.001 -17"><span class='ocrx_word' id='word_1_388' title='bbox 257 4982 268 4991; x_wconf 88' lang='lat'><strong><em>-</em></strong></span> <span class='ocrx_word' id='word_1_389' title='bbox 346 4957 608 5026; x_wconf 89' lang='lat' dir='ltr'><strong>episcopis</strong></span> <span class='ocrx_word' id='word_1_390' title='bbox 635 4970 756 5010; x_wconf 91' lang='lat' dir='ltr'><strong>eum</strong></span> <span class='ocrx_word' id='word_1_391' title='bbox 795 4969 1049 5012; x_wconf 86' lang='lat' dir='ltr'><strong>accusare</strong></span> <span class='ocrx_word' id='word_1_392' title='bbox 1086 4964 1139 5008; x_wconf 89' lang='lat' dir='ltr'><strong>ct</strong></span> <span class='ocrx_word' id='word_1_393' title='bbox 1173 4953 1353 5007; x_wconf 90' lang='lat' dir='ltr'><strong>dicere</strong></span> <span class='ocrx_word' id='word_1_394' title='bbox 1381 4971 1395 5008; x_wconf 92' lang='lat'><strong>:</strong></span> <span class='ocrx_word' id='word_1_395' title='bbox 1429 4953 1612 5007; x_wconf 86' lang='lat' dir='ltr'><strong>Frater</strong></span> <span class='ocrx_word' id='word_1_396' title='bbox 1636 4954 1873 5008; x_wconf 85' lang='lat' dir='ltr'><strong>Joannes</strong></span> <span class='ocrx_word' id='word_1_397' title='bbox 1898 4996 1911 5018; x_wconf 94' lang='lat'><strong>,</strong></span> 
     </span>
    </p>
   </div>
   <div class='ocr_carea' id='block_1_52' title="bbox 347 5044 1916 5115">
    <p class='ocr_par' dir='ltr' id='par_1_52' title="bbox 347 5044 1916 5115">
     <span class='ocr_line' id='line_1_52' title="bbox 347 5044 1916 5115; baseline -0.001 -13"><span class='ocrx_word' id='word_1_398' title='bbox 347 5047 449 5102; x_wconf 81' lang='lat' dir='ltr'><strong>hoc</strong></span> <span class='ocrx_word' id='word_1_399' title='bbox 474 5057 564 5101; x_wconf 90' lang='lat' dir='ltr'><strong>aut</strong></span> <span class='ocrx_word' id='word_1_400' title='bbox 592 5046 722 5100; x_wconf 91' lang='lat' dir='ltr'><strong>illud</strong></span> <span class='ocrx_word' id='word_1_401' title='bbox 750 5062 818 5100; x_wconf 88' lang='lat' dir='ltr'><strong>an</strong></span> <span class='ocrx_word' id='word_1_402' title='bbox 851 5046 1158 5115; x_wconf 89' lang='lat' dir='ltr'><strong>imprudens</strong></span> <span class='ocrx_word' id='word_1_403' title='bbox 1187 5044 1354 5099; x_wconf 88' lang='lat' dir='ltr'><strong>fecisti</strong></span> <span class='ocrx_word' id='word_1_404' title='bbox 1380 5045 1403 5097; x_wconf 88' lang='lat'><strong>?</strong></span> <span class='ocrx_word' id='word_1_405' title='bbox 1431 5055 1485 5100; x_wconf 92' lang='lat' dir='ltr'><strong>et</strong></span> <span class='ocrx_word' id='word_1_406' title='bbox 1524 5045 1784 5100; x_wconf 89' lang='lat' dir='ltr'><strong>Joannem</strong></span> <span class='ocrx_word' id='word_1_407' title='bbox 1818 5047 1916 5101; x_wconf 85' lang='lat' dir='ltr'><strong>de-</strong></span> 
     </span>
    </p>
   </div>
   <div class='ocr_carea' id='block_1_53' title="bbox 347 5136 1915 5205">
    <p class='ocr_par' dir='ltr' id='par_1_53' title="bbox 347 5136 1915 5205">
     <span class='ocr_line' id='line_1_53' title="bbox 347 5136 1915 5205; baseline -0.001 -15"><span class='ocrx_word' id='word_1_408' title='bbox 347 5136 600 5192; x_wconf 86' lang='lat' dir='ltr'><strong>fensionis</strong></span> <span class='ocrx_word' id='word_1_409' title='bbox 640 5137 758 5189; x_wconf 85' lang='lat' dir='ltr'><strong>loco</strong></span> <span class='ocrx_word' id='word_1_410' title='bbox 782 5137 979 5203; x_wconf 88' lang='lat' dir='ltr'><strong>dicere,</strong></span> <span class='ocrx_word' id='word_1_411' title='bbox 1001 5152 1111 5190; x_wconf 91' lang='lat' dir='ltr'><strong>rem</strong></span> <span class='ocrx_word' id='word_1_412' title='bbox 1139 5137 1406 5205; x_wconf 88' lang='lat' dir='ltr'><strong>ignorasse</strong></span> <span class='ocrx_word' id='word_1_413' title='bbox 1425 5136 1525 5190; x_wconf 89' lang='lat' dir='ltr'><strong>se?</strong></span> <span class='ocrx_word' id='word_1_414' title='bbox 1551 5138 1698 5191; x_wconf 71' lang='lat' dir='ltr'><strong>Duc.</strong></span> <span class='ocrx_word' id='word_1_415' title='bbox 1725 5136 1915 5191; x_wconf 82' lang='lat' dir='ltr'><strong>Verum</strong></span> 
     </span>
    </p>
   </div>
   <div class='ocr_carea' id='block_1_54' title="bbox 346 5225 1918 5294">
    <p class='ocr_par' dir='ltr' id='par_1_54' title="bbox 346 5225 1918 5294">
     <span class='ocr_line' id='line_1_54' title="bbox 346 5225 1918 5294; baseline 0 -15"><span class='ocrx_word' id='word_1_416' title='bbox 346 5227 500 5292; x_wconf 88' lang='lat' dir='ltr'><strong>dicis,</strong></span> <span class='ocrx_word' id='word_1_417' title='bbox 523 5228 567 5280; x_wconf 90' lang='lat' dir='ltr'><strong>si</strong></span> <span class='ocrx_word' id='word_1_418' title='bbox 594 5228 645 5280; x_wconf 90' lang='lat' dir='ltr'><strong>in</strong></span> <span class='ocrx_word' id='word_1_419' title='bbox 676 5242 741 5280; x_wconf 93' lang='lat' dir='ltr'><strong>eo</strong></span> <span class='ocrx_word' id='word_1_420' title='bbox 768 5225 955 5281; x_wconf 87' lang='lat' dir='ltr'><strong>fuisset</strong></span> <span class='ocrx_word' id='word_1_421' title='bbox 976 5227 1218 5281; x_wconf 83' lang='lat' dir='ltr'><strong>voluntas</strong></span> <span class='ocrx_word' id='word_1_422' title='bbox 1248 5227 1406 5289; x_wconf 91' lang='lat' dir='ltr'><strong>bona,</strong></span> <span class='ocrx_word' id='word_1_423' title='bbox 1431 5241 1527 5280; x_wconf 84' lang='lat' dir='ltr'><strong>nec</strong></span> <span class='ocrx_word' id='word_1_424' title='bbox 1553 5229 1918 5294; x_wconf 60' lang='lat' dir='ltr'><strong>praetexuisset</strong></span> 
     </span>
    </p>
   </div>
   <div class='ocr_carea' id='block_1_55' title="bbox 347 5316 1913 5385">
    <p class='ocr_par' dir='ltr' id='par_1_55' title="bbox 347 5316 1913 5385">
     <span class='ocr_line' id='line_1_55' title="bbox 347 5316 1913 5385; baseline 0.001 -17"><span class='ocrx_word' id='word_1_425' title='bbox 347 5317 677 5370; x_wconf 80' lang='lat' dir='ltr'><strong>clericorum</strong></span> <span class='ocrx_word' id='word_1_426' title='bbox 722 5331 972 5380; x_wconf 89' lang='lat' dir='ltr'><strong>causam,</strong></span> <span class='ocrx_word' id='word_1_427' title='bbox 1031 5327 1085 5368; x_wconf 92' lang='lat' dir='ltr'><strong>ut</strong></span> <span class='ocrx_word' id='word_1_428' title='bbox 1144 5316 1407 5383; x_wconf 81' lang='lat' dir='ltr'><strong>propriam</strong></span> <span class='ocrx_word' id='word_1_429' title='bbox 1457 5317 1586 5368; x_wconf 90' lang='lat' dir='ltr'><strong>iram</strong></span> <span class='ocrx_word' id='word_1_430' title='bbox 1654 5317 1913 5385; x_wconf 89' lang='lat' dir='ltr'><strong>expleret.</strong></span> 
     </span>
    </p>
   </div>
   <div class='ocr_carea' id='block_1_56' title="bbox 352 5406 1915 5475">
    <p class='ocr_par' dir='ltr' id='par_1_56' title="bbox 352 5406 1915 5475">
     <span class='ocr_line' id='line_1_56' title="bbox 352 5406 1915 5475; baseline 0.001 -16"><span class='ocrx_word' id='word_1_431' title='bbox 352 5408 526 5461; x_wconf 70' lang='lat' dir='ltr'><strong>Ernsc.</strong></span> <span class='ocrx_word' id='word_1_432' title='bbox 556 5408 657 5461; x_wconf 85' lang='lat' dir='ltr'><strong>Per</strong></span> <span class='ocrx_word' id='word_1_433' title='bbox 687 5406 929 5461; x_wconf 90' lang='lat' dir='ltr'><strong>timorem</strong></span> <span class='ocrx_word' id='word_1_434' title='bbox 963 5406 1054 5460; x_wconf 93' lang='lat' dir='ltr'><strong>Dei</strong></span> <span class='ocrx_word' id='word_1_435' title='bbox 1081 5407 1167 5475; x_wconf 91' lang='lat' dir='ltr'><strong>qui</strong></span> <span class='ocrx_word' id='word_1_436' title='bbox 1198 5407 1414 5459; x_wconf 90' lang='lat' dir='ltr'><strong>inliuitis</strong></span> <span class='ocrx_word' id='word_1_437' title='bbox 1441 5406 1717 5460; x_wconf 90' lang='lat' dir='ltr'><strong>timoribus</strong></span> <span class='ocrx_word' id='word_1_438' title='bbox 1742 5407 1915 5460; x_wconf 87' lang='lat' dir='ltr'><strong>domi-</strong></span> 
     </span>
    </p>
   </div>
   <div class='ocr_carea' id='block_1_57' title="bbox 350 5495 1918 5565">
    <p class='ocr_par' dir='ltr' id='par_1_57' title="bbox 350 5495 1918 5565">
     <span class='ocr_line' id='line_1_57' title="bbox 350 5495 1918 5565; baseline 0.001 -16"><span class='ocrx_word' id='word_1_439' title='bbox 350 5507 526 5561; x_wconf 87' lang='lat' dir='ltr'><strong>natur,</strong></span> <span class='ocrx_word' id='word_1_440' title='bbox 561 5512 663 5549; x_wconf 91' lang='lat' dir='ltr'><strong>uon</strong></span> <span class='ocrx_word' id='word_1_441' title='bbox 713 5497 865 5550; x_wconf 88' lang='lat' dir='ltr'><strong>aliter</strong></span> <span class='ocrx_word' id='word_1_442' title='bbox 896 5496 986 5550; x_wconf 91' lang='lat' dir='ltr'><strong>tibi</strong></span> <span class='ocrx_word' id='word_1_443' title='bbox 1017 5496 1188 5549; x_wconf 82' lang='lat' dir='ltr'><strong>dieam</strong></span> <span class='ocrx_word' id='word_1_444' title='bbox 1211 5537 1226 5560; x_wconf 94' lang='lat'><strong>,</strong></span> <span class='ocrx_word' id='word_1_445' title='bbox 1255 5510 1413 5565; x_wconf 89' lang='lat' dir='ltr'><strong>quam</strong></span> <span class='ocrx_word' id='word_1_446' title='bbox 1454 5502 1511 5549; x_wconf 86' lang='lat' dir='ltr'><strong>ut</strong></span> <span class='ocrx_word' id='word_1_447' title='bbox 1552 5510 1609 5549; x_wconf 88' lang='lat' dir='ltr'><strong>se</strong></span> <span class='ocrx_word' id='word_1_448' title='bbox 1642 5495 1796 5550; x_wconf 87' lang='lat' dir='ltr'><strong>habet</strong></span> <span class='ocrx_word' id='word_1_449' title='bbox 1842 5500 1918 5551; x_wconf 87' lang='lat' dir='ltr'><strong>rei</strong></span> 
     </span>
    </p>
   </div>
   <div class='ocr_carea' id='block_1_58' title="bbox 352 5587 1917 5659">
    <p class='ocr_par' dir='ltr' id='par_1_58' title="bbox 352 5587 1917 5659">
     <span class='ocr_line' id='line_1_58' title="bbox 352 5587 1917 5659; baseline -0.001 -17"><span class='ocrx_word' id='word_1_450' title='bbox 352 5600 537 5645; x_wconf 88' lang='lat' dir='ltr'><strong>natura</strong></span> <span class='ocrx_word' id='word_1_451' title='bbox 564 5589 630 5645; x_wconf 91' lang='lat' dir='ltr'><strong>de</strong></span> <span class='ocrx_word' id='word_1_452' title='bbox 660 5589 724 5643; x_wconf 89' lang='lat' dir='ltr'><strong>iis</strong></span> <span class='ocrx_word' id='word_1_453' title='bbox 751 5588 987 5654; x_wconf 90' lang='lat' dir='ltr'><strong>clericis,</strong></span> <span class='ocrx_word' id='word_1_454' title='bbox 1018 5604 1151 5659; x_wconf 91' lang='lat' dir='ltr'><strong>quos</strong></span> <span class='ocrx_word' id='word_1_455' title='bbox 1190 5588 1516 5643; x_wconf 89' lang='lat' dir='ltr'><strong>memorasti.</strong></span> <span class='ocrx_word' id='word_1_456' title='bbox 1542 5587 1773 5643; x_wconf 89' lang='lat' dir='ltr'><strong>Isidorus</strong></span> <span class='ocrx_word' id='word_1_457' title='bbox 1798 5590 1917 5657; x_wconf 46' lang='lat' dir='ltr'><strong>qui-</strong></span> 
     </span>
    </p>
   </div>
   <div class='ocr_carea' id='block_1_59' title="bbox 350 5678 1916 5751">
    <p class='ocr_par' dir='ltr' id='par_1_59' title="bbox 350 5678 1916 5751">
     <span class='ocr_line' id='line_1_59' title="bbox 350 5678 1916 5751; baseline 0 -17"><span class='ocrx_word' id='word_1_458' title='bbox 350 5681 470 5734; x_wconf 85' lang='lat' dir='ltr'><strong>dam</strong></span> <span class='ocrx_word' id='word_1_459' title='bbox 504 5681 774 5751; x_wconf 79' lang='lat' dir='ltr'><strong>presbyter</strong></span> <span class='ocrx_word' id='word_1_460' title='bbox 803 5695 866 5733; x_wconf 89' lang='lat' dir='ltr'><strong>ex</strong></span> <span class='ocrx_word' id='word_1_461' title='bbox 910 5680 1049 5734; x_wconf 88' lang='lat' dir='ltr'><strong>beati</strong></span> <span class='ocrx_word' id='word_1_462' title='bbox 1080 5680 1253 5749; x_wconf 91' lang='lat' dir='ltr'><strong>magni</strong></span> <span class='ocrx_word' id='word_1_463' title='bbox 1281 5678 1550 5734; x_wconf 85' lang='lat' dir='ltr'><strong>Athanasii</strong></span> <span class='ocrx_word' id='word_1_464' title='bbox 1585 5680 1916 5734; x_wconf 87' lang='lat' dir='ltr'><strong>ordinatione</strong></span> 
     </span>
    </p>
   </div>
   <div class='ocr_carea' id='block_1_60' title="bbox 352 5774 1911 5846">
    <p class='ocr_par' dir='ltr' id='par_1_60' title="bbox 352 5774 1911 5846">
     <span class='ocr_line' id='line_1_60' title="bbox 352 5774 1911 5846; baseline -0.001 -17"><span class='ocrx_word' id='word_1_465' title='bbox 352 5782 627 5844; x_wconf 81' lang='lat' dir='ltr'><strong>supererat</strong></span> <span class='ocrx_word' id='word_1_466' title='bbox 652 5814 667 5839; x_wconf 94' lang='lat'><strong>,</strong></span> <span class='ocrx_word' id='word_1_467' title='bbox 698 5774 1078 5843; x_wconf 86' lang='lat' dir='ltr'><strong>octogesimum</strong></span> <span class='ocrx_word' id='word_1_468' title='bbox 1105 5774 1277 5827; x_wconf 83' lang='lat' dir='ltr'><strong>:etatis</strong></span> <span class='ocrx_word' id='word_1_469' title='bbox 1311 5787 1504 5828; x_wconf 87' lang='lat' dir='ltr'><strong>annum</strong></span> <span class='ocrx_word' id='word_1_470' title='bbox 1532 5787 1693 5846; x_wconf 86' lang='lat' dir='ltr'><strong>agens</strong></span> <span class='ocrx_word' id='word_1_471' title='bbox 1712 5813 1727 5838; x_wconf 87' lang='lat'><strong>,</strong></span> <span class='ocrx_word' id='word_1_472' title='bbox 1755 5788 1911 5843; x_wconf 90' lang='lat' dir='ltr'><strong>quem</strong></span> 
     </span>
    </p>
   </div>
   <div class='ocr_carea' id='block_1_61' title="bbox 2027 488 3603 559">
    <p class='ocr_par' dir='ltr' id='par_1_61' title="bbox 2027 488 3603 559">
     <span class='ocr_line' id='line_1_61' title="bbox 2027 488 3603 559; baseline 0.001 -18"><span class='ocrx_word' id='word_1_473' title='bbox 2027 500 2220 541; x_wconf 92' lang='lat' dir='ltr'><strong>norunt</strong></span> <span class='ocrx_word' id='word_1_474' title='bbox 2244 490 2602 543; x_wconf 80' lang='lat' dir='ltr'><strong>Romanorum</strong></span> <span class='ocrx_word' id='word_1_475' title='bbox 2644 488 2878 559; x_wconf 88' lang='lat' dir='ltr'><strong>plerique</strong></span> <span class='ocrx_word' id='word_1_476' title='bbox 2903 490 3381 546; x_wconf 84' lang='lat' dir='ltr'><strong>ecclesiasticarum</strong></span> <span class='ocrx_word' id='word_1_477' title='bbox 3430 506 3603 546; x_wconf 90' lang='lat' dir='ltr'><strong>rerum</strong></span> 
     </span>
    </p>
   </div>
   <div class='ocr_carea' id='block_1_62' title="bbox 2024 580 3603 649">
    <p class='ocr_par' dir='ltr' id='par_1_62' title="bbox 2024 580 3603 649">
     <span class='ocr_line' id='line_1_62' title="bbox 2024 580 3603 649; baseline 0.002 -17"><span class='ocrx_word' id='word_1_478' title='bbox 2024 595 2184 633; x_wconf 89' lang='lat' dir='ltr'><strong>causa</strong></span> <span class='ocrx_word' id='word_1_479' title='bbox 2240 580 2463 633; x_wconf 77' lang='lat' dir='ltr'><strong>Romam</strong></span> <span class='ocrx_word' id='word_1_480' title='bbox 2510 580 2755 642; x_wconf 86' lang='lat' dir='ltr'><strong>venisse,</strong></span> <span class='ocrx_word' id='word_1_481' title='bbox 2786 595 2904 635; x_wconf 93' lang='lat' dir='ltr'><strong>cum</strong></span> <span class='ocrx_word' id='word_1_482' title='bbox 2956 582 3291 636; x_wconf 75' lang='lat' dir='ltr'><strong>Alexandria:</strong></span> <span class='ocrx_word' id='word_1_483' title='bbox 3336 581 3603 649; x_wconf 90' lang='lat' dir='ltr'><strong>hospitum</strong></span> 
     </span>
    </p>
   </div>
   <div class='ocr_carea' id='block_1_63' title="bbox 2025 671 3601 741">
    <p class='ocr_par' dir='ltr' id='par_1_63' title="bbox 2025 671 3601 741">
     <span class='ocr_line' id='line_1_63' title="bbox 2025 671 3601 741; baseline 0.001 -17"><span class='ocrx_word' id='word_1_484' title='bbox 2025 681 2301 740; x_wconf 88' lang='lat' dir='ltr'><strong>susceptor</strong></span> <span class='ocrx_word' id='word_1_485' title='bbox 2344 682 2503 725; x_wconf 87' lang='lat' dir='ltr'><strong>esset.</strong></span> <span class='ocrx_word' id='word_1_486' title='bbox 2539 671 2618 725; x_wconf 91' lang='lat' dir='ltr'><strong>Tu</strong></span> <span class='ocrx_word' id='word_1_487' title='bbox 2667 686 2793 725; x_wconf 90' lang='lat' dir='ltr'><strong>vero</strong></span> <span class='ocrx_word' id='word_1_488' title='bbox 2845 680 2898 725; x_wconf 85' lang='lat' dir='ltr'><strong>et</strong></span> <span class='ocrx_word' id='word_1_489' title='bbox 2952 673 3062 741; x_wconf 85' lang='lat' dir='ltr'><strong>ipse</strong></span> <span class='ocrx_word' id='word_1_490' title='bbox 3114 674 3253 727; x_wconf 85' lang='lat' dir='ltr'><strong>n05ti</strong></span> <span class='ocrx_word' id='word_1_491' title='bbox 3310 673 3601 736; x_wconf 88' lang='lat' dir='ltr'><strong>hominem,</strong></span> 
     </span>
    </p>
   </div>
   <div class='ocr_carea' id='block_1_64' title="bbox 2024 762 3593 831">
    <p class='ocr_par' dir='ltr' id='par_1_64' title="bbox 2024 762 3593 831">
     <span class='ocr_line' id='line_1_64' title="bbox 2024 762 3593 831; baseline 0.003 -17"><span class='ocrx_word' id='word_1_492' title='bbox 2024 762 2237 830; x_wconf 90' lang='lat' dir='ltr'><strong>quando</strong></span> <span class='ocrx_word' id='word_1_493' title='bbox 2283 778 2402 817; x_wconf 91' lang='lat' dir='ltr'><strong>cum</strong></span> <span class='ocrx_word' id='word_1_494' title='bbox 2445 764 2637 817; x_wconf 89' lang='lat' dir='ltr'><strong>Acacio</strong></span> <span class='ocrx_word' id='word_1_495' title='bbox 2681 766 2939 831; x_wconf 90' lang='lat' dir='ltr'><strong>veniens,</strong></span> <span class='ocrx_word' id='word_1_496' title='bbox 2974 765 3208 819; x_wconf 81' lang='lat' dir='ltr'><strong>Flaviani</strong></span> <span class='ocrx_word' id='word_1_497' title='bbox 3254 782 3374 820; x_wconf 90' lang='lat' dir='ltr'><strong>cum</strong></span> <span class='ocrx_word' id='word_1_498' title='bbox 3415 766 3593 820; x_wconf 90' lang='lat' dir='ltr'><strong>&#39;I&#39;heo-</strong></span> 
     </span>
    </p>
   </div>
   <div class='ocr_carea' id='block_1_65' title="bbox 2024 854 3602 927">
    <p class='ocr_par' dir='ltr' id='par_1_65' title="bbox 2024 854 3602 927">
     <span class='ocr_line' id='line_1_65' title="bbox 2024 854 3602 927; baseline 0.004 -21"><span class='ocrx_word' id='word_1_499' title='bbox 2024 854 2168 923; x_wconf 87' lang='lat' dir='ltr'><strong>philo</strong></span> <span class='ocrx_word' id='word_1_500' title='bbox 2197 856 2626 909; x_wconf 90' lang='lat' dir='ltr'><strong>communionem</strong></span> <span class='ocrx_word' id='word_1_501' title='bbox 2655 857 2869 920; x_wconf 86' lang='lat' dir='ltr'><strong>attulit,</strong></span> <span class='ocrx_word' id='word_1_502' title='bbox 2901 857 3080 926; x_wconf 85' lang='lat' dir='ltr'><strong>viginti</strong></span> <span class='ocrx_word' id='word_1_503' title='bbox 3111 872 3279 911; x_wconf 91' lang='lat' dir='ltr'><strong>annos</strong></span> <span class='ocrx_word' id='word_1_504' title='bbox 3321 858 3602 927; x_wconf 88' lang='lat' dir='ltr'><strong>abruptam</strong></span> 
     </span>
    </p>
   </div>
   <div class='ocr_carea' id='block_1_66' title="bbox 2021 945 3600 1016">
    <p class='ocr_par' dir='ltr' id='par_1_66' title="bbox 2021 945 3600 1016">
     <span class='ocr_line' id='line_1_66' title="bbox 2021 945 3600 1016; baseline 0.002 -17"><span class='ocrx_word' id='word_1_505' title='bbox 2021 945 2161 999; x_wconf 91' lang='lat' dir='ltr'><strong>beati</strong></span> <span class='ocrx_word' id='word_1_506' title='bbox 2189 946 2399 1015; x_wconf 82' lang='lat' dir='ltr'><strong>Evagrii</strong></span> <span class='ocrx_word' id='word_1_507' title='bbox 2424 962 2582 1001; x_wconf 90' lang='lat' dir='ltr'><strong>causa</strong></span> <span class='ocrx_word' id='word_1_508' title='bbox 2606 964 2617 999; x_wconf 94' lang='lat'>:</span> <span class='ocrx_word' id='word_1_509' title='bbox 2642 950 2729 1016; x_wconf 89' lang='lat' dir='ltr'><strong>qui</strong></span> <span class='ocrx_word' id='word_1_510' title='bbox 2762 948 2983 1016; x_wconf 88' lang='lat' dir='ltr'><strong>plurima</strong></span> <span class='ocrx_word' id='word_1_511' title='bbox 3011 950 3300 1003; x_wconf 91' lang='lat' dir='ltr'><strong>certamina</strong></span> <span class='ocrx_word' id='word_1_512' title='bbox 3328 950 3378 1003; x_wconf 93' lang='lat' dir='ltr'><strong>in</strong></span> <span class='ocrx_word' id='word_1_513' title='bbox 3409 950 3600 1003; x_wconf 84' lang='lat' dir='ltr'><strong>obeun-</strong></span> 
     </span>
    </p>
   </div>
   <div class='ocr_carea' id='block_1_67' title="bbox 2022 1036 3599 1109">
    <p class='ocr_par' dir='ltr' id='par_1_67' title="bbox 2022 1036 3599 1109">
     <span class='ocr_line' id='line_1_67' title="bbox 2022 1036 3599 1109; baseline 0.003 -20"><span class='ocrx_word' id='word_1_514' title='bbox 2022 1036 2104 1089; x_wconf 88' lang='lat' dir='ltr'><strong>dis</strong></span> <span class='ocrx_word' id='word_1_515' title='bbox 2144 1036 2519 1091; x_wconf 88' lang='lat' dir='ltr'><strong>ecclesiasticis</strong></span> <span class='ocrx_word' id='word_1_516' title='bbox 2562 1037 2833 1092; x_wconf 87' lang='lat' dir='ltr'><strong>laboribus</strong></span> <span class='ocrx_word' id='word_1_517' title='bbox 2864 1039 3098 1107; x_wconf 90' lang='lat' dir='ltr'><strong>pertulit.</strong></span> <span class='ocrx_word' id='word_1_518' title='bbox 3142 1039 3272 1093; x_wconf 83' lang='lat' dir='ltr'><strong>Huic</strong></span> <span class='ocrx_word' id='word_1_519' title='bbox 3310 1040 3468 1109; x_wconf 85' lang='lat' dir='ltr'><strong>igitur</strong></span> <span class='ocrx_word' id='word_1_520' title='bbox 3503 1040 3599 1093; x_wconf 74' lang='lat' dir='ltr'><strong>lsi-</strong></span> 
     </span>
    </p>
   </div>
   <div class='ocr_carea' id='block_1_68' title="bbox 2022 1129 3601 1200">
    <p class='ocr_par' dir='ltr' id='par_1_68' title="bbox 2022 1129 3601 1200">
     <span class='ocr_line' id='line_1_68' title="bbox 2022 1129 3601 1200; baseline 0.003 -17"><span class='ocrx_word' id='word_1_521' title='bbox 2022 1129 2154 1184; x_wconf 92' lang='lat' dir='ltr'><strong>doro</strong></span> <span class='ocrx_word' id='word_1_522' title='bbox 2185 1129 2376 1184; x_wconf 90' lang='lat' dir='ltr'><strong>mulier</strong></span> <span class='ocrx_word' id='word_1_523' title='bbox 2410 1130 2655 1198; x_wconf 62' lang='lat' dir='ltr'><strong>quadam</strong></span> <span class='ocrx_word' id='word_1_524' title='bbox 2697 1131 2851 1183; x_wconf 82' lang='lat' dir='ltr'><strong>vidua</strong></span> <span class='ocrx_word' id='word_1_525' title='bbox 2884 1147 2914 1185; x_wconf 93' lang='lat' dir='ltr'><strong>e</strong></span> <span class='ocrx_word' id='word_1_526' title='bbox 2956 1132 3288 1200; x_wconf 90' lang='lat' dir='ltr'><strong>magnatibus</strong></span> <span class='ocrx_word' id='word_1_527' title='bbox 3324 1134 3415 1186; x_wconf 88' lang='lat' dir='ltr'><strong>dat</strong></span> <span class='ocrx_word' id='word_1_528' title='bbox 3454 1133 3601 1187; x_wconf 89' lang='lat' dir='ltr'><strong>mille</strong></span> 
     </span>
    </p>
   </div>
   <div class='ocr_carea' id='block_1_69' title="bbox 2020 1221 3596 1291">
    <p class='ocr_par' dir='ltr' id='par_1_69' title="bbox 2020 1221 3596 1291">
     <span class='ocr_line' id='line_1_69' title="bbox 2020 1221 3596 1291; baseline 0.003 -18"><span class='ocrx_word' id='word_1_529' title='bbox 2020 1236 2208 1275; x_wconf 88' lang='lat' dir='ltr'><strong>aureos</strong></span> <span class='ocrx_word' id='word_1_530' title='bbox 2229 1262 2242 1283; x_wconf 88' lang='lat'><strong>,</strong></span> <span class='ocrx_word' id='word_1_531' title='bbox 2272 1221 2551 1291; x_wconf 73' lang='lat' dir='ltr'><strong>adegitque</strong></span> <span class='ocrx_word' id='word_1_532' title='bbox 2594 1222 2941 1290; x_wconf 83' lang='lat' dir='ltr'><strong>jurejurando</strong></span> <span class='ocrx_word' id='word_1_533' title='bbox 2970 1238 3066 1291; x_wconf 91' lang='lat' dir='ltr'><strong>per</strong></span> <span class='ocrx_word' id='word_1_534' title='bbox 3092 1223 3392 1278; x_wconf 89' lang='lat' dir='ltr'><strong>Servatoris</strong></span> <span class='ocrx_word' id='word_1_535' title='bbox 3441 1240 3596 1278; x_wconf 86' lang='lat' dir='ltr'><strong>menâ€”</strong></span> 
     </span>
    </p>
   </div>
   <div class='ocr_carea' id='block_1_70' title="bbox 2018 1314 3599 1383">
    <p class='ocr_par' dir='ltr' id='par_1_70' title="bbox 2018 1314 3599 1383">
     <span class='ocr_line' id='line_1_70' title="bbox 2018 1314 3599 1383; baseline 0.003 -17"><span class='ocrx_word' id='word_1_536' title='bbox 2018 1329 2153 1376; x_wconf 84' lang='lat' dir='ltr'><strong>sam,</strong></span> <span class='ocrx_word' id='word_1_537' title='bbox 2175 1314 2369 1380; x_wconf 87' lang='lat' dir='ltr'><strong>emptis</strong></span> <span class='ocrx_word' id='word_1_538' title='bbox 2397 1314 2632 1367; x_wconf 89' lang='lat' dir='ltr'><strong>vestibus</strong></span> <span class='ocrx_word' id='word_1_539' title='bbox 2651 1315 2990 1383; x_wconf 88' lang='lat' dir='ltr'><strong>pauperiores</strong></span> <span class='ocrx_word' id='word_1_540' title='bbox 3015 1315 3349 1370; x_wconf 75' lang='lat' dir='ltr'><strong>Alexandria:</strong></span> <span class='ocrx_word' id='word_1_541' title='bbox 3372 1316 3599 1371; x_wconf 84' lang='lat' dir='ltr'><strong>feminas</strong></span> 
     </span>
    </p>
   </div>
   <div class='ocr_carea' id='block_1_71' title="bbox 2019 1406 3597 1475">
    <p class='ocr_par' dir='ltr' id='par_1_71' title="bbox 2019 1406 3597 1475">
     <span class='ocr_line' id='line_1_71' title="bbox 2019 1406 3597 1475; baseline 0.006 -22"><span class='ocrx_word' id='word_1_542' title='bbox 2019 1415 2382 1459; x_wconf 75' lang='lat' dir='ltr'><strong>conlecturum</strong></span> <span class='ocrx_word' id='word_1_543' title='bbox 2437 1406 2571 1459; x_wconf 90' lang='lat' dir='ltr'><strong>clam</strong></span> <span class='ocrx_word' id='word_1_544' title='bbox 2621 1406 2945 1475; x_wconf 84' lang='lat' dir='ltr'><strong>TbeOphilo,</strong></span> <span class='ocrx_word' id='word_1_545' title='bbox 2977 1423 3043 1461; x_wconf 90' lang='lat' dir='ltr'><strong>ne</strong></span> <span class='ocrx_word' id='word_1_546' title='bbox 3095 1408 3139 1461; x_wconf 91' lang='lat' dir='ltr'><strong>is</strong></span> <span class='ocrx_word' id='word_1_547' title='bbox 3193 1423 3438 1461; x_wconf 90' lang='lat' dir='ltr'><strong>nummos</strong></span> <span class='ocrx_word' id='word_1_548' title='bbox 3479 1410 3597 1463; x_wconf 86' lang='lat' dir='ltr'><strong>illos</strong></span> 
     </span>
    </p>
   </div>
   <div class='ocr_carea' id='block_1_72' title="bbox 2019 1496 3591 1565">
    <p class='ocr_par' dir='ltr' id='par_1_72' title="bbox 2019 1496 3591 1565">
     <span class='ocr_line' id='line_1_72' title="bbox 2019 1496 3591 1565; baseline 0.003 -18"><span class='ocrx_word' id='word_1_549' title='bbox 2019 1505 2253 1565; x_wconf 88' lang='lat' dir='ltr'><strong>caperet,</strong></span> <span class='ocrx_word' id='word_1_550' title='bbox 2276 1506 2430 1564; x_wconf 90' lang='lat' dir='ltr'><strong>atque</strong></span> <span class='ocrx_word' id='word_1_551' title='bbox 2448 1496 2818 1563; x_wconf 87' lang='lat' dir='ltr'><strong>comparandis</strong></span> <span class='ocrx_word' id='word_1_552' title='bbox 2848 1496 3110 1564; x_wconf 74' lang='lat' dir='ltr'><strong>lapidibus</strong></span> <span class='ocrx_word' id='word_1_553' title='bbox 3142 1498 3452 1551; x_wconf 89' lang='lat' dir='ltr'><strong>insumeret.</strong></span> <span class='ocrx_word' id='word_1_554' title='bbox 3485 1498 3591 1552; x_wconf 86' lang='lat' dir='ltr'><strong>La-</strong></span> 
     </span>
    </p>
   </div>
   <div class='ocr_carea' id='block_1_73' title="bbox 2020 1586 3594 1657">
    <p class='ocr_par' dir='ltr' id='par_1_73' title="bbox 2020 1586 3594 1657">
     <span class='ocr_line' id='line_1_73' title="bbox 2020 1586 3594 1657; baseline 0.004 -21"><span class='ocrx_word' id='word_1_555' title='bbox 2020 1586 2200 1656; x_wconf 90' lang='lat' dir='ltr'><strong>pidum</strong></span> <span class='ocrx_word' id='word_1_556' title='bbox 2246 1587 2389 1639; x_wconf 87' lang='lat' dir='ltr'><strong>enim</strong></span> <span class='ocrx_word' id='word_1_557' title='bbox 2436 1588 2582 1640; x_wconf 91' lang='lat' dir='ltr'><strong>furor</strong></span> <span class='ocrx_word' id='word_1_558' title='bbox 2607 1587 2819 1656; x_wconf 88' lang='lat' dir='ltr'><strong>quidam</strong></span> <span class='ocrx_word' id='word_1_559' title='bbox 2855 1588 3183 1642; x_wconf 85' lang='lat' dir='ltr'><strong>Pharaonius</strong></span> <span class='ocrx_word' id='word_1_560' title='bbox 3212 1589 3385 1657; x_wconf 90' lang='lat' dir='ltr'><strong>ipsum</strong></span> <span class='ocrx_word' id='word_1_561' title='bbox 3422 1590 3594 1655; x_wconf 82' lang='lat' dir='ltr'><strong>possi-</strong></span> 
     </span>
    </p>
   </div>
   <div class='ocr_carea' id='block_1_74' title="bbox 2017 1676 3593 1749">
    <p class='ocr_par' dir='ltr' id='par_1_74' title="bbox 2017 1676 3593 1749">
     <span class='ocr_line' id='line_1_74' title="bbox 2017 1676 3593 1749; baseline 0.003 -21"><span class='ocrx_word' id='word_1_562' title='bbox 2017 1677 2143 1739; x_wconf 90' lang='lat' dir='ltr'><strong>det,</strong></span> <span class='ocrx_word' id='word_1_563' title='bbox 2177 1676 2240 1730; x_wconf 92' lang='lat' dir='ltr'><strong>ad</strong></span> <span class='ocrx_word' id='word_1_564' title='bbox 2271 1676 2487 1730; x_wconf 74' lang='lat' dir='ltr'><strong>mdiï¬cia</strong></span> <span class='ocrx_word' id='word_1_565' title='bbox 2518 1678 2708 1746; x_wconf 90' lang='lat' dir='ltr'><strong>quibus</strong></span> <span class='ocrx_word' id='word_1_566' title='bbox 2731 1678 2861 1730; x_wconf 91' lang='lat' dir='ltr'><strong>nihil</strong></span> <span class='ocrx_word' id='word_1_567' title='bbox 2891 1679 3085 1749; x_wconf 87' lang='lat' dir='ltr'><strong>indiget</strong></span> <span class='ocrx_word' id='word_1_568' title='bbox 3110 1679 3366 1732; x_wconf 90' lang='lat' dir='ltr'><strong>Ecclesia.</strong></span> <span class='ocrx_word' id='word_1_569' title='bbox 3392 1681 3453 1733; x_wconf 90' lang='lat' dir='ltr'><strong>Et</strong></span> <span class='ocrx_word' id='word_1_570' title='bbox 3478 1680 3593 1735; x_wconf 78' lang='lat' dir='ltr'><strong>lnec</strong></span> 
     </span>
    </p>
   </div>
   <div class='ocr_carea' id='block_1_75' title="bbox 2017 1769 3593 1839">
    <p class='ocr_par' dir='ltr' id='par_1_75' title="bbox 2017 1769 3593 1839">
     <span class='ocr_line' id='line_1_75' title="bbox 2017 1769 3593 1839; baseline 0.002 -18"><span class='ocrx_word' id='word_1_571' title='bbox 2017 1769 2230 1837; x_wconf 87' lang='lat' dir='ltr'><strong>quidem</strong></span> <span class='ocrx_word' id='word_1_572' title='bbox 2256 1770 2564 1823; x_wconf 84' lang='lat' dir='ltr'><strong>mittamus:</strong></span> <span class='ocrx_word' id='word_1_573' title='bbox 2594 1769 2733 1838; x_wconf 93' lang='lat' dir='ltr'><strong>quod</strong></span> <span class='ocrx_word' id='word_1_574' title='bbox 2760 1777 2935 1822; x_wconf 88' lang='lat' dir='ltr'><strong>autem</strong></span> <span class='ocrx_word' id='word_1_575' title='bbox 2964 1769 3031 1824; x_wconf 88' lang='lat' dir='ltr'><strong>de</strong></span> <span class='ocrx_word' id='word_1_576' title='bbox 3064 1770 3266 1824; x_wconf 84' lang='lat' dir='ltr'><strong>Isidoro</strong></span> <span class='ocrx_word' id='word_1_577' title='bbox 3297 1781 3465 1839; x_wconf 82' lang='lat' dir='ltr'><strong>urget,</strong></span> <span class='ocrx_word' id='word_1_578' title='bbox 3501 1787 3593 1824; x_wconf 82' lang='lat' dir='ltr'><strong>auâ€”</strong></span> 
     </span>
    </p>
   </div>
   <div class='ocr_carea' id='block_1_76' title="bbox 2016 1860 3592 1931">
    <p class='ocr_par' dir='ltr' id='par_1_76' title="bbox 2016 1860 3592 1931">
     <span class='ocr_line' id='line_1_76' title="bbox 2016 1860 3592 1931; baseline 0 -16"><span class='ocrx_word' id='word_1_579' title='bbox 2016 1860 2088 1915; x_wconf 91' lang='lat' dir='ltr'><strong>di.</strong></span> <span class='ocrx_word' id='word_1_580' title='bbox 2118 1862 2250 1915; x_wconf 91' lang='lat' dir='ltr'><strong>Cum</strong></span> <span class='ocrx_word' id='word_1_581' title='bbox 2278 1862 2433 1931; x_wconf 82' lang='lat' dir='ltr'><strong>igitur</strong></span> <span class='ocrx_word' id='word_1_582' title='bbox 2459 1861 2691 1917; x_wconf 89' lang='lat' dir='ltr'><strong>Isidorus</strong></span> <span class='ocrx_word' id='word_1_583' title='bbox 2718 1877 2812 1915; x_wconf 92' lang='lat' dir='ltr'><strong>eos</strong></span> <span class='ocrx_word' id='word_1_584' title='bbox 2854 1877 3098 1915; x_wconf 87' lang='lat' dir='ltr'><strong>nummos</strong></span> <span class='ocrx_word' id='word_1_585' title='bbox 3128 1863 3420 1931; x_wconf 87' lang='lat' dir='ltr'><strong>accepisset</strong></span> <span class='ocrx_word' id='word_1_586' title='bbox 3447 1904 3460 1925; x_wconf 92' lang='lat'><strong>,</strong></span> <span class='ocrx_word' id='word_1_587' title='bbox 3491 1864 3592 1915; x_wconf 88' lang='lat' dir='ltr'><strong>im-</strong></span> 
     </span>
    </p>
   </div>
   <div class='ocr_carea' id='block_1_77' title="bbox 2018 1952 3590 2022">
    <p class='ocr_par' dir='ltr' id='par_1_77' title="bbox 2018 1952 3590 2022">
     <span class='ocr_line' id='line_1_77' title="bbox 2018 1952 3590 2022; baseline -0.001 -14"><span class='ocrx_word' id='word_1_588' title='bbox 2018 1952 2200 2022; x_wconf 89' lang='lat' dir='ltr'><strong>pendit</strong></span> <span class='ocrx_word' id='word_1_589' title='bbox 2230 1954 2566 2022; x_wconf 88' lang='lat' dir='ltr'><strong>pauperculis</strong></span> <span class='ocrx_word' id='word_1_590' title='bbox 2593 1963 2647 2007; x_wconf 89' lang='lat' dir='ltr'><strong>et</strong></span> <span class='ocrx_word' id='word_1_591' title='bbox 2678 1952 2849 2006; x_wconf 87' lang='lat' dir='ltr'><strong>viduis</strong></span> <span class='ocrx_word' id='word_1_592' title='bbox 2881 1952 3210 2005; x_wconf 91' lang='lat' dir='ltr'><strong>mulieribus.</strong></span> <span class='ocrx_word' id='word_1_593' title='bbox 3240 1953 3498 2007; x_wconf 91' lang='lat' dir='ltr'><strong>Alicunde</strong></span> <span class='ocrx_word' id='word_1_594' title='bbox 3537 1954 3590 2007; x_wconf 92' lang='lat' dir='ltr'><strong>id</strong></span> 
     </span>
    </p>
   </div>
   <div class='ocr_carea' id='block_1_78' title="bbox 2017 2043 3586 2112">
    <p class='ocr_par' dir='ltr' id='par_1_78' title="bbox 2017 2043 3586 2112">
     <span class='ocr_line' id='line_1_78' title="bbox 2017 2043 3586 2112; baseline 0.001 -15"><span class='ocrx_word' id='word_1_595' title='bbox 2017 2044 2167 2097; x_wconf 84' lang='lat' dir='ltr'><strong>novit</strong></span> <span class='ocrx_word' id='word_1_596' title='bbox 2213 2044 2576 2112; x_wconf 88' lang='lat' dir='ltr'><strong>Theophilus:</strong></span> <span class='ocrx_word' id='word_1_597' title='bbox 2606 2043 2738 2097; x_wconf 92' lang='lat' dir='ltr'><strong>nihil</strong></span> <span class='ocrx_word' id='word_1_598' title='bbox 2778 2044 2919 2097; x_wconf 91' lang='lat' dir='ltr'><strong>enim</strong></span> <span class='ocrx_word' id='word_1_599' title='bbox 2954 2044 3123 2111; x_wconf 90' lang='lat' dir='ltr'><strong>ipsum</strong></span> <span class='ocrx_word' id='word_1_600' title='bbox 3172 2044 3366 2097; x_wconf 87' lang='lat' dir='ltr'><strong>latebat</strong></span> <span class='ocrx_word' id='word_1_601' title='bbox 3404 2060 3586 2098; x_wconf 86' lang='lat' dir='ltr'><strong>eorum</strong></span> 
     </span>
    </p>
   </div>
   <div class='ocr_carea' id='block_1_79' title="bbox 2016 2134 3590 2206">
    <p class='ocr_par' dir='ltr' id='par_1_79' title="bbox 2016 2134 3590 2206">
     <span class='ocr_line' id='line_1_79' title="bbox 2016 2134 3590 2206; baseline 0 -17"><span class='ocrx_word' id='word_1_602' title='bbox 2016 2153 2135 2206; x_wconf 74' lang='lat' dir='ltr'><strong>qua:</strong></span> <span class='ocrx_word' id='word_1_603' title='bbox 2161 2137 2352 2206; x_wconf 88' lang='lat' dir='ltr'><strong>uâ€˜bique</strong></span> <span class='ocrx_word' id='word_1_604' title='bbox 2383 2138 2574 2190; x_wconf 84' lang='lat' dir='ltr'><strong>tierent</strong></span> <span class='ocrx_word' id='word_1_605' title='bbox 2602 2147 2656 2191; x_wconf 91' lang='lat' dir='ltr'><strong>et</strong></span> <span class='ocrx_word' id='word_1_606' title='bbox 2682 2136 3009 2198; x_wconf 85' lang='lat' dir='ltr'><strong>(licerentur,</strong></span> <span class='ocrx_word' id='word_1_607' title='bbox 3041 2145 3221 2203; x_wconf 90' lang='lat' dir='ltr'><strong>utpote</strong></span> <span class='ocrx_word' id='word_1_608' title='bbox 3247 2138 3335 2204; x_wconf 90' lang='lat' dir='ltr'><strong>qui</strong></span> <span class='ocrx_word' id='word_1_609' title='bbox 3366 2134 3590 2190; x_wconf 89' lang='lat' dir='ltr'><strong>haberet</strong></span> 
     </span>
    </p>
   </div>
   <div class='ocr_carea' id='block_1_80' title="bbox 2014 2227 3589 2295">
    <p class='ocr_par' dir='ltr' id='par_1_80' title="bbox 2014 2227 3589 2295">
     <span class='ocr_line' id='line_1_80' title="bbox 2014 2227 3589 2295; baseline -0.001 -14"><span class='ocrx_word' id='word_1_610' title='bbox 2014 2237 2068 2281; x_wconf 90' lang='lat' dir='ltr'><strong>et</strong></span> <span class='ocrx_word' id='word_1_611' title='bbox 2096 2229 2349 2281; x_wconf 90' lang='lat' dir='ltr'><strong>factorum</strong></span> <span class='ocrx_word' id='word_1_612' title='bbox 2381 2237 2433 2281; x_wconf 91' lang='lat' dir='ltr'><strong>et</strong></span> <span class='ocrx_word' id='word_1_613' title='bbox 2462 2229 2722 2280; x_wconf 91' lang='lat' dir='ltr'><strong>dictorum</strong></span> <span class='ocrx_word' id='word_1_614' title='bbox 2765 2227 3129 2295; x_wconf 80' lang='lat' dir='ltr'><strong>exploratores</strong></span> <span class='ocrx_word' id='word_1_615' title='bbox 3152 2267 3167 2291; x_wconf 95' lang='lat'><strong>,</strong></span> <span class='ocrx_word' id='word_1_616' title='bbox 3195 2242 3261 2279; x_wconf 91' lang='lat' dir='ltr'><strong>ne</strong></span> <span class='ocrx_word' id='word_1_617' title='bbox 3308 2227 3461 2279; x_wconf 89' lang='lat' dir='ltr'><strong>aliter</strong></span> <span class='ocrx_word' id='word_1_618' title='bbox 3494 2241 3589 2281; x_wconf 86' lang='lat' dir='ltr'><strong>eos</strong></span> 
     </span>
    </p>
   </div>
   <div class='ocr_carea' id='block_1_81' title="bbox 2013 2315 3585 2388">
    <p class='ocr_par' dir='ltr' id='par_1_81' title="bbox 2013 2315 3585 2388">
     <span class='ocr_line' id='line_1_81' title="bbox 2013 2315 3585 2388; baseline -0.003 -16"><span class='ocrx_word' id='word_1_619' title='bbox 2013 2318 2292 2388; x_wconf 86' lang='lat' dir='ltr'><strong>appellem.</strong></span> <span class='ocrx_word' id='word_1_620' title='bbox 2326 2318 2580 2371; x_wconf 87' lang='lat' dir='ltr'><strong>lsidorutn</strong></span> <span class='ocrx_word' id='word_1_621' title='bbox 2629 2325 2854 2381; x_wconf 77' lang='lat' dir='ltr'><strong>evocat,</strong></span> <span class='ocrx_word' id='word_1_622' title='bbox 2894 2315 3169 2368; x_wconf 87' lang='lat' dir='ltr'><strong>moderate</strong></span> <span class='ocrx_word' id='word_1_623' title='bbox 3220 2316 3585 2384; x_wconf 85' lang='lat' dir='ltr'><strong>interrogans,</strong></span> 
     </span>
    </p>
   </div>
   <div class='ocr_carea' id='block_1_82' title="bbox 2015 2409 3585 2479">
    <p class='ocr_par' dir='ltr' id='par_1_82' title="bbox 2015 2409 3585 2479">
     <span class='ocr_line' id='line_1_82' title="bbox 2015 2409 3585 2479; baseline -0.003 -13"><span class='ocrx_word' id='word_1_624' title='bbox 2015 2427 2080 2466; x_wconf 90' lang='lat' dir='ltr'><strong>an</strong></span> <span class='ocrx_word' id='word_1_625' title='bbox 2106 2428 2166 2466; x_wconf 88' lang='lat' dir='ltr'><strong>ea</strong></span> <span class='ocrx_word' id='word_1_626' title='bbox 2194 2413 2265 2467; x_wconf 77' lang='lat' dir='ltr'><strong>ita</strong></span> <span class='ocrx_word' id='word_1_627' title='bbox 2292 2427 2350 2465; x_wconf 85' lang='lat' dir='ltr'><strong>se</strong></span> <span class='ocrx_word' id='word_1_628' title='bbox 2391 2411 2665 2465; x_wconf 89' lang='lat' dir='ltr'><strong>haberent.</strong></span> <span class='ocrx_word' id='word_1_629' title='bbox 2695 2409 2809 2463; x_wconf 88' lang='lat' dir='ltr'><strong>Non</strong></span> <span class='ocrx_word' id='word_1_630' title='bbox 2851 2410 3061 2479; x_wconf 87' lang='lat' dir='ltr'><strong>negavit</strong></span> <span class='ocrx_word' id='word_1_631' title='bbox 3101 2409 3333 2464; x_wconf 87' lang='lat' dir='ltr'><strong>Isidorus</strong></span> <span class='ocrx_word' id='word_1_632' title='bbox 3360 2450 3375 2473; x_wconf 91' lang='lat'><strong>,</strong></span> <span class='ocrx_word' id='word_1_633' title='bbox 3401 2410 3585 2478; x_wconf 90' lang='lat' dir='ltr'><strong>reique</strong></span> 
     </span>
    </p>
   </div>
   <div class='ocr_carea' id='block_1_83' title="bbox 2016 2502 3586 2569">
    <p class='ocr_par' dir='ltr' id='par_1_83' title="bbox 2016 2502 3586 2569">
     <span class='ocr_line' id='line_1_83' title="bbox 2016 2502 3586 2569; baseline -0.002 -11"><span class='ocrx_word' id='word_1_634' title='bbox 2016 2505 2177 2558; x_wconf 89' lang='lat' dir='ltr'><strong>totius</strong></span> <span class='ocrx_word' id='word_1_635' title='bbox 2202 2504 2717 2557; x_wconf 89' lang='lat' dir='ltr'><strong>administrationem</strong></span> <span class='ocrx_word' id='word_1_636' title='bbox 2760 2502 2935 2556; x_wconf 90' lang='lat' dir='ltr'><strong>fassus</strong></span> <span class='ocrx_word' id='word_1_637' title='bbox 2957 2512 3056 2556; x_wconf 91' lang='lat' dir='ltr'><strong>est.</strong></span> <span class='ocrx_word' id='word_1_638' title='bbox 3088 2502 3202 2569; x_wconf 86' lang='lat' dir='ltr'><strong>Quo</strong></span> <span class='ocrx_word' id='word_1_639' title='bbox 3250 2502 3337 2556; x_wconf 91' lang='lat' dir='ltr'><strong>ille</strong></span> <span class='ocrx_word' id='word_1_640' title='bbox 3368 2502 3548 2555; x_wconf 90' lang='lat' dir='ltr'><strong>audito</strong></span> <span class='ocrx_word' id='word_1_641' title='bbox 3570 2542 3586 2567; x_wconf 92' lang='lat'><strong>,</strong></span> 
     </span>
    </p>
   </div>
   <div class='ocr_carea' id='block_1_84' title="bbox 2014 2592 3589 2662">
    <p class='ocr_par' dir='ltr' id='par_1_84' title="bbox 2014 2592 3589 2662">
     <span class='ocr_line' id='line_1_84' title="bbox 2014 2592 3589 2662; baseline -0.001 -15"><span class='ocrx_word' id='word_1_642' title='bbox 2014 2608 2228 2647; x_wconf 90' lang='lat' dir='ltr'><strong>scenam</strong></span> <span class='ocrx_word' id='word_1_643' title='bbox 2261 2600 2427 2646; x_wconf 91' lang='lat' dir='ltr'><strong>mutat</strong></span> <span class='ocrx_word' id='word_1_644' title='bbox 2455 2611 2465 2643; x_wconf 94' lang='lat'><em>:</em></span> <span class='ocrx_word' id='word_1_645' title='bbox 2498 2601 2552 2646; x_wconf 90' lang='lat' dir='ltr'><strong>et</strong></span> <span class='ocrx_word' id='word_1_646' title='bbox 2579 2592 2667 2662; x_wconf 93' lang='lat' dir='ltr'><strong>qui</strong></span> <span class='ocrx_word' id='word_1_647' title='bbox 2706 2593 2863 2661; x_wconf 92' lang='lat' dir='ltr'><strong>paulo</strong></span> <span class='ocrx_word' id='word_1_648' title='bbox 2898 2602 3022 2645; x_wconf 89' lang='lat' dir='ltr'><strong>ante</strong></span> <span class='ocrx_word' id='word_1_649' title='bbox 3078 2594 3128 2645; x_wconf 88' lang='lat' dir='ltr'><strong>in</strong></span> <span class='ocrx_word' id='word_1_650' title='bbox 3176 2593 3589 2661; x_wconf 87' lang='lat' dir='ltr'><strong>interrogatione</strong></span> 
     </span>
    </p>
   </div>
   <div class='ocr_carea' id='block_1_85' title="bbox 2015 2684 3589 2754">
    <p class='ocr_par' dir='ltr' id='par_1_85' title="bbox 2015 2684 3589 2754">
     <span class='ocr_line' id='line_1_85' title="bbox 2015 2684 3589 2754; baseline -0.001 -15"><span class='ocrx_word' id='word_1_651' title='bbox 2015 2686 2319 2740; x_wconf 91' lang='lat' dir='ltr'><strong>moderatus</strong></span> <span class='ocrx_word' id='word_1_652' title='bbox 2345 2701 2406 2740; x_wconf 92' lang='lat' dir='ltr'><strong>ac</strong></span> <span class='ocrx_word' id='word_1_653' title='bbox 2436 2686 2569 2740; x_wconf 90' lang='lat' dir='ltr'><strong>lenis</strong></span> <span class='ocrx_word' id='word_1_654' title='bbox 2600 2697 2938 2754; x_wconf 89' lang='lat' dir='ltr'><strong>apparuerat,</strong></span> <span class='ocrx_word' id='word_1_655' title='bbox 2972 2694 3242 2739; x_wconf 87' lang='lat' dir='ltr'><strong>momento</strong></span> <span class='ocrx_word' id='word_1_656' title='bbox 3266 2697 3381 2754; x_wconf 84' lang='lat' dir='ltr'><strong>post</strong></span> <span class='ocrx_word' id='word_1_657' title='bbox 3408 2684 3589 2738; x_wconf 84' lang='lat' dir='ltr'><strong>audito</strong></span> 
     </span>
    </p>
   </div>
   <div class='ocr_carea' id='block_1_86' title="bbox 2016 2776 3585 2846">
    <p class='ocr_par' dir='ltr' id='par_1_86' title="bbox 2016 2776 3585 2846">
     <span class='ocr_line' id='line_1_86' title="bbox 2016 2776 3585 2846; baseline -0.001 -15"><span class='ocrx_word' id='word_1_658' title='bbox 2016 2776 2203 2831; x_wconf 89' lang='lat' dir='ltr'><strong>Isidori</strong></span> <span class='ocrx_word' id='word_1_659' title='bbox 2258 2792 2548 2846; x_wconf 90' lang='lat' dir='ltr'><strong>responso,</strong></span> <span class='ocrx_word' id='word_1_660' title='bbox 2592 2786 2731 2829; x_wconf 89' lang='lat' dir='ltr'><strong>totus</strong></span> <span class='ocrx_word' id='word_1_661' title='bbox 2780 2778 3065 2840; x_wconf 88' lang='lat' dir='ltr'><strong>intumuit,</strong></span> <span class='ocrx_word' id='word_1_662' title='bbox 3112 2786 3307 2829; x_wconf 89' lang='lat' dir='ltr'><strong>mutata</strong></span> <span class='ocrx_word' id='word_1_663' title='bbox 3359 2776 3585 2829; x_wconf 86' lang='lat' dir='ltr'><strong>subinde</strong></span> 
     </span>
    </p>
   </div>
   <div class='ocr_carea' id='block_1_87' title="bbox 2016 2866 3586 2936">
    <p class='ocr_par' dir='ltr' id='par_1_87' title="bbox 2016 2866 3586 2936">
     <span class='ocr_line' id='line_1_87' title="bbox 2016 2866 3586 2936; baseline -0.003 -16"><span class='ocrx_word' id='word_1_664' title='bbox 2016 2866 2169 2921; x_wconf 77' lang='lat' dir='ltr'><strong>facie.</strong></span> <span class='ocrx_word' id='word_1_665' title='bbox 2203 2867 2269 2920; x_wconf 87' lang='lat' dir='ltr'><strong>Et</strong></span> <span class='ocrx_word' id='word_1_666' title='bbox 2294 2882 2414 2920; x_wconf 92' lang='lat' dir='ltr'><strong>cum</strong></span> <span class='ocrx_word' id='word_1_667' title='bbox 2447 2867 2715 2936; x_wconf 87' lang='lat' dir='ltr'><strong>paululum</strong></span> <span class='ocrx_word' id='word_1_668' title='bbox 2743 2866 3053 2935; x_wconf 87' lang='lat' dir='ltr'><strong>quievisset,</strong></span> <span class='ocrx_word' id='word_1_669' title='bbox 3084 2876 3137 2919; x_wconf 91' lang='lat' dir='ltr'><strong>ut</strong></span> <span class='ocrx_word' id='word_1_670' title='bbox 3164 2868 3310 2920; x_wconf 91' lang='lat' dir='ltr'><strong>canis</strong></span> <span class='ocrx_word' id='word_1_671' title='bbox 3335 2868 3423 2931; x_wconf 82' lang='lat' dir='ltr'><strong>qui</strong></span> <span class='ocrx_word' id='word_1_672' title='bbox 3449 2866 3586 2919; x_wconf 91' lang='lat' dir='ltr'><strong>clam</strong></span> 
     </span>
    </p>
   </div>
   <div class='ocr_carea' id='block_1_88' title="bbox 2016 2954 3591 3026">
    <p class='ocr_par' dir='ltr' id='par_1_88' title="bbox 2016 2954 3591 3026">
     <span class='ocr_line' id='line_1_88' title="bbox 2016 2954 3591 3026; baseline -0.001 -16"><span class='ocrx_word' id='word_1_673' title='bbox 2016 2957 2262 3021; x_wconf 91' lang='lat' dir='ltr'><strong>mordet,</strong></span> <span class='ocrx_word' id='word_1_674' title='bbox 2297 2966 2414 3026; x_wconf 91' lang='lat' dir='ltr'><strong>post</strong></span> <span class='ocrx_word' id='word_1_675' title='bbox 2441 2970 2649 3009; x_wconf 91' lang='lat' dir='ltr'><strong>menses</strong></span> <span class='ocrx_word' id='word_1_676' title='bbox 2695 2955 2831 3009; x_wconf 85' lang='lat' dir='ltr'><strong>duos</strong></span> <span class='ocrx_word' id='word_1_677' title='bbox 2878 2966 3169 3009; x_wconf 84' lang='lat' dir='ltr'><strong>convocato</strong></span> <span class='ocrx_word' id='word_1_678' title='bbox 3193 2956 3356 3015; x_wconf 87' lang='lat' dir='ltr'><strong>clero.</strong></span> <span class='ocrx_word' id='word_1_679' title='bbox 3388 2954 3591 3023; x_wconf 88' lang='lat' dir='ltr'><strong>profert</strong></span> 
     </span>
    </p>
   </div>
   <div class='ocr_carea' id='block_1_89' title="bbox 2016 3044 3589 3115">
    <p class='ocr_par' dir='ltr' id='par_1_89' title="bbox 2016 3044 3589 3115">
     <span class='ocr_line' id='line_1_89' title="bbox 2016 3044 3589 3115; baseline -0.003 -13"><span class='ocrx_word' id='word_1_680' title='bbox 2016 3048 2310 3102; x_wconf 88' lang='lat' dir='ltr'><strong>chartulam</strong></span> <span class='ocrx_word' id='word_1_681' title='bbox 2357 3055 2616 3115; x_wconf 59' lang='lat' dir='ltr'><strong>praesente</strong></span> <span class='ocrx_word' id='word_1_682' title='bbox 2671 3045 2916 3108; x_wconf 90' lang='lat' dir='ltr'><strong>lsodoro,</strong></span> <span class='ocrx_word' id='word_1_683' title='bbox 2961 3046 3186 3100; x_wconf 87' lang='lat' dir='ltr'><strong>dicens:</strong></span> <span class='ocrx_word' id='word_1_684' title='bbox 3223 3046 3365 3099; x_wconf 84' lang='lat' dir='ltr'><strong>llanc</strong></span> <span class='ocrx_word' id='word_1_685' title='bbox 3408 3044 3589 3113; x_wconf 90' lang='lat' dir='ltr'><strong>accepi</strong></span> 
     </span>
    </p>
   </div>
   <div class='ocr_carea' id='block_1_90' title="bbox 2016 3135 3589 3202">
    <p class='ocr_par' dir='ltr' id='par_1_90' title="bbox 2016 3135 3589 3202">
     <span class='ocr_line' id='line_1_90' title="bbox 2016 3135 3589 3202; baseline -0.003 -11"><span class='ocrx_word' id='word_1_686' title='bbox 2016 3150 2139 3193; x_wconf 91' lang='lat' dir='ltr'><strong>ante</strong></span> <span class='ocrx_word' id='word_1_687' title='bbox 2170 3139 2351 3193; x_wconf 86' lang='lat' dir='ltr'><strong>decem</strong></span> <span class='ocrx_word' id='word_1_688' title='bbox 2376 3149 2429 3191; x_wconf 90' lang='lat' dir='ltr'><strong>et</strong></span> <span class='ocrx_word' id='word_1_689' title='bbox 2458 3148 2578 3191; x_wconf 89' lang='lat' dir='ltr'><strong>octo</strong></span> <span class='ocrx_word' id='word_1_690' title='bbox 2603 3153 2770 3191; x_wconf 86' lang='lat' dir='ltr'><strong>annos</strong></span> <span class='ocrx_word' id='word_1_691' title='bbox 2791 3179 2804 3200; x_wconf 87' lang='lat'><strong>,</strong></span> <span class='ocrx_word' id='word_1_692' title='bbox 2836 3137 3032 3191; x_wconf 82' lang='lat' dir='ltr'><strong>Isidore</strong></span> <span class='ocrx_word' id='word_1_693' title='bbox 3053 3178 3068 3202; x_wconf 94' lang='lat'><strong>,</strong></span> <span class='ocrx_word' id='word_1_694' title='bbox 3113 3135 3367 3189; x_wconf 88' lang='lat' dir='ltr'><strong>adversus</strong></span> <span class='ocrx_word' id='word_1_695' title='bbox 3413 3145 3463 3187; x_wconf 91' lang='lat' dir='ltr'><strong>te</strong></span> <span class='ocrx_word' id='word_1_696' title='bbox 3488 3152 3501 3197; x_wconf 91' lang='lat'>;</span> <span class='ocrx_word' id='word_1_697' title='bbox 3534 3144 3589 3187; x_wconf 89' lang='lat' dir='ltr'><strong>et</strong></span> 
     </span>
    </p>
   </div>
   <div class='ocr_carea' id='block_1_91' title="bbox 2015 3224 3585 3298">
    <p class='ocr_par' dir='ltr' id='par_1_91' title="bbox 2015 3224 3585 3298">
     <span class='ocr_line' id='line_1_91' title="bbox 2015 3224 3585 3298; baseline -0.004 -15"><span class='ocrx_word' id='word_1_698' title='bbox 2015 3230 2263 3298; x_wconf 88' lang='lat' dir='ltr'><strong>quoniam</strong></span> <span class='ocrx_word' id='word_1_699' title='bbox 2292 3228 2442 3280; x_wconf 87' lang='lat' dir='ltr'><strong>valde</strong></span> <span class='ocrx_word' id='word_1_700' title='bbox 2469 3239 2754 3296; x_wconf 78' lang='lat' dir='ltr'><strong>occupatus</strong></span> <span class='ocrx_word' id='word_1_701' title='bbox 2776 3244 2941 3289; x_wconf 89' lang='lat' dir='ltr'><strong>eram,</strong></span> <span class='ocrx_word' id='word_1_702' title='bbox 2975 3242 3085 3280; x_wconf 88' lang='lat' dir='ltr'><strong>rem</strong></span> <span class='ocrx_word' id='word_1_703' title='bbox 3114 3226 3327 3279; x_wconf 91' lang='lat' dir='ltr'><strong>silentio</strong></span> <span class='ocrx_word' id='word_1_704' title='bbox 3352 3224 3541 3278; x_wconf 89' lang='lat' dir='ltr'><strong>tradidi</strong></span> <span class='ocrx_word' id='word_1_705' title='bbox 3571 3242 3585 3277; x_wconf 93' lang='lat'><strong>:</strong></span> 
     </span>
    </p>
   </div>
   <div class='ocr_carea' id='block_1_92' title="bbox 2016 3315 3588 3386">
    <p class='ocr_par' dir='ltr' id='par_1_92' title="bbox 2016 3315 3588 3386">
     <span class='ocr_line' id='line_1_92' title="bbox 2016 3315 3588 3386; baseline -0.003 -15"><span class='ocrx_word' id='word_1_706' title='bbox 2016 3332 2155 3372; x_wconf 90' lang='lat' dir='ltr'><strong>nunc</strong></span> <span class='ocrx_word' id='word_1_707' title='bbox 2182 3331 2307 3371; x_wconf 88' lang='lat' dir='ltr'><strong>vero</strong></span> <span class='ocrx_word' id='word_1_708' title='bbox 2345 3317 2475 3370; x_wconf 88' lang='lat' dir='ltr'><strong>alias</strong></span> <span class='ocrx_word' id='word_1_709' title='bbox 2498 3318 2710 3371; x_wconf 91' lang='lat' dir='ltr'><strong>chartas</strong></span> <span class='ocrx_word' id='word_1_710' title='bbox 2756 3332 3002 3386; x_wconf 68' lang='lat' dir='ltr'><strong>quarrens</strong></span> <span class='ocrx_word' id='word_1_711' title='bbox 3026 3358 3039 3381; x_wconf 91' lang='lat'><strong>,</strong></span> <span class='ocrx_word' id='word_1_712' title='bbox 3075 3316 3213 3369; x_wconf 89' lang='lat' dir='ltr'><strong>hanc</strong></span> <span class='ocrx_word' id='word_1_713' title='bbox 3241 3315 3306 3369; x_wconf 94' lang='lat' dir='ltr'><strong>de</strong></span> <span class='ocrx_word' id='word_1_714' title='bbox 3346 3327 3396 3369; x_wconf 88' lang='lat' dir='ltr'><strong>te</strong></span> <span class='ocrx_word' id='word_1_715' title='bbox 3430 3316 3588 3368; x_wconf 86' lang='lat' dir='ltr'><strong>char-</strong></span> 
     </span>
    </p>
   </div>
   <div class='ocr_carea' id='block_1_93' title="bbox 2020 3404 3588 3462">
    <p class='ocr_par' dir='ltr' id='par_1_93' title="bbox 2020 3404 3588 3462">
     <span class='ocr_line' id='line_1_93' title="bbox 2020 3404 3588 3462; baseline -0.003 0"><span class='ocrx_word' id='word_1_716' title='bbox 2020 3409 2181 3462; x_wconf 92' lang='lat' dir='ltr'><strong>tulam</strong></span> <span class='ocrx_word' id='word_1_717' title='bbox 2209 3408 2384 3462; x_wconf 82' lang='lat' dir='ltr'><strong>inveni</strong></span> <span class='ocrx_word' id='word_1_718' title='bbox 2415 3445 2429 3459; x_wconf 95' lang='lat'><strong>.</strong></span> <span class='ocrx_word' id='word_1_719' title='bbox 2462 3418 2645 3461; x_wconf 87' lang='lat' dir='ltr'><strong>contra</strong></span> <span class='ocrx_word' id='word_1_720' title='bbox 2679 3408 2815 3461; x_wconf 88' lang='lat' dir='ltr'><strong>hanc</strong></span> <span class='ocrx_word' id='word_1_721' title='bbox 2842 3408 3054 3461; x_wconf 90' lang='lat' dir='ltr'><strong>institue</strong></span> <span class='ocrx_word' id='word_1_722' title='bbox 3078 3406 3461 3460; x_wconf 88' lang='lat' dir='ltr'><strong>defensionem.</strong></span> <span class='ocrx_word' id='word_1_723' title='bbox 3496 3404 3588 3458; x_wconf 90' lang='lat' dir='ltr'><strong>Illa</strong></span> 
     </span>
    </p>
   </div>
   <div class='ocr_carea' id='block_1_94' title="bbox 2016 3495 3577 3554">
    <p class='ocr_par' dir='ltr' id='par_1_94' title="bbox 2016 3495 3577 3554">
     <span class='ocr_line' id='line_1_94' title="bbox 2016 3495 3577 3554; baseline -0.003 -2"><span class='ocrx_word' id='word_1_724' title='bbox 2016 3511 2190 3553; x_wconf 85' lang='lat' dir='ltr'><strong>autem</strong></span> <span class='ocrx_word' id='word_1_725' title='bbox 2233 3500 2470 3553; x_wconf 88' lang='lat' dir='ltr'><strong>chartula</strong></span> <span class='ocrx_word' id='word_1_726' title='bbox 2515 3500 2819 3554; x_wconf 86' lang='lat' dir='ltr'><strong>continebat</strong></span> <span class='ocrx_word' id='word_1_727' title='bbox 2848 3500 3239 3552; x_wconf 90' lang='lat' dir='ltr'><strong>accusationem</strong></span> <span class='ocrx_word' id='word_1_728' title='bbox 3268 3495 3577 3550; x_wconf 84' lang='lat' dir='ltr'><strong>Sodomitici</strong></span> 
     </span>
    </p>
   </div>
   <div class='ocr_carea' id='block_1_95' title="bbox 2018 3586 3589 3657">
    <p class='ocr_par' dir='ltr' id='par_1_95' title="bbox 2018 3586 3589 3657">
     <span class='ocr_line' id='line_1_95' title="bbox 2018 3586 3589 3657; baseline -0.003 -13"><span class='ocrx_word' id='word_1_729' title='bbox 2018 3591 2285 3645; x_wconf 81' lang='lat' dir='ltr'><strong>criminis.</strong></span> <span class='ocrx_word' id='word_1_730' title='bbox 2338 3590 2419 3644; x_wconf 83' lang='lat' dir='ltr'><strong>Ad</strong></span> <span class='ocrx_word' id='word_1_731' title='bbox 2475 3590 2590 3644; x_wconf 67' lang='lat' dir='ltr'><strong>hac</strong></span> <span class='ocrx_word' id='word_1_732' title='bbox 2647 3590 2896 3644; x_wconf 86' lang='lat' dir='ltr'><strong>lsodorns</strong></span> <span class='ocrx_word' id='word_1_733' title='bbox 2943 3589 3237 3657; x_wconf 90' lang='lat' dir='ltr'><strong>&#39;fheophilo</strong></span> <span class='ocrx_word' id='word_1_734' title='bbox 3288 3586 3589 3655; x_wconf 89' lang='lat' dir='ltr'><strong>respondit,</strong></span> 
     </span>
    </p>
   </div>
   <div class='ocr_carea' id='block_1_96' title="bbox 2016 3680 3588 3743">
    <p class='ocr_par' dir='ltr' id='par_1_96' title="bbox 2016 3680 3588 3743">
     <span class='ocr_line' id='line_1_96' title="bbox 2016 3680 3588 3743; baseline -0.004 -6"><span class='ocrx_word' id='word_1_735' title='bbox 2016 3682 2308 3737; x_wconf 84' lang='lat' dir='ltr'><strong>defendens</strong></span> <span class='ocrx_word' id='word_1_736' title='bbox 2346 3697 2402 3736; x_wconf 90' lang='lat' dir='ltr'><strong>se</strong></span> <span class='ocrx_word' id='word_1_737' title='bbox 2435 3700 2447 3734; x_wconf 91' lang='lat'>:</span> <span class='ocrx_word' id='word_1_738' title='bbox 2478 3681 2843 3735; x_wconf 88' lang='lat' dir='ltr'><strong>Concedamus</strong></span> <span class='ocrx_word' id='word_1_739' title='bbox 2874 3680 2974 3733; x_wconf 91' lang='lat' dir='ltr'><strong>hoc</strong></span> <span class='ocrx_word' id='word_1_740' title='bbox 3000 3694 3182 3733; x_wconf 91' lang='lat' dir='ltr'><strong>verum</strong></span> <span class='ocrx_word' id='word_1_741' title='bbox 3214 3693 3352 3743; x_wconf 91' lang='lat' dir='ltr'><strong>esse,</strong></span> <span class='ocrx_word' id='word_1_742' title='bbox 3382 3687 3435 3732; x_wconf 91' lang='lat' dir='ltr'><strong>et</strong></span> <span class='ocrx_word' id='word_1_743' title='bbox 3479 3693 3507 3729; x_wconf 89' lang='lat' dir='ltr'><strong>a</strong></span> <span class='ocrx_word' id='word_1_744' title='bbox 3538 3686 3588 3731; x_wconf 91' lang='lat' dir='ltr'><strong>te</strong></span> 
     </span>
    </p>
   </div>
   <div class='ocr_carea' id='block_1_97' title="bbox 2019 3768 3589 3841">
    <p class='ocr_par' dir='ltr' id='par_1_97' title="bbox 2019 3768 3589 3841">
     <span class='ocr_line' id='line_1_97' title="bbox 2019 3768 3589 3841; baseline -0.001 -16"><span class='ocrx_word' id='word_1_745' title='bbox 2019 3783 2288 3841; x_wconf 87' lang='lat' dir='ltr'><strong>acceptam</strong></span> <span class='ocrx_word' id='word_1_746' title='bbox 2320 3787 2438 3826; x_wconf 87' lang='lat' dir='ltr'><strong>esse</strong></span> <span class='ocrx_word' id='word_1_747' title='bbox 2467 3772 2760 3826; x_wconf 90' lang='lat' dir='ltr'><strong>chartulam</strong></span> <span class='ocrx_word' id='word_1_748' title='bbox 2786 3813 2801 3837; x_wconf 90' lang='lat'><strong>,</strong></span> <span class='ocrx_word' id='word_1_749' title='bbox 2848 3781 2901 3824; x_wconf 89' lang='lat' dir='ltr'><strong>et</strong></span> <span class='ocrx_word' id='word_1_750' title='bbox 2947 3770 3039 3824; x_wconf 88' lang='lat' dir='ltr'><strong>tibi</strong></span> <span class='ocrx_word' id='word_1_751' title='bbox 3083 3768 3345 3824; x_wconf 83' lang='lat' dir='ltr'><strong>excidisse</strong></span> <span class='ocrx_word' id='word_1_752' title='bbox 3375 3788 3387 3823; x_wconf 92' lang='lat'>:</span> <span class='ocrx_word' id='word_1_753' title='bbox 3414 3783 3589 3823; x_wconf 81' lang='lat' dir='ltr'><strong>nonne</strong></span> 
     </span>
    </p>
   </div>
   <div class='ocr_carea' id='block_1_98' title="bbox 2016 3862 3589 3934">
    <p class='ocr_par' dir='ltr' id='par_1_98' title="bbox 2016 3862 3589 3934">
     <span class='ocr_line' id='line_1_98' title="bbox 2016 3862 3589 3934; baseline -0.003 -16"><span class='ocrx_word' id='word_1_754' title='bbox 2016 3866 2201 3920; x_wconf 89' lang='lat' dir='ltr'><strong>aderat</strong></span> <span class='ocrx_word' id='word_1_755' title='bbox 2227 3866 2315 3934; x_wconf 91' lang='lat' dir='ltr'><strong>qui</strong></span> <span class='ocrx_word' id='word_1_756' title='bbox 2338 3865 2569 3918; x_wconf 91' lang='lat' dir='ltr'><strong>libellum</strong></span> <span class='ocrx_word' id='word_1_757' title='bbox 2596 3864 2771 3927; x_wconf 88' lang='lat' dir='ltr'><strong>dedit,</strong></span> <span class='ocrx_word' id='word_1_758' title='bbox 2803 3874 2858 3917; x_wconf 92' lang='lat' dir='ltr'><strong>ut</strong></span> <span class='ocrx_word' id='word_1_759' title='bbox 2888 3862 3061 3917; x_wconf 91' lang='lat' dir='ltr'><strong>denuo</strong></span> <span class='ocrx_word' id='word_1_760' title='bbox 3084 3863 3173 3916; x_wconf 92' lang='lat' dir='ltr'><strong>ille</strong></span> <span class='ocrx_word' id='word_1_761' title='bbox 3197 3878 3228 3915; x_wconf 88' lang='lat' dir='ltr'><strong>a</strong></span> <span class='ocrx_word' id='word_1_762' title='bbox 3259 3874 3310 3916; x_wconf 90' lang='lat' dir='ltr'><strong>te</strong></span> <span class='ocrx_word' id='word_1_763' title='bbox 3338 3875 3589 3929; x_wconf 86' lang='lat' dir='ltr'><strong>reposce-</strong></span> 
     </span>
    </p>
   </div>
   <div class='ocr_carea' id='block_1_99' title="bbox 2019 3953 3587 4025">
    <p class='ocr_par' dir='ltr' id='par_1_99' title="bbox 2019 3953 3587 4025">
     <span class='ocr_line' id='line_1_99' title="bbox 2019 3953 3587 4025; baseline -0.005 -14"><span class='ocrx_word' id='word_1_764' title='bbox 2019 3957 2207 4011; x_wconf 90' lang='lat' dir='ltr'><strong>retur?</strong></span> <span class='ocrx_word' id='word_1_765' title='bbox 2234 3957 2314 4009; x_wconf 90' lang='lat' dir='ltr'><strong>Ad</strong></span> <span class='ocrx_word' id='word_1_766' title='bbox 2358 3957 2470 4010; x_wconf 62' lang='lat' dir='ltr'><strong>haec</strong></span> <span class='ocrx_word' id='word_1_767' title='bbox 2510 3956 2834 4025; x_wconf 85' lang='lat' dir='ltr'><strong>Theophilus</strong></span> <span class='ocrx_word' id='word_1_768' title='bbox 2867 3973 2879 4009; x_wconf 89' lang='lat'><strong>:</strong></span> <span class='ocrx_word' id='word_1_769' title='bbox 2911 3954 3017 4009; x_wconf 83' lang='lat' dir='ltr'><strong>Sed</strong></span> <span class='ocrx_word' id='word_1_770' title='bbox 3063 3970 3166 4007; x_wconf 91' lang='lat' dir='ltr'><strong>non</strong></span> <span class='ocrx_word' id='word_1_771' title='bbox 3198 3953 3383 4007; x_wconf 89' lang='lat' dir='ltr'><strong>aderat</strong></span> <span class='ocrx_word' id='word_1_772' title='bbox 3428 3967 3587 4021; x_wconf 88' lang='lat' dir='ltr'><strong>puer,</strong></span> 
     </span>
    </p>
   </div>
   <div class='ocr_carea' id='block_1_100' title="bbox 2022 4042 3587 4114">
    <p class='ocr_par' dir='ltr' id='par_1_100' title="bbox 2022 4042 3587 4114">
     <span class='ocr_line' id='line_1_100' title="bbox 2022 4042 3587 4114; baseline -0.002 -16"><span class='ocrx_word' id='word_1_773' title='bbox 2022 4046 2298 4114; x_wconf 88' lang='lat' dir='ltr'><strong>navigabat</strong></span> <span class='ocrx_word' id='word_1_774' title='bbox 2318 4047 2461 4099; x_wconf 92' lang='lat' dir='ltr'><strong>enim</strong></span> <span class='ocrx_word' id='word_1_775' title='bbox 2490 4047 2541 4100; x_wconf 88' lang='lat' dir='ltr'><strong>in</strong></span> <span class='ocrx_word' id='word_1_776' title='bbox 2565 4047 2717 4099; x_wconf 89' lang='lat' dir='ltr'><strong>mari.</strong></span> <span class='ocrx_word' id='word_1_777' title='bbox 2736 4046 2797 4099; x_wconf 80' lang='lat' dir='ltr'><strong>Et</strong></span> <span class='ocrx_word' id='word_1_778' title='bbox 2822 4044 3051 4098; x_wconf 86' lang='lat' dir='ltr'><strong>Isidorus</strong></span> <span class='ocrx_word' id='word_1_779' title='bbox 3070 4061 3083 4097; x_wconf 89' lang='lat'><strong>:</strong></span> <span class='ocrx_word' id='word_1_780' title='bbox 3102 4043 3215 4096; x_wconf 88' lang='lat' dir='ltr'><strong>Non</strong></span> <span class='ocrx_word' id='word_1_781' title='bbox 3239 4042 3421 4096; x_wconf 88' lang='lat' dir='ltr'><strong>aderat</strong></span> <span class='ocrx_word' id='word_1_782' title='bbox 3442 4052 3587 4107; x_wconf 84' lang='lat' dir='ltr'><strong>tunc,</strong></span> 
     </span>
    </p>
   </div>
   <div class='ocr_carea' id='block_1_101' title="bbox 2020 4132 3589 4205">
    <p class='ocr_par' dir='ltr' id='par_1_101' title="bbox 2020 4132 3589 4205">
     <span class='ocr_line' id='line_1_101' title="bbox 2020 4132 3589 4205; baseline -0.004 -15"><span class='ocrx_word' id='word_1_783' title='bbox 2020 4146 2077 4190; x_wconf 90' lang='lat' dir='ltr'><strong>ut</strong></span> <span class='ocrx_word' id='word_1_784' title='bbox 2095 4137 2249 4202; x_wconf 89' lang='lat' dir='ltr'><strong>dicis,</strong></span> <span class='ocrx_word' id='word_1_785' title='bbox 2282 4151 2413 4205; x_wconf 89' lang='lat' dir='ltr'><strong>papa</strong></span> <span class='ocrx_word' id='word_1_786' title='bbox 2446 4155 2458 4190; x_wconf 90' lang='lat'><strong>:</strong></span> <span class='ocrx_word' id='word_1_787' title='bbox 2497 4146 2613 4205; x_wconf 89' lang='lat' dir='ltr'><strong>post</strong></span> <span class='ocrx_word' id='word_1_788' title='bbox 2636 4136 3019 4204; x_wconf 90' lang='lat' dir='ltr'><strong>navigationem</strong></span> <span class='ocrx_word' id='word_1_789' title='bbox 3050 4150 3226 4188; x_wconf 92' lang='lat' dir='ltr'><strong>nonne</strong></span> <span class='ocrx_word' id='word_1_790' title='bbox 3252 4132 3458 4189; x_wconf 83' lang='lat' dir='ltr'><strong>adfuit?</strong></span> <span class='ocrx_word' id='word_1_791' title='bbox 3485 4148 3589 4185; x_wconf 88' lang='lat' dir='ltr'><strong>non</strong></span> 
     </span>
    </p>
   </div>
   <div class='ocr_carea' id='block_1_102' title="bbox 2017 4222 3593 4291">
    <p class='ocr_par' dir='ltr' id='par_1_102' title="bbox 2017 4222 3593 4291">
     <span class='ocr_line' id='line_1_102' title="bbox 2017 4222 3593 4291; baseline -0.003 -11"><span class='ocrx_word' id='word_1_792' title='bbox 2017 4227 2290 4281; x_wconf 79' lang='lat' dir='ltr'><strong>secundo?</strong></span> <span class='ocrx_word' id='word_1_793' title='bbox 2318 4242 2420 4281; x_wconf 92' lang='lat' dir='ltr'><strong>non</strong></span> <span class='ocrx_word' id='word_1_794' title='bbox 2450 4227 2605 4281; x_wconf 90' lang='lat' dir='ltr'><strong>tertio</strong></span> <span class='ocrx_word' id='word_1_795' title='bbox 2631 4226 2805 4281; x_wconf 87' lang='lat' dir='ltr'><strong>anno?</strong></span> <span class='ocrx_word' id='word_1_796' title='bbox 2825 4235 2879 4281; x_wconf 92' lang='lat' dir='ltr'><strong>et</strong></span> <span class='ocrx_word' id='word_1_797' title='bbox 2909 4240 3046 4279; x_wconf 90' lang='lat' dir='ltr'><strong>nunc</strong></span> <span class='ocrx_word' id='word_1_798' title='bbox 3071 4226 3113 4279; x_wconf 92' lang='lat' dir='ltr'><strong>si</strong></span> <span class='ocrx_word' id='word_1_799' title='bbox 3144 4224 3321 4286; x_wconf 86' lang='lat' dir='ltr'><strong>adest,</strong></span> <span class='ocrx_word' id='word_1_800' title='bbox 3342 4224 3468 4291; x_wconf 90' lang='lat' dir='ltr'><strong>jube</strong></span> <span class='ocrx_word' id='word_1_801' title='bbox 3495 4222 3593 4275; x_wconf 83' lang='lat' dir='ltr'><strong>ho-</strong></span> 
     </span>
    </p>
   </div>
   <div class='ocr_carea' id='block_1_103' title="bbox 2016 4314 3591 4384">
    <p class='ocr_par' dir='ltr' id='par_1_103' title="bbox 2016 4314 3591 4384">
     <span class='ocr_line' id='line_1_103' title="bbox 2016 4314 3591 4384; baseline -0.003 -13"><span class='ocrx_word' id='word_1_802' title='bbox 2016 4319 2213 4371; x_wconf 90' lang='lat' dir='ltr'><strong>minem</strong></span> <span class='ocrx_word' id='word_1_803' title='bbox 2258 4319 2446 4372; x_wconf 88' lang='lat' dir='ltr'><strong>sistere</strong></span> <span class='ocrx_word' id='word_1_804' title='bbox 2479 4333 2557 4372; x_wconf 87' lang='lat' dir='ltr'><strong>se.</strong></span> <span class='ocrx_word' id='word_1_805' title='bbox 2609 4317 2688 4371; x_wconf 83' lang='lat' dir='ltr'><strong>Ad</strong></span> <span class='ocrx_word' id='word_1_806' title='bbox 2734 4318 2847 4371; x_wconf 76' lang='lat' dir='ltr'><strong>haec</strong></span> <span class='ocrx_word' id='word_1_807' title='bbox 2895 4316 3251 4384; x_wconf 82' lang='lat' dir='ltr'><strong>TheOphilus,</strong></span> <span class='ocrx_word' id='word_1_808' title='bbox 3279 4330 3437 4384; x_wconf 86' lang='lat' dir='ltr'><strong>quem</strong></span> <span class='ocrx_word' id='word_1_809' title='bbox 3478 4314 3591 4382; x_wconf 88' lang='lat' dir='ltr'><strong>ipsa</strong></span> 
     </span>
    </p>
   </div>
   <div class='ocr_carea' id='block_1_104' title="bbox 2019 4408 3589 4477">
    <p class='ocr_par' dir='ltr' id='par_1_104' title="bbox 2019 4408 3589 4477">
     <span class='ocr_line' id='line_1_104' title="bbox 2019 4408 3589 4477; baseline -0.001 -16"><span class='ocrx_word' id='word_1_810' title='bbox 2019 4410 2211 4463; x_wconf 79' lang='lat' dir='ltr'><strong>veritas</strong></span> <span class='ocrx_word' id='word_1_811' title='bbox 2241 4408 2689 4477; x_wconf 90' lang='lat' dir='ltr'><strong>contemptibilem</strong></span> <span class='ocrx_word' id='word_1_812' title='bbox 2722 4408 2988 4466; x_wconf 87' lang='lat' dir='ltr'><strong>redditura</strong></span> <span class='ocrx_word' id='word_1_813' title='bbox 3019 4417 3165 4475; x_wconf 90' lang='lat' dir='ltr'><strong>erat,</strong></span> <span class='ocrx_word' id='word_1_814' title='bbox 3211 4424 3323 4461; x_wconf 90' lang='lat' dir='ltr'><strong>rem</strong></span> <span class='ocrx_word' id='word_1_815' title='bbox 3356 4410 3405 4460; x_wconf 92' lang='lat' dir='ltr'><strong>in</strong></span> <span class='ocrx_word' id='word_1_816' title='bbox 3431 4408 3589 4461; x_wconf 91' lang='lat' dir='ltr'><strong>alium</strong></span> 
     </span>
    </p>
   </div>
   <div class='ocr_carea' id='block_1_105' title="bbox 2018 4497 3594 4567">
    <p class='ocr_par' dir='ltr' id='par_1_105' title="bbox 2018 4497 3594 4567">
     <span class='ocr_line' id='line_1_105' title="bbox 2018 4497 3594 4567; baseline -0.001 -14"><span class='ocrx_word' id='word_1_817' title='bbox 2018 4500 2158 4553; x_wconf 90' lang='lat' dir='ltr'><strong>diem</strong></span> <span class='ocrx_word' id='word_1_818' title='bbox 2195 4499 2367 4567; x_wconf 88' lang='lat' dir='ltr'><strong>rejicit</strong></span> <span class='ocrx_word' id='word_1_819' title='bbox 2398 4516 2411 4551; x_wconf 89' lang='lat'><strong>:</strong></span> <span class='ocrx_word' id='word_1_820' title='bbox 2443 4508 2495 4551; x_wconf 87' lang='lat' dir='ltr'><strong>et</strong></span> <span class='ocrx_word' id='word_1_821' title='bbox 2516 4498 2763 4567; x_wconf 89' lang='lat' dir='ltr'><strong>juvenem</strong></span> <span class='ocrx_word' id='word_1_822' title='bbox 2807 4498 3099 4567; x_wconf 77' lang='lat' dir='ltr'><strong>quemdam,</strong></span> <span class='ocrx_word' id='word_1_823' title='bbox 3129 4497 3594 4567; x_wconf 81' lang='lat' dir='ltr'><strong>pollicitationibus</strong></span> 
     </span>
    </p>
   </div>
   <div class='ocr_carea' id='block_1_106' title="bbox 2019 4588 3591 4656">
    <p class='ocr_par' dir='ltr' id='par_1_106' title="bbox 2019 4588 3591 4656">
     <span class='ocr_line' id='line_1_106' title="bbox 2019 4588 3591 4656; baseline -0.001 -13"><span class='ocrx_word' id='word_1_824' title='bbox 2019 4591 2196 4643; x_wconf 88' lang='lat' dir='ltr'><strong>multis</strong></span> <span class='ocrx_word' id='word_1_825' title='bbox 2224 4590 2532 4643; x_wconf 91' lang='lat' dir='ltr'><strong>demulccns</strong></span> <span class='ocrx_word' id='word_1_826' title='bbox 2551 4630 2566 4656; x_wconf 92' lang='lat'><strong>,</strong></span> <span class='ocrx_word' id='word_1_827' title='bbox 2597 4589 2662 4643; x_wconf 90' lang='lat' dir='ltr'><strong>ad</strong></span> <span class='ocrx_word' id='word_1_828' title='bbox 2690 4590 3074 4643; x_wconf 81' lang='lat' dir='ltr'><strong>aceusatioaem</strong></span> <span class='ocrx_word' id='word_1_829' title='bbox 3113 4598 3295 4643; x_wconf 90' lang='lat' dir='ltr'><strong>contra</strong></span> <span class='ocrx_word' id='word_1_830' title='bbox 3319 4588 3591 4641; x_wconf 89' lang='lat' dir='ltr'><strong>lsodorum</strong></span> 
     </span>
    </p>
   </div>
   <div class='ocr_carea' id='block_1_107' title="bbox 2020 4679 3597 4750">
    <p class='ocr_par' dir='ltr' id='par_1_107' title="bbox 2020 4679 3597 4750">
     <span class='ocr_line' id='line_1_107' title="bbox 2020 4679 3597 4750; baseline -0.001 -16"><span class='ocrx_word' id='word_1_831' title='bbox 2020 4682 2303 4747; x_wconf 87' lang='lat' dir='ltr'><strong>instruxit,</strong></span> <span class='ocrx_word' id='word_1_832' title='bbox 2327 4682 2462 4736; x_wconf 90' lang='lat' dir='ltr'><strong>datis</strong></span> <span class='ocrx_word' id='word_1_833' title='bbox 2484 4682 2615 4749; x_wconf 89' lang='lat' dir='ltr'><strong>ipsi,</strong></span> <span class='ocrx_word' id='word_1_834' title='bbox 2649 4691 2703 4734; x_wconf 92' lang='lat' dir='ltr'><strong>ut</strong></span> <span class='ocrx_word' id='word_1_835' title='bbox 2730 4682 2874 4734; x_wconf 90' lang='lat' dir='ltr'><strong>aiunt</strong></span> <span class='ocrx_word' id='word_1_836' title='bbox 2895 4722 2908 4745; x_wconf 95' lang='lat'><strong>,</strong></span> <span class='ocrx_word' id='word_1_837' title='bbox 2938 4680 3241 4750; x_wconf 91' lang='lat' dir='ltr'><strong>quindecim</strong></span> <span class='ocrx_word' id='word_1_838' title='bbox 3271 4681 3480 4733; x_wconf 89' lang='lat' dir='ltr'><strong>aureis:</strong></span> <span class='ocrx_word' id='word_1_839' title='bbox 3505 4679 3597 4749; x_wconf 86' lang='lat' dir='ltr'><strong>qui</strong></span> 
     </span>
    </p>
   </div>
   <div class='ocr_carea' id='block_1_108' title="bbox 2021 4772 3596 4841">
    <p class='ocr_par' dir='ltr' id='par_1_108' title="bbox 2021 4772 3596 4841">
     <span class='ocr_line' id='line_1_108' title="bbox 2021 4772 3596 4841; baseline 0 -15"><span class='ocrx_word' id='word_1_840' title='bbox 2021 4775 2197 4827; x_wconf 87' lang='lat' dir='ltr'><strong>statim</strong></span> <span class='ocrx_word' id='word_1_841' title='bbox 2232 4789 2326 4827; x_wconf 86' lang='lat' dir='ltr'><strong>eos</strong></span> <span class='ocrx_word' id='word_1_842' title='bbox 2353 4774 2506 4827; x_wconf 88' lang='lat' dir='ltr'><strong>matri</strong></span> <span class='ocrx_word' id='word_1_843' title='bbox 2549 4772 2722 4827; x_wconf 81' lang='lat' dir='ltr'><strong>affert.</strong></span> <span class='ocrx_word' id='word_1_844' title='bbox 2762 4773 2851 4828; x_wconf 90' lang='lat' dir='ltr'><strong>llla</strong></span> <span class='ocrx_word' id='word_1_845' title='bbox 2892 4783 3066 4827; x_wconf 90' lang='lat' dir='ltr'><strong>autem</strong></span> <span class='ocrx_word' id='word_1_846' title='bbox 3099 4775 3289 4841; x_wconf 87' lang='lat' dir='ltr'><strong>partim</strong></span> <span class='ocrx_word' id='word_1_847' title='bbox 3335 4782 3478 4825; x_wconf 89' lang='lat' dir='ltr'><strong>metu</strong></span> <span class='ocrx_word' id='word_1_848' title='bbox 3515 4773 3596 4826; x_wconf 86' lang='lat' dir='ltr'><strong>in-</strong></span> 
     </span>
    </p>
   </div>
   <div class='ocr_carea' id='block_1_109' title="bbox 2020 4864 3597 4934">
    <p class='ocr_par' dir='ltr' id='par_1_109' title="bbox 2020 4864 3597 4934">
     <span class='ocr_line' id='line_1_109' title="bbox 2020 4864 3597 4934; baseline -0.001 -16"><span class='ocrx_word' id='word_1_849' title='bbox 2020 4864 2352 4918; x_wconf 77' lang='lat' dir='ltr'><strong>conniventisâ€˜</strong></span> <span class='ocrx_word' id='word_1_850' title='bbox 2387 4865 2524 4917; x_wconf 90' lang='lat' dir='ltr'><strong>oculi</strong></span> <span class='ocrx_word' id='word_1_851' title='bbox 2552 4879 2645 4917; x_wconf 86' lang='lat' dir='ltr'><strong>eos</strong></span> <span class='ocrx_word' id='word_1_852' title='bbox 2686 4881 2788 4917; x_wconf 88' lang='lat' dir='ltr'><strong>non</strong></span> <span class='ocrx_word' id='word_1_853' title='bbox 2833 4865 3070 4933; x_wconf 86' lang='lat' dir='ltr'><strong>accepit,</strong></span> <span class='ocrx_word' id='word_1_854' title='bbox 3102 4864 3293 4934; x_wconf 88' lang='lat' dir='ltr'><strong>partim</strong></span> <span class='ocrx_word' id='word_1_855' title='bbox 3322 4864 3496 4932; x_wconf 88' lang='lat' dir='ltr'><strong>legum</strong></span> <span class='ocrx_word' id='word_1_856' title='bbox 3531 4865 3597 4916; x_wconf 85' lang='lat' dir='ltr'><strong>ti-</strong></span> 
     </span>
    </p>
   </div>
   <div class='ocr_carea' id='block_1_110' title="bbox 2023 4955 3595 5025">
    <p class='ocr_par' dir='ltr' id='par_1_110' title="bbox 2023 4955 3595 5025">
     <span class='ocr_line' id='line_1_110' title="bbox 2023 4955 3595 5025; baseline -0.002 -16"><span class='ocrx_word' id='word_1_857' title='bbox 2023 4972 2171 5010; x_wconf 87' lang='lat' dir='ltr'><strong>more</strong></span> <span class='ocrx_word' id='word_1_858' title='bbox 2201 4956 2463 5025; x_wconf 86' lang='lat' dir='ltr'><strong>perculsa,</strong></span> <span class='ocrx_word' id='word_1_859' title='bbox 2486 4957 2724 5025; x_wconf 86' lang='lat' dir='ltr'><strong>cogitans</strong></span> <span class='ocrx_word' id='word_1_860' title='bbox 2747 4972 2811 5011; x_wconf 92' lang='lat' dir='ltr'><strong>nc</strong></span> <span class='ocrx_word' id='word_1_861' title='bbox 2839 4957 3050 5025; x_wconf 85' lang='lat' dir='ltr'><strong>quando</strong></span> <span class='ocrx_word' id='word_1_862' title='bbox 3073 4955 3304 5010; x_wconf 87' lang='lat' dir='ltr'><strong>Isidorus</strong></span> <span class='ocrx_word' id='word_1_863' title='bbox 3333 4956 3595 5009; x_wconf 89' lang='lat' dir='ltr'><strong>calumnia</strong></span> 
     </span>
    </p>
   </div>
   <div class='ocr_carea' id='block_1_111' title="bbox 2022 5048 3601 5117">
    <p class='ocr_par' dir='ltr' id='par_1_111' title="bbox 2022 5048 3601 5117">
     <span class='ocr_line' id='line_1_111' title="bbox 2022 5048 3601 5117; baseline 0.001 -17"><span class='ocrx_word' id='word_1_864' title='bbox 2022 5049 2314 5116; x_wconf 85' lang='lat' dir='ltr'><strong>appetitus,</strong></span> <span class='ocrx_word' id='word_1_865' title='bbox 2355 5054 2419 5101; x_wconf 93' lang='lat' dir='ltr'><strong>ad</strong></span> <span class='ocrx_word' id='word_1_866' title='bbox 2451 5048 2727 5117; x_wconf 70' lang='lat' dir='ltr'><strong>praesidem</strong></span> <span class='ocrx_word' id='word_1_867' title='bbox 2761 5050 3042 5117; x_wconf 77' lang='lat' dir='ltr'><strong>provincia:</strong></span> <span class='ocrx_word' id='word_1_868' title='bbox 3074 5056 3410 5117; x_wconf 88' lang='lat' dir='ltr'><strong>provocaret.</strong></span> <span class='ocrx_word' id='word_1_869' title='bbox 3436 5048 3601 5101; x_wconf 75' lang='lat' dir='ltr'><strong>lsido~</strong></span> 
     </span>
    </p>
   </div>
   <div class='ocr_carea' id='block_1_112' title="bbox 2025 5138 3597 5208">
    <p class='ocr_par' dir='ltr' id='par_1_112' title="bbox 2025 5138 3597 5208">
     <span class='ocr_line' id='line_1_112' title="bbox 2025 5138 3597 5208; baseline -0.001 -16"><span class='ocrx_word' id='word_1_870' title='bbox 2025 5155 2142 5193; x_wconf 91' lang='lat' dir='ltr'><strong>rum</strong></span> <span class='ocrx_word' id='word_1_871' title='bbox 2166 5140 2449 5205; x_wconf 89' lang='lat' dir='ltr'><strong>convenit,</strong></span> <span class='ocrx_word' id='word_1_872' title='bbox 2482 5150 2640 5208; x_wconf 90' lang='lat' dir='ltr'><strong>atque</strong></span> <span class='ocrx_word' id='word_1_873' title='bbox 2686 5141 2783 5207; x_wconf 91' lang='lat' dir='ltr'><strong>ipsi</strong></span> <span class='ocrx_word' id='word_1_874' title='bbox 2825 5149 2985 5193; x_wconf 90' lang='lat' dir='ltr'><strong>totam</strong></span> <span class='ocrx_word' id='word_1_875' title='bbox 3030 5139 3339 5208; x_wconf 77' lang='lat' dir='ltr'><strong>tragmdiam</strong></span> <span class='ocrx_word' id='word_1_876' title='bbox 3382 5138 3597 5201; x_wconf 88' lang='lat' dir='ltr'><strong>fatetur,</strong></span> 
     </span>
    </p>
   </div>
   <div class='ocr_carea' id='block_1_113' title="bbox 2023 5229 3623 5298">
    <p class='ocr_par' dir='ltr' id='par_1_113' title="bbox 2023 5229 3623 5298">
     <span class='ocr_line' id='line_1_113' title="bbox 2023 5229 3623 5298; baseline 0 -15"><span class='ocrx_word' id='word_1_877' title='bbox 2023 5230 2071 5283; x_wconf 93' lang='lat' dir='ltr'><strong>ei</strong></span> <span class='ocrx_word' id='word_1_878' title='bbox 2100 5229 2386 5283; x_wconf 91' lang='lat' dir='ltr'><strong>ostendens</strong></span> <span class='ocrx_word' id='word_1_879' title='bbox 2407 5244 2597 5283; x_wconf 90' lang='lat' dir='ltr'><strong>aureos</strong></span> <span class='ocrx_word' id='word_1_880' title='bbox 2615 5270 2630 5291; x_wconf 85' lang='lat'><strong>,</strong></span> <span class='ocrx_word' id='word_1_881' title='bbox 2659 5245 2791 5296; x_wconf 85' lang='lat' dir='ltr'><strong>quos</strong></span> <span class='ocrx_word' id='word_1_882' title='bbox 2820 5245 2848 5281; x_wconf 93' lang='lat' dir='ltr'><strong>a</strong></span> <span class='ocrx_word' id='word_1_883' title='bbox 2878 5245 3062 5283; x_wconf 90' lang='lat' dir='ltr'><strong>sorore</strong></span> <span class='ocrx_word' id='word_1_884' title='bbox 3085 5230 3358 5298; x_wconf 89' lang='lat' dir='ltr'><strong>Theophili</strong></span> <span class='ocrx_word' id='word_1_885' title='bbox 3388 5245 3623 5283; x_wconf 33' lang='lat' dir='ltr'><strong>merce-v</strong></span> 
     </span>
    </p>
   </div>
   <div class='ocr_carea' id='block_1_114' title="bbox 2023 5320 3598 5387">
    <p class='ocr_par' dir='ltr' id='par_1_114' title="bbox 2023 5320 3598 5387">
     <span class='ocr_line' id='line_1_114' title="bbox 2023 5320 3598 5387; baseline 0.001 -14"><span class='ocrx_word' id='word_1_886' title='bbox 2023 5320 2105 5374; x_wconf 91' lang='lat' dir='ltr'><strong>dis</strong></span> <span class='ocrx_word' id='word_1_887' title='bbox 2133 5320 2249 5375; x_wconf 88' lang='lat' dir='ltr'><strong>loco</strong></span> <span class='ocrx_word' id='word_1_888' title='bbox 2276 5321 2543 5387; x_wconf 79' lang='lat' dir='ltr'><strong>accepisse</strong></span> <span class='ocrx_word' id='word_1_889' title='bbox 2562 5336 2619 5374; x_wconf 83' lang='lat' dir='ltr'><strong>se</strong></span> <span class='ocrx_word' id='word_1_890' title='bbox 2638 5321 2846 5374; x_wconf 90' lang='lat' dir='ltr'><strong>dicebat</strong></span> <span class='ocrx_word' id='word_1_891' title='bbox 2884 5320 3136 5374; x_wconf 87' lang='lat' dir='ltr'><strong>adversus</strong></span> <span class='ocrx_word' id='word_1_892' title='bbox 3160 5321 3416 5374; x_wconf 90' lang='lat' dir='ltr'><strong>lsidorum</strong></span> <span class='ocrx_word' id='word_1_893' title='bbox 3446 5323 3598 5374; x_wconf 82' lang='lat' dir='ltr'><strong>inno-</strong></span> 
     </span>
    </p>
   </div>
   <div class='ocr_carea' id='block_1_115' title="bbox 2024 5412 3595 5482">
    <p class='ocr_par' dir='ltr' id='par_1_115' title="bbox 2024 5412 3595 5482">
     <span class='ocr_line' id='line_1_115' title="bbox 2024 5412 3595 5482; baseline 0.003 -19"><span class='ocrx_word' id='word_1_894' title='bbox 2024 5422 2252 5465; x_wconf 90' lang='lat' dir='ltr'><strong>centem.</strong></span> <span class='ocrx_word' id='word_1_895' title='bbox 2284 5412 2349 5465; x_wconf 83' lang='lat' dir='ltr'><strong>Et</strong></span> <span class='ocrx_word' id='word_1_896' title='bbox 2378 5413 2463 5465; x_wconf 88' lang='lat' dir='ltr'><strong>illa</strong></span> <span class='ocrx_word' id='word_1_897' title='bbox 2485 5412 2695 5480; x_wconf 91' lang='lat' dir='ltr'><strong>quidem</strong></span> <span class='ocrx_word' id='word_1_898' title='bbox 2725 5427 2846 5465; x_wconf 92' lang='lat' dir='ltr'><strong>cum</strong></span> <span class='ocrx_word' id='word_1_899' title='bbox 2873 5412 2941 5465; x_wconf 90' lang='lat' dir='ltr'><strong>ob</strong></span> <span class='ocrx_word' id='word_1_900' title='bbox 2974 5412 3156 5475; x_wconf 86' lang='lat' dir='ltr'><strong>multa,</strong></span> <span class='ocrx_word' id='word_1_901' title='bbox 3189 5422 3298 5466; x_wconf 91' lang='lat' dir='ltr'><strong>tum</strong></span> <span class='ocrx_word' id='word_1_902' title='bbox 3329 5413 3595 5482; x_wconf 70' lang='lat' dir='ltr'><strong>praecipue</strong></span> 
     </span>
    </p>
   </div>
   <div class='ocr_carea' id='block_1_116' title="bbox 2022 5502 3592 5571">
    <p class='ocr_par' dir='ltr' id='par_1_116' title="bbox 2022 5502 3592 5571">
     <span class='ocr_line' id='line_1_116' title="bbox 2022 5502 3592 5571; baseline 0 -16"><span class='ocrx_word' id='word_1_903' title='bbox 2022 5502 2093 5555; x_wconf 90' lang='lat' dir='ltr'><strong>ob</strong></span> <span class='ocrx_word' id='word_1_904' title='bbox 2130 5516 2246 5556; x_wconf 89' lang='lat' dir='ltr'><strong>eam</strong></span> <span class='ocrx_word' id='word_1_905' title='bbox 2281 5517 2527 5565; x_wconf 89' lang='lat' dir='ltr'><strong>causam,</strong></span> <span class='ocrx_word' id='word_1_906' title='bbox 2561 5503 2762 5556; x_wconf 90' lang='lat' dir='ltr'><strong>meritis</strong></span> <span class='ocrx_word' id='word_1_907' title='bbox 2804 5502 2975 5569; x_wconf 71' lang='lat' dir='ltr'><strong>pinnis</strong></span> <span class='ocrx_word' id='word_1_908' title='bbox 3025 5502 3306 5571; x_wconf 90' lang='lat' dir='ltr'><strong>persolutis</strong></span> <span class='ocrx_word' id='word_1_909' title='bbox 3352 5505 3592 5563; x_wconf 87' lang='lat' dir='ltr'><strong>moritur.</strong></span> 
     </span>
    </p>
   </div>
   <div class='ocr_carea' id='block_1_117' title="bbox 2024 5591 3593 5661">
    <p class='ocr_par' dir='ltr' id='par_1_117' title="bbox 2024 5591 3593 5661">
     <span class='ocr_line' id='line_1_117' title="bbox 2024 5591 3593 5661; baseline 0.001 -15"><span class='ocrx_word' id='word_1_910' title='bbox 2024 5591 2270 5661; x_wconf 88' lang='lat' dir='ltr'><strong>cltirurgo</strong></span> <span class='ocrx_word' id='word_1_911' title='bbox 2298 5592 2557 5645; x_wconf 86' lang='lat' dir='ltr'><strong>mamillas</strong></span> <span class='ocrx_word' id='word_1_912' title='bbox 2585 5592 2701 5661; x_wconf 91' lang='lat' dir='ltr'><strong>ejus</strong></span> <span class='ocrx_word' id='word_1_913' title='bbox 2728 5602 2967 5646; x_wconf 87' lang='lat' dir='ltr'><strong>curante.</strong></span> <span class='ocrx_word' id='word_1_914' title='bbox 2997 5592 3198 5647; x_wconf 88' lang='lat' dir='ltr'><strong>Interea</strong></span> <span class='ocrx_word' id='word_1_915' title='bbox 3234 5592 3464 5647; x_wconf 90' lang='lat' dir='ltr'><strong>Isidorus</strong></span> <span class='ocrx_word' id='word_1_916' title='bbox 3491 5593 3593 5648; x_wconf 82' lang='lat' dir='ltr'><strong>do-</strong></span> 
     </span>
    </p>
   </div>
   <div class='ocr_carea' id='block_1_118' title="bbox 2024 5684 3598 5756">
    <p class='ocr_par' dir='ltr' id='par_1_118' title="bbox 2024 5684 3598 5756">
     <span class='ocr_line' id='line_1_118' title="bbox 2024 5684 3598 5756; baseline 0.001 -18"><span class='ocrx_word' id='word_1_917' title='bbox 2024 5685 2097 5738; x_wconf 86' lang='lat' dir='ltr'><strong>mi</strong></span> <span class='ocrx_word' id='word_1_918' title='bbox 2123 5684 2400 5747; x_wconf 89' lang='lat' dir='ltr'><strong>manebat,</strong></span> <span class='ocrx_word' id='word_1_919' title='bbox 2435 5684 2597 5737; x_wconf 89' lang='lat' dir='ltr'><strong>Deum</strong></span> <span class='ocrx_word' id='word_1_920' title='bbox 2637 5699 2817 5737; x_wconf 91' lang='lat' dir='ltr'><strong>orans.</strong></span> <span class='ocrx_word' id='word_1_921' title='bbox 2845 5684 2984 5739; x_wconf 89' lang='lat' dir='ltr'><strong>Puer</strong></span> <span class='ocrx_word' id='word_1_922' title='bbox 3018 5694 3193 5739; x_wconf 86' lang='lat' dir='ltr'><strong>autem</strong></span> <span class='ocrx_word' id='word_1_923' title='bbox 3225 5687 3414 5756; x_wconf 89' lang='lat' dir='ltr'><strong>partim</strong></span> <span class='ocrx_word' id='word_1_924' title='bbox 3452 5687 3598 5753; x_wconf 79' lang='lat' dir='ltr'><strong>leges</strong></span> 
     </span>
    </p>
   </div>
   <div class='ocr_carea' id='block_1_119' title="bbox 2025 5774 3595 5847">
    <p class='ocr_par' dir='ltr' id='par_1_119' title="bbox 2025 5774 3595 5847">
     <span class='ocr_line' id='line_1_119' title="bbox 2025 5774 3595 5847; baseline 0.006 -20"><span class='ocrx_word' id='word_1_925' title='bbox 2025 5774 2221 5831; x_wconf 87' lang='lat' dir='ltr'><strong>veritus</strong></span> <span class='ocrx_word' id='word_1_926' title='bbox 2245 5816 2259 5842; x_wconf 92' lang='lat'><strong>,</strong></span> <span class='ocrx_word' id='word_1_927' title='bbox 2292 5774 2480 5845; x_wconf 90' lang='lat' dir='ltr'><strong>partim</strong></span> <span class='ocrx_word' id='word_1_928' title='bbox 2519 5774 2843 5846; x_wconf 86' lang='lat' dir='ltr'><strong>asperiorem</strong></span> <span class='ocrx_word' id='word_1_929' title='bbox 2873 5774 3224 5847; x_wconf 84' lang='lat' dir='ltr'><strong>Theophilum</strong></span> <span class='ocrx_word' id='word_1_930' title='bbox 3250 5776 3554 5847; x_wconf 70' lang='lat' dir='ltr'><strong>coniectans</strong></span> <span class='ocrx_word' id='word_1_931' title='bbox 3578 5820 3595 5843; x_wconf 82' lang='lat'><strong>.</strong></span> 
     </span>
    </p>
   </div>
  </div>
