  <div class='ocr_page' id='page_1' title='image "/cluster/home/n/w/nwhite01/storage/ocr_20150623/47/nnc1.0046978321/079.png"; bbox 0 0 4114 6392; ppageno 0'>
   <div class='ocr_carea' id='block_1_1' title="bbox 1730 277 3743 349">
    <p class='ocr_par' dir='ltr' id='par_1_1' title="bbox 1730 277 3743 349">
     <span class='ocr_line' id='line_1_1' title="bbox 1730 277 3743 349; baseline -0.009 0"><span class='ocrx_word' id='word_1_1' title='bbox 1730 287 2046 349; x_wconf 77' lang='lat' dir='ltr'><strong>PALLADII</strong></span> <span class='ocrx_word' id='word_1_2' title='bbox 2085 287 2334 343; x_wconf 77' lang='lat' dir='ltr'><strong>DIALOG</strong></span> <span class='ocrx_word' id='word_1_3' title='bbox 2343 287 2425 344; x_wconf 83' lang='lat' dir='ltr'><strong>US</strong></span> <span class='ocrx_word' id='word_1_4' title='bbox 3672 277 3743 332; x_wconf 58' lang='lat'><strong>2-5</strong></span> 
     </span>
    </p>
   </div>
   <div class='ocr_carea' id='block_1_2' title="bbox 2155 398 3744 472">
    <p class='ocr_par' dir='ltr' id='par_1_2' title="bbox 2155 398 3744 472">
     <span class='ocr_line' id='line_1_2' title="bbox 2155 398 3744 472; baseline -0.006 -15"><span class='ocrx_word' id='word_1_5' title='bbox 2155 413 2339 458; x_wconf 90' lang='lat' dir='ltr'><strong>contra</strong></span> <span class='ocrx_word' id='word_1_6' title='bbox 2370 404 2501 458; x_wconf 89' lang='lat' dir='ltr'><strong>istos</strong></span> <span class='ocrx_word' id='word_1_7' title='bbox 2519 403 2810 472; x_wconf 86' lang='lat' dir='ltr'><strong>supplicem</strong></span> <span class='ocrx_word' id='word_1_8' title='bbox 2842 400 3076 456; x_wconf 87' lang='lat' dir='ltr'><strong>libellum</strong></span> <span class='ocrx_word' id='word_1_9' title='bbox 3100 399 3239 469; x_wconf 89' lang='lat' dir='ltr'><strong>apud</strong></span> <span class='ocrx_word' id='word_1_10' title='bbox 3264 414 3387 454; x_wconf 90' lang='lat' dir='ltr'><strong>eum</strong></span> <span class='ocrx_word' id='word_1_11' title='bbox 3411 398 3623 454; x_wconf 83' lang='lat' dir='ltr'><strong>nomine</strong></span> <span class='ocrx_word' id='word_1_12' title='bbox 3646 413 3744 450; x_wconf 90' lang='lat' dir='ltr'><strong>suo</strong></span> 
     </span>
    </p>
   </div>
   <div class='ocr_carea' id='block_1_3' title="bbox 2155 489 3746 565">
    <p class='ocr_par' dir='ltr' id='par_1_3' title="bbox 2155 489 3746 565">
     <span class='ocr_line' id='line_1_3' title="bbox 2155 489 3746 565; baseline -0.005 -16"><span class='ocrx_word' id='word_1_13' title='bbox 2155 495 2373 564; x_wconf 77' lang='lat' dir='ltr'><strong>deponit</strong></span> <span class='ocrx_word' id='word_1_14' title='bbox 2413 496 2526 564; x_wconf 91' lang='lat' dir='ltr'><strong>ipse</strong></span> <span class='ocrx_word' id='word_1_15' title='bbox 2547 535 2562 560; x_wconf 97' lang='lat'><strong>,</strong></span> <span class='ocrx_word' id='word_1_16' title='bbox 2586 493 2848 565; x_wconf 57' lang='lat' dir='ltr'><strong>{Egyptiaa</strong></span> <span class='ocrx_word' id='word_1_17' title='bbox 2877 493 3172 548; x_wconf 69' lang='lat' dir='ltr'><strong>dimceseos</strong></span> <span class='ocrx_word' id='word_1_18' title='bbox 3199 491 3454 560; x_wconf 67' lang='lat' dir='ltr'><strong>pontifex,</strong></span> <span class='ocrx_word' id='word_1_19' title='bbox 3481 489 3746 558; x_wconf 87' lang='lat' dir='ltr'><strong>adjunctis</strong></span> 
     </span>
    </p>
   </div>
   <div class='ocr_carea' id='block_1_4' title="bbox 2158 584 3748 655">
    <p class='ocr_par' dir='ltr' id='par_1_4' title="bbox 2158 584 3748 655">
     <span class='ocr_line' id='line_1_4' title="bbox 2158 584 3748 655; baseline -0.002 -16"><span class='ocrx_word' id='word_1_20' title='bbox 2158 587 2305 641; x_wconf 65' lang='lat' dir='ltr'><strong>falsae</strong></span> <span class='ocrx_word' id='word_1_21' title='bbox 2329 587 2682 642; x_wconf 72' lang='lat' dir='ltr'><strong>accusationis</strong></span> <span class='ocrx_word' id='word_1_22' title='bbox 2717 587 2909 640; x_wconf 87' lang='lat' dir='ltr'><strong>libellis</strong></span> <span class='ocrx_word' id='word_1_23' title='bbox 2931 629 2948 652; x_wconf 93' lang='lat'><strong>,</strong></span> <span class='ocrx_word' id='word_1_24' title='bbox 2989 587 3228 655; x_wconf 86' lang='lat' dir='ltr'><strong>petitque</strong></span> <span class='ocrx_word' id='word_1_25' title='bbox 3255 593 3311 638; x_wconf 91' lang='lat' dir='ltr'><strong>ut</strong></span> <span class='ocrx_word' id='word_1_26' title='bbox 3339 584 3554 637; x_wconf 73' lang='lat' dir='ltr'><strong>militari</strong></span> <span class='ocrx_word' id='word_1_27' title='bbox 3587 599 3748 636; x_wconf 87' lang='lat' dir='ltr'><strong>manu</strong></span> 
     </span>
    </p>
   </div>
   <div class='ocr_carea' id='block_1_5' title="bbox 2159 675 3752 750">
    <p class='ocr_par' dir='ltr' id='par_1_5' title="bbox 2159 675 3752 750">
     <span class='ocr_line' id='line_1_5' title="bbox 2159 675 3752 750; baseline -0.004 -16"><span class='ocrx_word' id='word_1_28' title='bbox 2159 680 2495 750; x_wconf 82' lang='lat' dir='ltr'><strong>expellantur</strong></span> <span class='ocrx_word' id='word_1_29' title='bbox 2526 680 2558 733; x_wconf 91' lang='lat' dir='ltr'><strong>ii</strong></span> <span class='ocrx_word' id='word_1_30' title='bbox 2590 680 2831 732; x_wconf 85' lang='lat' dir='ltr'><strong>homines</strong></span> <span class='ocrx_word' id='word_1_31' title='bbox 2859 694 2927 733; x_wconf 83' lang='lat' dir='ltr'><strong>ex</strong></span> <span class='ocrx_word' id='word_1_32' title='bbox 2959 678 3204 731; x_wconf 89' lang='lat' dir='ltr'><strong>universa</strong></span> <span class='ocrx_word' id='word_1_33' title='bbox 3233 675 3486 746; x_wconf 65' lang='lat' dir='ltr'><strong>Egypto.</strong></span> <span class='ocrx_word' id='word_1_34' title='bbox 3516 676 3752 744; x_wconf 81' lang='lat' dir='ltr'><strong>Accepto</strong></span> 
     </span>
    </p>
   </div>
   <div class='ocr_carea' id='block_1_6' title="bbox 451 315 527 370">
    <p class='ocr_par' dir='ltr' id='par_1_6' title="bbox 451 315 527 370">
     <span class='ocr_line' id='line_1_6' title="bbox 451 315 527 370; baseline -0.039 0"><span class='ocrx_word' id='word_1_35' title='bbox 451 315 527 370; x_wconf 66' lang='grc'><strong>23</strong></span> 
     </span>
    </p>
   </div>
   <div class='ocr_carea' id='block_1_7' title="bbox 459 408 2042 490">
    <p class='ocr_par' dir='ltr' id='par_1_7' title="bbox 459 408 2042 490">
     <span class='ocr_line' id='line_1_7' title="bbox 459 408 2042 490; baseline -0.013 -12"><span class='ocrx_word' id='word_1_36' title='bbox 459 426 501 478; x_wconf 88' lang='lat' dir='ltr'><strong>si</strong></span> <span class='ocrx_word' id='word_1_37' title='bbox 552 433 716 490; x_wconf 87' lang='lat' dir='ltr'><strong>scopo</strong></span> <span class='ocrx_word' id='word_1_38' title='bbox 767 414 1070 480; x_wconf 80' lang='lat' dir='ltr'><strong>excideret,</strong></span> <span class='ocrx_word' id='word_1_39' title='bbox 1100 412 1166 468; x_wconf 90' lang='lat' dir='ltr'><strong>ad</strong></span> <span class='ocrx_word' id='word_1_40' title='bbox 1204 411 1489 468; x_wconf 81' lang='lat' dir='ltr'><strong>ecclesiam</strong></span> <span class='ocrx_word' id='word_1_41' title='bbox 1515 451 1528 475; x_wconf 91' lang='lat'><strong>,</strong></span> <span class='ocrx_word' id='word_1_42' title='bbox 1555 408 1684 463; x_wconf 92' lang='lat' dir='ltr'><strong>utile</strong></span> <span class='ocrx_word' id='word_1_43' title='bbox 1737 421 2042 477; x_wconf 84' lang='lat' dir='ltr'><strong>propugna-</strong></span> 
     </span>
    </p>
   </div>
   <div class='ocr_carea' id='block_1_8' title="bbox 462 501 2046 580">
    <p class='ocr_par' dir='ltr' id='par_1_8' title="bbox 462 501 2046 580">
     <span class='ocr_line' id='line_1_8' title="bbox 462 501 2046 580; baseline -0.011 -9"><span class='ocrx_word' id='word_1_44' title='bbox 462 516 673 578; x_wconf 86' lang='lat' dir='ltr'><strong>culum,</strong></span> <span class='ocrx_word' id='word_1_45' title='bbox 718 509 980 580; x_wconf 81' lang='lat' dir='ltr'><strong>confugit,</strong></span> <span class='ocrx_word' id='word_1_46' title='bbox 1015 507 1166 562; x_wconf 82' lang='lat' dir='ltr'><strong>altari</strong></span> <span class='ocrx_word' id='word_1_47' title='bbox 1205 507 1504 560; x_wconf 69' lang='lat' dir='ltr'><strong>adhaareus.</strong></span> <span class='ocrx_word' id='word_1_48' title='bbox 1556 504 1630 558; x_wconf 88' lang='lat' dir='ltr'><strong>lta</strong></span> <span class='ocrx_word' id='word_1_49' title='bbox 1674 501 2006 572; x_wconf 89' lang='lat' dir='ltr'><strong>The0philus</strong></span> <span class='ocrx_word' id='word_1_50' title='bbox 2031 541 2046 565; x_wconf 87' lang='lat'><strong>,</strong></span> 
     </span>
    </p>
   </div>
   <div class='ocr_carea' id='block_1_9' title="bbox 466 593 2050 672">
    <p class='ocr_par' dir='ltr' id='par_1_9' title="bbox 466 593 2050 672">
     <span class='ocr_line' id='line_1_9' title="bbox 466 593 2050 672; baseline -0.012 -11"><span class='ocrx_word' id='word_1_51' title='bbox 466 608 657 662; x_wconf 83' lang='lat' dir='ltr'><strong>silente</strong></span> <span class='ocrx_word' id='word_1_52' title='bbox 702 602 941 672; x_wconf 82' lang='lat' dir='ltr'><strong>justitia,</strong></span> <span class='ocrx_word' id='word_1_53' title='bbox 1001 598 1256 654; x_wconf 89' lang='lat' dir='ltr'><strong>lsidorum</strong></span> <span class='ocrx_word' id='word_1_54' title='bbox 1314 595 1552 651; x_wconf 82' lang='lat' dir='ltr'><strong>Ecclesia</strong></span> <span class='ocrx_word' id='word_1_55' title='bbox 1597 593 1874 656; x_wconf 88' lang='lat' dir='ltr'><strong>eliminat,</strong></span> <span class='ocrx_word' id='word_1_56' title='bbox 1930 606 2050 645; x_wconf 91' lang='lat' dir='ltr'><strong>cum</strong></span> 
     </span>
    </p>
   </div>
   <div class='ocr_carea' id='block_1_10' title="bbox 469 685 2052 767">
    <p class='ocr_par' dir='ltr' id='par_1_10' title="bbox 469 685 2052 767">
     <span class='ocr_line' id='line_1_10' title="bbox 469 685 2052 767; baseline -0.012 -14"><span class='ocrx_word' id='word_1_57' title='bbox 469 693 793 752; x_wconf 75' lang='lat' dir='ltr'><strong>exsecranda</strong></span> <span class='ocrx_word' id='word_1_58' title='bbox 843 691 1204 762; x_wconf 86' lang='lat' dir='ltr'><strong>divulgasset,</strong></span> <span class='ocrx_word' id='word_1_59' title='bbox 1253 687 1564 757; x_wconf 90' lang='lat' dir='ltr'><strong>injustitiam</strong></span> <span class='ocrx_word' id='word_1_60' title='bbox 1615 685 1872 767; x_wconf 74' lang='lat' dir='ltr'><strong>gravitate</strong></span> <span class='ocrx_word' id='word_1_61' title='bbox 1912 695 2052 751; x_wconf 72' lang='lat' dir='ltr'><strong>pra:-</strong></span> 
     </span>
    </p>
   </div>
   <div class='ocr_carea' id='block_1_11' title="bbox 471 770 2054 844">
    <p class='ocr_par' dir='ltr' id='par_1_11' title="bbox 471 770 2054 844">
     <span class='ocr_line' id='line_1_11' title="bbox 471 770 2054 844; baseline -0.013 1"><span class='ocrx_word' id='word_1_62' title='bbox 471 801 676 844; x_wconf 75' lang='lat' dir='ltr'><strong>texens.</strong></span> <span class='ocrx_word' id='word_1_63' title='bbox 713 784 912 840; x_wconf 83' lang='lat' dir='ltr'><strong>Deinde</strong></span> <span class='ocrx_word' id='word_1_64' title='bbox 942 783 1135 838; x_wconf 91' lang='lat' dir='ltr'><strong>timens</strong></span> <span class='ocrx_word' id='word_1_65' title='bbox 1162 779 1394 835; x_wconf 89' lang='lat' dir='ltr'><strong>Isidorus</strong></span> <span class='ocrx_word' id='word_1_66' title='bbox 1416 821 1431 843; x_wconf 93' lang='lat'><strong>,</strong></span> <span class='ocrx_word' id='word_1_67' title='bbox 1471 793 1539 833; x_wconf 89' lang='lat' dir='ltr'><strong>ne</strong></span> <span class='ocrx_word' id='word_1_68' title='bbox 1578 776 1791 830; x_wconf 85' lang='lat' dir='ltr'><strong>tandem</strong></span> <span class='ocrx_word' id='word_1_69' title='bbox 1815 770 2054 844; x_wconf 81' lang='lat' dir='ltr'><strong>graviori</strong></span> 
     </span>
    </p>
   </div>
   <div class='ocr_carea' id='block_1_12' title="bbox 476 865 2058 948">
    <p class='ocr_par' dir='ltr' id='par_1_12' title="bbox 476 865 2058 948">
     <span class='ocr_line' id='line_1_12' title="bbox 476 865 2058 948; baseline -0.01 -13"><span class='ocrx_word' id='word_1_70' title='bbox 476 897 551 935; x_wconf 86' lang='lat' dir='ltr'><strong>Ira</strong></span> <span class='ocrx_word' id='word_1_71' title='bbox 579 881 860 948; x_wconf 83' lang='lat' dir='ltr'><strong>instigatus</strong></span> <span class='ocrx_word' id='word_1_72' title='bbox 891 875 1219 946; x_wconf 87' lang='lat' dir='ltr'><strong>Theophilus</strong></span> <span class='ocrx_word' id='word_1_73' title='bbox 1243 915 1258 938; x_wconf 97' lang='lat'><strong>,</strong></span> <span class='ocrx_word' id='word_1_74' title='bbox 1287 873 1443 927; x_wconf 90' lang='lat' dir='ltr'><strong>saluti</strong></span> <span class='ocrx_word' id='word_1_75' title='bbox 1485 887 1595 926; x_wconf 60' lang='lat' dir='ltr'><strong>suae</strong></span> <span class='ocrx_word' id='word_1_76' title='bbox 1640 867 1859 924; x_wconf 87' lang='lat' dir='ltr'><strong>insidias</strong></span> <span class='ocrx_word' id='word_1_77' title='bbox 1889 865 2058 921; x_wconf 89' lang='lat' dir='ltr'><strong>medi—</strong></span> 
     </span>
    </p>
   </div>
   <div class='ocr_carea' id='block_1_13' title="bbox 475 960 2061 1042">
    <p class='ocr_par' dir='ltr' id='par_1_13' title="bbox 475 960 2061 1042">
     <span class='ocr_line' id='line_1_13' title="bbox 475 960 2061 1042; baseline -0.011 -14"><span class='ocrx_word' id='word_1_78' title='bbox 475 983 674 1028; x_wconf 89' lang='lat' dir='ltr'><strong>taretur</strong></span> <span class='ocrx_word' id='word_1_79' title='bbox 700 973 858 1042; x_wconf 91' lang='lat' dir='ltr'><strong>(nam</strong></span> <span class='ocrx_word' id='word_1_80' title='bbox 887 969 952 1023; x_wconf 90' lang='lat' dir='ltr'><strong>ad</strong></span> <span class='ocrx_word' id='word_1_81' title='bbox 979 969 1094 1021; x_wconf 71' lang='lat' dir='ltr'><strong>hzce</strong></span> <span class='ocrx_word' id='word_1_82' title='bbox 1122 981 1287 1036; x_wconf 89' lang='lat' dir='ltr'><strong>usque</strong></span> <span class='ocrx_word' id='word_1_83' title='bbox 1312 965 1472 1020; x_wconf 91' lang='lat' dir='ltr'><strong>etiam</strong></span> <span class='ocrx_word' id='word_1_84' title='bbox 1512 961 1757 1033; x_wconf 82' lang='lat' dir='ltr'><strong>progredi</strong></span> <span class='ocrx_word' id='word_1_85' title='bbox 1802 960 1972 1026; x_wconf 89' lang='lat' dir='ltr'><strong>solet,</strong></span> <span class='ocrx_word' id='word_1_86' title='bbox 2002 965 2061 1011; x_wconf 90' lang='lat' dir='ltr'><strong>ut</strong></span> 
     </span>
    </p>
   </div>
   <div class='ocr_carea' id='block_1_14' title="bbox 476 1052 2058 1132">
    <p class='ocr_par' dir='ltr' id='par_1_14' title="bbox 476 1052 2058 1132">
     <span class='ocr_line' id='line_1_14' title="bbox 476 1052 2058 1132; baseline -0.009 -14"><span class='ocrx_word' id='word_1_87' title='bbox 476 1063 668 1132; x_wconf 89' lang='lat' dir='ltr'><strong>aiunt),</strong></span> <span class='ocrx_word' id='word_1_88' title='bbox 697 1076 856 1116; x_wconf 90' lang='lat' dir='ltr'><strong>cursu</strong></span> <span class='ocrx_word' id='word_1_89' title='bbox 901 1061 1031 1130; x_wconf 91' lang='lat' dir='ltr'><strong>petit</strong></span> <span class='ocrx_word' id='word_1_90' title='bbox 1077 1067 1312 1113; x_wconf 83' lang='lat' dir='ltr'><strong>montem</strong></span> <span class='ocrx_word' id='word_1_91' title='bbox 1344 1056 1528 1111; x_wconf 78' lang='lat' dir='ltr'><strong>Nitria:</strong></span> <span class='ocrx_word' id='word_1_92' title='bbox 1574 1055 1640 1109; x_wconf 89' lang='lat' dir='ltr'><strong>ad</strong></span> <span class='ocrx_word' id='word_1_93' title='bbox 1675 1052 2058 1109; x_wconf 86' lang='lat' dir='ltr'><strong>monachorum</strong></span> 
     </span>
    </p>
   </div>
   <div class='ocr_carea' id='block_1_15' title="bbox 479 1142 2062 1220">
    <p class='ocr_par' dir='ltr' id='par_1_15' title="bbox 479 1142 2062 1220">
     <span class='ocr_line' id='line_1_15' title="bbox 479 1142 2062 1220; baseline -0.009 -9"><span class='ocrx_word' id='word_1_94' title='bbox 479 1157 720 1211; x_wconf 87' lang='lat' dir='ltr'><strong>ordinem</strong></span> <span class='ocrx_word' id='word_1_95' title='bbox 749 1197 764 1220; x_wconf 95' lang='lat'><strong>,</strong></span> <span class='ocrx_word' id='word_1_96' title='bbox 797 1153 886 1208; x_wconf 89' lang='lat' dir='ltr'><strong>ubi</strong></span> <span class='ocrx_word' id='word_1_97' title='bbox 927 1159 1286 1207; x_wconf 84' lang='lat' dir='ltr'><strong>commoratus</strong></span> <span class='ocrx_word' id='word_1_98' title='bbox 1329 1149 1502 1203; x_wconf 82' lang='lat' dir='ltr'><strong>fuerat</strong></span> <span class='ocrx_word' id='word_1_99' title='bbox 1542 1146 1969 1201; x_wconf 80' lang='lat' dir='ltr'><strong>adolescenszet</strong></span> <span class='ocrx_word' id='word_1_100' title='bbox 2009 1142 2062 1196; x_wconf 93' lang='lat' dir='ltr'><strong>in</strong></span> 
     </span>
    </p>
   </div>
   <div class='ocr_carea' id='block_1_16' title="bbox 479 1232 2063 1311">
    <p class='ocr_par' dir='ltr' id='par_1_16' title="bbox 479 1232 2063 1311">
     <span class='ocr_line' id='line_1_16' title="bbox 479 1232 2063 1311; baseline -0.011 -10"><span class='ocrx_word' id='word_1_101' title='bbox 479 1248 608 1302; x_wconf 84' lang='lat' dir='ltr'><strong>cella</strong></span> <span class='ocrx_word' id='word_1_102' title='bbox 637 1261 734 1302; x_wconf 87' lang='lat' dir='ltr'><strong>sua</strong></span> <span class='ocrx_word' id='word_1_103' title='bbox 761 1245 953 1299; x_wconf 90' lang='lat' dir='ltr'><strong>sedens</strong></span> <span class='ocrx_word' id='word_1_104' title='bbox 979 1285 993 1306; x_wconf 94' lang='lat'><strong>,</strong></span> <span class='ocrx_word' id='word_1_105' title='bbox 1023 1242 1370 1311; x_wconf 85' lang='lat' dir='ltr'><strong>precabatur,</strong></span> <span class='ocrx_word' id='word_1_106' title='bbox 1401 1237 1847 1303; x_wconf 81' lang='lat' dir='ltr'><strong>patientissimum</strong></span> <span class='ocrx_word' id='word_1_107' title='bbox 1892 1232 2063 1288; x_wconf 71' lang='lat' dir='ltr'><strong>Deum</strong></span> 
     </span>
    </p>
   </div>
   <div class='ocr_carea' id='block_1_17' title="bbox 484 1326 2066 1410">
    <p class='ocr_par' dir='ltr' id='par_1_17' title="bbox 484 1326 2066 1410">
     <span class='ocr_line' id='line_1_17' title="bbox 484 1326 2066 1410; baseline -0.011 -16"><span class='ocrx_word' id='word_1_108' title='bbox 484 1340 848 1410; x_wconf 85' lang='lat' dir='ltr'><strong>interpellans.</strong></span> <span class='ocrx_word' id='word_1_109' title='bbox 879 1337 1050 1406; x_wconf 87' lang='lat' dir='ltr'><strong>Super</strong></span> <span class='ocrx_word' id='word_1_110' title='bbox 1081 1335 1161 1388; x_wconf 90' lang='lat' dir='ltr'><strong>his</strong></span> <span class='ocrx_word' id='word_1_111' title='bbox 1193 1334 1455 1388; x_wconf 81' lang='lat' dir='ltr'><strong>indecora:</strong></span> <span class='ocrx_word' id='word_1_112' title='bbox 1480 1340 1533 1386; x_wconf 91' lang='lat' dir='ltr'><strong>et</strong></span> <span class='ocrx_word' id='word_1_113' title='bbox 1578 1331 1792 1384; x_wconf 71' lang='lat' dir='ltr'><strong>incerta:</strong></span> <span class='ocrx_word' id='word_1_114' title='bbox 1828 1326 2066 1383; x_wconf 74' lang='lat' dir='ltr'><strong>victoriae</strong></span> 
     </span>
    </p>
   </div>
   <div class='ocr_carea' id='block_1_18' title="bbox 487 1418 2064 1496">
    <p class='ocr_par' dir='ltr' id='par_1_18' title="bbox 487 1418 2064 1496">
     <span class='ocr_line' id='line_1_18' title="bbox 487 1418 2064 1496; baseline -0.011 -8"><span class='ocrx_word' id='word_1_115' title='bbox 487 1433 588 1488; x_wconf 86' lang='lat' dir='ltr'><strong>sibi</strong></span> <span class='ocrx_word' id='word_1_116' title='bbox 641 1430 886 1484; x_wconf 89' lang='lat' dir='ltr'><strong>conscius</strong></span> <span class='ocrx_word' id='word_1_117' title='bbox 929 1427 1297 1496; x_wconf 86' lang='lat' dir='ltr'><strong>Theophilus,</strong></span> <span class='ocrx_word' id='word_1_118' title='bbox 1355 1423 1519 1478; x_wconf 91' lang='lat' dir='ltr'><strong>mittit</strong></span> <span class='ocrx_word' id='word_1_119' title='bbox 1581 1422 1762 1475; x_wconf 89' lang='lat' dir='ltr'><strong>literas</strong></span> <span class='ocrx_word' id='word_1_120' title='bbox 1817 1419 1883 1473; x_wconf 90' lang='lat' dir='ltr'><strong>ad</strong></span> <span class='ocrx_word' id='word_1_121' title='bbox 1933 1418 2064 1471; x_wconf 85' lang='lat' dir='ltr'><strong>vici-</strong></span> 
     </span>
    </p>
   </div>
   <div class='ocr_carea' id='block_1_19' title="bbox 487 1509 2069 1594">
    <p class='ocr_par' dir='ltr' id='par_1_19' title="bbox 487 1509 2069 1594">
     <span class='ocr_line' id='line_1_19' title="bbox 487 1509 2069 1594; baseline -0.011 -14"><span class='ocrx_word' id='word_1_122' title='bbox 487 1541 585 1580; x_wconf 88' lang='lat' dir='ltr'><strong>nos</strong></span> <span class='ocrx_word' id='word_1_123' title='bbox 645 1525 956 1594; x_wconf 89' lang='lat' dir='ltr'><strong>episcopos,</strong></span> <span class='ocrx_word' id='word_1_124' title='bbox 1007 1528 1062 1573; x_wconf 90' lang='lat' dir='ltr'><strong>et</strong></span> <span class='ocrx_word' id='word_1_125' title='bbox 1112 1518 1264 1588; x_wconf 87' lang='lat' dir='ltr'><strong>jubet</strong></span> <span class='ocrx_word' id='word_1_126' title='bbox 1324 1513 1586 1586; x_wconf 90' lang='lat' dir='ltr'><strong>quosdam</strong></span> <span class='ocrx_word' id='word_1_127' title='bbox 1637 1528 1668 1567; x_wconf 92' lang='lat' dir='ltr'><strong>e</strong></span> <span class='ocrx_word' id='word_1_128' title='bbox 1720 1509 1986 1580; x_wconf 90' lang='lat' dir='ltr'><strong>primariis</strong></span> <span class='ocrx_word' id='word_1_129' title='bbox 2037 1523 2069 1562; x_wconf 88' lang='lat' dir='ltr'><strong>a</strong></span> 
     </span>
    </p>
   </div>
   <div class='ocr_carea' id='block_1_20' title="bbox 489 1600 2073 1676">
    <p class='ocr_par' dir='ltr' id='par_1_20' title="bbox 489 1600 2073 1676">
     <span class='ocr_line' id='line_1_20' title="bbox 489 1600 2073 1676; baseline -0.01 -7"><span class='ocrx_word' id='word_1_130' title='bbox 489 1623 668 1669; x_wconf 90' lang='lat' dir='ltr'><strong>monte</strong></span> <span class='ocrx_word' id='word_1_131' title='bbox 705 1621 759 1667; x_wconf 90' lang='lat' dir='ltr'><strong>et</strong></span> <span class='ocrx_word' id='word_1_132' title='bbox 799 1613 868 1666; x_wconf 90' lang='lat' dir='ltr'><strong>ab</strong></span> <span class='ocrx_word' id='word_1_133' title='bbox 897 1610 1134 1666; x_wconf 89' lang='lat' dir='ltr'><strong>interiori</strong></span> <span class='ocrx_word' id='word_1_134' title='bbox 1175 1622 1358 1663; x_wconf 90' lang='lat' dir='ltr'><strong>eremo</strong></span> <span class='ocrx_word' id='word_1_135' title='bbox 1387 1604 1608 1676; x_wconf 76' lang='lat' dir='ltr'><strong>expelli,</strong></span> <span class='ocrx_word' id='word_1_136' title='bbox 1641 1617 1841 1672; x_wconf 88' lang='lat' dir='ltr'><strong>eosque</strong></span> <span class='ocrx_word' id='word_1_137' title='bbox 1885 1600 2073 1670; x_wconf 70' lang='lat' dir='ltr'><strong>prmci-</strong></span> 
     </span>
    </p>
   </div>
   <div class='ocr_carea' id='block_1_21' title="bbox 497 1692 2072 1775">
    <p class='ocr_par' dir='ltr' id='par_1_21' title="bbox 497 1692 2072 1775">
     <span class='ocr_line' id='line_1_21' title="bbox 497 1692 2072 1775; baseline -0.01 -14"><span class='ocrx_word' id='word_1_138' title='bbox 497 1720 630 1775; x_wconf 91' lang='lat' dir='ltr'><strong>puos</strong></span> <span class='ocrx_word' id='word_1_139' title='bbox 676 1704 996 1766; x_wconf 86' lang='lat' dir='ltr'><strong>monachos,</strong></span> <span class='ocrx_word' id='word_1_140' title='bbox 1025 1700 1241 1754; x_wconf 91' lang='lat' dir='ltr'><strong>minime</strong></span> <span class='ocrx_word' id='word_1_141' title='bbox 1279 1696 1458 1752; x_wconf 90' lang='lat' dir='ltr'><strong>addita</strong></span> <span class='ocrx_word' id='word_1_142' title='bbox 1485 1694 1782 1760; x_wconf 78' lang='lat' dir='ltr'><strong>causa.Qui</strong></span> <span class='ocrx_word' id='word_1_143' title='bbox 1826 1692 2072 1747; x_wconf 87' lang='lat' dir='ltr'><strong>monachi</strong></span> 
     </span>
    </p>
   </div>
   <div class='ocr_carea' id='block_1_22' title="bbox 492 1785 2069 1851">
    <p class='ocr_par' dir='ltr' id='par_1_22' title="bbox 492 1785 2069 1851">
     <span class='ocr_line' id='line_1_22' title="bbox 492 1785 2069 1851; baseline -0.01 0"><span class='ocrx_word' id='word_1_144' title='bbox 492 1812 612 1851; x_wconf 92' lang='lat' dir='ltr'><strong>cum</strong></span> <span class='ocrx_word' id='word_1_145' title='bbox 662 1795 962 1849; x_wconf 87' lang='lat' dir='ltr'><strong>senioribus</strong></span> <span class='ocrx_word' id='word_1_146' title='bbox 1017 1789 1392 1846; x_wconf 85' lang='lat' dir='ltr'><strong>Alexandriam</strong></span> <span class='ocrx_word' id='word_1_147' title='bbox 1449 1803 1569 1842; x_wconf 90' lang='lat' dir='ltr'><strong>cum</strong></span> <span class='ocrx_word' id='word_1_148' title='bbox 1629 1785 2069 1848; x_wconf 91' lang='lat' dir='ltr'><strong>descendissent,</strong></span> 
     </span>
    </p>
   </div>
   <div class='ocr_carea' id='block_1_23' title="bbox 492 1877 2075 1956">
    <p class='ocr_par' dir='ltr' id='par_1_23' title="bbox 492 1877 2075 1956">
     <span class='ocr_line' id='line_1_23' title="bbox 492 1877 2075 1956; baseline -0.008 -13"><span class='ocrx_word' id='word_1_149' title='bbox 492 1889 719 1944; x_wconf 87' lang='lat' dir='ltr'><strong>orabant</strong></span> <span class='ocrx_word' id='word_1_150' title='bbox 755 1885 1108 1956; x_wconf 86' lang='lat' dir='ltr'><strong>Theophilum</strong></span> <span class='ocrx_word' id='word_1_151' title='bbox 1133 1925 1149 1949; x_wconf 92' lang='lat'><strong>,</strong></span> <span class='ocrx_word' id='word_1_152' title='bbox 1195 1896 1411 1936; x_wconf 79' lang='lat' dir='ltr'><strong>causam</strong></span> <span class='ocrx_word' id='word_1_153' title='bbox 1448 1887 1507 1934; x_wconf 91' lang='lat' dir='ltr'><strong>ut</strong></span> <span class='ocrx_word' id='word_1_154' title='bbox 1540 1879 1778 1942; x_wconf 87' lang='lat' dir='ltr'><strong>diceret,</strong></span> <span class='ocrx_word' id='word_1_155' title='bbox 1809 1877 1879 1932; x_wconf 91' lang='lat' dir='ltr'><strong>ob</strong></span> <span class='ocrx_word' id='word_1_156' title='bbox 1917 1892 2075 1945; x_wconf 86' lang='lat' dir='ltr'><strong>quam</strong></span> 
     </span>
    </p>
   </div>
   <div class='ocr_carea' id='block_1_24' title="bbox 493 1968 2078 2048">
    <p class='ocr_par' dir='ltr' id='par_1_24' title="bbox 493 1968 2078 2048">
     <span class='ocr_line' id='line_1_24' title="bbox 493 1968 2078 2048; baseline -0.007 -14"><span class='ocrx_word' id='word_1_157' title='bbox 493 1980 832 2036; x_wconf 89' lang='lat' dir='ltr'><strong>condemnati</strong></span> <span class='ocrx_word' id='word_1_158' title='bbox 877 1979 1138 2048; x_wconf 89' lang='lat' dir='ltr'><strong>ejectiqne</strong></span> <span class='ocrx_word' id='word_1_159' title='bbox 1180 1985 1381 2032; x_wconf 88' lang='lat' dir='ltr'><strong>essent.</strong></span> <span class='ocrx_word' id='word_1_160' title='bbox 1423 1973 1515 2028; x_wconf 95' lang='lat' dir='ltr'><strong>Ille</strong></span> <span class='ocrx_word' id='word_1_161' title='bbox 1561 1980 1740 2026; x_wconf 89' lang='lat' dir='ltr'><strong>autem</strong></span> <span class='ocrx_word' id='word_1_162' title='bbox 1789 1968 2078 2038; x_wconf 77' lang='lat' dir='ltr'><strong>sanguino-</strong></span> 
     </span>
    </p>
   </div>
   <div class='ocr_carea' id='block_1_25' title="bbox 493 2063 2077 2129">
    <p class='ocr_par' dir='ltr' id='par_1_25' title="bbox 493 2063 2077 2129">
     <span class='ocr_line' id='line_1_25' title="bbox 493 2063 2077 2129; baseline -0.01 0"><span class='ocrx_word' id='word_1_163' title='bbox 493 2075 656 2129; x_wconf 85' lang='lat' dir='ltr'><strong>lentis</strong></span> <span class='ocrx_word' id='word_1_164' title='bbox 702 2073 872 2128; x_wconf 93' lang='lat' dir='ltr'><strong>oculis</strong></span> <span class='ocrx_word' id='word_1_165' title='bbox 919 2071 1209 2126; x_wconf 89' lang='lat' dir='ltr'><strong>draconum</strong></span> <span class='ocrx_word' id='word_1_166' title='bbox 1260 2069 1433 2123; x_wconf 89' lang='lat' dir='ltr'><strong>instar</strong></span> <span class='ocrx_word' id='word_1_167' title='bbox 1483 2063 1804 2128; x_wconf 88' lang='lat' dir='ltr'><strong>intendens,</strong></span> <span class='ocrx_word' id='word_1_168' title='bbox 1862 2071 2077 2116; x_wconf 90' lang='lat' dir='ltr'><strong>torvum</strong></span> 
     </span>
    </p>
   </div>
   <div class='ocr_carea' id='block_1_26' title="bbox 498 2151 2081 2228">
    <p class='ocr_par' dir='ltr' id='par_1_26' title="bbox 498 2151 2081 2228">
     <span class='ocr_line' id='line_1_26' title="bbox 498 2151 2081 2228; baseline -0.009 -9"><span class='ocrx_word' id='word_1_169' title='bbox 498 2166 708 2220; x_wconf 60' lang='lat' dir='ltr'><strong>taurino</strong></span> <span class='ocrx_word' id='word_1_170' title='bbox 735 2179 883 2218; x_wconf 92' lang='lat' dir='ltr'><strong>more</strong></span> <span class='ocrx_word' id='word_1_171' title='bbox 904 2161 1239 2226; x_wconf 86' lang='lat' dir='ltr'><strong>intuebatur;</strong></span> <span class='ocrx_word' id='word_1_172' title='bbox 1265 2158 1424 2214; x_wconf 92' lang='lat' dir='ltr'><strong>modo</strong></span> <span class='ocrx_word' id='word_1_173' title='bbox 1450 2157 1661 2228; x_wconf 89' lang='lat' dir='ltr'><strong>quidem</strong></span> <span class='ocrx_word' id='word_1_174' title='bbox 1689 2154 1901 2220; x_wconf 88' lang='lat' dir='ltr'><strong>lividus,</strong></span> <span class='ocrx_word' id='word_1_175' title='bbox 1922 2151 2081 2206; x_wconf 86' lang='lat' dir='ltr'><strong>modo</strong></span> 
     </span>
    </p>
   </div>
   <div class='ocr_carea' id='block_1_27' title="bbox 501 2245 2081 2327">
    <p class='ocr_par' dir='ltr' id='par_1_27' title="bbox 501 2245 2081 2327">
     <span class='ocr_line' id='line_1_27' title="bbox 501 2245 2081 2327; baseline -0.011 -14"><span class='ocrx_word' id='word_1_176' title='bbox 501 2257 726 2327; x_wconf 83' lang='lat' dir='ltr'><strong>pallidus</strong></span> <span class='ocrx_word' id='word_1_177' title='bbox 749 2299 764 2323; x_wconf 97' lang='lat'><strong>,</strong></span> <span class='ocrx_word' id='word_1_178' title='bbox 793 2255 950 2311; x_wconf 88' lang='lat' dir='ltr'><strong>modo</strong></span> <span class='ocrx_word' id='word_1_179' title='bbox 977 2264 1150 2308; x_wconf 89' lang='lat' dir='ltr'><strong>autem</strong></span> <span class='ocrx_word' id='word_1_180' title='bbox 1177 2267 1359 2308; x_wconf 90' lang='lat' dir='ltr'><strong>amare</strong></span> <span class='ocrx_word' id='word_1_181' title='bbox 1384 2251 1688 2314; x_wconf 89' lang='lat' dir='ltr'><strong>subridens,</strong></span> <span class='ocrx_word' id='word_1_182' title='bbox 1711 2247 1778 2303; x_wconf 91' lang='lat' dir='ltr'><strong>ab</strong></span> <span class='ocrx_word' id='word_1_183' title='bbox 1800 2245 2081 2301; x_wconf 91' lang='lat' dir='ltr'><strong>immodica</strong></span> 
     </span>
    </p>
   </div>
   <div class='ocr_carea' id='block_1_28' title="bbox 500 2335 2084 2417">
    <p class='ocr_par' dir='ltr' id='par_1_28' title="bbox 500 2335 2084 2417">
     <span class='ocr_line' id='line_1_28' title="bbox 500 2335 2084 2417; baseline -0.008 -15"><span class='ocrx_word' id='word_1_184' title='bbox 500 2351 575 2402; x_wconf 87' lang='lat' dir='ltr'><strong>ira</strong></span> <span class='ocrx_word' id='word_1_185' title='bbox 623 2348 906 2417; x_wconf 87' lang='lat' dir='ltr'><strong>abreptus,</strong></span> <span class='ocrx_word' id='word_1_186' title='bbox 955 2345 1275 2410; x_wconf 81' lang='lat' dir='ltr'><strong>Ammonio,</strong></span> <span class='ocrx_word' id='word_1_187' title='bbox 1304 2343 1421 2398; x_wconf 77' lang='lat' dir='ltr'><strong>viro</strong></span> <span class='ocrx_word' id='word_1_188' title='bbox 1460 2339 1786 2412; x_wconf 77' lang='lat' dir='ltr'><strong>grandtevo,</strong></span> <span class='ocrx_word' id='word_1_189' title='bbox 1824 2335 2084 2407; x_wconf 85' lang='lat' dir='ltr'><strong>omopho-</strong></span> 
     </span>
    </p>
   </div>
   <div class='ocr_carea' id='block_1_29' title="bbox 497 2429 2085 2508">
    <p class='ocr_par' dir='ltr' id='par_1_29' title="bbox 497 2429 2085 2508">
     <span class='ocr_line' id='line_1_29' title="bbox 497 2429 2085 2508; baseline -0.006 -14"><span class='ocrx_word' id='word_1_190' title='bbox 497 2443 638 2494; x_wconf 86' lang='lat' dir='ltr'><strong>rium</strong></span> <span class='ocrx_word' id='word_1_191' title='bbox 670 2439 914 2494; x_wconf 88' lang='lat' dir='ltr'><strong>manibus</strong></span> <span class='ocrx_word' id='word_1_192' title='bbox 940 2438 1052 2508; x_wconf 92' lang='lat' dir='ltr'><strong>ipse</strong></span> <span class='ocrx_word' id='word_1_193' title='bbox 1078 2441 1191 2492; x_wconf 90' lang='lat' dir='ltr'><strong>suis</strong></span> <span class='ocrx_word' id='word_1_194' title='bbox 1219 2436 1388 2506; x_wconf 87' lang='lat' dir='ltr'><strong>injicit</strong></span> <span class='ocrx_word' id='word_1_195' title='bbox 1417 2435 1468 2489; x_wconf 90' lang='lat' dir='ltr'><strong>in</strong></span> <span class='ocrx_word' id='word_1_196' title='bbox 1497 2434 1693 2489; x_wconf 89' lang='lat' dir='ltr'><strong>collum</strong></span> <span class='ocrx_word' id='word_1_197' title='bbox 1719 2473 1734 2499; x_wconf 96' lang='lat'><strong>,</strong></span> <span class='ocrx_word' id='word_1_198' title='bbox 1765 2446 1887 2487; x_wconf 92' lang='lat' dir='ltr'><strong>cum</strong></span> <span class='ocrx_word' id='word_1_199' title='bbox 1931 2429 2085 2484; x_wconf 91' lang='lat' dir='ltr'><strong>malis</strong></span> 
     </span>
    </p>
   </div>
   <div class='ocr_carea' id='block_1_30' title="bbox 502 2524 2086 2600">
    <p class='ocr_par' dir='ltr' id='par_1_30' title="bbox 502 2524 2086 2600">
     <span class='ocr_line' id='line_1_30' title="bbox 502 2524 2086 2600; baseline -0.006 -16"><span class='ocrx_word' id='word_1_200' title='bbox 502 2531 620 2600; x_wconf 81' lang='lat' dir='ltr'><strong>ejus</strong></span> <span class='ocrx_word' id='word_1_201' title='bbox 647 2531 824 2599; x_wconf 79' lang='lat' dir='ltr'><strong>plagas</strong></span> <span class='ocrx_word' id='word_1_202' title='bbox 848 2527 1160 2595; x_wconf 76' lang='lat' dir='ltr'><strong>inﬂexisset,</strong></span> <span class='ocrx_word' id='word_1_203' title='bbox 1181 2537 1242 2583; x_wconf 89' lang='lat' dir='ltr'><strong>et</strong></span> <span class='ocrx_word' id='word_1_204' title='bbox 1267 2527 1458 2597; x_wconf 81' lang='lat' dir='ltr'><strong>pugnis</strong></span> <span class='ocrx_word' id='word_1_205' title='bbox 1487 2539 1643 2579; x_wconf 91' lang='lat' dir='ltr'><strong>nares</strong></span> <span class='ocrx_word' id='word_1_206' title='bbox 1667 2524 1783 2593; x_wconf 87' lang='lat' dir='ltr'><strong>ejus</strong></span> <span class='ocrx_word' id='word_1_207' title='bbox 1809 2530 2086 2577; x_wconf 85' lang='lat' dir='ltr'><strong>cruentas-</strong></span> 
     </span>
    </p>
   </div>
   <div class='ocr_carea' id='block_1_31' title="bbox 507 2613 2084 2688">
    <p class='ocr_par' dir='ltr' id='par_1_31' title="bbox 507 2613 2084 2688">
     <span class='ocr_line' id='line_1_31' title="bbox 507 2613 2084 2688; baseline -0.008 -10"><span class='ocrx_word' id='word_1_208' title='bbox 507 2632 628 2688; x_wconf 89' lang='lat' dir='ltr'><strong>set,</strong></span> <span class='ocrx_word' id='word_1_209' title='bbox 659 2623 954 2676; x_wconf 88' lang='lat' dir='ltr'><strong>inclamans</strong></span> <span class='ocrx_word' id='word_1_210' title='bbox 983 2620 1066 2674; x_wconf 90' lang='lat' dir='ltr'><strong>his</strong></span> <span class='ocrx_word' id='word_1_211' title='bbox 1086 2619 1306 2674; x_wconf 83' lang='lat' dir='ltr'><strong>vocibus</strong></span> <span class='ocrx_word' id='word_1_212' title='bbox 1331 2637 1344 2673; x_wconf 89' lang='lat'><strong>:</strong></span> <span class='ocrx_word' id='word_1_213' title='bbox 1373 2618 1667 2683; x_wconf 66' lang='lat' dir='ltr'><strong>llaeretice,</strong></span> <span class='ocrx_word' id='word_1_214' title='bbox 1696 2613 2084 2669; x_wconf 88' lang='lat' dir='ltr'><strong>anathematiza</strong></span> 
     </span>
    </p>
   </div>
   <div class='ocr_carea' id='block_1_32' title="bbox 503 2705 2090 2782">
    <p class='ocr_par' dir='ltr' id='par_1_32' title="bbox 503 2705 2090 2782">
     <span class='ocr_line' id='line_1_32' title="bbox 503 2705 2090 2782; baseline -0.004 -14"><span class='ocrx_word' id='word_1_215' title='bbox 503 2713 787 2782; x_wconf 86' lang='lat' dir='ltr'><strong>Origeuem</strong></span> <span class='ocrx_word' id='word_1_216' title='bbox 816 2729 830 2765; x_wconf 89' lang='lat'><strong>:</strong></span> <span class='ocrx_word' id='word_1_217' title='bbox 859 2727 982 2766; x_wconf 90' lang='lat' dir='ltr'><strong>eum</strong></span> <span class='ocrx_word' id='word_1_218' title='bbox 1026 2710 1157 2765; x_wconf 90' lang='lat' dir='ltr'><strong>nihil</strong></span> <span class='ocrx_word' id='word_1_219' title='bbox 1199 2720 1340 2765; x_wconf 87' lang='lat' dir='ltr'><strong>esset</strong></span> <span class='ocrx_word' id='word_1_220' title='bbox 1380 2709 1710 2779; x_wconf 89' lang='lat' dir='ltr'><strong>propositum</strong></span> <span class='ocrx_word' id='word_1_221' title='bbox 1747 2707 1815 2762; x_wconf 90' lang='lat' dir='ltr'><strong>de</strong></span> <span class='ocrx_word' id='word_1_222' title='bbox 1860 2705 2090 2776; x_wconf 80' lang='lat' dir='ltr'><strong>Origene</strong></span> 
     </span>
    </p>
   </div>
   <div class='ocr_carea' id='block_1_33' title="bbox 506 2800 2086 2872">
    <p class='ocr_par' dir='ltr' id='par_1_33' title="bbox 506 2800 2086 2872">
     <span class='ocr_line' id='line_1_33' title="bbox 506 2800 2086 2872; baseline -0.003 -16"><span class='ocrx_word' id='word_1_223' title='bbox 506 2813 700 2871; x_wconf 74' lang='lat' dir='ltr'><strong>prmter</strong></span> <span class='ocrx_word' id='word_1_224' title='bbox 720 2803 1127 2872; x_wconf 89' lang='lat' dir='ltr'><strong>postulationem</strong></span> <span class='ocrx_word' id='word_1_225' title='bbox 1152 2801 1334 2856; x_wconf 92' lang='lat' dir='ltr'><strong>Isidori</strong></span> <span class='ocrx_word' id='word_1_226' title='bbox 1357 2816 1536 2856; x_wconf 89' lang='lat' dir='ltr'><strong>causa.</strong></span> <span class='ocrx_word' id='word_1_227' title='bbox 1558 2800 1704 2856; x_wconf 88' lang='lat' dir='ltr'><strong>Talis</strong></span> <span class='ocrx_word' id='word_1_228' title='bbox 1723 2800 1865 2855; x_wconf 92' lang='lat' dir='ltr'><strong>enim</strong></span> <span class='ocrx_word' id='word_1_229' title='bbox 1887 2800 1964 2853; x_wconf 92' lang='lat' dir='ltr'><strong>ira</strong></span> <span class='ocrx_word' id='word_1_230' title='bbox 1984 2807 2086 2861; x_wconf 91' lang='lat' dir='ltr'><strong>est,</strong></span> 
     </span>
    </p>
   </div>
   <div class='ocr_carea' id='block_1_34' title="bbox 507 2890 2091 2962">
    <p class='ocr_par' dir='ltr' id='par_1_34' title="bbox 507 2890 2091 2962">
     <span class='ocr_line' id='line_1_34' title="bbox 507 2890 2091 2962; baseline -0.003 -14"><span class='ocrx_word' id='word_1_231' title='bbox 507 2897 666 2950; x_wconf 88' lang='lat' dir='ltr'><strong>veluti</strong></span> <span class='ocrx_word' id='word_1_232' title='bbox 696 2908 890 2961; x_wconf 90' lang='lat' dir='ltr'><strong>canes,</strong></span> <span class='ocrx_word' id='word_1_233' title='bbox 917 2908 1058 2949; x_wconf 66' lang='lat' dir='ltr'><strong>etne:</strong></span> <span class='ocrx_word' id='word_1_234' title='bbox 1095 2903 1150 2948; x_wconf 92' lang='lat' dir='ltr'><strong>et</strong></span> <span class='ocrx_word' id='word_1_235' title='bbox 1178 2892 1318 2948; x_wconf 88' lang='lat' dir='ltr'><strong>dicta</strong></span> <span class='ocrx_word' id='word_1_236' title='bbox 1355 2901 1410 2947; x_wconf 89' lang='lat' dir='ltr'><strong>et</strong></span> <span class='ocrx_word' id='word_1_237' title='bbox 1455 2892 1592 2946; x_wconf 90' lang='lat' dir='ltr'><strong>facta</strong></span> <span class='ocrx_word' id='word_1_238' title='bbox 1621 2891 1782 2962; x_wconf 91' lang='lat' dir='ltr'><strong>parit.</strong></span> <span class='ocrx_word' id='word_1_239' title='bbox 1814 2890 1976 2962; x_wconf 86' lang='lat' dir='ltr'><strong>Igitur</strong></span> <span class='ocrx_word' id='word_1_240' title='bbox 2013 2890 2091 2944; x_wconf 91' lang='lat' dir='ltr'><strong>sic</strong></span> 
     </span>
    </p>
   </div>
   <div class='ocr_carea' id='block_1_35' title="bbox 509 2987 2086 3058">
    <p class='ocr_par' dir='ltr' id='par_1_35' title="bbox 509 2987 2086 3058">
     <span class='ocr_line' id='line_1_35' title="bbox 509 2987 2086 3058; baseline -0.003 -16"><span class='ocrx_word' id='word_1_241' title='bbox 509 2989 768 3058; x_wconf 81' lang='lat' dir='ltr'><strong>sanguine</strong></span> <span class='ocrx_word' id='word_1_242' title='bbox 795 2987 1068 3058; x_wconf 85' lang='lat' dir='ltr'><strong>adspersi,</strong></span> <span class='ocrx_word' id='word_1_243' title='bbox 1100 2995 1156 3042; x_wconf 91' lang='lat' dir='ltr'><strong>et</strong></span> <span class='ocrx_word' id='word_1_244' title='bbox 1190 2987 1304 3042; x_wconf 90' lang='lat' dir='ltr'><strong>sine</strong></span> <span class='ocrx_word' id='word_1_245' title='bbox 1346 3001 1610 3056; x_wconf 84' lang='lat' dir='ltr'><strong>responso</strong></span> <span class='ocrx_word' id='word_1_246' title='bbox 1648 2987 1849 3041; x_wconf 87' lang='lat' dir='ltr'><strong>reversi</strong></span> <span class='ocrx_word' id='word_1_247' title='bbox 1893 2987 1961 3041; x_wconf 90' lang='lat' dir='ltr'><strong>ad</strong></span> <span class='ocrx_word' id='word_1_248' title='bbox 1994 2999 2086 3038; x_wconf 91' lang='lat' dir='ltr'><strong>sua</strong></span> 
     </span>
    </p>
   </div>
   <div class='ocr_carea' id='block_1_36' title="bbox 509 3078 2092 3148">
    <p class='ocr_par' dir='ltr' id='par_1_36' title="bbox 509 3078 2092 3148">
     <span class='ocr_line' id='line_1_36' title="bbox 509 3078 2092 3148; baseline -0.001 -16"><span class='ocrx_word' id='word_1_249' title='bbox 509 3080 828 3134; x_wconf 73' lang='lat' dir='ltr'><strong>monasteria</strong></span> <span class='ocrx_word' id='word_1_250' title='bbox 883 3079 1208 3148; x_wconf 91' lang='lat' dir='ltr'><strong>pr0positum</strong></span> <span class='ocrx_word' id='word_1_251' title='bbox 1262 3079 1384 3133; x_wconf 72' lang='lat' dir='ltr'><strong>vita:</strong></span> <span class='ocrx_word' id='word_1_252' title='bbox 1439 3078 1735 3133; x_wconf 89' lang='lat' dir='ltr'><strong>institutum</strong></span> <span class='ocrx_word' id='word_1_253' title='bbox 1802 3092 2092 3147; x_wconf 89' lang='lat' dir='ltr'><strong>perseque-</strong></span> 
     </span>
    </p>
   </div>
   <div class='ocr_carea' id='block_1_37' title="bbox 510 3169 2092 3240">
    <p class='ocr_par' dir='ltr' id='par_1_37' title="bbox 510 3169 2092 3240">
     <span class='ocr_line' id='line_1_37' title="bbox 510 3169 2092 3240; baseline -0.001 -16"><span class='ocrx_word' id='word_1_254' title='bbox 510 3171 721 3235; x_wconf 88' lang='lat' dir='ltr'><strong>bantur,</strong></span> <span class='ocrx_word' id='word_1_255' title='bbox 744 3170 1135 3239; x_wconf 89' lang='lat' dir='ltr'><strong>Scripturarum</strong></span> <span class='ocrx_word' id='word_1_256' title='bbox 1155 3170 1376 3224; x_wconf 86' lang='lat' dir='ltr'><strong>scientia</strong></span> <span class='ocrx_word' id='word_1_257' title='bbox 1409 3169 1678 3240; x_wconf 84' lang='lat' dir='ltr'><strong>ingenium</strong></span> <span class='ocrx_word' id='word_1_258' title='bbox 1700 3177 1972 3234; x_wconf 84' lang='lat' dir='ltr'><strong>acuentes,</strong></span> <span class='ocrx_word' id='word_1_259' title='bbox 1998 3185 2092 3237; x_wconf 90' lang='lat' dir='ltr'><strong>per</strong></span> 
     </span>
    </p>
   </div>
   <div class='ocr_carea' id='block_1_38' title="bbox 511 3261 2093 3330">
    <p class='ocr_par' dir='ltr' id='par_1_38' title="bbox 511 3261 2093 3330">
     <span class='ocr_line' id='line_1_38' title="bbox 511 3261 2093 3330; baseline 0 -15"><span class='ocrx_word' id='word_1_260' title='bbox 511 3275 646 3330; x_wconf 89' lang='lat' dir='ltr'><strong>quas</strong></span> <span class='ocrx_word' id='word_1_261' title='bbox 688 3261 830 3315; x_wconf 86' lang='lat' dir='ltr'><strong>salus</strong></span> <span class='ocrx_word' id='word_1_262' title='bbox 875 3261 1199 3330; x_wconf 91' lang='lat' dir='ltr'><strong>acquiritur,</strong></span> <span class='ocrx_word' id='word_1_263' title='bbox 1231 3261 1372 3316; x_wconf 91' lang='lat' dir='ltr'><strong>illius</strong></span> <span class='ocrx_word' id='word_1_264' title='bbox 1421 3261 1682 3316; x_wconf 87' lang='lat' dir='ltr'><strong>insaniam</strong></span> <span class='ocrx_word' id='word_1_265' title='bbox 1734 3276 1801 3316; x_wconf 92' lang='lat' dir='ltr'><strong>eo</strong></span> <span class='ocrx_word' id='word_1_266' title='bbox 1844 3270 2093 3315; x_wconf 90' lang='lat' dir='ltr'><strong>curantes</strong></span> 
     </span>
    </p>
   </div>
   <div class='ocr_carea' id='block_1_39' title="bbox 511 3353 1851 3425">
    <p class='ocr_par' dir='ltr' id='par_1_39' title="bbox 511 3353 1851 3425">
     <span class='ocr_line' id='line_1_39' title="bbox 511 3353 1851 3425; baseline 0 -17"><span class='ocrx_word' id='word_1_267' title='bbox 511 3356 717 3419; x_wconf 87' lang='lat' dir='ltr'><strong>minus,</strong></span> <span class='ocrx_word' id='word_1_268' title='bbox 749 3353 888 3425; x_wconf 92' lang='lat' dir='ltr'><strong>quod</strong></span> <span class='ocrx_word' id='word_1_269' title='bbox 919 3355 1114 3410; x_wconf 91' lang='lat' dir='ltr'><strong>nullius</strong></span> <span class='ocrx_word' id='word_1_270' title='bbox 1135 3355 1259 3410; x_wconf 90' lang='lat' dir='ltr'><strong>mali</strong></span> <span class='ocrx_word' id='word_1_271' title='bbox 1290 3355 1390 3410; x_wconf 90' lang='lat' dir='ltr'><strong>sibi</strong></span> <span class='ocrx_word' id='word_1_272' title='bbox 1417 3357 1620 3410; x_wconf 90' lang='lat' dir='ltr'><strong>conscii</strong></span> <span class='ocrx_word' id='word_1_273' title='bbox 1649 3364 1851 3410; x_wconf 88' lang='lat' dir='ltr'><strong>essent.</strong></span> 
     </span>
    </p>
   </div>
   <div class='ocr_carea' id='block_1_40' title="bbox 577 3444 2092 3516">
    <p class='ocr_par' dir='ltr' id='par_1_40' title="bbox 577 3444 2092 3516">
     <span class='ocr_line' id='line_1_40' title="bbox 577 3444 2092 3516; baseline -0.002 -16"><span class='ocrx_word' id='word_1_274' title='bbox 577 3445 708 3503; x_wconf 60' lang='lat' dir='ltr'><strong>Car.</strong></span> <span class='ocrx_word' id='word_1_275' title='bbox 738 3461 832 3500; x_wconf 86' lang='lat' dir='ltr'><strong>vn.</strong></span> <span class='ocrx_word' id='word_1_276' title='bbox 859 3475 934 3486; x_wconf 97' lang='lat'><strong>—</strong></span> <span class='ocrx_word' id='word_1_277' title='bbox 961 3445 1052 3501; x_wconf 89' lang='lat' dir='ltr'><strong>His</strong></span> <span class='ocrx_word' id='word_1_278' title='bbox 1075 3461 1180 3500; x_wconf 90' lang='lat' dir='ltr'><strong>non</strong></span> <span class='ocrx_word' id='word_1_279' title='bbox 1207 3446 1555 3516; x_wconf 82' lang='lat' dir='ltr'><strong>adquiescens</strong></span> <span class='ocrx_word' id='word_1_280' title='bbox 1584 3444 1932 3514; x_wconf 90' lang='lat' dir='ltr'><strong>Theophilus,</strong></span> <span class='ocrx_word' id='word_1_281' title='bbox 1965 3445 2092 3498; x_wconf 89' lang='lat' dir='ltr'><strong>mit-</strong></span> 
     </span>
    </p>
   </div>
   <div class='ocr_carea' id='block_1_41' title="bbox 511 3538 2096 3609">
    <p class='ocr_par' dir='ltr' id='par_1_41' title="bbox 511 3538 2096 3609">
     <span class='ocr_line' id='line_1_41' title="bbox 511 3538 2096 3609; baseline 0.002 -18"><span class='ocrx_word' id='word_1_282' title='bbox 511 3540 573 3592; x_wconf 89' lang='lat' dir='ltr'><strong>tit</strong></span> <span class='ocrx_word' id='word_1_283' title='bbox 599 3539 664 3593; x_wconf 89' lang='lat' dir='ltr'><strong>ad</strong></span> <span class='ocrx_word' id='word_1_284' title='bbox 695 3539 898 3592; x_wconf 89' lang='lat' dir='ltr'><strong>vicinos</strong></span> <span class='ocrx_word' id='word_1_285' title='bbox 925 3539 1206 3608; x_wconf 88' lang='lat' dir='ltr'><strong>episcopos</strong></span> <span class='ocrx_word' id='word_1_286' title='bbox 1224 3579 1237 3601; x_wconf 90' lang='lat'><strong>,</strong></span> <span class='ocrx_word' id='word_1_287' title='bbox 1267 3547 1320 3594; x_wconf 90' lang='lat' dir='ltr'><strong>et</strong></span> <span class='ocrx_word' id='word_1_288' title='bbox 1348 3539 1604 3593; x_wconf 89' lang='lat' dir='ltr'><strong>adversus</strong></span> <span class='ocrx_word' id='word_1_289' title='bbox 1631 3538 1924 3593; x_wconf 89' lang='lat' dir='ltr'><strong>monachos</strong></span> <span class='ocrx_word' id='word_1_290' title='bbox 1954 3540 2096 3609; x_wconf 82' lang='lat' dir='ltr'><strong>cogit</strong></span> 
     </span>
    </p>
   </div>
   <div class='ocr_carea' id='block_1_42' title="bbox 510 3628 2096 3699">
    <p class='ocr_par' dir='ltr' id='par_1_42' title="bbox 510 3628 2096 3699">
     <span class='ocr_line' id='line_1_42' title="bbox 510 3628 2096 3699; baseline 0.001 -17"><span class='ocrx_word' id='word_1_291' title='bbox 510 3629 789 3684; x_wconf 78' lang='lat' dir='ltr'><strong>concilium</strong></span> <span class='ocrx_word' id='word_1_292' title='bbox 811 3670 826 3691; x_wconf 94' lang='lat'><strong>,</strong></span> <span class='ocrx_word' id='word_1_293' title='bbox 859 3645 1028 3699; x_wconf 88' lang='lat' dir='ltr'><strong>neque</strong></span> <span class='ocrx_word' id='word_1_294' title='bbox 1064 3628 1131 3683; x_wconf 89' lang='lat' dir='ltr'><strong>ad</strong></span> <span class='ocrx_word' id='word_1_295' title='bbox 1169 3628 1533 3685; x_wconf 76' lang='lat' dir='ltr'><strong>defensionem</strong></span> <span class='ocrx_word' id='word_1_296' title='bbox 1564 3631 1764 3684; x_wconf 82' lang='lat' dir='ltr'><strong>vocatis</strong></span> <span class='ocrx_word' id='word_1_297' title='bbox 1790 3630 1918 3699; x_wconf 91' lang='lat' dir='ltr'><strong>ipsis</strong></span> <span class='ocrx_word' id='word_1_298' title='bbox 1943 3671 1958 3693; x_wconf 93' lang='lat'><strong>,</strong></span> <span class='ocrx_word' id='word_1_299' title='bbox 1996 3645 2096 3684; x_wconf 92' lang='lat' dir='ltr'><strong>nee</strong></span> 
     </span>
    </p>
   </div>
   <div class='ocr_carea' id='block_1_43' title="bbox 513 3721 2093 3794">
    <p class='ocr_par' dir='ltr' id='par_1_43' title="bbox 513 3721 2093 3794">
     <span class='ocr_line' id='line_1_43' title="bbox 513 3721 2093 3794; baseline 0.003 -21"><span class='ocrx_word' id='word_1_300' title='bbox 513 3721 644 3776; x_wconf 88' lang='lat' dir='ltr'><strong>facta</strong></span> <span class='ocrx_word' id='word_1_301' title='bbox 675 3721 780 3776; x_wconf 89' lang='lat' dir='ltr'><strong>illis</strong></span> <span class='ocrx_word' id='word_1_302' title='bbox 799 3721 1006 3778; x_wconf 91' lang='lat' dir='ltr'><strong>dicendi</strong></span> <span class='ocrx_word' id='word_1_303' title='bbox 1034 3731 1315 3792; x_wconf 89' lang='lat' dir='ltr'><strong>potestate,</strong></span> <span class='ocrx_word' id='word_1_304' title='bbox 1337 3730 1446 3777; x_wconf 90' lang='lat' dir='ltr'><strong>tres</strong></span> <span class='ocrx_word' id='word_1_305' title='bbox 1467 3723 1610 3777; x_wconf 89' lang='lat' dir='ltr'><strong>viros</strong></span> <span class='ocrx_word' id='word_1_306' title='bbox 1640 3738 1672 3778; x_wconf 91' lang='lat' dir='ltr'><strong>e</strong></span> <span class='ocrx_word' id='word_1_307' title='bbox 1698 3723 1979 3794; x_wconf 59' lang='lat' dir='ltr'><strong>prmeipuis</strong></span> <span class='ocrx_word' id='word_1_308' title='bbox 1998 3739 2093 3778; x_wconf 78' lang='lat' dir='ltr'><strong>ex-</strong></span> 
     </span>
    </p>
   </div>
   <div class='ocr_carea' id='block_1_44' title="bbox 511 3813 2096 3885">
    <p class='ocr_par' dir='ltr' id='par_1_44' title="bbox 511 3813 2096 3885">
     <span class='ocr_line' id='line_1_44' title="bbox 511 3813 2096 3885; baseline 0.005 -21"><span class='ocrx_word' id='word_1_309' title='bbox 511 3813 870 3867; x_wconf 81' lang='lat' dir='ltr'><strong>eontmunicat</strong></span> <span class='ocrx_word' id='word_1_310' title='bbox 892 3853 907 3878; x_wconf 87' lang='lat'><strong>,</strong></span> <span class='ocrx_word' id='word_1_311' title='bbox 935 3815 1132 3868; x_wconf 84' lang='lat' dir='ltr'><strong>veritus</strong></span> <span class='ocrx_word' id='word_1_312' title='bbox 1159 3813 1316 3868; x_wconf 89' lang='lat' dir='ltr'><strong>simul</strong></span> <span class='ocrx_word' id='word_1_313' title='bbox 1343 3823 1529 3868; x_wconf 89' lang='lat' dir='ltr'><strong>contra</strong></span> <span class='ocrx_word' id='word_1_314' title='bbox 1555 3813 1949 3870; x_wconf 88' lang='lat' dir='ltr'><strong>multitudinem</strong></span> <span class='ocrx_word' id='word_1_315' title='bbox 1982 3831 2096 3885; x_wconf 70' lang='lat' dir='ltr'><strong>pte-</strong></span> 
     </span>
    </p>
   </div>
   <div class='ocr_carea' id='block_1_45' title="bbox 515 3903 2092 3974">
    <p class='ocr_par' dir='ltr' id='par_1_45' title="bbox 515 3903 2092 3974">
     <span class='ocr_line' id='line_1_45' title="bbox 515 3903 2092 3974; baseline 0.001 -18"><span class='ocrx_word' id='word_1_316' title='bbox 515 3920 634 3958; x_wconf 86' lang='lat' dir='ltr'><strong>nain</strong></span> <span class='ocrx_word' id='word_1_317' title='bbox 660 3903 971 3968; x_wconf 84' lang='lat' dir='ltr'><strong>decernere,</strong></span> <span class='ocrx_word' id='word_1_318' title='bbox 997 3914 1297 3973; x_wconf 69' lang='lat' dir='ltr'><strong>prmtexens</strong></span> <span class='ocrx_word' id='word_1_319' title='bbox 1323 3903 1626 3974; x_wconf 83' lang='lat' dir='ltr'><strong>dogmatum</strong></span> <span class='ocrx_word' id='word_1_320' title='bbox 1654 3907 2092 3974; x_wconf 85' lang='lat' dir='ltr'><strong>perversitatem;</strong></span> 
     </span>
    </p>
   </div>
   <div class='ocr_carea' id='block_1_46' title="bbox 512 3995 2096 4066">
    <p class='ocr_par' dir='ltr' id='par_1_46' title="bbox 512 3995 2096 4066">
     <span class='ocr_line' id='line_1_46' title="bbox 512 3995 2096 4066; baseline 0.001 -16"><span class='ocrx_word' id='word_1_321' title='bbox 512 4006 566 4050; x_wconf 91' lang='lat' dir='ltr'><strong>ct</strong></span> <span class='ocrx_word' id='word_1_322' title='bbox 589 4009 722 4065; x_wconf 89' lang='lat' dir='ltr'><strong>quos</strong></span> <span class='ocrx_word' id='word_1_323' title='bbox 741 4011 883 4066; x_wconf 69' lang='lat' dir='ltr'><strong>smpe</strong></span> <span class='ocrx_word' id='word_1_324' title='bbox 904 3998 1019 4065; x_wconf 87' lang='lat' dir='ltr'><strong>plus</strong></span> <span class='ocrx_word' id='word_1_325' title='bbox 1039 4011 1194 4064; x_wconf 87' lang='lat' dir='ltr'><strong>quam</strong></span> <span class='ocrx_word' id='word_1_326' title='bbox 1216 3995 1495 4065; x_wconf 88' lang='lat' dir='ltr'><strong>epise0pos</strong></span> <span class='ocrx_word' id='word_1_327' title='bbox 1522 3995 1877 4053; x_wconf 87' lang='lat' dir='ltr'><strong>honoraverat</strong></span> <span class='ocrx_word' id='word_1_328' title='bbox 1897 4007 1954 4053; x_wconf 92' lang='lat' dir='ltr'><strong>ut</strong></span> <span class='ocrx_word' id='word_1_329' title='bbox 1981 4013 2096 4052; x_wconf 89' lang='lat' dir='ltr'><strong>ma-</strong></span> 
     </span>
    </p>
   </div>
   <div class='ocr_carea' id='block_1_47' title="bbox 512 4087 2092 4158">
    <p class='ocr_par' dir='ltr' id='par_1_47' title="bbox 512 4087 2092 4158">
     <span class='ocr_line' id='line_1_47' title="bbox 512 4087 2092 4158; baseline 0.001 -17"><span class='ocrx_word' id='word_1_330' title='bbox 512 4088 724 4155; x_wconf 89' lang='lat' dir='ltr'><strong>gistros,</strong></span> <span class='ocrx_word' id='word_1_331' title='bbox 757 4097 972 4158; x_wconf 86' lang='lat' dir='ltr'><strong>preptcr</strong></span> <span class='ocrx_word' id='word_1_332' title='bbox 998 4089 1180 4151; x_wconf 87' lang='lat' dir='ltr'><strong>vitam,</strong></span> <span class='ocrx_word' id='word_1_333' title='bbox 1203 4087 1499 4142; x_wconf 87' lang='lat' dir='ltr'><strong>doctrinam</strong></span> <span class='ocrx_word' id='word_1_334' title='bbox 1531 4097 1584 4144; x_wconf 90' lang='lat' dir='ltr'><strong>et</strong></span> <span class='ocrx_word' id='word_1_335' title='bbox 1608 4097 1840 4156; x_wconf 66' lang='lat' dir='ltr'><strong>(etatem,</strong></span> <span class='ocrx_word' id='word_1_336' title='bbox 1868 4104 1962 4144; x_wconf 92' lang='lat' dir='ltr'><strong>eos</strong></span> <span class='ocrx_word' id='word_1_337' title='bbox 1987 4105 2092 4144; x_wconf 91' lang='lat' dir='ltr'><strong>non</strong></span> 
     </span>
    </p>
   </div>
   <div class='ocr_carea' id='block_1_48' title="bbox 517 4180 2097 4254">
    <p class='ocr_par' dir='ltr' id='par_1_48' title="bbox 517 4180 2097 4254">
     <span class='ocr_line' id='line_1_48' title="bbox 517 4180 2097 4254; baseline 0.006 -25"><span class='ocrx_word' id='word_1_338' title='bbox 517 4180 699 4248; x_wconf 87' lang='lat' dir='ltr'><strong>puduit</strong></span> <span class='ocrx_word' id='word_1_339' title='bbox 727 4181 994 4250; x_wconf 90' lang='lat' dir='ltr'><strong>appellare</strong></span> <span class='ocrx_word' id='word_1_340' title='bbox 1034 4181 1447 4251; x_wconf 70' lang='lat' dir='ltr'><strong>prmstigiatores</strong></span> <span class='ocrx_word' id='word_1_341' title='bbox 1471 4225 1484 4249; x_wconf 93' lang='lat'><strong>,</strong></span> <span class='ocrx_word' id='word_1_342' title='bbox 1515 4198 1581 4237; x_wconf 92' lang='lat' dir='ltr'><strong>eo</strong></span> <span class='ocrx_word' id='word_1_343' title='bbox 1607 4183 1747 4253; x_wconf 91' lang='lat' dir='ltr'><strong>quod</strong></span> <span class='ocrx_word' id='word_1_344' title='bbox 1776 4199 1900 4254; x_wconf 88' lang='lat' dir='ltr'><strong>erga</strong></span> <span class='ocrx_word' id='word_1_345' title='bbox 1931 4185 2097 4239; x_wconf 86' lang='lat' dir='ltr'><strong>Isido—</strong></span> 
     </span>
    </p>
   </div>
   <div class='ocr_carea' id='block_1_49' title="bbox 518 4271 2097 4342">
    <p class='ocr_par' dir='ltr' id='par_1_49' title="bbox 518 4271 2097 4342">
     <span class='ocr_line' id='line_1_49' title="bbox 518 4271 2097 4342; baseline 0.005 -19"><span class='ocrx_word' id='word_1_346' title='bbox 518 4285 632 4325; x_wconf 90' lang='lat' dir='ltr'><strong>rum</strong></span> <span class='ocrx_word' id='word_1_347' title='bbox 663 4273 863 4341; x_wconf 92' lang='lat' dir='ltr'><strong>optime</strong></span> <span class='ocrx_word' id='word_1_348' title='bbox 892 4271 1063 4327; x_wconf 78' lang='lat' dir='ltr'><strong>affecti</strong></span> <span class='ocrx_word' id='word_1_349' title='bbox 1103 4280 1302 4330; x_wconf 84' lang='lat' dir='ltr'><strong>essent.</strong></span> <span class='ocrx_word' id='word_1_350' title='bbox 1335 4272 1405 4327; x_wconf 86' lang='lat' dir='ltr'><strong>Et</strong></span> <span class='ocrx_word' id='word_1_351' title='bbox 1442 4282 1561 4342; x_wconf 88' lang='lat' dir='ltr'><strong>post</strong></span> <span class='ocrx_word' id='word_1_352' title='bbox 1596 4276 2097 4331; x_wconf 81' lang='lat' dir='ltr'><strong>excommunicatio-</strong></span> 
     </span>
    </p>
   </div>
   <div class='ocr_carea' id='block_1_50' title="bbox 517 4362 2095 4437">
    <p class='ocr_par' dir='ltr' id='par_1_50' title="bbox 517 4362 2095 4437">
     <span class='ocr_line' id='line_1_50' title="bbox 517 4362 2095 4437; baseline 0.004 -23"><span class='ocrx_word' id='word_1_353' title='bbox 517 4376 637 4416; x_wconf 91' lang='lat' dir='ltr'><strong>nem</strong></span> <span class='ocrx_word' id='word_1_354' title='bbox 665 4378 730 4417; x_wconf 78' lang='lat' dir='ltr'><strong>ex</strong></span> <span class='ocrx_word' id='word_1_355' title='bbox 759 4362 876 4432; x_wconf 92' lang='lat' dir='ltr'><strong>ipso</strong></span> <span class='ocrx_word' id='word_1_356' title='bbox 905 4373 1085 4417; x_wconf 90' lang='lat' dir='ltr'><strong>monte</strong></span> <span class='ocrx_word' id='word_1_357' title='bbox 1115 4363 1327 4418; x_wconf 89' lang='lat' dir='ltr'><strong>instruit</strong></span> <span class='ocrx_word' id='word_1_358' title='bbox 1351 4363 1702 4420; x_wconf 89' lang='lat' dir='ltr'><strong>homunculos</strong></span> <span class='ocrx_word' id='word_1_359' title='bbox 1725 4368 1978 4437; x_wconf 90' lang='lat' dir='ltr'><strong>quinque,</strong></span> <span class='ocrx_word' id='word_1_360' title='bbox 2005 4368 2095 4436; x_wconf 91' lang='lat' dir='ltr'><strong>qui</strong></span> 
     </span>
    </p>
   </div>
   <div class='ocr_carea' id='block_1_51' title="bbox 517 4456 2096 4526">
    <p class='ocr_par' dir='ltr' id='par_1_51' title="bbox 517 4456 2096 4526">
     <span class='ocr_line' id='line_1_51' title="bbox 517 4456 2096 4526; baseline 0.003 -19"><span class='ocrx_word' id='word_1_361' title='bbox 517 4470 804 4526; x_wconf 89' lang='lat' dir='ltr'><strong>numquam</strong></span> <span class='ocrx_word' id='word_1_362' title='bbox 838 4456 888 4509; x_wconf 90' lang='lat' dir='ltr'><strong>in</strong></span> <span class='ocrx_word' id='word_1_363' title='bbox 919 4465 1059 4511; x_wconf 64' lang='lat' dir='ltr'><strong>coetu</strong></span> <span class='ocrx_word' id='word_1_364' title='bbox 1081 4457 1352 4512; x_wconf 88' lang='lat' dir='ltr'><strong>seniorum</strong></span> <span class='ocrx_word' id='word_1_365' title='bbox 1378 4457 1543 4512; x_wconf 88' lang='lat' dir='ltr'><strong>eremi</strong></span> <span class='ocrx_word' id='word_1_366' title='bbox 1574 4467 1850 4521; x_wconf 88' lang='lat' dir='ltr'><strong>steterant,</strong></span> <span class='ocrx_word' id='word_1_367' title='bbox 1875 4469 1929 4514; x_wconf 91' lang='lat' dir='ltr'><strong>et</strong></span> <span class='ocrx_word' id='word_1_368' title='bbox 1955 4458 2096 4513; x_wconf 84' lang='lat' dir='ltr'><strong>indi-</strong></span> 
     </span>
    </p>
   </div>
   <div class='ocr_carea' id='block_1_52' title="bbox 515 4549 2098 4620">
    <p class='ocr_par' dir='ltr' id='par_1_52' title="bbox 515 4549 2098 4620">
     <span class='ocr_line' id='line_1_52' title="bbox 515 4549 2098 4620; baseline 0.007 -21"><span class='ocrx_word' id='word_1_369' title='bbox 515 4549 600 4615; x_wconf 87' lang='lat' dir='ltr'><strong>gni</strong></span> <span class='ocrx_word' id='word_1_370' title='bbox 621 4557 793 4613; x_wconf 86' lang='lat' dir='ltr'><strong>erant,</strong></span> <span class='ocrx_word' id='word_1_371' title='bbox 822 4549 963 4619; x_wconf 86' lang='lat' dir='ltr'><strong>piget</strong></span> <span class='ocrx_word' id='word_1_372' title='bbox 985 4549 1182 4613; x_wconf 85' lang='lat' dir='ltr'><strong>dicere,</strong></span> <span class='ocrx_word' id='word_1_373' title='bbox 1200 4549 1292 4620; x_wconf 85' lang='lat' dir='ltr'><strong>qui</strong></span> <span class='ocrx_word' id='word_1_374' title='bbox 1315 4550 1398 4605; x_wconf 88' lang='lat' dir='ltr'><strong>vel</strong></span> <span class='ocrx_word' id='word_1_375' title='bbox 1423 4551 1627 4606; x_wconf 89' lang='lat' dir='ltr'><strong>ostiarii</strong></span> <span class='ocrx_word' id='word_1_376' title='bbox 1647 4561 1856 4607; x_wconf 88' lang='lat' dir='ltr'><strong>essent:</strong></span> <span class='ocrx_word' id='word_1_377' title='bbox 1881 4562 1936 4608; x_wconf 92' lang='lat' dir='ltr'><strong>et</strong></span> <span class='ocrx_word' id='word_1_378' title='bbox 1957 4552 2098 4610; x_wconf 91' lang='lat' dir='ltr'><strong>hunc</strong></span> 
     </span>
    </p>
   </div>
   <div class='ocr_carea' id='block_1_53' title="bbox 515 4638 2096 4713">
    <p class='ocr_par' dir='ltr' id='par_1_53' title="bbox 515 4638 2096 4713">
     <span class='ocr_line' id='line_1_53' title="bbox 515 4638 2096 4713; baseline 0.006 -24"><span class='ocrx_word' id='word_1_379' title='bbox 515 4638 725 4706; x_wconf 88' lang='lat' dir='ltr'><strong>quidem</strong></span> <span class='ocrx_word' id='word_1_380' title='bbox 751 4639 961 4693; x_wconf 89' lang='lat' dir='ltr'><strong>ordinat</strong></span> <span class='ocrx_word' id='word_1_381' title='bbox 980 4641 1309 4710; x_wconf 89' lang='lat' dir='ltr'><strong>episc0pum,</strong></span> <span class='ocrx_word' id='word_1_382' title='bbox 1333 4641 1508 4697; x_wconf 90' lang='lat' dir='ltr'><strong>viculo</strong></span> <span class='ocrx_word' id='word_1_383' title='bbox 1538 4643 1852 4713; x_wconf 68' lang='lat' dir='ltr'><strong>praeficiens,</strong></span> <span class='ocrx_word' id='word_1_384' title='bbox 1876 4661 1995 4700; x_wconf 91' lang='lat' dir='ltr'><strong>cum</strong></span> <span class='ocrx_word' id='word_1_385' title='bbox 2018 4647 2096 4700; x_wconf 79' lang='lat' dir='ltr'><strong>ci-</strong></span> 
     </span>
    </p>
   </div>
   <div class='ocr_carea' id='block_1_54' title="bbox 517 4732 2098 4806">
    <p class='ocr_par' dir='ltr' id='par_1_54' title="bbox 517 4732 2098 4806">
     <span class='ocr_line' id='line_1_54' title="bbox 517 4732 2098 4806; baseline 0.007 -24"><span class='ocrx_word' id='word_1_386' title='bbox 517 4732 730 4785; x_wconf 80' lang='lat' dir='ltr'><strong>vitatem</strong></span> <span class='ocrx_word' id='word_1_387' title='bbox 753 4747 858 4785; x_wconf 91' lang='lat' dir='ltr'><strong>non</strong></span> <span class='ocrx_word' id='word_1_388' title='bbox 883 4733 1100 4787; x_wconf 89' lang='lat' dir='ltr'><strong>haberet</strong></span> <span class='ocrx_word' id='word_1_389' title='bbox 1123 4733 1342 4803; x_wconf 91' lang='lat' dir='ltr'><strong>(etenim</strong></span> <span class='ocrx_word' id='word_1_390' title='bbox 1370 4735 1486 4790; x_wconf 92' lang='lat' dir='ltr'><strong>sine</strong></span> <span class='ocrx_word' id='word_1_391' title='bbox 1507 4735 1617 4790; x_wconf 92' lang='lat' dir='ltr'><strong>ullo</strong></span> <span class='ocrx_word' id='word_1_392' title='bbox 1642 4737 1845 4806; x_wconf 83' lang='lat' dir='ltr'><strong>pudore</strong></span> <span class='ocrx_word' id='word_1_393' title='bbox 1865 4739 1980 4793; x_wconf 92' lang='lat' dir='ltr'><strong>illas</strong></span> <span class='ocrx_word' id='word_1_394' title='bbox 2003 4755 2098 4794; x_wconf 83' lang='lat' dir='ltr'><strong>no-</strong></span> 
     </span>
    </p>
   </div>
   <div class='ocr_carea' id='block_1_55' title="bbox 513 4823 2094 4900">
    <p class='ocr_par' dir='ltr' id='par_1_55' title="bbox 513 4823 2094 4900">
     <span class='ocr_line' id='line_1_55' title="bbox 513 4823 2094 4900; baseline 0.008 -27"><span class='ocrx_word' id='word_1_395' title='bbox 513 4825 702 4876; x_wconf 78' lang='lat' dir='ltr'><strong>vitates</strong></span> <span class='ocrx_word' id='word_1_396' title='bbox 732 4823 996 4889; x_wconf 89' lang='lat' dir='ltr'><strong>audebat,</strong></span> <span class='ocrx_word' id='word_1_397' title='bbox 1031 4840 1090 4879; x_wconf 91' lang='lat' dir='ltr'><strong>se</strong></span> <span class='ocrx_word' id='word_1_398' title='bbox 1123 4825 1348 4880; x_wconf 87' lang='lat' dir='ltr'><strong>alterum</strong></span> <span class='ocrx_word' id='word_1_399' title='bbox 1389 4827 1624 4898; x_wconf 84' lang='lat' dir='ltr'><strong>Moysem</strong></span> <span class='ocrx_word' id='word_1_400' title='bbox 1651 4831 1910 4900; x_wconf 91' lang='lat' dir='ltr'><strong>vocans),</strong></span> <span class='ocrx_word' id='word_1_401' title='bbox 1948 4831 2094 4886; x_wconf 93' lang='lat' dir='ltr'><strong>illum</strong></span> 
     </span>
    </p>
   </div>
   <div class='ocr_carea' id='block_1_56' title="bbox 513 4916 2096 4993">
    <p class='ocr_par' dir='ltr' id='par_1_56' title="bbox 513 4916 2096 4993">
     <span class='ocr_line' id='line_1_56' title="bbox 513 4916 2096 4993; baseline 0.008 -26"><span class='ocrx_word' id='word_1_402' title='bbox 513 4931 640 4968; x_wconf 74' lang='lat' dir='ltr'><strong>vero</strong></span> <span class='ocrx_word' id='word_1_403' title='bbox 668 4916 1056 4987; x_wconf 83' lang='lat' dir='ltr'><strong>presbyterum,</strong></span> <span class='ocrx_word' id='word_1_404' title='bbox 1079 4925 1133 4972; x_wconf 93' lang='lat' dir='ltr'><strong>ct</strong></span> <span class='ocrx_word' id='word_1_405' title='bbox 1160 4927 1266 4972; x_wconf 92' lang='lat' dir='ltr'><strong>tres</strong></span> <span class='ocrx_word' id='word_1_406' title='bbox 1290 4918 1422 4973; x_wconf 89' lang='lat' dir='ltr'><strong>alios</strong></span> <span class='ocrx_word' id='word_1_407' title='bbox 1449 4919 1702 4974; x_wconf 91' lang='lat' dir='ltr'><strong>diaconos</strong></span> <span class='ocrx_word' id='word_1_408' title='bbox 1732 4921 1976 4988; x_wconf 89' lang='lat' dir='ltr'><strong>ordinat,</strong></span> <span class='ocrx_word' id='word_1_409' title='bbox 2004 4925 2096 4993; x_wconf 90' lang='lat' dir='ltr'><strong>qui</strong></span> 
     </span>
    </p>
   </div>
   <div class='ocr_carea' id='block_1_57' title="bbox 513 5007 2094 5078">
    <p class='ocr_par' dir='ltr' id='par_1_57' title="bbox 513 5007 2094 5078">
     <span class='ocr_line' id='line_1_57' title="bbox 513 5007 2094 5078; baseline 0.005 -17"><span class='ocrx_word' id='word_1_410' title='bbox 513 5024 618 5061; x_wconf 84' lang='lat' dir='ltr'><strong>non</strong></span> <span class='ocrx_word' id='word_1_411' title='bbox 658 5018 810 5062; x_wconf 88' lang='lat' dir='ltr'><strong>erant</strong></span> <span class='ocrx_word' id='word_1_412' title='bbox 847 5007 1080 5078; x_wconf 55' lang='lat' dir='ltr'><strong>igyptii</strong></span> <span class='ocrx_word' id='word_1_413' title='bbox 1108 5050 1124 5074; x_wconf 93' lang='lat'><strong>,</strong></span> <span class='ocrx_word' id='word_1_414' title='bbox 1169 5009 1262 5063; x_wconf 90' lang='lat' dir='ltr'><strong>sed</strong></span> <span class='ocrx_word' id='word_1_415' title='bbox 1288 5025 1318 5063; x_wconf 91' lang='lat' dir='ltr'><strong>c</strong></span> <span class='ocrx_word' id='word_1_416' title='bbox 1347 5010 1572 5064; x_wconf 75' lang='lat' dir='ltr'><strong>diversis</strong></span> <span class='ocrx_word' id='word_1_417' title='bbox 1613 5011 1762 5066; x_wconf 85' lang='lat' dir='ltr'><strong>locis.</strong></span> <span class='ocrx_word' id='word_1_418' title='bbox 1799 5012 1925 5066; x_wconf 85' lang='lat' dir='ltr'><strong>Erat</strong></span> <span class='ocrx_word' id='word_1_419' title='bbox 1953 5017 2094 5070; x_wconf 89' lang='lat' dir='ltr'><strong>enim</strong></span> 
     </span>
    </p>
   </div>
   <div class='ocr_carea' id='block_1_58' title="bbox 513 5099 2094 5170">
    <p class='ocr_par' dir='ltr' id='par_1_58' title="bbox 513 5099 2094 5170">
     <span class='ocr_line' id='line_1_58' title="bbox 513 5099 2094 5170; baseline 0.006 -20"><span class='ocrx_word' id='word_1_420' title='bbox 513 5115 648 5152; x_wconf 86' lang='lat' dir='ltr'><strong>unus</strong></span> <span class='ocrx_word' id='word_1_421' title='bbox 674 5114 856 5154; x_wconf 90' lang='lat' dir='ltr'><strong>eorum</strong></span> <span class='ocrx_word' id='word_1_422' title='bbox 887 5099 1047 5170; x_wconf 81' lang='lat' dir='ltr'><strong>Libys</strong></span> <span class='ocrx_word' id='word_1_423' title='bbox 1068 5140 1082 5162; x_wconf 93' lang='lat'><strong>,</strong></span> <span class='ocrx_word' id='word_1_424' title='bbox 1112 5099 1246 5154; x_wconf 86' lang='lat' dir='ltr'><strong>alius</strong></span> <span class='ocrx_word' id='word_1_425' title='bbox 1272 5101 1663 5156; x_wconf 81' lang='lat' dir='ltr'><strong>Alexandrinus</strong></span> <span class='ocrx_word' id='word_1_426' title='bbox 1683 5145 1698 5170; x_wconf 93' lang='lat'><strong>,</strong></span> <span class='ocrx_word' id='word_1_427' title='bbox 1726 5105 1862 5157; x_wconf 88' lang='lat' dir='ltr'><strong>alius</strong></span> <span class='ocrx_word' id='word_1_428' title='bbox 1894 5104 2094 5159; x_wconf 86' lang='lat' dir='ltr'><strong>Phara-</strong></span> 
     </span>
    </p>
   </div>
   <div class='ocr_carea' id='block_1_59' title="bbox 514 5191 2095 5267">
    <p class='ocr_par' dir='ltr' id='par_1_59' title="bbox 514 5191 2095 5267">
     <span class='ocr_line' id='line_1_59' title="bbox 514 5191 2095 5267; baseline 0.008 -25"><span class='ocrx_word' id='word_1_429' title='bbox 514 5191 650 5244; x_wconf 89' lang='lat' dir='ltr'><strong>nitcs</strong></span> <span class='ocrx_word' id='word_1_430' title='bbox 670 5231 685 5255; x_wconf 94' lang='lat'><strong>,</strong></span> <span class='ocrx_word' id='word_1_431' title='bbox 728 5191 864 5245; x_wconf 90' lang='lat' dir='ltr'><strong>alius</strong></span> <span class='ocrx_word' id='word_1_432' title='bbox 905 5207 1035 5246; x_wconf 90' lang='lat' dir='ltr'><strong>vero</strong></span> <span class='ocrx_word' id='word_1_433' title='bbox 1079 5192 1404 5249; x_wconf 87' lang='lat' dir='ltr'><strong>Paraleotes.</strong></span> <span class='ocrx_word' id='word_1_434' title='bbox 1438 5194 1607 5261; x_wconf 87' lang='lat' dir='ltr'><strong>Quam</strong></span> <span class='ocrx_word' id='word_1_435' title='bbox 1637 5198 1707 5251; x_wconf 89' lang='lat' dir='ltr'><strong>ob</strong></span> <span class='ocrx_word' id='word_1_436' title='bbox 1733 5212 1948 5252; x_wconf 90' lang='lat' dir='ltr'><strong>causam</strong></span> <span class='ocrx_word' id='word_1_437' title='bbox 1979 5202 2095 5267; x_wconf 83' lang='lat' dir='ltr'><strong>ejus</strong></span> 
     </span>
    </p>
   </div>
   <div class='ocr_carea' id='block_1_60' title="bbox 510 5278 2096 5357">
    <p class='ocr_par' dir='ltr' id='par_1_60' title="bbox 510 5278 2096 5357">
     <span class='ocr_line' id='line_1_60' title="bbox 510 5278 2096 5357; baseline 0.008 -27"><span class='ocrx_word' id='word_1_438' title='bbox 510 5294 648 5333; x_wconf 86' lang='lat' dir='ltr'><strong>vano</strong></span> <span class='ocrx_word' id='word_1_439' title='bbox 669 5278 835 5334; x_wconf 90' lang='lat' dir='ltr'><strong>labori</strong></span> <span class='ocrx_word' id='word_1_440' title='bbox 854 5291 1263 5347; x_wconf 88' lang='lat' dir='ltr'><strong>consenserunt,</strong></span> <span class='ocrx_word' id='word_1_441' title='bbox 1287 5297 1405 5336; x_wconf 90' lang='lat' dir='ltr'><strong>cum</strong></span> <span class='ocrx_word' id='word_1_442' title='bbox 1434 5284 1636 5337; x_wconf 91' lang='lat' dir='ltr'><strong>nullum</strong></span> <span class='ocrx_word' id='word_1_443' title='bbox 1667 5286 1940 5354; x_wconf 65' lang='lat' dir='ltr'><strong>praemium</strong></span> <span class='ocrx_word' id='word_1_444' title='bbox 1957 5304 1988 5342; x_wconf 90' lang='lat' dir='ltr'><strong>e</strong></span> <span class='ocrx_word' id='word_1_445' title='bbox 2005 5304 2096 5357; x_wconf 86' lang='lat' dir='ltr'><strong>pa-</strong></span> 
     </span>
    </p>
   </div>
   <div class='ocr_carea' id='block_1_61' title="bbox 514 5370 2098 5444">
    <p class='ocr_par' dir='ltr' id='par_1_61' title="bbox 514 5370 2098 5444">
     <span class='ocr_line' id='line_1_61' title="bbox 514 5370 2098 5444; baseline 0.008 -22"><span class='ocrx_word' id='word_1_446' title='bbox 514 5370 611 5422; x_wconf 89' lang='lat' dir='ltr'><strong>tria</strong></span> <span class='ocrx_word' id='word_1_447' title='bbox 640 5372 959 5439; x_wconf 84' lang='lat' dir='ltr'><strong>sperandum</strong></span> <span class='ocrx_word' id='word_1_448' title='bbox 993 5371 1267 5427; x_wconf 90' lang='lat' dir='ltr'><strong>haberent.</strong></span> <span class='ocrx_word' id='word_1_449' title='bbox 1301 5373 1407 5428; x_wconf 83' lang='lat' dir='ltr'><strong>Eos</strong></span> <span class='ocrx_word' id='word_1_450' title='bbox 1437 5374 1615 5444; x_wconf 86' lang='lat' dir='ltr'><strong>itaque</strong></span> <span class='ocrx_word' id='word_1_451' title='bbox 1639 5376 1916 5444; x_wconf 89' lang='lat' dir='ltr'><strong>subornat,</strong></span> <span class='ocrx_word' id='word_1_452' title='bbox 1948 5389 2008 5434; x_wconf 90' lang='lat' dir='ltr'><strong>ut</strong></span> <span class='ocrx_word' id='word_1_453' title='bbox 2033 5380 2098 5434; x_wconf 87' lang='lat' dir='ltr'><strong>li-</strong></span> 
     </span>
    </p>
   </div>
   <div class='ocr_carea' id='block_1_62' title="bbox 512 5460 2096 5529">
    <p class='ocr_par' dir='ltr' id='par_1_62' title="bbox 512 5460 2096 5529">
     <span class='ocr_line' id='line_1_62' title="bbox 512 5460 2096 5529; baseline 0.009 -15"><span class='ocrx_word' id='word_1_454' title='bbox 512 5460 685 5517; x_wconf 83' lang='lat' dir='ltr'><strong>belles</strong></span> <span class='ocrx_word' id='word_1_455' title='bbox 714 5463 903 5520; x_wconf 90' lang='lat' dir='ltr'><strong>darent</strong></span> <span class='ocrx_word' id='word_1_456' title='bbox 929 5465 1184 5520; x_wconf 86' lang='lat' dir='ltr'><strong>adversus</strong></span> <span class='ocrx_word' id='word_1_457' title='bbox 1212 5476 1320 5522; x_wconf 90' lang='lat' dir='ltr'><strong>tres</strong></span> <span class='ocrx_word' id='word_1_458' title='bbox 1349 5467 1472 5522; x_wconf 91' lang='lat' dir='ltr'><strong>illos</strong></span> <span class='ocrx_word' id='word_1_459' title='bbox 1509 5483 1664 5523; x_wconf 91' lang='lat' dir='ltr'><strong>senes</strong></span> <span class='ocrx_word' id='word_1_460' title='bbox 1697 5487 1708 5521; x_wconf 92' lang='lat'><strong>:</strong></span> <span class='ocrx_word' id='word_1_461' title='bbox 1741 5480 1795 5525; x_wconf 89' lang='lat' dir='ltr'><strong>et</strong></span> <span class='ocrx_word' id='word_1_462' title='bbox 1824 5470 1972 5527; x_wconf 75' lang='lat' dir='ltr'><strong>falsae</strong></span> <span class='ocrx_word' id='word_1_463' title='bbox 2000 5489 2096 5529; x_wconf 83' lang='lat' dir='ltr'><strong>ae-</strong></span> 
     </span>
    </p>
   </div>
   <div class='ocr_carea' id='block_1_63' title="bbox 515 5555 2096 5627">
    <p class='ocr_par' dir='ltr' id='par_1_63' title="bbox 515 5555 2096 5627">
     <span class='ocr_line' id='line_1_63' title="bbox 515 5555 2096 5627; baseline 0.011 -21"><span class='ocrx_word' id='word_1_464' title='bbox 515 5555 804 5610; x_wconf 90' lang='lat' dir='ltr'><strong>cusationis</strong></span> <span class='ocrx_word' id='word_1_465' title='bbox 833 5557 992 5612; x_wconf 88' lang='lat' dir='ltr'><strong>verba</strong></span> <span class='ocrx_word' id='word_1_466' title='bbox 1018 5557 1131 5627; x_wconf 91' lang='lat' dir='ltr'><strong>ipse</strong></span> <span class='ocrx_word' id='word_1_467' title='bbox 1153 5559 1442 5625; x_wconf 81' lang='lat' dir='ltr'><strong>contexuit,</strong></span> <span class='ocrx_word' id='word_1_468' title='bbox 1472 5562 1556 5616; x_wconf 93' lang='lat' dir='ltr'><strong>cui</strong></span> <span class='ocrx_word' id='word_1_469' title='bbox 1587 5577 1750 5617; x_wconf 91' lang='lat' dir='ltr'><strong>unum</strong></span> <span class='ocrx_word' id='word_1_470' title='bbox 1777 5564 1827 5618; x_wconf 86' lang='lat' dir='ltr'><strong>id</strong></span> <span class='ocrx_word' id='word_1_471' title='bbox 1856 5564 1940 5620; x_wconf 89' lang='lat' dir='ltr'><strong>isti</strong></span> <span class='ocrx_word' id='word_1_472' title='bbox 1968 5581 2096 5622; x_wconf 88' lang='lat' dir='ltr'><strong>con-</strong></span> 
     </span>
    </p>
   </div>
   <div class='ocr_carea' id='block_1_64' title="bbox 512 5645 2095 5723">
    <p class='ocr_par' dir='ltr' id='par_1_64' title="bbox 512 5645 2095 5723">
     <span class='ocr_line' id='line_1_64' title="bbox 512 5645 2095 5723; baseline 0.011 -27"><span class='ocrx_word' id='word_1_473' title='bbox 512 5645 784 5712; x_wconf 86' lang='lat' dir='ltr'><strong>tulerunt,</strong></span> <span class='ocrx_word' id='word_1_474' title='bbox 817 5658 875 5702; x_wconf 92' lang='lat' dir='ltr'><strong>ut</strong></span> <span class='ocrx_word' id='word_1_475' title='bbox 919 5651 1336 5706; x_wconf 90' lang='lat' dir='ltr'><strong>subscriberent.</strong></span> <span class='ocrx_word' id='word_1_476' title='bbox 1381 5653 1578 5708; x_wconf 89' lang='lat' dir='ltr'><strong>Deinde</strong></span> <span class='ocrx_word' id='word_1_477' title='bbox 1603 5697 1617 5720; x_wconf 91' lang='lat'><strong>,</strong></span> <span class='ocrx_word' id='word_1_478' title='bbox 1660 5657 1893 5723; x_wconf 91' lang='lat' dir='ltr'><strong>acceptis</strong></span> <span class='ocrx_word' id='word_1_479' title='bbox 1920 5659 1987 5713; x_wconf 88' lang='lat' dir='ltr'><strong>ab</strong></span> <span class='ocrx_word' id='word_1_480' title='bbox 2016 5661 2095 5714; x_wconf 90' lang='lat' dir='ltr'><strong>eis</strong></span> 
     </span>
    </p>
   </div>
   <div class='ocr_carea' id='block_1_65' title="bbox 509 5735 2096 5821">
    <p class='ocr_par' dir='ltr' id='par_1_65' title="bbox 509 5735 2096 5821">
     <span class='ocr_line' id='line_1_65' title="bbox 509 5735 2096 5821; baseline 0.012 -33"><span class='ocrx_word' id='word_1_481' title='bbox 509 5735 698 5790; x_wconf 77' lang='lat' dir='ltr'><strong>libellis</strong></span> <span class='ocrx_word' id='word_1_482' title='bbox 727 5754 905 5796; x_wconf 86' lang='lat' dir='ltr'><strong>coram</strong></span> <span class='ocrx_word' id='word_1_483' title='bbox 932 5741 1190 5810; x_wconf 85' lang='lat' dir='ltr'><strong>Ecclesia,</strong></span> <span class='ocrx_word' id='word_1_484' title='bbox 1223 5743 1515 5814; x_wconf 85' lang='lat' dir='ltr'><strong>ingreditur</strong></span> <span class='ocrx_word' id='word_1_485' title='bbox 1542 5745 1608 5801; x_wconf 90' lang='lat' dir='ltr'><strong>ad</strong></span> <span class='ocrx_word' id='word_1_486' title='bbox 1634 5747 1978 5819; x_wconf 82' lang='lat' dir='ltr'><strong>Augustalcm</strong></span> <span class='ocrx_word' id='word_1_487' title='bbox 2000 5793 2017 5821; x_wconf 94' lang='lat'><strong>,</strong></span> <span class='ocrx_word' id='word_1_488' title='bbox 2039 5760 2096 5807; x_wconf 93' lang='lat' dir='ltr'><strong>et</strong></span> 
     </span>
    </p>
   </div>
   <div class='ocr_carea' id='block_1_66' title="bbox 2161 766 3755 843">
    <p class='ocr_par' dir='ltr' id='par_1_66' title="bbox 2161 766 3755 843">
     <span class='ocr_line' id='line_1_66' title="bbox 2161 766 3755 843; baseline -0.004 -18"><span class='ocrx_word' id='word_1_489' title='bbox 2161 774 2319 843; x_wconf 88' lang='lat' dir='ltr'><strong>igitur</strong></span> <span class='ocrx_word' id='word_1_490' title='bbox 2346 773 2396 826; x_wconf 92' lang='lat' dir='ltr'><strong>in</strong></span> <span class='ocrx_word' id='word_1_491' title='bbox 2427 773 2660 842; x_wconf 89' lang='lat' dir='ltr'><strong>speciem</strong></span> <span class='ocrx_word' id='word_1_492' title='bbox 2694 773 2860 826; x_wconf 91' lang='lat' dir='ltr'><strong>milite</strong></span> <span class='ocrx_word' id='word_1_493' title='bbox 2884 786 2989 824; x_wconf 92' lang='lat' dir='ltr'><strong>una</strong></span> <span class='ocrx_word' id='word_1_494' title='bbox 3017 785 3138 824; x_wconf 88' lang='lat' dir='ltr'><strong>cum</strong></span> <span class='ocrx_word' id='word_1_495' title='bbox 3168 769 3438 832; x_wconf 81' lang='lat' dir='ltr'><strong>mandato,</strong></span> <span class='ocrx_word' id='word_1_496' title='bbox 3465 766 3755 821; x_wconf 86' lang='lat' dir='ltr'><strong>scelerato-</strong></span> 
     </span>
    </p>
   </div>
   <div class='ocr_carea' id='block_1_67' title="bbox 2161 861 3754 933">
    <p class='ocr_par' dir='ltr' id='par_1_67' title="bbox 2161 861 3754 933">
     <span class='ocr_line' id='line_1_67' title="bbox 2161 861 3754 933; baseline -0.006 -14"><span class='ocrx_word' id='word_1_497' title='bbox 2161 880 2280 919; x_wconf 86' lang='lat' dir='ltr'><strong>rum</strong></span> <span class='ocrx_word' id='word_1_498' title='bbox 2301 863 2691 918; x_wconf 89' lang='lat' dir='ltr'><strong>multitudinem</strong></span> <span class='ocrx_word' id='word_1_499' title='bbox 2713 871 3022 933; x_wconf 83' lang='lat' dir='ltr'><strong>congregat,</strong></span> <span class='ocrx_word' id='word_1_500' title='bbox 3042 861 3132 930; x_wconf 89' lang='lat' dir='ltr'><strong>qui</strong></span> <span class='ocrx_word' id='word_1_501' title='bbox 3155 861 3294 916; x_wconf 88' lang='lat' dir='ltr'><strong>circa</strong></span> <span class='ocrx_word' id='word_1_502' title='bbox 3326 868 3615 928; x_wconf 89' lang='lat' dir='ltr'><strong>potestates</strong></span> <span class='ocrx_word' id='word_1_503' title='bbox 3636 873 3754 912; x_wconf 88' lang='lat' dir='ltr'><strong>ver-</strong></span> 
     </span>
    </p>
   </div>
   <div class='ocr_carea' id='block_1_68' title="bbox 2165 955 3756 1026">
    <p class='ocr_par' dir='ltr' id='par_1_68' title="bbox 2165 955 3756 1026">
     <span class='ocr_line' id='line_1_68' title="bbox 2165 955 3756 1026; baseline -0.003 -15"><span class='ocrx_word' id='word_1_504' title='bbox 2165 967 2351 1011; x_wconf 88' lang='lat' dir='ltr'><strong>santur</strong></span> <span class='ocrx_word' id='word_1_505' title='bbox 2375 956 2441 1010; x_wconf 90' lang='lat' dir='ltr'><strong>ad</strong></span> <span class='ocrx_word' id='word_1_506' title='bbox 2467 957 2643 1011; x_wconf 89' lang='lat' dir='ltr'><strong>omnia</strong></span> <span class='ocrx_word' id='word_1_507' title='bbox 2678 959 2879 1026; x_wconf 90' lang='lat' dir='ltr'><strong>parati;</strong></span> <span class='ocrx_word' id='word_1_508' title='bbox 2909 966 2964 1010; x_wconf 92' lang='lat' dir='ltr'><strong>et</strong></span> <span class='ocrx_word' id='word_1_509' title='bbox 2991 963 3212 1026; x_wconf 83' lang='lat' dir='ltr'><strong>repente</strong></span> <span class='ocrx_word' id='word_1_510' title='bbox 3241 955 3564 1009; x_wconf 89' lang='lat' dir='ltr'><strong>monasteria</strong></span> <span class='ocrx_word' id='word_1_511' title='bbox 3596 963 3756 1006; x_wconf 90' lang='lat' dir='ltr'><strong>noctu</strong></span> 
     </span>
    </p>
   </div>
   <div class='ocr_carea' id='block_1_69' title="bbox 2167 1044 3756 1118">
    <p class='ocr_par' dir='ltr' id='par_1_69' title="bbox 2167 1044 3756 1118">
     <span class='ocr_line' id='line_1_69' title="bbox 2167 1044 3756 1118; baseline -0.004 -16"><span class='ocrx_word' id='word_1_512' title='bbox 2167 1048 2388 1114; x_wconf 90' lang='lat' dir='ltr'><strong>invadit,</strong></span> <span class='ocrx_word' id='word_1_513' title='bbox 2421 1063 2542 1104; x_wconf 88' lang='lat' dir='ltr'><strong>cum</strong></span> <span class='ocrx_word' id='word_1_514' title='bbox 2569 1050 2716 1117; x_wconf 91' lang='lat' dir='ltr'><strong>prius</strong></span> <span class='ocrx_word' id='word_1_515' title='bbox 2745 1063 2962 1118; x_wconf 92' lang='lat' dir='ltr'><strong>pueros,</strong></span> <span class='ocrx_word' id='word_1_516' title='bbox 2990 1049 3079 1116; x_wconf 94' lang='lat' dir='ltr'><strong>qui</strong></span> <span class='ocrx_word' id='word_1_517' title='bbox 3111 1062 3291 1102; x_wconf 87' lang='lat' dir='ltr'><strong>secum</strong></span> <span class='ocrx_word' id='word_1_518' title='bbox 3318 1053 3492 1109; x_wconf 89' lang='lat' dir='ltr'><strong>erant,</strong></span> <span class='ocrx_word' id='word_1_519' title='bbox 3519 1044 3644 1098; x_wconf 89' lang='lat' dir='ltr'><strong>vino</strong></span> <span class='ocrx_word' id='word_1_520' title='bbox 3671 1044 3756 1097; x_wconf 89' lang='lat' dir='ltr'><strong>in-</strong></span> 
     </span>
    </p>
   </div>
   <div class='ocr_carea' id='block_1_70' title="bbox 2166 1135 3759 1210">
    <p class='ocr_par' dir='ltr' id='par_1_70' title="bbox 2166 1135 3759 1210">
     <span class='ocr_line' id='line_1_70' title="bbox 2166 1135 3759 1210; baseline -0.002 -20"><span class='ocrx_word' id='word_1_521' title='bbox 2166 1140 2504 1210; x_wconf 82' lang='lat' dir='ltr'><strong>gnrgitasset.</strong></span> <span class='ocrx_word' id='word_1_522' title='bbox 2548 1139 2616 1193; x_wconf 87' lang='lat' dir='ltr'><strong>Et</strong></span> <span class='ocrx_word' id='word_1_523' title='bbox 2643 1140 2872 1208; x_wconf 90' lang='lat' dir='ltr'><strong>primum</strong></span> <span class='ocrx_word' id='word_1_524' title='bbox 2902 1138 3116 1208; x_wconf 89' lang='lat' dir='ltr'><strong>quidem</strong></span> <span class='ocrx_word' id='word_1_525' title='bbox 3145 1137 3353 1191; x_wconf 90' lang='lat' dir='ltr'><strong>illorum</strong></span> <span class='ocrx_word' id='word_1_526' title='bbox 3385 1135 3600 1190; x_wconf 83' lang='lat' dir='ltr'><strong>fratrem</strong></span> <span class='ocrx_word' id='word_1_527' title='bbox 3632 1135 3759 1188; x_wconf 83' lang='lat' dir='ltr'><strong>Dio-</strong></span> 
     </span>
    </p>
   </div>
   <div class='ocr_carea' id='block_1_71' title="bbox 2170 1228 3757 1300">
    <p class='ocr_par' dir='ltr' id='par_1_71' title="bbox 2170 1228 3757 1300">
     <span class='ocr_line' id='line_1_71' title="bbox 2170 1228 3757 1300; baseline -0.003 -16"><span class='ocrx_word' id='word_1_528' title='bbox 2170 1248 2405 1296; x_wconf 91' lang='lat' dir='ltr'><strong>scorum,</strong></span> <span class='ocrx_word' id='word_1_529' title='bbox 2438 1240 2680 1285; x_wconf 90' lang='lat' dir='ltr'><strong>sanctum</strong></span> <span class='ocrx_word' id='word_1_530' title='bbox 2707 1233 3037 1300; x_wconf 87' lang='lat' dir='ltr'><strong>episcopum,</strong></span> <span class='ocrx_word' id='word_1_531' title='bbox 3070 1231 3158 1300; x_wconf 92' lang='lat' dir='ltr'><strong>qui</strong></span> <span class='ocrx_word' id='word_1_532' title='bbox 3189 1238 3305 1284; x_wconf 88' lang='lat' dir='ltr'><strong>erat</strong></span> <span class='ocrx_word' id='word_1_533' title='bbox 3324 1244 3390 1284; x_wconf 79' lang='lat' dir='ltr'><strong>ex</strong></span> <span class='ocrx_word' id='word_1_534' title='bbox 3419 1228 3508 1281; x_wconf 93' lang='lat' dir='ltr'><strong>illo</strong></span> <span class='ocrx_word' id='word_1_535' title='bbox 3537 1237 3718 1282; x_wconf 89' lang='lat' dir='ltr'><strong>monte</strong></span> <span class='ocrx_word' id='word_1_536' title='bbox 3741 1267 3757 1291; x_wconf 97' lang='lat'><strong>,</strong></span> 
     </span>
    </p>
   </div>
   <div class='ocr_carea' id='block_1_72' title="bbox 2169 1319 3762 1391">
    <p class='ocr_par' dir='ltr' id='par_1_72' title="bbox 2169 1319 3762 1391">
     <span class='ocr_line' id='line_1_72' title="bbox 2169 1319 3762 1391; baseline -0.002 -16"><span class='ocrx_word' id='word_1_537' title='bbox 2169 1323 2316 1390; x_wconf 86' lang='lat' dir='ltr'><strong>jubet</strong></span> <span class='ocrx_word' id='word_1_538' title='bbox 2340 1322 2532 1376; x_wconf 89' lang='lat' dir='ltr'><strong>throno</strong></span> <span class='ocrx_word' id='word_1_539' title='bbox 2552 1323 2693 1391; x_wconf 88' lang='lat' dir='ltr'><strong>ejici,</strong></span> <span class='ocrx_word' id='word_1_540' title='bbox 2725 1333 2948 1376; x_wconf 88' lang='lat' dir='ltr'><strong>tractum</strong></span> <span class='ocrx_word' id='word_1_541' title='bbox 2967 1337 2997 1374; x_wconf 89' lang='lat' dir='ltr'><strong>a</strong></span> <span class='ocrx_word' id='word_1_542' title='bbox 3019 1322 3186 1376; x_wconf 86' lang='lat' dir='ltr'><strong>servis</strong></span> <span class='ocrx_word' id='word_1_543' title='bbox 3203 1320 3563 1390; x_wconf 63' lang='lat' dir='ltr'><strong>Ethiopibus,</strong></span> <span class='ocrx_word' id='word_1_544' title='bbox 3593 1319 3762 1388; x_wconf 85' lang='lat' dir='ltr'><strong>iisque</strong></span> 
     </span>
    </p>
   </div>
   <div class='ocr_carea' id='block_1_73' title="bbox 2173 1411 3761 1483">
    <p class='ocr_par' dir='ltr' id='par_1_73' title="bbox 2173 1411 3761 1483">
     <span class='ocr_line' id='line_1_73' title="bbox 2173 1411 3761 1483; baseline -0.003 -17"><span class='ocrx_word' id='word_1_545' title='bbox 2173 1415 2398 1468; x_wconf 86' lang='lat' dir='ltr'><strong>fortasse</strong></span> <span class='ocrx_word' id='word_1_546' title='bbox 2437 1414 2672 1468; x_wconf 89' lang='lat' dir='ltr'><strong>nundum</strong></span> <span class='ocrx_word' id='word_1_547' title='bbox 2712 1413 3028 1483; x_wconf 83' lang='lat' dir='ltr'><strong>baptizatis;</strong></span> <span class='ocrx_word' id='word_1_548' title='bbox 3062 1413 3160 1468; x_wconf 89' lang='lat' dir='ltr'><strong>sibi</strong></span> <span class='ocrx_word' id='word_1_549' title='bbox 3201 1411 3477 1466; x_wconf 81' lang='lat' dir='ltr'><strong>vindicans</strong></span> <span class='ocrx_word' id='word_1_550' title='bbox 3514 1413 3629 1480; x_wconf 86' lang='lat' dir='ltr'><strong>ejus</strong></span> <span class='ocrx_word' id='word_1_551' title='bbox 3671 1427 3761 1480; x_wconf 85' lang='lat' dir='ltr'><strong>pa-</strong></span> 
     </span>
    </p>
   </div>
   <div class='ocr_carea' id='block_1_74' title="bbox 2173 1503 3764 1576">
    <p class='ocr_par' dir='ltr' id='par_1_74' title="bbox 2173 1503 3764 1576">
     <span class='ocr_line' id='line_1_74' title="bbox 2173 1503 3764 1576; baseline -0.004 -15"><span class='ocrx_word' id='word_1_552' title='bbox 2173 1507 2415 1573; x_wconf 67' lang='lat' dir='ltr'><strong>roreiam,</strong></span> <span class='ocrx_word' id='word_1_553' title='bbox 2447 1521 2602 1576; x_wconf 90' lang='lat' dir='ltr'><strong>quam</strong></span> <span class='ocrx_word' id='word_1_554' title='bbox 2634 1521 2661 1560; x_wconf 88' lang='lat' dir='ltr'><strong>a</strong></span> <span class='ocrx_word' id='word_1_555' title='bbox 2693 1505 2889 1560; x_wconf 90' lang='lat' dir='ltr'><strong>Christi</strong></span> <span class='ocrx_word' id='word_1_556' title='bbox 2916 1506 3142 1559; x_wconf 85' lang='lat' dir='ltr'><strong>adventu</strong></span> <span class='ocrx_word' id='word_1_557' title='bbox 3176 1505 3405 1560; x_wconf 90' lang='lat' dir='ltr'><strong>habebat</strong></span> <span class='ocrx_word' id='word_1_558' title='bbox 3429 1505 3614 1557; x_wconf 84' lang='lat' dir='ltr'><strong>civitas</strong></span> <span class='ocrx_word' id='word_1_559' title='bbox 3642 1503 3764 1558; x_wconf 64' lang='lat' dir='ltr'><strong>Dio«</strong></span> 
     </span>
    </p>
   </div>
   <div class='ocr_carea' id='block_1_75' title="bbox 2176 1596 3765 1668">
    <p class='ocr_par' dir='ltr' id='par_1_75' title="bbox 2176 1596 3765 1668">
     <span class='ocr_line' id='line_1_75' title="bbox 2176 1596 3765 1668; baseline -0.002 -16"><span class='ocrx_word' id='word_1_560' title='bbox 2176 1601 2335 1655; x_wconf 90' lang='lat' dir='ltr'><strong>scori.</strong></span> <span class='ocrx_word' id='word_1_561' title='bbox 2367 1598 2494 1653; x_wconf 91' lang='lat' dir='ltr'><strong>Inde</strong></span> <span class='ocrx_word' id='word_1_562' title='bbox 2525 1598 2790 1668; x_wconf 73' lang='lat' dir='ltr'><strong>prcedatur</strong></span> <span class='ocrx_word' id='word_1_563' title='bbox 2819 1608 3088 1663; x_wconf 83' lang='lat' dir='ltr'><strong>montem,</strong></span> <span class='ocrx_word' id='word_1_564' title='bbox 3131 1596 3517 1652; x_wconf 89' lang='lat' dir='ltr'><strong>monachorum</strong></span> <span class='ocrx_word' id='word_1_565' title='bbox 3559 1596 3765 1651; x_wconf 86' lang='lat' dir='ltr'><strong>reculas</strong></span> 
     </span>
    </p>
   </div>
   <div class='ocr_carea' id='block_1_76' title="bbox 2172 1687 3768 1761">
    <p class='ocr_par' dir='ltr' id='par_1_76' title="bbox 2172 1687 3768 1761">
     <span class='ocr_line' id='line_1_76' title="bbox 2172 1687 3768 1761; baseline -0.003 -17"><span class='ocrx_word' id='word_1_566' title='bbox 2172 1691 2476 1761; x_wconf 89' lang='lat' dir='ltr'><strong>junioribus</strong></span> <span class='ocrx_word' id='word_1_567' title='bbox 2517 1691 2749 1761; x_wconf 70' lang='lat' dir='ltr'><strong>praedam</strong></span> <span class='ocrx_word' id='word_1_568' title='bbox 2786 1691 3060 1745; x_wconf 91' lang='lat' dir='ltr'><strong>addicens.</strong></span> <span class='ocrx_word' id='word_1_569' title='bbox 3106 1688 3364 1757; x_wconf 80' lang='lat' dir='ltr'><strong>Expilatis</strong></span> <span class='ocrx_word' id='word_1_570' title='bbox 3404 1687 3643 1751; x_wconf 90' lang='lat' dir='ltr'><strong>cellulis,</strong></span> <span class='ocrx_word' id='word_1_571' title='bbox 3688 1687 3768 1740; x_wconf 89' lang='lat' dir='ltr'><strong>in-</strong></span> 
     </span>
    </p>
   </div>
   <div class='ocr_carea' id='block_1_77' title="bbox 2178 1779 3768 1852">
    <p class='ocr_par' dir='ltr' id='par_1_77' title="bbox 2178 1779 3768 1852">
     <span class='ocr_line' id='line_1_77' title="bbox 2178 1779 3768 1852; baseline -0.003 -16"><span class='ocrx_word' id='word_1_572' title='bbox 2178 1783 2341 1850; x_wconf 91' lang='lat' dir='ltr'><strong>quirit</strong></span> <span class='ocrx_word' id='word_1_573' title='bbox 2371 1791 2480 1838; x_wconf 93' lang='lat' dir='ltr'><strong>tres</strong></span> <span class='ocrx_word' id='word_1_574' title='bbox 2509 1783 2628 1836; x_wconf 91' lang='lat' dir='ltr'><strong>illos</strong></span> <span class='ocrx_word' id='word_1_575' title='bbox 2655 1796 2791 1852; x_wconf 90' lang='lat' dir='ltr'><strong>quos</strong></span> <span class='ocrx_word' id='word_1_576' title='bbox 2821 1782 2873 1835; x_wconf 94' lang='lat' dir='ltr'><strong>in</strong></span> <span class='ocrx_word' id='word_1_577' title='bbox 2904 1790 3119 1851; x_wconf 91' lang='lat' dir='ltr'><strong>puteum</strong></span> <span class='ocrx_word' id='word_1_578' title='bbox 3148 1780 3493 1843; x_wconf 89' lang='lat' dir='ltr'><strong>demiserant,</strong></span> <span class='ocrx_word' id='word_1_579' title='bbox 3525 1779 3768 1848; x_wconf 88' lang='lat' dir='ltr'><strong>imposita</strong></span> 
     </span>
    </p>
   </div>
   <div class='ocr_carea' id='block_1_78' title="bbox 2180 1873 3768 1944">
    <p class='ocr_par' dir='ltr' id='par_1_78' title="bbox 2180 1873 3768 1944">
     <span class='ocr_line' id='line_1_78' title="bbox 2180 1873 3768 1944; baseline -0.001 -16"><span class='ocrx_word' id='word_1_580' title='bbox 2180 1876 2259 1929; x_wconf 91' lang='lat' dir='ltr'><strong>ori</strong></span> <span class='ocrx_word' id='word_1_581' title='bbox 2305 1875 2448 1944; x_wconf 90' lang='lat' dir='ltr'><strong>putei</strong></span> <span class='ocrx_word' id='word_1_582' title='bbox 2497 1885 2721 1930; x_wconf 90' lang='lat' dir='ltr'><strong>storea:</strong></span> <span class='ocrx_word' id='word_1_583' title='bbox 2762 1890 2883 1929; x_wconf 91' lang='lat' dir='ltr'><strong>cum</strong></span> <span class='ocrx_word' id='word_1_584' title='bbox 2930 1884 3108 1943; x_wconf 86' lang='lat' dir='ltr'><strong>autem</strong></span> <span class='ocrx_word' id='word_1_585' title='bbox 3153 1889 3249 1928; x_wconf 89' lang='lat' dir='ltr'><strong>eos</strong></span> <span class='ocrx_word' id='word_1_586' title='bbox 3289 1887 3394 1927; x_wconf 91' lang='lat' dir='ltr'><strong>non</strong></span> <span class='ocrx_word' id='word_1_587' title='bbox 3436 1873 3768 1938; x_wconf 89' lang='lat' dir='ltr'><strong>invenisset,</strong></span> 
     </span>
    </p>
   </div>
   <div class='ocr_carea' id='block_1_79' title="bbox 2181 1964 3773 2029">
    <p class='ocr_par' dir='ltr' id='par_1_79' title="bbox 2181 1964 3773 2029">
     <span class='ocr_line' id='line_1_79' title="bbox 2181 1964 3773 2029; baseline -0.002 -9"><span class='ocrx_word' id='word_1_588' title='bbox 2181 1981 2366 2022; x_wconf 90' lang='lat' dir='ltr'><strong>eorum</strong></span> <span class='ocrx_word' id='word_1_589' title='bbox 2396 1966 2616 2021; x_wconf 90' lang='lat' dir='ltr'><strong>cellulas</strong></span> <span class='ocrx_word' id='word_1_590' title='bbox 2641 1966 2928 2021; x_wconf 88' lang='lat' dir='ltr'><strong>sarmentis</strong></span> <span class='ocrx_word' id='word_1_591' title='bbox 2959 1964 3230 2029; x_wconf 91' lang='lat' dir='ltr'><strong>incendit,</strong></span> <span class='ocrx_word' id='word_1_592' title='bbox 3257 1964 3548 2018; x_wconf 90' lang='lat' dir='ltr'><strong>combustis</strong></span> <span class='ocrx_word' id='word_1_593' title='bbox 3577 1979 3678 2017; x_wconf 90' lang='lat' dir='ltr'><strong>una</strong></span> <span class='ocrx_word' id='word_1_594' title='bbox 3706 1965 3773 2017; x_wconf 88' lang='lat' dir='ltr'><strong>li-</strong></span> 
     </span>
    </p>
   </div>
   <div class='ocr_carea' id='block_1_80' title="bbox 2183 2054 3774 2123">
    <p class='ocr_par' dir='ltr' id='par_1_80' title="bbox 2183 2054 3774 2123">
     <span class='ocr_line' id='line_1_80' title="bbox 2183 2054 3774 2123; baseline -0.002 -13"><span class='ocrx_word' id='word_1_595' title='bbox 2183 2056 2296 2111; x_wconf 88' lang='lat' dir='ltr'><strong>bris</strong></span> <span class='ocrx_word' id='word_1_596' title='bbox 2319 2056 2566 2111; x_wconf 89' lang='lat' dir='ltr'><strong>omnibus</strong></span> <span class='ocrx_word' id='word_1_597' title='bbox 2580 2058 2778 2112; x_wconf 88' lang='lat' dir='ltr'><strong>veteris</strong></span> <span class='ocrx_word' id='word_1_598' title='bbox 2803 2071 2866 2110; x_wconf 94' lang='lat' dir='ltr'><strong>ac</strong></span> <span class='ocrx_word' id='word_1_599' title='bbox 2886 2058 3008 2110; x_wconf 90' lang='lat' dir='ltr'><strong>novi</strong></span> <span class='ocrx_word' id='word_1_600' title='bbox 3025 2055 3375 2120; x_wconf 86' lang='lat' dir='ltr'><strong>Testamenti,</strong></span> <span class='ocrx_word' id='word_1_601' title='bbox 3392 2054 3613 2123; x_wconf 88' lang='lat' dir='ltr'><strong>aliisque</strong></span> <span class='ocrx_word' id='word_1_602' title='bbox 3635 2055 3774 2122; x_wconf 87' lang='lat' dir='ltr'><strong>opti-</strong></span> 
     </span>
    </p>
   </div>
   <div class='ocr_carea' id='block_1_81' title="bbox 2185 2149 3774 2221">
    <p class='ocr_par' dir='ltr' id='par_1_81' title="bbox 2185 2149 3774 2221">
     <span class='ocr_line' id='line_1_81' title="bbox 2185 2149 3774 2221; baseline -0.003 -15"><span class='ocrx_word' id='word_1_603' title='bbox 2185 2153 2288 2206; x_wconf 90' lang='lat' dir='ltr'><strong>mis</strong></span> <span class='ocrx_word' id='word_1_604' title='bbox 2317 2151 2585 2206; x_wconf 88' lang='lat' dir='ltr'><strong>codicibus</strong></span> <span class='ocrx_word' id='word_1_605' title='bbox 2607 2193 2619 2215; x_wconf 93' lang='lat'><strong>,</strong></span> <span class='ocrx_word' id='word_1_606' title='bbox 2652 2160 2708 2206; x_wconf 91' lang='lat' dir='ltr'><strong>et</strong></span> <span class='ocrx_word' id='word_1_607' title='bbox 2733 2166 2897 2221; x_wconf 92' lang='lat' dir='ltr'><strong>puero</strong></span> <span class='ocrx_word' id='word_1_608' title='bbox 2919 2165 3024 2203; x_wconf 92' lang='lat' dir='ltr'><strong>uno</strong></span> <span class='ocrx_word' id='word_1_609' title='bbox 3049 2190 3063 2215; x_wconf 91' lang='lat'><strong>,</strong></span> <span class='ocrx_word' id='word_1_610' title='bbox 3096 2151 3235 2204; x_wconf 85' lang='lat' dir='ltr'><strong>sicut</strong></span> <span class='ocrx_word' id='word_1_611' title='bbox 3271 2149 3467 2203; x_wconf 89' lang='lat' dir='ltr'><strong>oculati</strong></span> <span class='ocrx_word' id='word_1_612' title='bbox 3501 2157 3665 2204; x_wconf 88' lang='lat' dir='ltr'><strong>testes</strong></span> <span class='ocrx_word' id='word_1_613' title='bbox 3690 2149 3774 2204; x_wconf 89' lang='lat' dir='ltr'><strong>di-</strong></span> 
     </span>
    </p>
   </div>
   <div class='ocr_carea' id='block_1_82' title="bbox 2185 2243 3778 2312">
    <p class='ocr_par' dir='ltr' id='par_1_82' title="bbox 2185 2243 3778 2312">
     <span class='ocr_line' id='line_1_82' title="bbox 2185 2243 3778 2312; baseline -0.001 -14"><span class='ocrx_word' id='word_1_614' title='bbox 2185 2259 2334 2309; x_wconf 79' lang='lat' dir='ltr'><strong>xere,</strong></span> <span class='ocrx_word' id='word_1_615' title='bbox 2365 2254 2418 2300; x_wconf 92' lang='lat' dir='ltr'><strong>et</strong></span> <span class='ocrx_word' id='word_1_616' title='bbox 2441 2259 2589 2299; x_wconf 89' lang='lat' dir='ltr'><strong>sacra</strong></span> <span class='ocrx_word' id='word_1_617' title='bbox 2619 2243 2972 2299; x_wconf 85' lang='lat' dir='ltr'><strong>Eucharistia.</strong></span> <span class='ocrx_word' id='word_1_618' title='bbox 3003 2244 3133 2298; x_wconf 90' lang='lat' dir='ltr'><strong>Cum</strong></span> <span class='ocrx_word' id='word_1_619' title='bbox 3161 2251 3340 2298; x_wconf 89' lang='lat' dir='ltr'><strong>autem</strong></span> <span class='ocrx_word' id='word_1_620' title='bbox 3372 2243 3632 2312; x_wconf 88' lang='lat' dir='ltr'><strong>impotens</strong></span> <span class='ocrx_word' id='word_1_621' title='bbox 3660 2243 3778 2311; x_wconf 89' lang='lat' dir='ltr'><strong>ejns</strong></span> 
     </span>
    </p>
   </div>
   <div class='ocr_carea' id='block_1_83' title="bbox 2188 2335 3778 2406">
    <p class='ocr_par' dir='ltr' id='par_1_83' title="bbox 2188 2335 3778 2406">
     <span class='ocr_line' id='line_1_83' title="bbox 2188 2335 3778 2406; baseline -0.001 -16"><span class='ocrx_word' id='word_1_622' title='bbox 2188 2335 2264 2390; x_wconf 91' lang='lat' dir='ltr'><strong>ira</strong></span> <span class='ocrx_word' id='word_1_623' title='bbox 2289 2335 2554 2406; x_wconf 91' lang='lat' dir='ltr'><strong>paululum</strong></span> <span class='ocrx_word' id='word_1_624' title='bbox 2577 2335 2951 2402; x_wconf 86' lang='lat' dir='ltr'><strong>deferbulsset,</strong></span> <span class='ocrx_word' id='word_1_625' title='bbox 2976 2335 3345 2390; x_wconf 80' lang='lat' dir='ltr'><strong>Alexandriam</strong></span> <span class='ocrx_word' id='word_1_626' title='bbox 3372 2337 3582 2404; x_wconf 91' lang='lat' dir='ltr'><strong>repetit,</strong></span> <span class='ocrx_word' id='word_1_627' title='bbox 3603 2335 3778 2388; x_wconf 90' lang='lat' dir='ltr'><strong>locum</strong></span> 
     </span>
    </p>
   </div>
   <div class='ocr_carea' id='block_1_84' title="bbox 2187 2427 3777 2500">
    <p class='ocr_par' dir='ltr' id='par_1_84' title="bbox 2187 2427 3777 2500">
     <span class='ocr_line' id='line_1_84' title="bbox 2187 2427 3777 2500; baseline -0.001 -17"><span class='ocrx_word' id='word_1_628' title='bbox 2187 2428 2311 2500; x_wconf 87' lang='lat' dir='ltr'><strong>fuge</strong></span> <span class='ocrx_word' id='word_1_629' title='bbox 2337 2428 2470 2484; x_wconf 91' lang='lat' dir='ltr'><strong>dans</strong></span> <span class='ocrx_word' id='word_1_630' title='bbox 2498 2429 2694 2484; x_wconf 90' lang='lat' dir='ltr'><strong>sanctis</strong></span> <span class='ocrx_word' id='word_1_631' title='bbox 2725 2430 2830 2483; x_wconf 91' lang='lat' dir='ltr'><strong>illis</strong></span> <span class='ocrx_word' id='word_1_632' title='bbox 2851 2429 2978 2483; x_wconf 91' lang='lat' dir='ltr'><strong>viris</strong></span> <span class='ocrx_word' id='word_1_633' title='bbox 2999 2447 3012 2484; x_wconf 90' lang='lat'><strong>:</strong></span> <span class='ocrx_word' id='word_1_634' title='bbox 3033 2429 3125 2499; x_wconf 90' lang='lat' dir='ltr'><strong>qui</strong></span> <span class='ocrx_word' id='word_1_635' title='bbox 3154 2430 3380 2498; x_wconf 89' lang='lat' dir='ltr'><strong>sumptis</strong></span> <span class='ocrx_word' id='word_1_636' title='bbox 3408 2429 3588 2483; x_wconf 91' lang='lat' dir='ltr'><strong>statim</strong></span> <span class='ocrx_word' id='word_1_637' title='bbox 3608 2427 3777 2483; x_wconf 88' lang='lat' dir='ltr'><strong>melo-</strong></span> 
     </span>
    </p>
   </div>
   <div class='ocr_carea' id='block_1_85' title="bbox 2191 2521 3776 2590">
    <p class='ocr_par' dir='ltr' id='par_1_85' title="bbox 2191 2521 3776 2590">
     <span class='ocr_line' id='line_1_85' title="bbox 2191 2521 3776 2590; baseline 0 -16"><span class='ocrx_word' id='word_1_638' title='bbox 2191 2521 2259 2575; x_wconf 92' lang='lat' dir='ltr'><strong>tis</strong></span> <span class='ocrx_word' id='word_1_639' title='bbox 2303 2521 2420 2576; x_wconf 79' lang='lat' dir='ltr'><strong>suis</strong></span> <span class='ocrx_word' id='word_1_640' title='bbox 2446 2523 2500 2576; x_wconf 92' lang='lat' dir='ltr'><strong>in</strong></span> <span class='ocrx_word' id='word_1_641' title='bbox 2539 2521 2878 2576; x_wconf 72' lang='lat' dir='ltr'><strong>Palmstinam</strong></span> <span class='ocrx_word' id='word_1_642' title='bbox 2928 2521 3188 2590; x_wconf 90' lang='lat' dir='ltr'><strong>profecti,</strong></span> <span class='ocrx_word' id='word_1_643' title='bbox 3234 2521 3428 2575; x_wconf 68' lang='lat' dir='ltr'><strong>Ailiam</strong></span> <span class='ocrx_word' id='word_1_644' title='bbox 3470 2521 3776 2575; x_wconf 85' lang='lat' dir='ltr'><strong>adventant.</strong></span> 
     </span>
    </p>
   </div>
   <div class='ocr_carea' id='block_1_86' title="bbox 2190 2611 3781 2684">
    <p class='ocr_par' dir='ltr' id='par_1_86' title="bbox 2190 2611 3781 2684">
     <span class='ocr_line' id='line_1_86' title="bbox 2190 2611 3781 2684; baseline 0.001 -18"><span class='ocrx_word' id='word_1_645' title='bbox 2190 2611 2322 2667; x_wconf 88' lang='lat' dir='ltr'><strong>Cum</strong></span> <span class='ocrx_word' id='word_1_646' title='bbox 2356 2614 2422 2668; x_wconf 91' lang='lat' dir='ltr'><strong>iis</strong></span> <span class='ocrx_word' id='word_1_647' title='bbox 2449 2613 2651 2684; x_wconf 85' lang='lat' dir='ltr'><strong>egressi</strong></span> <span class='ocrx_word' id='word_1_648' title='bbox 2681 2621 2825 2678; x_wconf 88' lang='lat' dir='ltr'><strong>sunt,</strong></span> <span class='ocrx_word' id='word_1_649' title='bbox 2868 2624 3062 2683; x_wconf 58' lang='lat' dir='ltr'><strong>praeter</strong></span> <span class='ocrx_word' id='word_1_650' title='bbox 3091 2613 3431 2684; x_wconf 87' lang='lat' dir='ltr'><strong>presbyteros</strong></span> <span class='ocrx_word' id='word_1_651' title='bbox 3455 2624 3508 2667; x_wconf 91' lang='lat' dir='ltr'><strong>et</strong></span> <span class='ocrx_word' id='word_1_652' title='bbox 3527 2614 3781 2668; x_wconf 82' lang='lat' dir='ltr'><strong>diaconos</strong></span> 
     </span>
    </p>
   </div>
   <div class='ocr_carea' id='block_1_87' title="bbox 2191 2706 3780 2775">
    <p class='ocr_par' dir='ltr' id='par_1_87' title="bbox 2191 2706 3780 2775">
     <span class='ocr_line' id='line_1_87' title="bbox 2191 2706 3780 2775; baseline -0.001 -14"><span class='ocrx_word' id='word_1_653' title='bbox 2191 2707 2334 2762; x_wconf 92' lang='lat' dir='ltr'><strong>illius</strong></span> <span class='ocrx_word' id='word_1_654' title='bbox 2360 2709 2556 2761; x_wconf 91' lang='lat' dir='ltr'><strong>montis</strong></span> <span class='ocrx_word' id='word_1_655' title='bbox 2578 2747 2594 2772; x_wconf 94' lang='lat'><strong>,</strong></span> <span class='ocrx_word' id='word_1_656' title='bbox 2626 2707 2849 2762; x_wconf 91' lang='lat' dir='ltr'><strong>trecenti</strong></span> <span class='ocrx_word' id='word_1_657' title='bbox 2877 2707 3199 2775; x_wconf 78' lang='lat' dir='ltr'><strong>Optimorum</strong></span> <span class='ocrx_word' id='word_1_658' title='bbox 3230 2707 3614 2761; x_wconf 89' lang='lat' dir='ltr'><strong>monachorum</strong></span> <span class='ocrx_word' id='word_1_659' title='bbox 3648 2725 3661 2760; x_wconf 91' lang='lat'><strong>:</strong></span> <span class='ocrx_word' id='word_1_660' title='bbox 3690 2706 3780 2760; x_wconf 88' lang='lat' dir='ltr'><strong>alii</strong></span> 
     </span>
    </p>
   </div>
   <div class='ocr_carea' id='block_1_88' title="bbox 2193 2797 3781 2868">
    <p class='ocr_par' dir='ltr' id='par_1_88' title="bbox 2193 2797 3781 2868">
     <span class='ocr_line' id='line_1_88' title="bbox 2193 2797 3781 2868; baseline 0.001 -18"><span class='ocrx_word' id='word_1_661' title='bbox 2193 2813 2321 2853; x_wconf 90' lang='lat' dir='ltr'><strong>vero</strong></span> <span class='ocrx_word' id='word_1_662' title='bbox 2351 2813 2446 2868; x_wconf 90' lang='lat' dir='ltr'><strong>per</strong></span> <span class='ocrx_word' id='word_1_663' title='bbox 2473 2797 2680 2852; x_wconf 91' lang='lat' dir='ltr'><strong>diversa</strong></span> <span class='ocrx_word' id='word_1_664' title='bbox 2710 2798 2824 2852; x_wconf 93' lang='lat' dir='ltr'><strong>loca</strong></span> <span class='ocrx_word' id='word_1_665' title='bbox 2851 2797 3076 2867; x_wconf 85' lang='lat' dir='ltr'><strong>diSpersi</strong></span> <span class='ocrx_word' id='word_1_666' title='bbox 3107 2807 3251 2852; x_wconf 90' lang='lat' dir='ltr'><strong>sunt.</strong></span> <span class='ocrx_word' id='word_1_667' title='bbox 3283 2797 3562 2852; x_wconf 84' lang='lat' dir='ltr'><strong>Secessum</strong></span> <span class='ocrx_word' id='word_1_668' title='bbox 3594 2813 3781 2853; x_wconf 90' lang='lat' dir='ltr'><strong>eorum</strong></span> 
     </span>
    </p>
   </div>
   <div class='ocr_carea' id='block_1_89' title="bbox 2193 2889 3783 2960">
    <p class='ocr_par' dir='ltr' id='par_1_89' title="bbox 2193 2889 3783 2960">
     <span class='ocr_line' id='line_1_89' title="bbox 2193 2889 3783 2960; baseline 0.001 -16"><span class='ocrx_word' id='word_1_669' title='bbox 2193 2905 2300 2944; x_wconf 89' lang='lat' dir='ltr'><strong>non</strong></span> <span class='ocrx_word' id='word_1_670' title='bbox 2330 2889 2509 2945; x_wconf 90' lang='lat' dir='ltr'><strong>ferens</strong></span> <span class='ocrx_word' id='word_1_671' title='bbox 2532 2891 2732 2960; x_wconf 91' lang='lat' dir='ltr'><strong>obliqui</strong></span> <span class='ocrx_word' id='word_1_672' title='bbox 2759 2905 2947 2945; x_wconf 90' lang='lat' dir='ltr'><strong>cursus</strong></span> <span class='ocrx_word' id='word_1_673' title='bbox 2973 2891 3213 2955; x_wconf 90' lang='lat' dir='ltr'><strong>coluber,</strong></span> <span class='ocrx_word' id='word_1_674' title='bbox 3247 2905 3435 2944; x_wconf 74' lang='lat' dir='ltr'><strong>rursus</strong></span> <span class='ocrx_word' id='word_1_675' title='bbox 3461 2900 3644 2944; x_wconf 90' lang='lat' dir='ltr'><strong>contra</strong></span> <span class='ocrx_word' id='word_1_676' title='bbox 3687 2907 3783 2946; x_wconf 85' lang='lat' dir='ltr'><strong>eos</strong></span> 
     </span>
    </p>
   </div>
   <div class='ocr_carea' id='block_1_90' title="bbox 2193 2983 3786 3053">
    <p class='ocr_par' dir='ltr' id='par_1_90' title="bbox 2193 2983 3786 3053">
     <span class='ocr_line' id='line_1_90' title="bbox 2193 2983 3786 3053; baseline 0.001 -16"><span class='ocrx_word' id='word_1_677' title='bbox 2193 2983 2546 3052; x_wconf 89' lang='lat' dir='ltr'><strong>Theophilum</strong></span> <span class='ocrx_word' id='word_1_678' title='bbox 2577 2983 2800 3038; x_wconf 90' lang='lat' dir='ltr'><strong>suscitat</strong></span> <span class='ocrx_word' id='word_1_679' title='bbox 2828 3001 2841 3036; x_wconf 91' lang='lat'><strong>:</strong></span> <span class='ocrx_word' id='word_1_680' title='bbox 2869 2983 2958 3053; x_wconf 91' lang='lat' dir='ltr'><strong>qui</strong></span> <span class='ocrx_word' id='word_1_681' title='bbox 2986 2983 3060 3036; x_wconf 88' lang='lat' dir='ltr'><strong>ira</strong></span> <span class='ocrx_word' id='word_1_682' title='bbox 3087 2997 3378 3038; x_wconf 88' lang='lat' dir='ltr'><strong>succensus</strong></span> <span class='ocrx_word' id='word_1_683' title='bbox 3403 2985 3580 3038; x_wconf 86' lang='lat' dir='ltr'><strong>literas</strong></span> <span class='ocrx_word' id='word_1_684' title='bbox 3601 2992 3786 3039; x_wconf 80' lang='lat' dir='ltr'><strong>exarat</strong></span> 
     </span>
    </p>
   </div>
   <div class='ocr_carea' id='block_1_91' title="bbox 2193 3074 3780 3146">
    <p class='ocr_par' dir='ltr' id='par_1_91' title="bbox 2193 3074 3780 3146">
     <span class='ocr_line' id='line_1_91' title="bbox 2193 3074 3780 3146; baseline 0.001 -18"><span class='ocrx_word' id='word_1_685' title='bbox 2193 3074 2262 3128; x_wconf 89' lang='lat' dir='ltr'><strong>ad</strong></span> <span class='ocrx_word' id='word_1_686' title='bbox 2302 3074 2583 3145; x_wconf 87' lang='lat' dir='ltr'><strong>episcopos</strong></span> <span class='ocrx_word' id='word_1_687' title='bbox 2628 3075 2966 3130; x_wconf 65' lang='lat' dir='ltr'><strong>Palmstinre:</strong></span> <span class='ocrx_word' id='word_1_688' title='bbox 3003 3091 3106 3130; x_wconf 92' lang='lat' dir='ltr'><strong>non</strong></span> <span class='ocrx_word' id='word_1_689' title='bbox 3149 3077 3466 3146; x_wconf 88' lang='lat' dir='ltr'><strong>oportebat,</strong></span> <span class='ocrx_word' id='word_1_690' title='bbox 3499 3077 3741 3146; x_wconf 85' lang='lat' dir='ltr'><strong>inquiens</strong></span> <span class='ocrx_word' id='word_1_691' title='bbox 3765 3119 3780 3142; x_wconf 87' lang='lat'><strong>,</strong></span> 
     </span>
    </p>
   </div>
   <div class='ocr_carea' id='block_1_92' title="bbox 2195 3169 3786 3241">
    <p class='ocr_par' dir='ltr' id='par_1_92' title="bbox 2195 3169 3786 3241">
     <span class='ocr_line' id='line_1_92' title="bbox 2195 3169 3786 3241; baseline 0 -16"><span class='ocrx_word' id='word_1_692' title='bbox 2195 3185 2291 3225; x_wconf 88' lang='lat' dir='ltr'><strong>vos</strong></span> <span class='ocrx_word' id='word_1_693' title='bbox 2317 3178 2514 3241; x_wconf 70' lang='lat' dir='ltr'><strong>praeter</strong></span> <span class='ocrx_word' id='word_1_694' title='bbox 2543 3169 2870 3225; x_wconf 86' lang='lat' dir='ltr'><strong>voluntatem</strong></span> <span class='ocrx_word' id='word_1_695' title='bbox 2911 3186 3083 3225; x_wconf 89' lang='lat' dir='ltr'><strong>meam</strong></span> <span class='ocrx_word' id='word_1_696' title='bbox 3113 3170 3163 3224; x_wconf 92' lang='lat' dir='ltr'><strong>in</strong></span> <span class='ocrx_word' id='word_1_697' title='bbox 3195 3171 3436 3225; x_wconf 88' lang='lat' dir='ltr'><strong>civitates</strong></span> <span class='ocrx_word' id='word_1_698' title='bbox 3462 3179 3664 3224; x_wconf 89' lang='lat' dir='ltr'><strong>vestras</strong></span> <span class='ocrx_word' id='word_1_699' title='bbox 3687 3170 3786 3225; x_wconf 81' lang='lat' dir='ltr'><strong>hos</strong></span> 
     </span>
    </p>
   </div>
   <div class='ocr_carea' id='block_1_93' title="bbox 2195 3261 3785 3332">
    <p class='ocr_par' dir='ltr' id='par_1_93' title="bbox 2195 3261 3785 3332">
     <span class='ocr_line' id='line_1_93' title="bbox 2195 3261 3785 3332; baseline -0.003 -14"><span class='ocrx_word' id='word_1_700' title='bbox 2195 3264 2467 3332; x_wconf 88' lang='lat' dir='ltr'><strong>recipere;</strong></span> <span class='ocrx_word' id='word_1_701' title='bbox 2499 3261 2592 3316; x_wconf 89' lang='lat' dir='ltr'><strong>sed</strong></span> <span class='ocrx_word' id='word_1_702' title='bbox 2619 3262 2872 3332; x_wconf 88' lang='lat' dir='ltr'><strong>quoniam</strong></span> <span class='ocrx_word' id='word_1_703' title='bbox 2902 3262 3070 3330; x_wconf 88' lang='lat' dir='ltr'><strong>ignari</strong></span> <span class='ocrx_word' id='word_1_704' title='bbox 3104 3261 3153 3316; x_wconf 94' lang='lat' dir='ltr'><strong>id</strong></span> <span class='ocrx_word' id='word_1_705' title='bbox 3183 3261 3384 3316; x_wconf 90' lang='lat' dir='ltr'><strong>fecistis</strong></span> <span class='ocrx_word' id='word_1_706' title='bbox 3410 3303 3424 3325; x_wconf 95' lang='lat'><strong>,</strong></span> <span class='ocrx_word' id='word_1_707' title='bbox 3454 3261 3604 3316; x_wconf 91' lang='lat' dir='ltr'><strong>vobis</strong></span> <span class='ocrx_word' id='word_1_708' title='bbox 3632 3261 3785 3329; x_wconf 74' lang='lat' dir='ltr'><strong>igno—</strong></span> 
     </span>
    </p>
   </div>
   <div class='ocr_carea' id='block_1_94' title="bbox 2195 3353 3788 3422">
    <p class='ocr_par' dir='ltr' id='par_1_94' title="bbox 2195 3353 3788 3422">
     <span class='ocr_line' id='line_1_94' title="bbox 2195 3353 3788 3422; baseline -0.003 -13"><span class='ocrx_word' id='word_1_709' title='bbox 2195 3369 2309 3409; x_wconf 89' lang='lat' dir='ltr'><strong>sco.</strong></span> <span class='ocrx_word' id='word_1_710' title='bbox 2340 3354 2395 3408; x_wconf 92' lang='lat' dir='ltr'><strong>ln</strong></span> <span class='ocrx_word' id='word_1_711' title='bbox 2425 3362 2699 3422; x_wconf 91' lang='lat' dir='ltr'><strong>posterum</strong></span> <span class='ocrx_word' id='word_1_712' title='bbox 2729 3353 2889 3422; x_wconf 86' lang='lat' dir='ltr'><strong>igitur</strong></span> <span class='ocrx_word' id='word_1_713' title='bbox 2912 3362 3117 3418; x_wconf 88' lang='lat' dir='ltr'><strong>cavete,</strong></span> <span class='ocrx_word' id='word_1_714' title='bbox 3148 3369 3213 3407; x_wconf 90' lang='lat' dir='ltr'><strong>ne</strong></span> <span class='ocrx_word' id='word_1_715' title='bbox 3251 3353 3371 3406; x_wconf 90' lang='lat' dir='ltr'><strong>illos</strong></span> <span class='ocrx_word' id='word_1_716' title='bbox 3401 3362 3493 3406; x_wconf 85' lang='lat' dir='ltr'><strong>aut</strong></span> <span class='ocrx_word' id='word_1_717' title='bbox 3524 3356 3572 3405; x_wconf 91' lang='lat' dir='ltr'><strong>in</strong></span> <span class='ocrx_word' id='word_1_718' title='bbox 3607 3353 3788 3407; x_wconf 51' lang='lat' dir='ltr'><strong>eccle»</strong></span> 
     </span>
    </p>
   </div>
   <div class='ocr_carea' id='block_1_95' title="bbox 2196 3445 3784 3514">
    <p class='ocr_par' dir='ltr' id='par_1_95' title="bbox 2196 3445 3784 3514">
     <span class='ocr_line' id='line_1_95' title="bbox 2196 3445 3784 3514; baseline -0.001 -14"><span class='ocrx_word' id='word_1_719' title='bbox 2196 3447 2465 3500; x_wconf 91' lang='lat' dir='ltr'><strong>siasticum</strong></span> <span class='ocrx_word' id='word_1_720' title='bbox 2493 3454 2587 3499; x_wconf 91' lang='lat' dir='ltr'><strong>aut</strong></span> <span class='ocrx_word' id='word_1_721' title='bbox 2613 3446 2664 3499; x_wconf 94' lang='lat' dir='ltr'><strong>in</strong></span> <span class='ocrx_word' id='word_1_722' title='bbox 2692 3445 2951 3514; x_wconf 90' lang='lat' dir='ltr'><strong>privatum</strong></span> <span class='ocrx_word' id='word_1_723' title='bbox 2980 3445 3209 3514; x_wconf 90' lang='lat' dir='ltr'><strong>aliquem</strong></span> <span class='ocrx_word' id='word_1_724' title='bbox 3243 3447 3416 3500; x_wconf 91' lang='lat' dir='ltr'><strong>locum</strong></span> <span class='ocrx_word' id='word_1_725' title='bbox 3442 3445 3735 3502; x_wconf 87' lang='lat' dir='ltr'><strong>admittatis</strong></span> <span class='ocrx_word' id='word_1_726' title='bbox 3771 3464 3784 3498; x_wconf 94' lang='lat'>:</span> 
     </span>
    </p>
   </div>
   <div class='ocr_carea' id='block_1_96' title="bbox 2196 3536 3786 3606">
    <p class='ocr_par' dir='ltr' id='par_1_96' title="bbox 2196 3536 3786 3606">
     <span class='ocr_line' id='line_1_96' title="bbox 2196 3536 3786 3606; baseline -0.001 -14"><span class='ocrx_word' id='word_1_727' title='bbox 2196 3538 2356 3593; x_wconf 91' lang='lat' dir='ltr'><strong>deum</strong></span> <span class='ocrx_word' id='word_1_728' title='bbox 2381 3553 2500 3593; x_wconf 91' lang='lat' dir='ltr'><strong>esse</strong></span> <span class='ocrx_word' id='word_1_729' title='bbox 2526 3552 2585 3592; x_wconf 92' lang='lat' dir='ltr'><strong>se</strong></span> <span class='ocrx_word' id='word_1_730' title='bbox 2611 3553 2716 3591; x_wconf 92' lang='lat' dir='ltr'><strong>non</strong></span> <span class='ocrx_word' id='word_1_731' title='bbox 2744 3536 2926 3592; x_wconf 90' lang='lat' dir='ltr'><strong>dicens</strong></span> <span class='ocrx_word' id='word_1_732' title='bbox 2955 3545 3160 3593; x_wconf 88' lang='lat' dir='ltr'><strong>tantum</strong></span> <span class='ocrx_word' id='word_1_733' title='bbox 3181 3577 3196 3599; x_wconf 84' lang='lat'><strong>,</strong></span> <span class='ocrx_word' id='word_1_734' title='bbox 3233 3536 3325 3592; x_wconf 89' lang='lat' dir='ltr'><strong>sed</strong></span> <span class='ocrx_word' id='word_1_735' title='bbox 3357 3539 3514 3591; x_wconf 90' lang='lat' dir='ltr'><strong>etiam</strong></span> <span class='ocrx_word' id='word_1_736' title='bbox 3545 3553 3653 3606; x_wconf 72' lang='lat' dir='ltr'><strong>prae</strong></span> <span class='ocrx_word' id='word_1_737' title='bbox 3684 3539 3786 3592; x_wconf 90' lang='lat' dir='ltr'><strong>im-</strong></span> 
     </span>
    </p>
   </div>
   <div class='ocr_carea' id='block_1_97' title="bbox 2199 3630 3788 3702">
    <p class='ocr_par' dir='ltr' id='par_1_97' title="bbox 2199 3630 3788 3702">
     <span class='ocr_line' id='line_1_97' title="bbox 2199 3630 3788 3702; baseline 0.001 -16"><span class='ocrx_word' id='word_1_738' title='bbox 2199 3631 2408 3688; x_wconf 88' lang='lat' dir='ltr'><strong>modica</strong></span> <span class='ocrx_word' id='word_1_739' title='bbox 2448 3632 2750 3702; x_wconf 85' lang='lat' dir='ltr'><strong>arrogantia</strong></span> <span class='ocrx_word' id='word_1_740' title='bbox 2791 3631 3106 3702; x_wconf 89' lang='lat' dir='ltr'><strong>imaginans.</strong></span> <span class='ocrx_word' id='word_1_741' title='bbox 3147 3630 3224 3685; x_wconf 92' lang='lat' dir='ltr'><strong>llli</strong></span> <span class='ocrx_word' id='word_1_742' title='bbox 3263 3631 3430 3686; x_wconf 90' lang='lat' dir='ltr'><strong>multa</strong></span> <span class='ocrx_word' id='word_1_743' title='bbox 3468 3635 3788 3688; x_wconf 85' lang='lat' dir='ltr'><strong>necessitate</strong></span> 
     </span>
    </p>
   </div>
   <div class='ocr_carea' id='block_1_98' title="bbox 2198 3723 3787 3792">
    <p class='ocr_par' dir='ltr' id='par_1_98' title="bbox 2198 3723 3787 3792">
     <span class='ocr_line' id='line_1_98' title="bbox 2198 3723 3787 3792; baseline 0.002 -16"><span class='ocrx_word' id='word_1_744' title='bbox 2198 3724 2322 3790; x_wconf 90' lang='lat' dir='ltr'><strong>acti,</strong></span> <span class='ocrx_word' id='word_1_745' title='bbox 2355 3738 2477 3778; x_wconf 90' lang='lat' dir='ltr'><strong>cum</strong></span> <span class='ocrx_word' id='word_1_746' title='bbox 2510 3723 2562 3776; x_wconf 93' lang='lat' dir='ltr'><strong>in</strong></span> <span class='ocrx_word' id='word_1_747' title='bbox 2588 3723 2691 3776; x_wconf 93' lang='lat' dir='ltr'><strong>alia</strong></span> <span class='ocrx_word' id='word_1_748' title='bbox 2721 3737 2786 3776; x_wconf 77' lang='lat' dir='ltr'><strong>ex</strong></span> <span class='ocrx_word' id='word_1_749' title='bbox 2815 3723 2935 3776; x_wconf 91' lang='lat' dir='ltr'><strong>aliis</strong></span> <span class='ocrx_word' id='word_1_750' title='bbox 2959 3723 3072 3776; x_wconf 90' lang='lat' dir='ltr'><strong>loca</strong></span> <span class='ocrx_word' id='word_1_751' title='bbox 3117 3723 3446 3792; x_wconf 88' lang='lat' dir='ltr'><strong>migrarent,</strong></span> <span class='ocrx_word' id='word_1_752' title='bbox 3481 3725 3694 3779; x_wconf 90' lang='lat' dir='ltr'><strong>tandem</strong></span> <span class='ocrx_word' id='word_1_753' title='bbox 3733 3731 3787 3779; x_wconf 89' lang='lat' dir='ltr'><strong>in</strong></span> 
     </span>
    </p>
   </div>
   <div class='ocr_carea' id='block_1_99' title="bbox 2197 3814 3787 3886">
    <p class='ocr_par' dir='ltr' id='par_1_99' title="bbox 2197 3814 3787 3886">
     <span class='ocr_line' id='line_1_99' title="bbox 2197 3814 3787 3886; baseline -0.001 -18"><span class='ocrx_word' id='word_1_754' title='bbox 2197 3814 2518 3869; x_wconf 89' lang='lat' dir='ltr'><strong>Comitatum</strong></span> <span class='ocrx_word' id='word_1_755' title='bbox 2562 3816 2822 3881; x_wconf 90' lang='lat' dir='ltr'><strong>veniunt,</strong></span> <span class='ocrx_word' id='word_1_756' title='bbox 2864 3815 2950 3868; x_wconf 92' lang='lat' dir='ltr'><strong>ubi</strong></span> <span class='ocrx_word' id='word_1_757' title='bbox 2979 3814 3158 3869; x_wconf 91' lang='lat' dir='ltr'><strong>divina</strong></span> <span class='ocrx_word' id='word_1_758' title='bbox 3199 3831 3357 3869; x_wconf 88' lang='lat' dir='ltr'><strong>manu</strong></span> <span class='ocrx_word' id='word_1_759' title='bbox 3387 3815 3451 3870; x_wconf 92' lang='lat' dir='ltr'><strong>ad</strong></span> <span class='ocrx_word' id='word_1_760' title='bbox 3482 3831 3664 3870; x_wconf 90' lang='lat' dir='ltr'><strong>curam</strong></span> <span class='ocrx_word' id='word_1_761' title='bbox 3696 3833 3787 3886; x_wconf 80' lang='lat' dir='ltr'><strong>po-</strong></span> 
     </span>
    </p>
   </div>
   <div class='ocr_carea' id='block_1_100' title="bbox 2200 3906 3784 3978">
    <p class='ocr_par' dir='ltr' id='par_1_100' title="bbox 2200 3906 3784 3978">
     <span class='ocr_line' id='line_1_100' title="bbox 2200 3906 3784 3978; baseline 0.003 -18"><span class='ocrx_word' id='word_1_762' title='bbox 2200 3907 2423 3962; x_wconf 91' lang='lat' dir='ltr'><strong>tentium</strong></span> <span class='ocrx_word' id='word_1_763' title='bbox 2455 3906 2712 3977; x_wconf 85' lang='lat' dir='ltr'><strong>agendam</strong></span> <span class='ocrx_word' id='word_1_764' title='bbox 2739 3906 2971 3962; x_wconf 86' lang='lat' dir='ltr'><strong>Joannes</strong></span> <span class='ocrx_word' id='word_1_765' title='bbox 3008 3907 3301 3961; x_wconf 90' lang='lat' dir='ltr'><strong>collocatus</strong></span> <span class='ocrx_word' id='word_1_766' title='bbox 3327 3917 3440 3961; x_wconf 88' lang='lat' dir='ltr'><strong>erat</strong></span> <span class='ocrx_word' id='word_1_767' title='bbox 3466 3909 3784 3978; x_wconf 84' lang='lat' dir='ltr'><strong>episcopus;</strong></span> 
     </span>
    </p>
   </div>
   <div class='ocr_carea' id='block_1_101' title="bbox 2199 4001 3791 4073">
    <p class='ocr_par' dir='ltr' id='par_1_101' title="bbox 2199 4001 3791 4073">
     <span class='ocr_line' id='line_1_101' title="bbox 2199 4001 3791 4073; baseline 0.001 -19"><span class='ocrx_word' id='word_1_768' title='bbox 2199 4010 2358 4073; x_wconf 89' lang='lat' dir='ltr'><strong>atque</strong></span> <span class='ocrx_word' id='word_1_769' title='bbox 2395 4001 2463 4057; x_wconf 92' lang='lat' dir='ltr'><strong>ad</strong></span> <span class='ocrx_word' id='word_1_770' title='bbox 2492 4002 2608 4071; x_wconf 85' lang='lat' dir='ltr'><strong>ejus</strong></span> <span class='ocrx_word' id='word_1_771' title='bbox 2643 4016 2814 4072; x_wconf 89' lang='lat' dir='ltr'><strong>genua</strong></span> <span class='ocrx_word' id='word_1_772' title='bbox 2857 4001 3122 4070; x_wconf 89' lang='lat' dir='ltr'><strong>provoluti</strong></span> <span class='ocrx_word' id='word_1_773' title='bbox 3149 4043 3163 4059; x_wconf 86' lang='lat'><strong>.</strong></span> <span class='ocrx_word' id='word_1_774' title='bbox 3193 4001 3416 4056; x_wconf 85' lang='lat' dir='ltr'><strong>orabant</strong></span> <span class='ocrx_word' id='word_1_775' title='bbox 3455 4013 3791 4058; x_wconf 75' lang='lat' dir='ltr'><strong>succurreret</strong></span> 
     </span>
    </p>
   </div>
   <div class='ocr_carea' id='block_1_102' title="bbox 2200 4089 3788 4163">
    <p class='ocr_par' dir='ltr' id='par_1_102' title="bbox 2200 4089 3788 4163">
     <span class='ocr_line' id='line_1_102' title="bbox 2200 4089 3788 4163; baseline 0.002 -18"><span class='ocrx_word' id='word_1_776' title='bbox 2200 4089 2478 4147; x_wconf 70' lang='lat' dir='ltr'><strong>animabus</strong></span> <span class='ocrx_word' id='word_1_777' title='bbox 2497 4091 2815 4146; x_wconf 90' lang='lat' dir='ltr'><strong>calumniam</strong></span> <span class='ocrx_word' id='word_1_778' title='bbox 2848 4091 3014 4159; x_wconf 63' lang='lat' dir='ltr'><strong>pas&lt;is</strong></span> <span class='ocrx_word' id='word_1_779' title='bbox 3035 4131 3049 4155; x_wconf 95' lang='lat'><strong>,</strong></span> <span class='ocrx_word' id='word_1_780' title='bbox 3075 4099 3128 4145; x_wconf 92' lang='lat' dir='ltr'><strong>et</strong></span> <span class='ocrx_word' id='word_1_781' title='bbox 3155 4091 3448 4146; x_wconf 88' lang='lat' dir='ltr'><strong>devastatis</strong></span> <span class='ocrx_word' id='word_1_782' title='bbox 3472 4091 3538 4144; x_wconf 87' lang='lat' dir='ltr'><strong>ab</strong></span> <span class='ocrx_word' id='word_1_783' title='bbox 3569 4093 3631 4145; x_wconf 91' lang='lat' dir='ltr'><strong>iis</strong></span> <span class='ocrx_word' id='word_1_784' title='bbox 3653 4135 3666 4156; x_wconf 84' lang='lat'><strong>,</strong></span> <span class='ocrx_word' id='word_1_785' title='bbox 3697 4095 3788 4163; x_wconf 88' lang='lat' dir='ltr'><strong>qui</strong></span> 
     </span>
    </p>
   </div>
   <div class='ocr_carea' id='block_1_103' title="bbox 2201 4180 3790 4252">
    <p class='ocr_par' dir='ltr' id='par_1_103' title="bbox 2201 4180 3790 4252">
     <span class='ocr_line' id='line_1_103' title="bbox 2201 4180 3790 4252; baseline 0.001 -15"><span class='ocrx_word' id='word_1_786' title='bbox 2201 4183 2252 4237; x_wconf 91' lang='lat' dir='ltr'><strong>id</strong></span> <span class='ocrx_word' id='word_1_787' title='bbox 2282 4183 2455 4252; x_wconf 90' lang='lat' dir='ltr'><strong>potius</strong></span> <span class='ocrx_word' id='word_1_788' title='bbox 2474 4197 2632 4252; x_wconf 83' lang='lat' dir='ltr'><strong>quam</strong></span> <span class='ocrx_word' id='word_1_789' title='bbox 2660 4180 2975 4236; x_wconf 90' lang='lat' dir='ltr'><strong>benefacere</strong></span> <span class='ocrx_word' id='word_1_790' title='bbox 3000 4183 3420 4236; x_wconf 88' lang='lat' dir='ltr'><strong>consuevissent.</strong></span> <span class='ocrx_word' id='word_1_791' title='bbox 3451 4181 3607 4237; x_wconf 91' lang='lat' dir='ltr'><strong>Stetit</strong></span> <span class='ocrx_word' id='word_1_792' title='bbox 3628 4183 3790 4238; x_wconf 82' lang='lat' dir='ltr'><strong>Joan-</strong></span> 
     </span>
    </p>
   </div>
   <div class='ocr_carea' id='block_1_104' title="bbox 2202 4272 3789 4342">
    <p class='ocr_par' dir='ltr' id='par_1_104' title="bbox 2202 4272 3789 4342">
     <span class='ocr_line' id='line_1_104' title="bbox 2202 4272 3789 4342; baseline 0 -13"><span class='ocrx_word' id='word_1_793' title='bbox 2202 4289 2298 4330; x_wconf 89' lang='lat' dir='ltr'><strong>nes</strong></span> <span class='ocrx_word' id='word_1_794' title='bbox 2327 4292 2340 4327; x_wconf 87' lang='lat'><strong>:</strong></span> <span class='ocrx_word' id='word_1_795' title='bbox 2372 4283 2527 4342; x_wconf 90' lang='lat' dir='ltr'><strong>atque</strong></span> <span class='ocrx_word' id='word_1_796' title='bbox 2555 4281 2610 4327; x_wconf 91' lang='lat' dir='ltr'><strong>ut</strong></span> <span class='ocrx_word' id='word_1_797' title='bbox 2638 4273 2766 4327; x_wconf 88' lang='lat' dir='ltr'><strong>vidit</strong></span> <span class='ocrx_word' id='word_1_798' title='bbox 2787 4272 3163 4342; x_wconf 86' lang='lat' dir='ltr'><strong>quinquaginta</strong></span> <span class='ocrx_word' id='word_1_799' title='bbox 3192 4272 3480 4327; x_wconf 91' lang='lat' dir='ltr'><strong>electorum</strong></span> <span class='ocrx_word' id='word_1_800' title='bbox 3512 4273 3789 4329; x_wconf 91' lang='lat' dir='ltr'><strong>hominum</strong></span> 
     </span>
    </p>
   </div>
   <div class='ocr_carea' id='block_1_105' title="bbox 2200 4363 3791 4431">
    <p class='ocr_par' dir='ltr' id='par_1_105' title="bbox 2200 4363 3791 4431">
     <span class='ocr_line' id='line_1_105' title="bbox 2200 4363 3791 4431; baseline -0.001 -11"><span class='ocrx_word' id='word_1_801' title='bbox 2200 4366 2469 4430; x_wconf 92' lang='lat' dir='ltr'><strong>canitiem,</strong></span> <span class='ocrx_word' id='word_1_802' title='bbox 2503 4365 2670 4419; x_wconf 90' lang='lat' dir='ltr'><strong>sacris</strong></span> <span class='ocrx_word' id='word_1_803' title='bbox 2698 4363 2968 4418; x_wconf 89' lang='lat' dir='ltr'><strong>laboribus</strong></span> <span class='ocrx_word' id='word_1_804' title='bbox 2996 4364 3216 4418; x_wconf 89' lang='lat' dir='ltr'><strong>tinctam</strong></span> <span class='ocrx_word' id='word_1_805' title='bbox 3247 4373 3300 4418; x_wconf 89' lang='lat' dir='ltr'><strong>et</strong></span> <span class='ocrx_word' id='word_1_806' title='bbox 3327 4375 3591 4431; x_wconf 90' lang='lat' dir='ltr'><strong>ornatam,</strong></span> <span class='ocrx_word' id='word_1_807' title='bbox 3627 4367 3791 4420; x_wconf 90' lang='lat' dir='ltr'><strong>veluti</strong></span> 
     </span>
    </p>
   </div>
   <div class='ocr_carea' id='block_1_106' title="bbox 2199 4454 3793 4527">
    <p class='ocr_par' dir='ltr' id='par_1_106' title="bbox 2199 4454 3793 4527">
     <span class='ocr_line' id='line_1_106' title="bbox 2199 4454 3793 4527; baseline -0.003 -13"><span class='ocrx_word' id='word_1_808' title='bbox 2199 4458 2420 4527; x_wconf 84' lang='lat' dir='ltr'><strong>Joseph,</strong></span> <span class='ocrx_word' id='word_1_809' title='bbox 2454 4457 2670 4512; x_wconf 87' lang='lat' dir='ltr'><strong>fraterni</strong></span> <span class='ocrx_word' id='word_1_810' title='bbox 2699 4456 2898 4510; x_wconf 89' lang='lat' dir='ltr'><strong>amoris</strong></span> <span class='ocrx_word' id='word_1_811' title='bbox 2928 4455 3036 4509; x_wconf 89' lang='lat' dir='ltr'><strong>acri</strong></span> <span class='ocrx_word' id='word_1_812' title='bbox 3062 4454 3246 4510; x_wconf 91' lang='lat' dir='ltr'><strong>dolore</strong></span> <span class='ocrx_word' id='word_1_813' title='bbox 3277 4457 3596 4521; x_wconf 80' lang='lat' dir='ltr'><strong>stimulatus,</strong></span> <span class='ocrx_word' id='word_1_814' title='bbox 3630 4459 3680 4510; x_wconf 93' lang='lat' dir='ltr'><strong>in</strong></span> <span class='ocrx_word' id='word_1_815' title='bbox 3714 4458 3793 4510; x_wconf 79' lang='lat' dir='ltr'><strong>la-</strong></span> 
     </span>
    </p>
   </div>
   <div class='ocr_carea' id='block_1_107' title="bbox 2200 4548 3792 4620">
    <p class='ocr_par' dir='ltr' id='par_1_107' title="bbox 2200 4548 3792 4620">
     <span class='ocr_line' id='line_1_107' title="bbox 2200 4548 3792 4620; baseline -0.001 -16"><span class='ocrx_word' id='word_1_816' title='bbox 2200 4565 2412 4620; x_wconf 82' lang='lat' dir='ltr'><strong>crymas</strong></span> <span class='ocrx_word' id='word_1_817' title='bbox 2439 4548 2638 4602; x_wconf 78' lang='lat' dir='ltr'><strong>effusus</strong></span> <span class='ocrx_word' id='word_1_818' title='bbox 2665 4557 2768 4613; x_wconf 91' lang='lat' dir='ltr'><strong>est,</strong></span> <span class='ocrx_word' id='word_1_819' title='bbox 2801 4557 3152 4615; x_wconf 84' lang='lat' dir='ltr'><strong>percunctans</strong></span> <span class='ocrx_word' id='word_1_820' title='bbox 3178 4563 3244 4601; x_wconf 82' lang='lat' dir='ltr'><strong>ex</strong></span> <span class='ocrx_word' id='word_1_821' title='bbox 3269 4548 3368 4613; x_wconf 92' lang='lat' dir='ltr'><strong>eis,</strong></span> <span class='ocrx_word' id='word_1_822' title='bbox 3393 4549 3636 4618; x_wconf 84' lang='lat' dir='ltr'><strong>quisnam</strong></span> <span class='ocrx_word' id='word_1_823' title='bbox 3662 4564 3792 4618; x_wconf 88' lang='lat' dir='ltr'><strong>aper</strong></span> 
     </span>
    </p>
   </div>
   <div class='ocr_carea' id='block_1_108' title="bbox 2201 4640 3790 4712">
    <p class='ocr_par' dir='ltr' id='par_1_108' title="bbox 2201 4640 3790 4712">
     <span class='ocr_line' id='line_1_108' title="bbox 2201 4640 3790 4712; baseline -0.001 -14"><span class='ocrx_word' id='word_1_824' title='bbox 2201 4644 2268 4699; x_wconf 91' lang='lat' dir='ltr'><strong>de</strong></span> <span class='ocrx_word' id='word_1_825' title='bbox 2307 4643 2435 4698; x_wconf 88' lang='lat' dir='ltr'><strong>silva</strong></span> <span class='ocrx_word' id='word_1_826' title='bbox 2470 4653 2561 4696; x_wconf 92' lang='lat' dir='ltr'><strong>aut</strong></span> <span class='ocrx_word' id='word_1_827' title='bbox 2597 4642 2734 4712; x_wconf 65' lang='lat' dir='ltr'><strong>sing]</strong></span> <span class='ocrx_word' id='word_1_828' title='bbox 2762 4641 2886 4695; x_wconf 82' lang='lat' dir='ltr'><strong>laris</strong></span> <span class='ocrx_word' id='word_1_829' title='bbox 2919 4640 3062 4694; x_wconf 90' lang='lat' dir='ltr'><strong>ferus</strong></span> <span class='ocrx_word' id='word_1_830' title='bbox 3092 4643 3212 4694; x_wconf 90' lang='lat' dir='ltr'><strong>huic</strong></span> <span class='ocrx_word' id='word_1_831' title='bbox 3253 4640 3668 4698; x_wconf 64' lang='lat' dir='ltr'><strong>fecundissimae</strong></span> <span class='ocrx_word' id='word_1_832' title='bbox 3697 4644 3790 4696; x_wconf 84' lang='lat' dir='ltr'><strong>viti</strong></span> 
     </span>
    </p>
   </div>
   <div class='ocr_carea' id='block_1_109' title="bbox 2201 4726 3790 4797">
    <p class='ocr_par' dir='ltr' id='par_1_109' title="bbox 2201 4726 3790 4797">
     <span class='ocr_line' id='line_1_109' title="bbox 2201 4726 3790 4797; baseline -0.001 -7"><span class='ocrx_word' id='word_1_833' title='bbox 2201 4736 2494 4790; x_wconf 90' lang='lat' dir='ltr'><strong>invidisset.</strong></span> <span class='ocrx_word' id='word_1_834' title='bbox 2529 4733 2605 4787; x_wconf 95' lang='lat' dir='ltr'><strong>llli</strong></span> <span class='ocrx_word' id='word_1_835' title='bbox 2637 4743 2817 4787; x_wconf 90' lang='lat' dir='ltr'><strong>autem</strong></span> <span class='ocrx_word' id='word_1_836' title='bbox 2848 4750 2860 4785; x_wconf 94' lang='lat'>:</span> <span class='ocrx_word' id='word_1_837' title='bbox 2892 4730 3032 4786; x_wconf 87' lang='lat' dir='ltr'><strong>Sede</strong></span> <span class='ocrx_word' id='word_1_838' title='bbox 3055 4773 3068 4796; x_wconf 88' lang='lat'><strong>,</strong></span> <span class='ocrx_word' id='word_1_839' title='bbox 3092 4726 3270 4797; x_wconf 83' lang='lat' dir='ltr'><strong>Pater,</strong></span> <span class='ocrx_word' id='word_1_840' title='bbox 3301 4742 3354 4786; x_wconf 92' lang='lat' dir='ltr'><strong>et</strong></span> <span class='ocrx_word' id='word_1_841' title='bbox 3394 4733 3546 4787; x_wconf 88' lang='lat' dir='ltr'><strong>nobis</strong></span> <span class='ocrx_word' id='word_1_842' title='bbox 3574 4733 3790 4788; x_wconf 87' lang='lat' dir='ltr'><strong>medere</strong></span> 
     </span>
    </p>
   </div>
   <div class='ocr_carea' id='block_1_110' title="bbox 2203 4824 3786 4895">
    <p class='ocr_par' dir='ltr' id='par_1_110' title="bbox 2203 4824 3786 4895">
     <span class='ocr_line' id='line_1_110' title="bbox 2203 4824 3786 4895; baseline -0.001 -13"><span class='ocrx_word' id='word_1_843' title='bbox 2203 4844 2308 4882; x_wconf 92' lang='lat' dir='ltr'><strong>non</strong></span> <span class='ocrx_word' id='word_1_844' title='bbox 2338 4827 2678 4882; x_wconf 89' lang='lat' dir='ltr'><strong>mediocriter</strong></span> <span class='ocrx_word' id='word_1_845' title='bbox 2703 4824 2995 4879; x_wconf 87' lang='lat' dir='ltr'><strong>vulneratis</strong></span> <span class='ocrx_word' id='word_1_846' title='bbox 3021 4839 3051 4877; x_wconf 86' lang='lat' dir='ltr'><strong>a</strong></span> <span class='ocrx_word' id='word_1_847' title='bbox 3081 4824 3362 4893; x_wconf 83' lang='lat' dir='ltr'><strong>TheOphili</strong></span> <span class='ocrx_word' id='word_1_848' title='bbox 3395 4841 3544 4895; x_wconf 66' lang='lat' dir='ltr'><strong>papa:</strong></span> <span class='ocrx_word' id='word_1_849' title='bbox 3574 4825 3751 4881; x_wconf 90' lang='lat' dir='ltr'><strong>furore</strong></span> <span class='ocrx_word' id='word_1_850' title='bbox 3771 4870 3786 4892; x_wconf 95' lang='lat'><strong>,</strong></span> 
     </span>
    </p>
   </div>
   <div class='ocr_carea' id='block_1_111' title="bbox 2202 4916 3792 4988">
    <p class='ocr_par' dir='ltr' id='par_1_111' title="bbox 2202 4916 3792 4988">
     <span class='ocr_line' id='line_1_111' title="bbox 2202 4916 3792 4988; baseline -0.003 -14"><span class='ocrx_word' id='word_1_851' title='bbox 2202 4921 2244 4974; x_wconf 91' lang='lat' dir='ltr'><strong>si</strong></span> <span class='ocrx_word' id='word_1_852' title='bbox 2274 4930 2449 4974; x_wconf 89' lang='lat' dir='ltr'><strong>tamen</strong></span> <span class='ocrx_word' id='word_1_853' title='bbox 2479 4918 2679 4988; x_wconf 88' lang='lat' dir='ltr'><strong>poteris</strong></span> <span class='ocrx_word' id='word_1_854' title='bbox 2709 4916 2988 4970; x_wconf 89' lang='lat' dir='ltr'><strong>vulnerum</strong></span> <span class='ocrx_word' id='word_1_855' title='bbox 3022 4925 3326 4970; x_wconf 88' lang='lat' dir='ltr'><strong>nostrorum</strong></span> <span class='ocrx_word' id='word_1_856' title='bbox 3357 4926 3592 4972; x_wconf 89' lang='lat' dir='ltr'><strong>tumores</strong></span> <span class='ocrx_word' id='word_1_857' title='bbox 3620 4917 3684 4972; x_wconf 90' lang='lat' dir='ltr'><strong>ad</strong></span> <span class='ocrx_word' id='word_1_858' title='bbox 3714 4917 3792 4970; x_wconf 79' lang='lat' dir='ltr'><strong>ei-</strong></span> 
     </span>
    </p>
   </div>
   <div class='ocr_carea' id='block_1_112' title="bbox 2201 5006 3790 5079">
    <p class='ocr_par' dir='ltr' id='par_1_112' title="bbox 2201 5006 3790 5079">
     <span class='ocr_line' id='line_1_112' title="bbox 2201 5006 3790 5079; baseline -0.003 -13"><span class='ocrx_word' id='word_1_859' title='bbox 2201 5013 2452 5066; x_wconf 83' lang='lat' dir='ltr'><strong>catricem</strong></span> <span class='ocrx_word' id='word_1_860' title='bbox 2480 5009 2788 5079; x_wconf 90' lang='lat' dir='ltr'><strong>perducere.</strong></span> <span class='ocrx_word' id='word_1_861' title='bbox 2813 5006 2945 5061; x_wconf 89' lang='lat' dir='ltr'><strong>Nam</strong></span> <span class='ocrx_word' id='word_1_862' title='bbox 2963 5007 3006 5061; x_wconf 92' lang='lat' dir='ltr'><strong>si</strong></span> <span class='ocrx_word' id='word_1_863' title='bbox 3027 5016 3080 5060; x_wconf 89' lang='lat' dir='ltr'><strong>et</strong></span> <span class='ocrx_word' id='word_1_864' title='bbox 3102 5007 3215 5076; x_wconf 92' lang='lat' dir='ltr'><strong>ipse</strong></span> <span class='ocrx_word' id='word_1_865' title='bbox 3237 5020 3337 5062; x_wconf 92' lang='lat' dir='ltr'><strong>nos</strong></span> <span class='ocrx_word' id='word_1_866' title='bbox 3354 5007 3594 5076; x_wconf 86' lang='lat' dir='ltr'><strong>negligis,</strong></span> <span class='ocrx_word' id='word_1_867' title='bbox 3615 5006 3790 5062; x_wconf 85' lang='lat' dir='ltr'><strong>Theo-</strong></span> 
     </span>
    </p>
   </div>
   <div class='ocr_carea' id='block_1_113' title="bbox 2202 5099 3783 5174">
    <p class='ocr_par' dir='ltr' id='par_1_113' title="bbox 2202 5099 3783 5174">
     <span class='ocr_line' id='line_1_113' title="bbox 2202 5099 3783 5174; baseline -0.003 -17"><span class='ocrx_word' id='word_1_868' title='bbox 2202 5104 2329 5174; x_wconf 90' lang='lat' dir='ltr'><strong>phili</strong></span> <span class='ocrx_word' id='word_1_869' title='bbox 2347 5119 2440 5158; x_wconf 88' lang='lat' dir='ltr'><strong>seu</strong></span> <span class='ocrx_word' id='word_1_870' title='bbox 2459 5101 2752 5156; x_wconf 89' lang='lat' dir='ltr'><strong>reverentia</strong></span> <span class='ocrx_word' id='word_1_871' title='bbox 2773 5115 2867 5154; x_wconf 91' lang='lat' dir='ltr'><strong>seu</strong></span> <span class='ocrx_word' id='word_1_872' title='bbox 2887 5100 3075 5154; x_wconf 88' lang='lat' dir='ltr'><strong>timore</strong></span> <span class='ocrx_word' id='word_1_873' title='bbox 3097 5099 3307 5161; x_wconf 89' lang='lat' dir='ltr'><strong>ductus,</strong></span> <span class='ocrx_word' id='word_1_874' title='bbox 3324 5109 3382 5153; x_wconf 92' lang='lat' dir='ltr'><strong>ut</strong></span> <span class='ocrx_word' id='word_1_875' title='bbox 3410 5099 3497 5152; x_wconf 88' lang='lat' dir='ltr'><strong>alii</strong></span> <span class='ocrx_word' id='word_1_876' title='bbox 3526 5100 3783 5169; x_wconf 86' lang='lat' dir='ltr'><strong>episc0pi,</strong></span> 
     </span>
    </p>
   </div>
   <div class='ocr_carea' id='block_1_114' title="bbox 2202 5191 3792 5265">
    <p class='ocr_par' dir='ltr' id='par_1_114' title="bbox 2202 5191 3792 5265">
     <span class='ocr_line' id='line_1_114' title="bbox 2202 5191 3792 5265; baseline -0.004 -13"><span class='ocrx_word' id='word_1_877' title='bbox 2202 5198 2330 5252; x_wconf 90' lang='lat' dir='ltr'><strong>nihil</strong></span> <span class='ocrx_word' id='word_1_878' title='bbox 2353 5197 2462 5265; x_wconf 87' lang='lat' dir='ltr'><strong>jam</strong></span> <span class='ocrx_word' id='word_1_879' title='bbox 2491 5195 2678 5264; x_wconf 90' lang='lat' dir='ltr'><strong>reliqui</strong></span> <span class='ocrx_word' id='word_1_880' title='bbox 2719 5193 2874 5247; x_wconf 91' lang='lat' dir='ltr'><strong>nobis</strong></span> <span class='ocrx_word' id='word_1_881' title='bbox 2902 5193 2958 5246; x_wconf 89' lang='lat' dir='ltr'><strong>lit</strong></span> <span class='ocrx_word' id='word_1_882' title='bbox 3001 5208 3027 5243; x_wconf 91' lang='lat' dir='ltr'><strong>a</strong></span> <span class='ocrx_word' id='word_1_883' title='bbox 3055 5191 3205 5244; x_wconf 88' lang='lat' dir='ltr'><strong>vobis</strong></span> <span class='ocrx_word' id='word_1_884' title='bbox 3228 5233 3242 5257; x_wconf 90' lang='lat'><strong>,</strong></span> <span class='ocrx_word' id='word_1_885' title='bbox 3276 5191 3377 5246; x_wconf 89' lang='lat' dir='ltr'><strong>nisi</strong></span> <span class='ocrx_word' id='word_1_886' title='bbox 3420 5202 3475 5265; x_wconf 82' lang='lat' dir='ltr'><strong>ut</strong></span> <span class='ocrx_word' id='word_1_887' title='bbox 3503 5191 3792 5260; x_wconf 78' lang='lat' dir='ltr'><strong>Imperato-</strong></span> 
     </span>
    </p>
   </div>
   <div class='ocr_carea' id='block_1_115' title="bbox 2200 5259 3789 5353">
    <p class='ocr_par' dir='ltr' id='par_1_115' title="bbox 2200 5259 3789 5353">
     <span class='ocr_line' id='line_1_115' title="bbox 2200 5259 3789 5353; baseline -0.004 -11"><span class='ocrx_word' id='word_1_888' title='bbox 2200 5304 2315 5344; x_wconf 88' lang='lat' dir='ltr'><strong>rem</strong></span> <span class='ocrx_word' id='word_1_889' title='bbox 2345 5287 2600 5342; x_wconf 89' lang='lat' dir='ltr'><strong>adeamus</strong></span> <span class='ocrx_word' id='word_1_890' title='bbox 2625 5328 2637 5350; x_wconf 94' lang='lat'><strong>,</strong></span> <span class='ocrx_word' id='word_1_891' title='bbox 2669 5293 2726 5339; x_wconf 91' lang='lat' dir='ltr'><strong>et</strong></span> <span class='ocrx_word' id='word_1_892' title='bbox 2766 5299 2924 5353; x_wconf 89' lang='lat' dir='ltr'><strong>prava</strong></span> <span class='ocrx_word' id='word_1_893' title='bbox 2966 5283 3108 5336; x_wconf 91' lang='lat' dir='ltr'><strong>illius</strong></span> <span class='ocrx_word' id='word_1_894' title='bbox 3148 5282 3282 5336; x_wconf 89' lang='lat' dir='ltr'><strong>facta</strong></span> <span class='ocrx_word' id='word_1_895' title='bbox 3332 5283 3383 5336; x_wconf 92' lang='lat' dir='ltr'><strong>in</strong></span> <span class='ocrx_word' id='word_1_896' title='bbox 3413 5259 3789 5338; x_wconf 63' lang='lat' dir='ltr'><strong>cbntnmeliam</strong></span> 
     </span>
    </p>
   </div>
   <div class='ocr_carea' id='block_1_116' title="bbox 2203 5376 3791 5449">
    <p class='ocr_par' dir='ltr' id='par_1_116' title="bbox 2203 5376 3791 5449">
     <span class='ocr_line' id='line_1_116' title="bbox 2203 5376 3791 5449; baseline -0.004 -13"><span class='ocrx_word' id='word_1_897' title='bbox 2203 5381 2456 5437; x_wconf 68' lang='lat' dir='ltr'><strong>Ecclesia:</strong></span> <span class='ocrx_word' id='word_1_898' title='bbox 2481 5392 2832 5449; x_wconf 81' lang='lat' dir='ltr'><strong>exponamus.</strong></span> <span class='ocrx_word' id='word_1_899' title='bbox 2857 5376 2912 5430; x_wconf 91' lang='lat' dir='ltr'><strong>Si</strong></span> <span class='ocrx_word' id='word_1_900' title='bbox 2939 5391 3068 5446; x_wconf 89' lang='lat' dir='ltr'><strong>ergo</strong></span> <span class='ocrx_word' id='word_1_901' title='bbox 3092 5377 3468 5431; x_wconf 73' lang='lat' dir='ltr'><strong>ecclesiastica:</strong></span> <span class='ocrx_word' id='word_1_902' title='bbox 3494 5377 3586 5430; x_wconf 89' lang='lat' dir='ltr'><strong>tibi</strong></span> <span class='ocrx_word' id='word_1_903' title='bbox 3609 5377 3791 5431; x_wconf 84' lang='lat' dir='ltr'><strong>existi-</strong></span> 
     </span>
    </p>
   </div>
   <div class='ocr_carea' id='block_1_117' title="bbox 2201 5468 3790 5539">
    <p class='ocr_par' dir='ltr' id='par_1_117' title="bbox 2201 5468 3790 5539">
     <span class='ocr_line' id='line_1_117' title="bbox 2201 5468 3790 5539; baseline -0.001 -13"><span class='ocrx_word' id='word_1_904' title='bbox 2201 5472 2450 5527; x_wconf 88' lang='lat' dir='ltr'><strong>mationis</strong></span> <span class='ocrx_word' id='word_1_905' title='bbox 2477 5487 2606 5528; x_wconf 92' lang='lat' dir='ltr'><strong>cura</strong></span> <span class='ocrx_word' id='word_1_906' title='bbox 2637 5477 2719 5525; x_wconf 89' lang='lat' dir='ltr'><strong>est</strong></span> <span class='ocrx_word' id='word_1_907' title='bbox 2737 5511 2752 5536; x_wconf 95' lang='lat'><strong>,</strong></span> <span class='ocrx_word' id='word_1_908' title='bbox 2785 5468 2942 5523; x_wconf 91' lang='lat' dir='ltr'><strong>nobis</strong></span> <span class='ocrx_word' id='word_1_909' title='bbox 2964 5483 3160 5533; x_wconf 91' lang='lat' dir='ltr'><strong>annue,</strong></span> <span class='ocrx_word' id='word_1_910' title='bbox 3192 5468 3398 5538; x_wconf 91' lang='lat' dir='ltr'><strong>ipsique</strong></span> <span class='ocrx_word' id='word_1_911' title='bbox 3425 5469 3706 5539; x_wconf 88' lang='lat' dir='ltr'><strong>persuade,</strong></span> <span class='ocrx_word' id='word_1_912' title='bbox 3734 5479 3790 5524; x_wconf 87' lang='lat' dir='ltr'><strong>ut</strong></span> 
     </span>
    </p>
   </div>
   <div class='ocr_carea' id='block_1_118' title="bbox 2203 5560 3790 5634">
    <p class='ocr_par' dir='ltr' id='par_1_118' title="bbox 2203 5560 3790 5634">
     <span class='ocr_line' id='line_1_118' title="bbox 2203 5560 3790 5634; baseline -0.002 -15"><span class='ocrx_word' id='word_1_913' title='bbox 2203 5565 2357 5619; x_wconf 90' lang='lat' dir='ltr'><strong>nobis</strong></span> <span class='ocrx_word' id='word_1_914' title='bbox 2389 5573 2630 5619; x_wconf 92' lang='lat' dir='ltr'><strong>nostrum</strong></span> <span class='ocrx_word' id='word_1_915' title='bbox 2661 5563 2715 5615; x_wconf 91' lang='lat' dir='ltr'><strong>in</strong></span> <span class='ocrx_word' id='word_1_916' title='bbox 2746 5560 2980 5634; x_wconf 66' lang='lat' dir='ltr'><strong>Egypto</strong></span> <span class='ocrx_word' id='word_1_917' title='bbox 3009 5561 3338 5616; x_wconf 92' lang='lat' dir='ltr'><strong>domicilium</strong></span> <span class='ocrx_word' id='word_1_918' title='bbox 3379 5561 3671 5626; x_wconf 88' lang='lat' dir='ltr'><strong>concedat,</strong></span> <span class='ocrx_word' id='word_1_919' title='bbox 3699 5561 3790 5632; x_wconf 86' lang='lat' dir='ltr'><strong>qui</strong></span> 
     </span>
    </p>
   </div>
   <div class='ocr_carea' id='block_1_119' title="bbox 2199 5653 3792 5726">
    <p class='ocr_par' dir='ltr' id='par_1_119' title="bbox 2199 5653 3792 5726">
     <span class='ocr_line' id='line_1_119' title="bbox 2199 5653 3792 5726; baseline -0.003 -15"><span class='ocrx_word' id='word_1_920' title='bbox 2199 5656 2334 5712; x_wconf 82' lang='lat' dir='ltr'><strong>nihil</strong></span> <span class='ocrx_word' id='word_1_921' title='bbox 2360 5655 2715 5726; x_wconf 88' lang='lat' dir='ltr'><strong>peccavimus,</strong></span> <span class='ocrx_word' id='word_1_922' title='bbox 2741 5668 2915 5723; x_wconf 88' lang='lat' dir='ltr'><strong>neque</strong></span> <span class='ocrx_word' id='word_1_923' title='bbox 2939 5663 3125 5708; x_wconf 91' lang='lat' dir='ltr'><strong>contra</strong></span> <span class='ocrx_word' id='word_1_924' title='bbox 3155 5654 3324 5723; x_wconf 87' lang='lat' dir='ltr'><strong>legem</strong></span> <span class='ocrx_word' id='word_1_925' title='bbox 3351 5653 3668 5720; x_wconf 89' lang='lat' dir='ltr'><strong>Servatoris,</strong></span> <span class='ocrx_word' id='word_1_926' title='bbox 3698 5672 3792 5707; x_wconf 82' lang='lat' dir='ltr'><strong>ne-</strong></span> 
     </span>
    </p>
   </div>
   <div class='ocr_carea' id='block_1_120' title="bbox 2200 5743 3790 5820">
    <p class='ocr_par' dir='ltr' id='par_1_120' title="bbox 2200 5743 3790 5820">
     <span class='ocr_line' id='line_1_120' title="bbox 2200 5743 3790 5820; baseline -0.002 -16"><span class='ocrx_word' id='word_1_927' title='bbox 2200 5764 2304 5820; x_wconf 90' lang='lat' dir='ltr'><strong>que</strong></span> <span class='ocrx_word' id='word_1_928' title='bbox 2331 5748 2382 5802; x_wconf 91' lang='lat' dir='ltr'><strong>in</strong></span> <span class='ocrx_word' id='word_1_929' title='bbox 2413 5761 2534 5803; x_wconf 89' lang='lat' dir='ltr'><strong>eum</strong></span> <span class='ocrx_word' id='word_1_930' title='bbox 2561 5745 2758 5817; x_wconf 86' lang='lat' dir='ltr'><strong>ipsum.</strong></span> <span class='ocrx_word' id='word_1_931' title='bbox 2787 5744 2868 5800; x_wconf 87' lang='lat' dir='ltr'><strong>Ad</strong></span> <span class='ocrx_word' id='word_1_932' title='bbox 2895 5743 3010 5802; x_wconf 65' lang='lat' dir='ltr'><strong>haec</strong></span> <span class='ocrx_word' id='word_1_933' title='bbox 3038 5743 3273 5800; x_wconf 84' lang='lat' dir='ltr'><strong>Joannes</strong></span> <span class='ocrx_word' id='word_1_934' title='bbox 3303 5759 3524 5816; x_wconf 84' lang='lat' dir='ltr'><strong>sperans</strong></span> <span class='ocrx_word' id='word_1_935' title='bbox 3550 5743 3702 5803; x_wconf 83' lang='lat' dir='ltr'><strong>facile</strong></span> <span class='ocrx_word' id='word_1_936' title='bbox 3729 5760 3790 5801; x_wconf 82' lang='lat' dir='ltr'><strong>se</strong></span> 
     </span>
    </p>
   </div>
  </div>
