4114 6392
280 464 340 515 :5
1249 469 1336 522 DE
1372 467 1540 522 VITA
1581 466 1641 522 S.
1691 465 1981 522 JOANNIS
2017 466 2534 525 CHRYSOSTOMI‘.

281 580 328 635 δὲ
349 576 435 632 τὸν
470 579 727 649 Θεόφιλον
749 583 1051 652 δεινότερον
1080 585 1278 639 ἐννοῶν
1299 588 1365 656 τῇ
1393 585 1643 656 άστοχίᾳ,
1665 586 1757 637 ἐπὶ
1781 585 1841 638 :6

282 664 538 728 λυσιτελὲς
567 666 903 736 καταφεύγει
938 671 1135 737 τεῖχος,
1166 668 1266 740 τὴν
1309 668 1626 739 ἐκκλησίαν,
1670 684 1840 738 προσ-

282 746 451 817 φυγὼν
481 747 560 820 τῷ
593 749 986 822 θυσιαστηρίῳ.
1013 753 1198 815 Οὕτως
1237 755 1264 806 6
1293 751 1551 820 Θεόφιλος
1585 755 1742 822 κωφῇ
1778 754 1843 821 τῇ

281 833 387 904 δίκῃ
435 835 806 904 ἀποκηρύττει
865 835 958 888 τὸν
1012 837 1277 907 Ἰσίδωρον
1328 837 1430 906 τῆς
1495 835 1842 906 Ἑκκλησίας,

280 920 540 988 ἀνήκεστα
584 921 943 993 ἐπιφημίσας,
1004 921 1484 991 σχηματισάμενος
1542 919 1846 990 σεμνοπρέ-

282 1018 426 1054 πειαν
451 1005 518 1073 τῇ
545 1003 744 1074 ἀδικίᾳ.
768 1004 912 1075 Πρὸς
941 1003 1149 1066 τούτοις
1170 1003 1351 1066 δείσας
1377 1003 1406 1054 6
1446 1002 1713 1072 Ἰσίδωρος
1740 1013 1845 1072 μή-

281 1101 396 1137 ποτε
452 1085 816 1156 χαλεπωτέρῳ
869 1085 947 1156 τῷ
998 1085 1155 1156 θυμῷ
1203 1086 1444 1149 πιεσθεὶς
1491 1089 1519 1138 6
1568 1085 1842 1154 Θεόφιλος,

282 1167 533 1236 σκέψηται
561 1169 678 1221 κατ’
707 1167 874 1221 αὑτοῦ
919 1169 1140 1241 ἐνέδραν
1184 1169 1283 1239 τῆς
1332 1169 1604 1240 σωτηρίας
1631 1169 1845 1237 (φθάνει

230 1285 239 1316 ,
279 1252 396 1322 γὰρ,
423 1250 498 1313 ὥς
526 1269 677 1320 φασι,
708 1252 804 1305 καὶ
850 1251 1012 1323 μέχρι
1050 1251 1300 1322 τούτων),
1330 1250 1587 1322 δρομαῖος
1614 1264 1642 1292 ι
1680 1255 1850 1324 χωρεῖ

282 1337 363 1387 ἐπὶ
390 1335 448 1387 :6
474 1335 598 1405 ὅρος
638 1335 700 1388 :6
725 1335 826 1404 τῆς
855 1335 1084 1407 Νιτρίας
1116 1335 1252 1406 πρὸς
1281 1335 1343 1387 τὸ
1371 1335 1561 1405 τάγμα
1608 1335 1717 1390 τῶν
1752 1353 1849 1404 μο-

281 1418 468 1489 ναχῶν,
501 1419 629 1471 ἔνθα
673 1419 772 1481 τὰς
803 1418 905 1488 τῆς
947 1419 1193 1490 νεότητος
1231 1421 1454 1491 ἐσχήκει
1487 1420 1514 1460 b
1543 1418 1844 1489 διατριϐάς·

281 1503 365 1555 καὶ
411 1502 638 1565 καθίσας
687 1505 745 1554 ἐν
788 1501 866 1572 τῷ
913 1503 1111 1572 κελλίῳ
1161 1504 1349 1566 αὑτοῦ,
1394 1502 1734 1575 προσηύχετο
1775 1503 1851 1575 τῷ

283 1586 612 1657 μακροθύμῳ
647 1586 763 1657 Θεῷ
797 1587 1169 1656 ἐντυγχάνων.
1208 1587 1332 1639 Ἐπί
1362 1586 1571 1649 τούτοις
1594 1587 1653 1641 :6
1682 1589 1852 1659 ἀπρεέ

280 1671 371 1734 πὲς
400 1671 493 1724 καὶ
518 1670 711 1741 ἄδηλον
741 1662 992 1734 συνειδὼς
1013 1670 1191 1741 ἐαυτῷ
1212 1671 1311 1740 τῆς
1336 1671 1492 1741 νίκης
1519 1674 1547 1724 6
1573 1671 1849 1741 Θεόφιλος,

281 1755 482 1825 πέμπει
515 1754 819 1824 γράμματα
855 1755 988 1826 πρὸς
1024 1756 1150 1817 τοὺς
1193 1754 1458 1823 σύνεγγυς
1495 1755 1848 1821 ἐπισκόπους,

281 1840 370 1893 καὶ
397 1839 604 1892 κελεύει
636 1840 788 1902 τινὰς
811 1839 920 1891 τῶν
947 1838 1180 1910 πρώτων
1211 1839 1431 1909 ῥιφῆναι
1464 1839 1556 1892 τοῦ
1580 1840 1738 1911 ὅρους
1759 1843 1853 1894 καὶ

279 1924 372 1994 τῆς
411 1923 690 1992 ἐνδοτέρας
721 1924 952 1993 ἐρήμου,
981 1923 1107 1986 τοὺς
1150 1923 1242 1974 ἐπὶ
1288 1923 1532 1992 κεφαλῆς
1564 1925 1850 1993 μοναχοὺς,

280 2006 374 2059 οὑκ
410 2005 708 2073 ἐπαγαγὼν
747 2006 845 2077 τὴν
875 2005 1071 2060 αἰτίαν.
1107 2007 1315 2070 Οῖτινες
1359 2009 1582 2077 μοναχοὶ
1613 2009 1710 2060 σὺν
1742 2011 1853 2071 τοῖς

282 2089 664 2162 πρεσϐυτέροις
718 2089 1069 2153 κατελθόντες
1129 2092 1208 2152 εἰς
1268 2091 1368 2162 τὴν
1421 2091 1852 2163 Ἀλεξάνδρειαν,

282 2174 616 2244 παρεκάλουν
667 2173 755 2227 τὸν
791 2173 1046 2242 Θεόφιλον
1087 2175 1262 2227 εἰπεῖν
1299 2175 1398 2244 τὴν
1433 2175 1632 2240 αἰτίαν,
1678 2176 1745 2229 δι’
1787 2179 1854 2246 ἣν

281 2256 742 2323 κατεδικάσθησαν
775 2258 1018 2329 ῥιφῆναι.
1071 2258 1128 2311 '0
1165 2257 1221 2310 δὲ
1264 2259 1524 2328 ὑφαίμοις
1556 2258 1855 2330 ὀφθαλμοῖς

279 2341 639 2413 δρακοντῶδες
673 2341 1007 2404 ἐνατενίσας,
1035 2341 1301 2412 ταυρηδὸν
1333 2342 1690 2402 ὑπεϐλέπετο,
1723 2343 1854 2395 ποτέ

281 2427 378 2496 μὲν
407 2424 673 2487 πελιδνὸς,
693 2424 822 2476 ποτὲ
851 2423 906 2476 δὲ
926 2425 1123 2496 ὠχρὸς,
1154 2424 1284 2477 ποτὲ
1307 2425 1362 2478 δὲ
1405 2427 1499 2478 καὶ
1534 2425 1850 2497 σαρκάζων,

280 2510 367 2563 ὑπ’
392 2510 629 2581 ἀκράτου
660 2509 828 2582 ὀργῆς
855 2509 1169 2580 φερόμενος·
1201 2510 1394 2562 ἐνειλεῖ
1418 2508 1494 2580 τῷ
1536 2511 1859 2582 Ἀμμωνίῳ,

277 2595 426 2664 ἀνδρὶ
471 2576 761 2663 ἦλικιώτέῄ,
789 2576 876 2646 -τὺ-
907 2576 1218 2663 ώμοφόριον
1267 2594 1325 2644 ἐν
1366 2592 1443 2662 τῷ
1467 2576 1744 2665 ⁷τραχήλῳ
1775 2576 1855 2645 οἰ-

279 2679 448 2743 κείαις
487 2681 660 2753 χερσὶ,
687 2680 783 2735 καὶ
815 2677 1028 2748 πληγὰς
1054 2680 1174 2738 ταῖς
1198 2677 1443 2743 σιαγόσιν
1479 2677 1642 2729 αὑτοῦ
1683 2679 1858 2747 ἐμφο-

281 2764 470 2836 ρήσας,
510 2763 970 2833 συνεσπασμένοις
993 2761 1276 2822 δακτύλοις
1301 2761 1535 2829 αἱμάξας
1561 2760 1658 2823 τάς
1683 2763 1854 2830 ῥῖνας,

278 2848 559 2917 ἐπιψοφῶν
596 2851 662 2919 τῇ
699 2849 869 2918 φωνῇ·
909 2846 1179 2916 Αίρετικέ,
1210 2843 1608 2913 ἀναθεμάτισον
1649 2844 1852 2915 Ὠριγέ⁴

279 2945 394 2999 νην·
423 2932 649 3003 μηδενὸς
675 2930 1060 3001 προκειμένου,
1086 2929 1222 2998 πλὴν
1249 2931 1346 2998 τῆς
1370 2925 1646 2991 ἀξιώσεως
1673 2928 1858 2980 ἕνεκεν

291 3015 582 3087 Ἰσιδώρου.
611 3016 861 3069 Τοιοῦτον
885 3015 992 3086 γὰρ
1013 3015 1062 3066 οἰ
1090 3013 1272 3082 θυμοὶ,
1309 3012 1559 3084 καθάπερ
1588 3014 1636 3064 οἱ
1676 3012 1855 3076 κύνες,

278 3102 457 3171 τυφλὰ
503 3101 745 3155 τίκτουσι
795 3101 888 3154 καὶ
930 3100 998 3153 τὰ
1046 3100 1351 3171 πράγματα
1389 3100 1482 3150 καὶ
1521 3097 1589 3150 τά
1616 3099 1855 3169 ῥήματα.

279 3187 469 3249 υὺτως
509 3181 603 3240 οὑν
650 3185 1047 3255 αἰματόφυρτοι
1086 3185 1181 3236 καὶ
1210 3182 1565 3253 ἀναπόκριτοι
1593 3183 1862 3252 ὑποστρέ-

278 3273 479 3340 ψαντες
520 3273 599 3334 εἰς
627 3270 726 3333 τάς
755 3271 922 3340 μονὰς
961 3267 1162 3329 αὐτῶν,
1203 3267 1411 3337 εἴχοντο
1443 3267 1541 3336 τῆς
1568 3267 1860 3338 προκειμέ-

280 3372 378 3423 νης
403 3355 709 3426 ἀσκήσεως,
741 3356 804 3423 τῇ
841 3353 1074 3424 μαθήσει
1094 3362 1115 3389 ο
1140 3353 1238 3421 τὴν
1265 3350 1426 3421 φύσιν
1454 3351 1764 3415 ὀξύναντες,
1790 3349 1856 3401 δι’

283 3433 357 3492 ὧν
380 3442 413 3510 ἡ
440 3439 680 3512 σωτηρία
705 3438 1082 3510 προσγίνεται,
1118 3435 1336 3490 ἔλαττον
1359 3435 1743 3507 φροντίσαντες
1767 3434 1864 3504 τῆς

281 3526 471 3578 τούτου
525 3526 722 3594 μανίας
783 3524 860 3594 τῷ
914 3523 1079 3594 μηδὲν
1129 3523 1353 3584 ἑαυτοὺς
1408 3519 1703 3573 συνειδέναι
1762 3536 1865 3570 κα-

283 3611 400 3668 κόν.

357 3694 516 3748 ΚΕΦ.
559 3695 632 3745 Z'.
670 3723 741 3733 -—
770 3691 914 3761 Πρὸς
939 3689 1150 3754 τούτοις
1169 3690 1269 3743 οὑκ
1299 3690 1585 3760 ήρεμήσας
1611 3689 1639 3739 6
1673 3686 1864 3756 Θεόφι-

283 3779 398 3841 λος,
439 3777 759 3830 ἀποστέλλει
791 3777 927 3848 πρὸς
956 3777 1082 3840 τοὺς
1111 3779 1175 3828 ἐκ
1213 3775 1468 3842 γειτόνων
1514 3771 1866 3836 ἐπισκόπους,

285 3863 382 3916 καὶ
427 3864 717 3933 συγκροτεῖ
762 3861 902 3913 κατὰ
952 3860 1060 3914 τῶν
1109 3858 1355 3930 μοναχῶν
1404 3857 1702 3928 συνέδριον·
1745 3855 1868 3908 οὑτε

283 3947 345 3998 δὲ
389 3946 626 4008 καλέσας
674 3945 872 4008 αὐτοὺς
924 3947 1003 4007 εἰς
1063 3943 1384 4011 ἀπολογίαν,
1429 3943 1553 3994 οὑτε
1611 3940 1871 4010 μεταδοὺς

284 4031 472 4098 λόγου,
519 4029 887 4100 ἀποκηρύττει
928 4030 1075 4100 τρεῖς
1116 4027 1315 4097 ἄνδρας
1355 4028 1481 4088 τοὺς
1528 4025 1613 4077 ἐπ’
1655 4023 1869 4093 ἐξοχῆς,

285 4116 550 4186 φοϐηθεὶς
592 4113 802 4184 ἀθρόως
852 4113 994 4170 κατὰ
1030 4111 1122 4164 τοῦ
1159 4109 1397 4181 πλήθους
1433 4109 1737 4177 ἐξενεγκεῖν
1773 4107 1872 4177 τὴν

284 4197 584 4270 τιμωρίαν,
623 4196 1101 4266 σχηματισάμενος
1126 4193 1412 4263 δογμάτων
1440 4190 1805 4264 παραφθορὰν
1821 4189 1868 4230 ιι·

287 4285 388 4336 καὶ
421 4281 515 4347 οὓς
558 4282 820 4344 πολλάκις
859 4281 999 4351 ὑπὲρ
1033 4279 1348 4333 ἐπισκόπων
1391 4277 1650 4347 ἐτίμησεν
1688 4276 1764 4339 ώς
1797 4275 1875 4328 δι-

285 4368 617 4428 δασκάλους,
686 4366 774 4419 διά
826 4365 918 4418 τὸν
950 4365 1084 4435 βίον,
1135 4363 1224 4417 διὰ
1277 4363 1368 4416 τὸν
1417 4361 1594 4429 λόγον,
1646 4360 1735 4413 διὰ
1785 4360 1876 4412 τὸν

286 4453 504 4525 χρόνον,
548 4452 770 4514 τούτους
813 4453 913 4504 οὑκ
957 4449 1155 4520 ᾐδέσθη
1200 4449 1405 4518 γόητας
1456 4445 1738 4516 ὀνομάζων
1790 4445 1878 4498 διά

284 4536 394 4606 τὴν
443 4537 580 4607 πρὸς
641 4536 908 4605 Ἰσίδωρον
967 4534 1174 4604 σχέσιν.
1229 4532 1339 4586 Καὶ
1381 4531 1518 4602 μετὰ
1564 4530 1624 4582 τὸ
1667 4531 1874 4598 ἀποκη-

291 4620 479 4692 ρῦξαι,
537 4620 596 4687 ἐξ
642 4620 807 4674 αὑτοῦ
863 4618 957 4672 τοῦ
1022 4618 1181 4690 ὅρους
1243 4616 1453 4685 ἀλείφει
1519 4614 1878 4688 ἀνθρωπάρια

287 4706 483 4768 πέντε,
523 4704 557 4757 ἃ.
601 4705 867 4776 μηδέποτε
909 4706 966 4755 ἐν
1001 4701 1244 4771 συλλόγῳ
1273 4703 1378 4754 τῶν
1413 4702 1510 4771 τῆς
1553 4703 1761 4770 ἐρήμου
1786 4715 1879 4766 γε-

293 4790 504 4862 ρόντων
528 4790 784 4860 ἔστησαν,
814 4787 957 4840 ὀκνῶ
976 4786 1178 4854 λέγειν,
1207 4784 1400 4850 ἀνάξια
1430 4784 1523 4837 καὶ¹
1542 4780 1844 4854 θυρωρείου
1864 4798 1875 4808 ·

291 4876 395 4927 καὶ
428 4873 518 4926 τὸν
555 4873 652 4944 μὲν
683 4873 982 4943 χειροτονεῖ
1010 4871 1329 4933 ἐπίσκοπον,
1363 4866 1741 4936 ἐγκατατάξας
1772 4883 1882 4918 κωο

296 4957 536 5028 μυδρίῳ,
579 4956 733 5008 πόλιν
780 4955 879 5007 οὐκ
925 4953 1064 5023 ἔχων
1110 4951 1310 5021 (ἀδεῶς
1352 4951 1460 5024 γὰρ
1505 4952 1598 5003 καὶ
1632 4951 1730 5012 τάς
1762 4967 1884 5002 και-

292 5041 562 5112 νοτομίας
617 5039 922 5110 εἰργάζετο,
975 5037 1131 5090 ἄλλον
1182 5037 1372 5089 ἐαυτὸν
1432 5035 1635 5089 Μωσέα
1687 5034 1886 5104 ὀνομάρ

293 5125 436 5192 ζων)
457 5141 470 5154 ·
511 5124 601 5176 τὸν
643 5124 700 5176 δὲ
739 5123 1136 5194 πρεσϐύτερον·
1168 5122 1293 5182 τοὺς
1326 5119 1382 5172 δέ
1406 5121 1552 5189 τρεῖς
1582 5117 1882 5180 διακόνους,

293 5208 406 5260 οὐκ
451 5208 610 5271 ὄντας
657 5207 765 5260 τῶν
803 5206 1136 5273 Αἰγυπτίων,
1181 5203 1316 5257 ἀλλὰ
1361 5202 1634 5274 διαφόρων
1682 5203 1884 5254 τόπων.

309 5295 374 5345 ’0
413 5293 511 5363 μὲν
537 5293 646 5363 γάρ
674 5289 741 5362 ἦν
766 5292 952 5356 Λίϐυς,
983 5293 1011 5343 ὁ
1038 5290 1094 5342 ξέ
1136 5288 1538 5358 Ἀλεξανδρεὺς,
1566 5289 1594 5340 ὁ
1621 5286 1678 5339 δέ
1708 5288 1888 5357 Φαρα-

294 5378 479 5449 νίτης,
533 5379 562 5429 ὁ
610 5377 667 5430 δὲ
714 5375 1097 5446 Παραλεώτης.
1154 5375 1244 5428 Διὸ
1292 5375 1385 5427 καὶ
1438 5374 1753 5442 ὑπήκουσαν
1789 5372 1887 5424 αύ-

292 5462 400 5515 τοῦ
453 5465 520 5533 τῇ
578 5462 960 5532 ματαιοπονίᾳ,
1022 5461 1083 5513 :6
1139 5459 1458 5514 ἀνέλπιστον
1513 5458 1728 5527 ἔχοντες
1781 5457 1889 5509 τῶν

293 5547 407 5616 τῆς
463 5546 721 5615 πατρίδος
790 5543 1079 5616 ἐνεχύρων.
1140 5545 1251 5598 Καὶ
1335 5542 1741 5613 παρασκευάζει
1793 5541 1892 5594 αύ-

296 5634 441 5696 τούς
484 5630 669 5685 δοῦναι
715 5630 990 5691 λιϐέλλους
1051 5629 1193 5683 κατὰ
1253 5628 1362 5681 τῶν
1419 5628 1586 5698 τριῶν
1646 5627 1900 5690 ἐκείνων,

296 5715 474 5778 αὐτὸς
510 5714 718 5783 ὑφάνας
760 5716 887 5776 τοὺς
923 5713 1114 5782 λόγους
1163 5715 1261 5784 τῆς
1308 5711 1691 5781 συκοφαντίας,
1739 5708 1920 5764 τοῦτο,

370 5892 402 5921 "-
427 5891 607 5954 Georg.
633 5890 883 5954 δρομσὶως.

370 5954 406 5993 b
433 5951 612 6015 Georg.
638 5951 841 6011 ἠσκήθη.
879 5951 1039 6002 Malim
1060 5961 1281 6011 ὴσκηκει.

372 6015 404 6078 ιζ
432 6015 579 6078 Addit.
603 6016 782 6077 Georg.
806 6018 901 6064 τῶν
927 6017 1139 6078 Γραφῶν.

368 6074 407 6118 δ
428 6077 541 6128 Cod.
564 6074 856 6142 παραφόράν.

3460 466 3533 528 96

1953 586 2113 655 μόνον
2141 582 2692 655 συνεισενεγκάντων,
2717 586 2778 640 τὸ
2807 584 3144 656 ὑπογράψαι.
3170 582 3326 638 Μετά
3350 581 3531 654 τοῦτο,

1951 669 2129 723 λαϐὼν
2143 673 2270 736 τοὺς
2283 672 2558 735 λιϐέλλους
2579 673 2708 742 παρ’
2739 670 2918 726 αὑτῶν
2946 669 3040 722 ἐπὶ
3060 670 3158 740 τῆς
3181 667 3530 740 Ἐκκλησίας,

1948 754 2258 826 εἰσέρχεται
2304 755 2442 827 πρὸς
2493 756 2586 810 τὸν
2609 753 3031 824 Αὑγουστάλιον,
3083 753 3176 806 καὶ
3212 753 3530 806 ἀποτίθεται

1949 841 2069 891 κατ’
2101 839 2282 894 αὑτῶν
2335 837 2588 908 ἐντυχίαν
2622 841 2685 891 ἐκ
2720 836 3016 908 προσώπου
3047 836 3249 890 οἰκείου
3279 836 3307 888 6
3341 837 3532 908 ἀρχιε-

1952 923 2079 993 ρεὺς
2127 923 2226 992 τῆς
2265 922 2647 992 Αἰγυπτιακῆς
2691 921 3032 991 διοικήσεως,
3066 919 3383 991 συμπλέξας
3436 921 3532 972 καὶ

1949 1006 2076 1068 τοὺς
2109 1007 2206 1076 τῆς
2238 1005 2604 1075 συκοφαντίας
2631 1004 2925 1066 λιϐέλλους,
2959 1006 3054 1057 καὶ
3083 1003 3226 1069 ἀξιοῖ
3261 1020 3528 1074 στρατιω-

1949 1091 2075 1160 τικῇ
2118 1089 2338 1160 βοηθείᾳ
2376 1089 2598 1160 ῥιφῆναι
2628 1089 2754 1151 τοὺς
2782 1087 2981 1158 ἄνδρας
3016 1087 3123 1140 ἀπὸ
3153 1088 3335 1157 πάσης
3365 1089 3503 1155 Λίγυ

1953 1188 2105 1224 πτου.
2143 1171 2339 1226 Λαϐὼν
2381 1173 2437 1225 δὲ
2476 1180 2717 1243 σχήματι
2751 1169 2842 1223 τὸν
2879 1170 3238 1240 στρατιώτην,
3290 1169 3406 1240 ἅμα
3456 1166 3534 1238 τῷ

1953 1255 2358 1327 προστάγματι,
2397 1254 2732 1325 συναθροίζει
2760 1253 2964 1326 πλῆθος
3004 1253 3340 1325 πλημμελῶν
3378 1253 3535 1306 εὑκό-

1951 1339 2056 1392 λων
2087 1343 2215 1411 περί
2242 1340 2340 1404 τὰς
2361 1339 2537 1405 ἀξίας,
2567 1339 2660 1392 καὶ
2684 1339 2977 1409 ἐπισκιρτᾷ
3003 1341 3115 1402 τοῖς
3147 1336 3533 1409 μοναστηρίοις

1953 1422 2017 1475 ἀθ
2028 1422 2125 1493 ρόα
2147 1425 2304 1475 νυκτὶ
2325 1435 2368 1485 ο,
2386 1422 2784 1493 οἰνοφλυγήσας
2805 1421 2932 1485 τοὺς
2955 1422 3150 1485 παῖδας
3176 1424 3301 1486 τοὺς
3323 1423 3419 1475 σὺν
3439 1421 3538 1474 αὐ-

1951 1507 2058 1576 τῷ·
2092 1507 2188 1561 καὶ
2230 1507 2447 1578 πρῶτον
2482 1507 2580 1577 μέν
2609 1507 2702 1560 τὸν
2729 1507 2934 1560 τούτων
2963 1506 3188 1576 ἀδελφὸν
3220 1507 3533 1576 Διόσκορον,

1953 1592 2106 1660 ἅγιον
2137 1590 2434 1644 ἐπίσκοπον
2467 1591 2596 1644 ὄντα
2627 1591 2720 1644 τοῦ
2768 1590 2949 1662 ὅρους.
2977 1590 3189 1643 κελεύει
3216 1589 3308 1643 τοῦ
3343 1589 3536 1660 θρόνου

1957 1675 2202 1746 ῥιφῆναι,
2247 1675 2480 1748 συρέντα
2512 1674 2581 1728 δι’
2620 1675 2848 1728 οἰκετῶν
2883 1673 3177 1736 Αἰθιόπων,
3224 1673 3320 1726 καὶ
3357 1673 3536 1726 αὐτῶν

1953 1759 2096 1829 τάχα
2123 1758 2308 1829 ἀκμὴν
2335 1759 2676 1828 ἀφωτίστων·
2703 1757 2882 1812 λαϐὼν
2905 1756 3068 1810 αὑτοῦ
3096 1758 3196 1828 τὴν
3222 1759 3534 1828 παροικίαν,

1954 1844 2020 1913 ἢν
2046 1843 2154 1896 ἀπὸ
2177 1843 2278 1912 τῆς
2306 1843 2610 1913 παρουσίας
2637 1841 2873 1912 Χριστοῦ
2896 1838 3041 1912 εἶχεν
3069 1844 3101 1912 ἡ
3127 1841 3220 1895 τοῦ
3245 1843 3535 1912 Διοσκόρου

1956 1928 2130 1990 πόλις.
2166 1927 2321 1981 Μετὰ
2347 1927 2506 1979 τοῦτο
2530 1926 2919 1997 λαφυραγωγεῖ
2950 1927 3012 1980 τὸ
3035 1927 3181 1998 ὅρος,
3213 1926 3404 1996 μισθὸν
3425 1931 3537 1990 τοῖς

1960 2011 2242 2082 νεωτέροις
2267 2011 2336 2064 τά
2378 2012 2550 2082 μικρὰ
2579 2012 2882 2082 πράγματα
2913 2011 3022 2064 τῶν
3057 2010 3305 2082 μοναχῶν
3337 2010 3535 2074 διδούς.

1958 2096 2266 2159 Σκυλεύσας
2304 2096 2360 2148 δὲ
2392 2095 2492 2158 τὰς
2524 2094 2736 2158 κέλλας,
2781 2094 3028 2166 ἐπιζητεῖ
3053 2097 3180 2159 τοὺς
3212 2098 3361 2166 τρεῖς
3397 2097 3540 2150 ἐκεί-

1957 2199 2102 2246 νους,
2134 2179 2230 2243 οὒς
2273 2178 2670 2250 κεχαλάκεισαν
2709 2182 2766 2232 ἐν
2795 2179 3010 2250 φρέατι,
3042 2178 3236 2248 ψίαθον
3259 2177 3540 2245 ἐπιθέντες

1955 2265 2034 2336 τῷ
2065 2265 2271 2337 στομίῳ
2290 2281 2302 2293 ·
2337 2265 2412 2334 μὴ
2447 2263 2623 2331 εὑρὼν
2650 2263 2706 2315 δὲ
2738 2263 2956 2327 αὑτοὺς,
2988 2263 3330 2334 ἐμπίπρησιν
3360 2263 3539 2317 αὐτῶν

1958 2347 2254 2418 φρυγάνοις
2276 2348 2375 2410 τὰς
2402 2347 2620 2411 κέλλας,
2653 2346 2966 2410 συγκαύσας
2990 2347 3088 2409 τὰς
3120 2346 3333 2416 βίϐλους
3360 2346 3539 2410 πάσας

1958 2433 2295 2495 ἐνδιαθέτους
2335 2432 2426 2485 κα)⁵
2470 2430 2785 2495 σπουδαίας,
2833 2432 2926 2485 καὶ
2955 2429 3165 2483 παιδίον
3192 2429 3270 2494 ἓν,
3297 2430 3375 2493 ὼς
3403 2429 3539 2499 ἐφα-

1960 2535 2058 2574 σαν
2084 2518 2133 2569 οί
2175 2517 2501 2587 ἑωρακότες,
2545 2516 2642 2568 καὶ
2671 2513 2742 2568 τὰ
2789 2513 3034 2584 σύμϐολα
3061 2513 3172 2566 τῶν
3207 2515 3539 2584 μυστηρίων.

1958 2601 2144 2664 Οὕτως
2165 2596 2258 2654 οὖν
2282 2599 2541 2669 λωφήσας
2567 2599 2669 2668 τῆς
2690 2599 2888 2666 ἀλόγου
2917 2598 3110 2668 ὀργῆς,
3135 2597 3544 2668 καταλαμϐάνει

1960 2684 2124 2740 πάλιν
2163 2685 2262 2755 τὴν
2311 2682 2740 2754 Ἀλεξάνδρειαν,
2787 2681 2911 2746 δοὺς
2963 2679 3147 2752 χώραν
3203 2683 3380 2751 φυγῆς
3429 2683 3543 2744 τοῖς

1961 2771 2136 2838 ἁγίοις
2174 2767 2405 2831 ἐκείνοις
2423 2782 2434 2794 ·
2469 2766 2666 2828 οἵτινες
2695 2765 2926 2836 ἐξαυτῆς
2953 2764 3207 2827 λαϐόντες
3241 2765 3422 2817 αὑτῶν
3445 2763 3545 2827 τὰς

1964 2852 2244 2924 μηλωτάς,
2288 2849 2604 2922 ἐξέρχονται
2651 2850 2729 2911 εἰς
2775 2849 2871 2917 τὴν
2925 2847 3310 2918 Παλαιστίνην,
3356 2847 3544 2900 Αἰλίαν

1963 2935 2381 2998 καταλαϐόντες.
2416 2930 2510 2996 Οἷς
2545 2931 2867 3002 συνεξῆλθον
2899 2931 2996 2983 σὺν
3030 2930 3424 3004 πρεσϐυτέροις
3453 2931 3549 2986 καὶ

1962 3022 2230 3083 διακόνοις
2269 3018 2363 3071 τοῦ
2413 3018 2576 3088 ὅρους
2609 3015 2911 3088 τριακόσιοι
2955 3014 3064 3068 τῶν
3109 3015 3357 3086 μοναχῶν
3389 3031 3549 3069 σπου-

1959 3106 2148 3169 δαίων,
2193 3105 2243 3156 οἰ
2287 3103 2332 3156 δ’
2377 3103 2556 3173 ἕτεροι
2591 3100 2870 3170 διαφόροις
2912 3098 3288 3168 διεσπάρησαν
3340 3100 3546 3163 τόποις.

1963 3189 2182 3244 Τούτων
2206 3187 2281 3260 μὴ
2307 3186 2489 3257 φέρων
2520 3184 2618 3255 τὴν
2650 3183 2994 3253 ἰδιοπραγίαν
3017 3186 3044 3236 6
3075 3183 3286 3245 σκολιὸς
3312 3184 3403 3236 τὸν
3430 3185 3552 3255 δρό-

1968 3291 2067 3344 μον
2087 3272 2232 3341 ὄφις,
2253 3271 2495 3324 ἀνασείει
2517 3267 2683 3324 πάλιν
2704 3270 2824 3320 κατ’
2850 3267 3031 3320 αὑτῶν
3056 3266 3147 3320 τὸν
3174 3267 3430 3335 Θεόφιλον
3453 3287 3464 3297 ·
3491 3268 3549 3332 ὃς

1967 3353 2326 3424 ἀναϐρασθεὶς
2373 3353 2478 3405 ὑπὸ
2521 3351 2621 3421 τῆς
2670 3351 2874 3422 όργῆς,
2917 3353 3181 3422 χαράσσει
3245 3353 3551 3422 γράμματα

1967 3439 2103 3510 πρὸς
2131 3438 2259 3500 τοὺς
2286 3437 2385 3509 τῆς
2414 3434 2780 3506 Παλαιστίνης
2813 3435 3173 3498 ἐπισκόπους,
3211 3434 3404 3502 λέγων·
3438 3435 3554 3487 υὺκ

1967 3524 2074 3576 ἔδει
2101 3523 2198 3594 μὲν
2227 3524 2370 3591 ὑμᾶς
2390 3521 2539 3592 παρὰ
2556 3520 2782 3590 γνώμην
2809 3537 2910 3590 μου
2938 3522 2996 3573 ἐν
3021 3523 3140 3583 ταῖς
3174 3519 3394 3573 πόλεσιν
3423 3521 3556 3573 ὑπο-

1967 3608 2222 3674 δέξασθαι
2250 3608 2503 3670 τούτους·
2538 3606 2725 3674 ἐπειδὴ
2771 3605 2828 3657 δέ
2860 3607 3186 3676 ὴγνοήσατε,
3223 3604 3555 3674 συγγνώμην

1970 3694 2099 3763 ὑμῖν
2131 3693 2301 3763 νέμω.
2337 3690 2444 3742 Τοῦ
2486 3689 2674 3742 λοιποῦ
2708 3689 2885 3741 τοίνυν
2926 3688 3269 3759 φροντίσατε,
3307 3687 3444 3757 μήτε
3476 3688 3556 3749 είς

1971 3776 2445 3848 ἐκκλησιαστικὸν,
2499 3776 2636 3845 μήτε
2683 3775 2763 3838 εἰς
2793 3773 3058 3826 ἰδιωτικὸν
3103 3772 3325 3835 τούτους
3364 3771 3556 3824 ὑποδέ-

1973 3860 2168 3928 ξασθαι
2210 3861 2403 3914 τόπον·
2438 3860 2498 3912 οὑ
2534 3860 2695 3929 μόνον
2741 3857 2934 3926 λέγων,
2972 3857 3108 3910 ἀλλά
3155 3854 3559 3925 φανταζόμενος

1972 3942 2109 3997 εἶναι
2144 3944 2283 4008 θεὸς,
2327 3945 2395 4014 τῇ
2426 3941 2698 4013 ὑπερϐολῇ
2729 3941 2829 4011 τῆς
2862 3941 3112 4009 οἰήσεως.
3155 3941 3217 3994 Οἱ
3245 3939 3301 3992 δέ
3327 3939 3432 3992 ὑπὸ
3455 3940 3559 4009 τῆς

1977 4028 2176 4098 πολλῆς
2213 4028 2458 4098 ἀνάγκης
2498 4027 2787 4097 φερόμενοι
2826 4024 2914 4077 διὰ
2955 4023 3016 4076 :6
3052 4024 3248 4087 τόπους
3285 4025 3347 4076 ἐκ
3380 4025 3560 4078 τόπων

1975 4114 2243 4186 ἀμείϐειν,
2275 4112 2756 4182 καταλαμϐάνουσι
2801 4109 2862 4163 :6
2904 4108 3298 4180 στρατόπεδον,
3324 4107 3450 4161 ἔνθα
3486 4110 3565 4160 ἐν·

1975 4200 2255 4272 εθρόνιστο
2281 4202 2309 4253 ό
2342 4198 2639 4260 ἐπίσκοπος
2664 4196 2916 4264 Ἰωάννης
2950 4194 3054 4246 ὑπὸ
3075 4193 3174 4262 τῆς
3204 4192 3354 4256 θείας
3384 4192 3565 4263 χειρὸς

1977 4288 2056 4348 εἰς
2082 4284 2400 4354 ἐπιμέλειαν
2421 4283 2530 4335 τῶν
2559 4282 3017 4336 δυναστευόντων·
3037 4280 3130 4332 καὶ
3160 4279 3565 4350 προσπεσόντες

1978 4368 2143 4422 αὑτοῦ
2175 4370 2289 4431 τοῖς
2325 4367 2569 4436 γόνασιν,
2613 4365 2821 4418 ἐδέοντο
2857 4362 3119 4434 βοηθῆσαι
3159 4364 3362 4432 ψυχαῖς
3402 4378 3566 4414 συκο-

1980 4453 2378 4524 φαντουμέναις
2403 4453 2496 4505 καὶ
2517 4449 2978 4522 λεηλατουμέναις
2997 4449 3103 4500 ὑπὸ
3127 4447 3231 4501 τῶν
3259 4445 3416 4500 τοῦτο
3438 4446 3570 4519 μᾶλα

1979 4537 2068 4590 λον
2099 4537 2131 4608 ἢ
2161 4532 2222 4590 εὖ
2271 4538 2444 4589 ποιεῖν
2490 4535 2834 4605 εἰθισμένων.
2877 4534 3048 4602 Ἐστη
3090 4535 3118 4585 6
3161 4532 3432 4601 Ἰωάννης,
3475 4527 3592 4583 καῖ’

1981 4620 2088 4676 εἶδε
2115 4622 2456 4692 πεντήκοντα
2483 4620 2725 4689 λογάδων
2753 4617 2962 4687 ἀνδρῶν
2985 4617 3175 4669 πολιὰν
3197 4617 3379 4680 πόνοις
3405 4615 3571 4686 ἱεροῖς

1985 4709 2247 4778 βαφεῖσαν
2279 4705 2664 4777 ἠμφιεσμένην
2686 4703 2732 4768 ί,
2768 4703 2861 4756 καὶ
2886 4700 3205 4774 δριμυχθεὶς
3223 4699 3573 4768 φιλαδελφίας

1986 4793 2169 4857 πάθει,
2208 4792 2350 4846 κατὰ
2390 4792 2482 4844 τὸν
2523 4791 2744 4862 Ἰωσὴφ,
2793 4788 3025 4859 δάκρυσι
3078 4784 3396 4855 συνεσχέθη,
3440 4799 3574 4835 πυκμ

1985 4877 2279 4946 θανόμενος
2321 4874 2451 4946 παρ’
2495 4873 2698 4938 αὑτῶν,
2742 4876 2892 4935 ποῖος
2934 4866 2997 4933 ὗς
3045 4871 3110 4922 ἐκ
3135 4865 3341 4938 δρυμοῦ
3393 4867 3426 4937 ἢ
3477 4883 3574 4936 μου

1986 4963 2098 5025 νιὺς
2141 4960 2330 5031 ἄγριος
2367 4962 2432 5029 τῇ
2473 4959 2807 5028 πολυκάρπῳ
2857 4955 3029 5028 ταύτῃ
3072 4953 3308 5025 ἀμπέλῳ
3337 4951 3576 5019 ἐϐάσκη-

1987 5065 2093 5100 νεν.
2137 5047 2202 5098 υἱ
2245 5045 2306 5105 δέ,
2335 5061 2525 5114 φασιν·
2561 5042 2806 5099 Καθίσας
2827 5043 2872 5107 ⁸,
2906 5041 3108 5110 Πάτερ,
3147 5038 3388 5107 μότωσον
3433 5037 3578 5105 ἡμᾶς

1987 5133 2086 5201 οὐκ
2110 5131 2185 5194 ὡς
2209 5127 2694 5200 έτυκειτρωθέντας
2715 5128 2778 5196 τῇ
2801 5123 3062 5194 Θεοφίλου
3079 5122 3172 5176 τοῦ
3203 5121 3360 5174 πάπα
3391 5119 3576 5189 μανία,

1990 5219 2038 5269 εί
2065 5217 2174 5286 ἄρα
2195 5212 2484 5284 δυνηθείης
2501 5209 2838 5264 συνουλῶσαι
2860 5210 2892 5278 ἡ
2901 5207 3015 5278 μῶν
3031 5209 3100 5259 τὰ
3116 5204 3224 5258 τῶν
3248 5203 3582 5276 τραυμάτων

1991 5285 2290 5370 οἰδήματα·
2338 5296 2434 5350 ἐὰν
2469 5293 2588 5366 γὰρ,
2622 5295 2719 5346 καί
2755 5292 2918 5353 αὑτὸς
2951 5292 3100 5361 ἡμᾶς
3150 5286 3515 5370 παραλογίσῃ,
3548 5285 3579 5354 ἢ

1993 5369 2315 5453 αἰδεσθεὶςῆ
2345 5379 2605 5451 φοϐηθεὶς
2623 5378 2715 5430 τὸν
2745 5375 3003 5444 Θεόφιλον
3046 5371 3186 5426 κατά
3209 5371 3335 5433 τοὺς
3364 5369 3586 5430 λοιποὺς

1995 5467 2358 5529 ἐπισκόπους·
2412 5465 2567 5517 οὑδέν
2621 5463 2807 5515 λοιπὸν
2859 5460 2989 5530 παρ’
3041 5456 3201 5528 ήμῶν
3251 5455 3583 5523 ὑστερεῖται,

1995 5553 2073 5624 τῷ
2105 5547 2770 5623 βασιλεῖιπροσελθόντας,
2807 5543 3120 5608 ἀναδιδάξαι
3161 5542 3260 5603 τὰς
3288 5538 3452 5593 αὑτοῦ
3488 5555 3588 5590 κα-

1997 5637 2306 5709 κοπραγίας
2334 5635 2426 5688 ἐπὶ
2450 5633 2605 5701 ὑϐρει
2628 5631 2730 5700 τῆς
2765 5629 3110 5698 Ἐκκλησίας.
3141 5627 3201 5679 Εἰ
3229 5625 3408 5677 τοίνυν
3432 5638 3592 5694 φρον-

1997 5724 2168 5788 τίζεις
2192 5722 2290 5790 τῆς
2313 5715 2772 5788 ἐκκλησιαστικῆς
2794 5712 3136 5784 ὑπολήψεως,
3166 5709 3456 5770 ἐπινεύσας
3479 5709 3592 5758 πεῖ-

2003 5825 2094 5861 σον
2121 5788 2285 5860 αὑτδν
2312 5801 2667 5872 συγχωρῆσαι
2699 5801 2829 5871 ημῖν
2854 5799 2954 5869 τὴν
2975 5799 3189 5868 οἴκησιν
3218 5793 3315 5865 τὴν
3344 5795 3400 5846 ἐν
3428 5788 3592 5861 Λιγύ-

1954 5947 1968 5975 ¹
2067 5945 2085 5965 ⁶
2106 5946 2288 6003 Georg.
2316 5941 2496 6004 ἁθρόως
2521 5940 2568 5987 ἐν
2587 5935 2721 6004 νυκτί
2727 5973 2736 5984 .

2074 6005 2091 6042 ί
2121 5996 2300 6065 (ἱροῖς.
2325 5996 2497 6058 στολὴν
2513 6018 2564 6047 π.
2588 6004 2620 6048 ί.
2645 5998 2873 6063 βαφεῖσαν
2896 5996 3254 6058 ἠμφιεσμένους.

2073 6071 2097 6108 ⁸
2126 6071 2301 6130 Georg.
2333 6065 2582 6128 βοηθήσας.
