4114 6392
558 440 634 495 2η
1841 438 2163 495 Ριιιιλυιι
2203 441 2550 499 υιΑιοῦιῖε
3774 454 3851 508 Ἦί

444 533 458 544 ’
559 580 705 637 -ειτφ,
734 558 904 635 μηδὲν
925 560 1257 625 ἐπταικότας
1281 562 1423 633 μήτε
1445 563 1525 624 εἰς
1544 562 1637 614 τὸν
1658 560 1825 632 νόμον
1843 559 1944 615 τοῦ
1967 560 2154 632 Σωτῆ-

561 666 679 724 ρος,
713 647 852 718 μήτε
879 648 959 710 εἰς
994 645 1155 700 αὑτὸν
1187 646 1416 698 ἐκεῖνον.
1465 643 1588 699 Ἐπί⁵
1622 643 1834 708 τούτοις
1865 644 2093 715 νομίσας
2123 647 2154 697 6

574 735 831 806 Ἰωάννης
857 731 1099 804 εὐχερῶς
1128 729 1484 801 μεταϐάλλειν
1506 731 1604 801 τήν
1617 729 1879 799 Θεοφίλου
1899 729 2036 802 πρὸς
2059 730 2158 782 αὑ-

558 819 688 882 τοὺς
710 814 1099 889 μνησικακίαν,
1117 814 1293 886 ἡδέως
1309 814 1529 885 ἥρπασε
1545 814 1607 868 16
1625 816 1859 886 πρᾶγμα
1878 830 1892 843 ·
1911 829 2157 885 παρακα-

561 900 722 965 λέσας
748 900 806 953 δέ
830 900 958 962 τοὺς
978 897 1181 967 ἄνδρας
1203 896 1435 966 φιλοθέῳ
1465 899 1591 969 σιγῇ
1622 897 1757 971 πρὸς
1790 896 2000 961 πάντας
2022 899 2156 967 ἡσυ-

563 986 728 1057 χάσαι
752 982 850 1055 τὴν
883 982 1063 1035 αἰτίαν
1092 982 1191 1051 τῆς
1230 980 1554 1051 παρουσίας,
1587 980 1783 1053 μέχρις
1812 975 1875 1035 οὕ
1902 978 2158 1033 ἀποστεί-

560 1063 641 1123 λω
665 1069 802 1141 πρὸς
827 1067 920 1121 τὸν
954 1066 1182 1135 ἀδελφὺν
1198 1064 1463 1134 Θεόφιλον
1483 1081 1496 1093 ·
1528 1067 1622 1120 καὶ
1644 1066 1768 1131 δοὺς
1791 1066 1976 1128 αὑτοῖς
2002 1066 2061 1119 ἐν
2087 1067 2154 1137 τῇ

575 1151 909 1223 Ἀναστασία
927 1149 1241 1221 καλουμένῃ
1260 1148 1529 1220 ἐκκλησία
1548 1150 1719 1220 μονὰς
1741 1148 1879 1221 πρδς
1900 1148 1998 1218 τήν
2025 1147 2158 1202 άνά-

562 1252 787 1300 παυσιν,
814 1234 979 1296 αὐτὸς
1001 1233 1100 1305 μὲν
1127 1234 1229 1286 οὐκ
1251 1232 1542 1305 ἐπεκούρει
1567 1233 1635 1287 τὰ
1657 1232 1794 1303 πρὸς
1810 1231 1911 1303 τὴν
1938 1230 2153 1302 χρείαν,

562 1323 821 1390 γυναῖκες
861 1320 918 1374 δέ
958 1317 1198 1387 φιλόθεοι
1249 1320 1526 1392 ἐπήρκουν
1566 1318 1751 1381 αὐτοῖς
1790 1316 1889 1388 τὴν
1927 1316 2155 1380 δίαιταν,

562 1411 658 1463 καὶ
690 1407 870 1462 αὐτῶν
902 1403 1364 1475 συνεισφερόντων
1393 1405 1459 1457 ἐκ
1491 1401 1693 1473 μέρους
1722 1404 1789 1473 τῇ
1816 1400 1923 1455 τῶν
1957 1400 2158 1472 χειρῶν

562 1491 820 1564 ἐργασίᾳ.
864 1489 1071 1559 Συνέϐη
1106 1484 1202 1542 οὖν
1254 1488 1376 1541 κατ’
1406 1487 1583 1540 ἐκεῖνο
1617 1484 1812 1556 καιροῦ
1860 1484 2161 1556 κληρικοῦς

564 1573 704 1632 εἶναι
751 1572 848 1628 τοῦ
892 1572 1153 1640 Θεοφίλου
1194 1573 1253 1625 ἐν
1280 1572 1347 1642 τῇ
1388 1567 1987 1633 Κωνσταντινουπόλει,
2020 1584 2162 1639 προ-

564 1659 944 1733 αγοράζοντας
966 1656 1075 1710 τῶν
1101 1653 1594 1727 χειροτονουμένων
1610 1653 1888 1724 ἀρχόντων
1904 1651 2003 1715 τάς
2026 1669 2162 1725 προ-

567 1744 794 1815 αγωγὰς
807 1746 867 1799 ἐν
883 1745 951 1815 τῇ
965 1741 1313 1811 Αίγυπτιακῇ
1341 1738 1627 1810 διοικήσει,
1657 1736 1756 1803 τάς
1772 1739 1852 1802 εἰς
1877 1736 2038 1791 αὑτὸν
2069 1739 2161 1791 εύ-

566 1832 717 1895 νοίας
742 1825 1200 1901 περιποιούμενος
1220 1822 1307 1877 ἐπ’
1330 1821 1540 1893 ὀλέθρῳ
1564 1821 1674 1875 τῶν
1703 1820 1851 1892 αὑτῷ
1872 1833 1898 1861 ι
1929 1820 2160 1874 λυπούν-

564 1932 697 1971 των.
730 1910 1259 1984 Προσκαλεσάμενος
1290 1902 1384 1960 οῦν
1414 1906 1611 1969 αὐτοὺς
1634 1906 1664 1958 6
1706 1903 1958 1975 Ἰωάννης
1990 1905 2159 1958 ἐπυν-

566 1998 780 2059 θάνετο,
807 1998 857 2050 εί
894 1993 1217 2049 ἐπίστανται
1245 1990 1373 2054 τοὺς
1409 1989 1683 2061 παρόντας
1711 1988 1979 2060 ἀσκητάς.
2016 1988 2085 2041 Οἱ
2105 1987 2163 2041 δὲ

566 2079 879 2152 φιλαλήθως
902 2075 1298 2149 ἐμαρτύρησαν
1322 2073 1572 2146 ἀνδράσι,
1592 2072 1844 2141 λέγοντες
1866 2071 1944 2143 τῷ
1981 2071 2162 2125 Ἰωάν-

567 2183 656 2236 νῃ,
672 2165 755 2217 ὅτι
768 2164 878 2216 Καὶ
901 2162 1058 2232 ἴσμεν
1071 2160 1293 2224 αὑτοὺς,
1313 2159 1407 2212 καὶ
1421 2157 1667 2229 μεγάλην
1680 2156 1996 2226 ὑπέστησαν
2015 2153 2157 2225 βίαν·

565 2250 663 2301 καὶ
698 2249 749 2300 εἰ
780 2244 982 2316 βούλει,
1008 2243 1271 2307 δέσποτα,
1299 2242 1398 2312 τῆς
1428 2241 1528 2312 μὲν
1557 2240 1935 2311 πνευματικῆς
1964 2255 2163 2293 κοινωο

568 2333 689 2396 νίας
718 2332 903 2394 αὑτοῖς
931 2331 1008 2401 μὴ
1033 2327 1300 2400 μεταδῷς,
1334 2327 1422 2380 ἴνα
1454 2327 1530 2398 μὴ
1552 2325 1802 2399 λυπήσῃς
1829 2324 1922 2378 16v
1948 2323 2160 2385 πάπαν,

567 2416 965 2487 φιλοφρόνησαι
1002 2414 1061 2467 δὲ
1092 2416 1152 2468 ἐν
1185 2415 1297 2477 τοῖς
1324 2411 1534 2477 ἄλλοις·
1571 2411 1774 2483 πρέπει
1814 2410 1924 2481 γάρ
1953 2426 2057 2475 σοι,
2084 2407 2163 2473 ὡς

566 2495 875 2570 ἐπισκόπῳ.
904 2496 1094 2562 Οὕτως
1122 2499 1150 2551 6
1188 2497 1442 2567 Ἰωάννης
1463 2496 1570 2550 οὑκ
1594 2493 1814 2559 ἐδέξατο
1837 2494 1935 2566 μὲν
1960 2492 2162 2556 αὐτοὺς

566 2586 648 2647 εἰς
677 2583 987 2647 κοινωνίαν,
1016 2580 1220 2653 γράφει
1250 2579 1308 2633 δὲ
1333 2579 1581 2651 λιπαρῶν
1609 2577 1689 2649 τῷ
1717 2576 1980 2648 Θεοφίλῳ·
2015 2574 2162 2629 Ταύ-

565 2684 667 2737 την
719 2681 811 2736 μοι
858 2665 1146 2736 παράσχου
1195 2663 1358 2734 χάριν
1404 2663 1481 2727 ὡς
1527 2661 1707 2732 τέκνῳ
1754 2660 1832 2732 σῷ
1881 2662 1978 2715 καὶ
2007 2659 2160 2713 ἀδελ-

568 2749 675 2821 φῴ,
728 2749 1235 2820 ἐναγκαλισάμενος
1268 2748 1394 2812 τοὺς
1442 2745 1662 2819 ἄνδρας.
1708 2746 1856 2818 Πρὸς
1895 2744 2107 2809 τούτοις
2134 2747 2164 2799 6

567 2834 826 2902 Θεόφιλος
866 2832 964 2905 τὴν
1023 2832 1122 2904 μὲν
1168 2832 1329 2905 χάριν
1375 2831 1437 2883 o6
1489 2829 1733 2902 παρέσχε
1771 2829 1850 2901 τῷ
1915 2829 2161 2901 Ἰωάννῃ,

566 2919 891 2974 ἀποστέλλει
947 2917 1006 2972 δέ
1056 2933 1208 2979 τινας
1259 2914 1767 2987 περισεσυρμένους
1824 2914 1905 2978 εἰς
1937 2912 2165 2982 λογικάς

568 3003 827 3074 ἁμίλλας,
861 3001 991 3074 περὶ
1034 2993 1111 3055 ὧν
1151 2999 1491 3073 προείπομεν
1520 2998 1807 3069 ἀνωτέρω,
1857 2998 1953 3051 καὶ
1988 3014 2167 3069 παρα-

569 3085 829 3150 σκευάζει
858 3086 1074 3158 δεήσεις
1101 3082 1302 3148 αὑτοὺς
1323 3081 1602 3137 ἐπιδοῦναι
1632 3080 1700 3145 ἃς
1732 3079 1979 3153 συνήθως
2004 3081 2167 3146 αὑτὸς

569 3171 937 3243 ὑπηγόρευσε,
977 3168 1339 3243 περιεχούσας
1368 3167 1467 3238 μὲν
1493 3166 1689 3237 ψεῦδος
1712 3165 2160 3238 ὡμολογημένον,

566 3256 946 3326 ἠμφιεσμένον
990 3255 1048 3309 δὲ
1080 3255 1180 3325 τὴν
1212 3252 1516 3323 πολυσχεδῆ
1567 3251 1930 3320 συκοφαντίαν
1962 3251 2062 3323 τὴν
2106 3253 2166 3305 ἐν

566 3343 684 3403 τοῖς
712 3339 990 3411 ἀοράτοις,
1016 3336 1185 3409 μηδὲν
1205 3336 1345 3407 έχων
1367 3334 1547 3389 αὑτῶν
1571 3333 1883 3390 διαϐάλλειν
1902 3334 1995 3390 τὸν
2019 3336 2133 3407 βίον
2148 3352 2163 3366 ·

567 3425 665 3478 καὶ
699 3421 1115 3496 παρασκευάζει
1145 3420 1346 3484 αὑτοὺς
1371 3422 1431 3474 ἐν
1463 3418 1544 3490 τῷ
1569 3419 1819 3491 παλατίιρ
1840 3419 1915 3485 ὡς
1964 3421 2167 3491 γόητας

565 3505 1151 3561 δακτυλοδεικτείσθαι.
1198 3505 1287 3567 Ὠς
1312 3504 1372 3558 δέ
1411 3498 1553 3559 εἶδον
1595 3505 1644 3558 οί
1692 3505 1957 3575 ἀσκηταὶ,
1991 3505 2075 3559 ὅτι
2103 3505 2163 3557 o6

569 3591 734 3660 μόνον
750 3589 913 3645 αὑτὸν
929 3590 990 3643 οὑ
1004 3587 1366 3661 διορθοῦνται,
1383 3586 1521 3641 ἀλλὰ
1536 3586 1633 3642 καὶ
1656 3587 1736 3651 εἰς
1747 3587 1916 3659 ὀργὴν
1942 3587 2164 3643 πλείονα

565 3673 835 3737 κινοῦσιν,
872 3672 1108 3740 ἀξιώτας
1138 3672 1291 3744 αὑτῷ
1330 3672 1701 3743 προσάγοντες
1735 3671 1988 3739 πολλοὺς,
2027 3675 2167 3744 μετά

565 3758 664 3813 τοῦ
692 3758 1116 3830 ἀναθεματίζειν
1138 3758 1321 3811 πᾶσαν
1352 3754 1722 3827 ψευδοδοξίαν,
1755 3756 2053 3810 ἐπιδιδόασι
2086 3757 2164 3811 λι-

568 3842 795 3907 ϐέλλους
828 3842 1209 3905 ἐντευκτικοὺς
1246 3840 1325 3912 τῷ
1366 3841 1615 3912 Ἰωάννῃ,
1647 3839 2069 3907 ἀναδιδάξαντες
2097 3843 2168 3897 τὰ

566 3928 671 3998 τῆς
698 3927 1017 4000 τυραννίδος
1047 3927 1186 3997 εῖδη,
1222 3925 1380 3997 μετά.
1408 3925 1505 3980 καὶ
1546 3923 1859 3994 κεφαλαίων
1903 3924 2096 3979 τινῶν·
2129 3927 2165 3981 ἃ

568 4002 898 4084 αἰσχύνομαι
925 4011 1020 4066 ἐπὶ
1046 4010 1156 4064 τῶν
1182 4008 1541 4082 νηπιωτέρων
1565 4009 1703 4072 τέως
1731 4007 1932 4078 λέγειν,
1968 4010 2059 4063 ἵνα
2088 4010 2162 4083 μή

568 4096 665 4149 καὶ
687 4097 924 4159 πίστεως
944 4094 1144 4158 αὐτοὺς
1167 4093 1449 4153 ἀπελάσω,
1481 4091 1612 4156 ἴσως
1634 4091 1730 4145 καὶ
1758 4092 1912 4164 παρά
1938 4095 2050 4157 τοῖς
2079 4111 2168 4146 τε-

566 4177 863 4249 λειοτέροις
889 4180 951 4231 οὐ
981 4177 1387 4246 πιστευόμενος.
1426 4174 1600 4229 Πάλιν
1633 4176 1729 4231 καί
1753 4175 1822 4230 δι’
1848 4176 2046 4230 ἐαυτοῦ
2073 4178 2167 4231 καὶ

566 4262 637 4315 δι’
667 4262 875 4334 ἐτέρων
913 4260 1234 4315 ἐπισκόπων
1268 4261 1296 4312 6
1339 4258 1593 4331 Ἰωάννης
1625 4259 1939 4331 παρακαλεῖ
1968 4260 2167 4326 αὑτοὺς

567 4344 886 4399 παύσασθαι
915 4344 1016 4415 τῆς
1040 4344 1164 4398 κατ’
1189 4341 1355 4397 αὑτοῦ
1377 4342 1717 4414 κατηγορίας
1743 4342 1833 4397 διά
1857 4342 1957 4414 τὴν
1981 4344 2045 4396 ἐκ
2068 4344 2167 4413 τῆς

567 4428 723 4501 δίκης
784 4427 1185 4493 κακοπάθειαν,
1239 4426 1461 4497 γράψας
1500 4424 1581 4493 τῷ
1623 4426 1890 4498 Θεοφίλῳ,
1941 4427 2024 4481 ὅτι
2070 4428 2168 4493 Εἰς

566 4512 823 4566 τοσοῦτον
835 4511 1116 4583 ἠλάθησαν
1133 4510 1422 4583 λύπης,ὼς
1432 4510 1527 4563 καὶ
1555 4511 1851 4582 ἐγγράφως
1874 4527 1970 4563 σου
1997 4527 2167 4582 κατη-

566 4599 784 4667 γορεῖν·
812 4595 1000 4650 λοιπδν
1023 4595 1084 4649 τὸ
1130 4593 1325 4649 δοκοῦν
1352 4611 1436 4647 σοι
1465 4593 1803 4665 ἀντίγραφον
1822 4610 1835 4624 ·
1861 4594 1922 4647 o6
1947 4593 2055 4665 γὰρ
2074 4596 2167 4648 άν-

568 4679 789 4751 έχονταί
818 4697 920 4750 μου
945 4680 1249 4751 ἀποστῆναι
1274 4678 1367 4732 τοῦ
1392 4678 1780 4750 στρατοπέδου.
1807 4678 1928 4731 Ἐπὶ
1956 4678 2167 4744 τούτοις

566 4765 935 4836 διαπυρωθεὶς
964 4764 1086 4828 ὅλος
1122 4764 1153 4817 6
1177 4762 1461 4832 Θεόφιλος,
1489 4762 1667 4832 εἴργει
1697 4763 1794 4815 καὶ
1815 4763 1906 4815 τὸν
1934 4762 2164 4832 ἀδελφὸν

565 4850 676 4903 τῶν
718 4847 971 4919 μοναχῶν
1007 4849 1109 4919 τῆς
1135 4845 1330 4905 ἑαυτοῦ
1379 4846 1709 4916 Ἐκκλησίας
1740 4847 2034 4919 Διόσκορον
2071 4846 2165 4901 τὸν

568 4934 893 4997 ἐπίσκοπον,
931 4933 1281 5003 γεγηρακότα
1307 4933 1366 4985 ἐν
1395 4933 1462 5002 τῇ
1508 4930 1808 5001 Ἐκκλησία
1827 4945 1843 4960 ·
1877 4929 1956 5000 τῷ
1979 4930 2025 4983 δ’
2053 4932 2166 4983 ἐπι-

570 5018 761 5088 σκόπῳ
802 5016 1024 5089 Ἰωάννῃ
1051 5016 1289 5088 γράφει·
1319 5010 1487 5085 Οἶμαι
1521 5014 1619 5084 μέν
1650 5030 1709 5066 σε
1746 5015 1824 5087 μὴ
1855 5015 2071 5082 ἀγνοεῖν
2103 5015 2165 5068 τὸ

566 5102 845 5172 διάταγμα
873 5101 983 5155 τῶν
1020 5104 1078 5155 ἐν
1110 5099 1318 5171 Νικαίᾳ
1346 5098 1610 5160 κανόνων,
1645 5099 1779 5151 ὅπου
1813 5098 2165 5164 θεσπίζουσιν

568 5186 871 5239 ἐπίσκοπον
899 5184 1192 5258 ὑπερόριον
1225 5183 1301 5255 μὴ
1327 5182 1535 5254 κρίνειν
1554 5181 1709 5252 δίκην
1727 5197 1740 5209 ·
1771 5183 1822 5235 εί
1842 5181 1899 5235 δὲ
1923 5183 2162 5251 ἀγνοεῖς,

571 5269 759 5340 μαθὼν
788 5269 1035 5341 ἀπόσχου
1062 5269 1172 5322 τῶν
1202 5266 1325 5322 κατ’
1365 5265 1502 5336 ἐμοῦ
1532 5265 1809 5320 λιϐέλλων.
1838 5264 1903 5319 Εἰ
1933 5267 2043 5339 γάρ
2068 5268 2164 5322 καὶ

566 5352 674 5407 δέοι
703 5371 769 5425 με
800 5355 1078 5426 κριθῆναι,
1109 5352 1262 5426 παρά
1289 5351 1399 5405 τῶν
1435 5350 1775 5418 Αἰγυπτίων,
1804 5350 1900 5405 καὶ
1924 5352 1985 5405 o6
2008 5353 2164 5424 παρά

569 5437 689 5505 σοῦ,
718 5439 1034 5509 ἀφεστῶτος
1062 5434 1599 5508 ἑϐδομηκονταπέντε
1626 5434 1852 5507 ἡμερῶν
1880 5436 2019 5489 ὁδόν.

640 5521 795 5578 ΚΕΦ.
833 5523 915 5577 Η’.
957 5551 1033 5563 --
1060 5520 1259 5575 Λαϐὼν
1303 5521 1403 5590 τὴν
1455 5519 1747 5590 ἐπιστολὴν
1796 5520 1825 5573 6
1884 5521 2158 5593 Ἰωάννης,

567 5610 664 5662 καὶ
703 5608 996 5677 ἀναγνοὺς,
1026 5606 1234 5675 ταύτην
1268 5604 1368 5675 μὲν
1407 5601 1533 5674 ἔσχε
1568 5603 1697 5675 παρ’
1731 5602 1932 5674 ἐαυτῷ,
1962 5607 2076 5669 τοῖς
2104 5606 2161 5660 δὲ

567 5694 840 5763 ἀσκηταῖς
886 5691 1217 5762 ἀμφοτέρων
1269 5686 1382 5742 τῶν
1422 5686 1607 5760 μερῶν
1645 5687 1893 5760 διελέχθη
1923 5689 1991 5743 τά
2024 5689 2161 5760 πρὸς

496 5803 503 5821 .
567 5777 811 5848 εἰρήνην.
879 5771 1215 5827 Ἀκούσαντα
1254 5772 1313 5827 δὲ
1374 5771 1659 5842 ἀμφότερα
1703 5770 1772 5825 τά
1821 5770 1963 5843 μέρη
1997 5772 2161 5844 ἐτρα-

630 5927 657 5955 ⁸
685 5923 788 5974 Nisi
816 5924 1019 5994 Alegeris
1060 5923 1535 5994 περιποιουμένους...
1558 5924 1722 5987 αὐτὸν,
1755 5926 1883 5977 male
1907 5924 2159 5979 habebunt

568 5999 745 6039 tensus
779 5991 832 6036 ει
854 5991 1186 6051 grammatica.

2260 560 2454 636 χύνθη,
2502 564 2566 617 τὸ
2618 566 2717 637 μὲν
2760 567 2837 632 ὡς
2883 570 3375 642 τετυραννημένον,
3432 569 3496 627 16
3529 572 3593 629 δέ
3634 575 3713 641 ὡς
3751 573 3854 633 οὐκ

2259 646 2383 717 ἔχον
2429 647 2560 702 ἀνευ
2595 647 2856 719 Θεοφίλου
2903 652 3006 723 τὴν
3037 652 3138 723 τῆς
3186 656 3412 726 εἰρήνης
3453 656 3728 724 ἐξουσίαν,
3762 658 3854 715 διά

2256 731 2318 783 τὸ
2365 731 2459 785 καὶ
2499 731 2642 785 κατά
2677 732 2930 787 κέλευσιν
2970 733 3143 788 αὑτοῦ
3187 737 3571 795 ἐπιδεδωκέναι
3621 741 3721 806 τὰς
3749 743 3854 813 τῆς

2260 816 2628 885 συκοφαντίας
2674 816 2914 887 δεήσεις.
2946 816 3136 881 Οὕτως
3164 821 3195 873 6
3239 821 3491 894 Ἰωάννης
3519 822 3643 889 δοὺς
3669 825 3858 892 αὐτοῖς

2258 898 2574 971 ἀπόκρισιν,
2652 899 2893 953 ἀπέλυσε
2951 900 3048 971 τῆς
3109 901 3304 955 ἐαυτοῦ
3381 902 3642 972 διανοίας.
3709 909 3856 980 Πρὸς

2256 980 2470 1044 τούτοις
2514 982 2969 1053 ἀναχωρήσαντες
3018 986 3066 1036 οἱ
3121 986 3345 1056 μοναχοὶ
3377 986 3473 1040 τοῦ
3506 990 3707 1063 μέρους
3738 992 3855 1062 ἡδι-

2257 1064 2523 1135 κημένου,
2566 1067 2925 1120 συντάσσουσι
2982 1066 3338 1140 πολυστίχους
3368 1070 3598 1143 δεήσεις,
3644 1076 3853 1148 ἐγγρά-

2256 1150 2459 1219 ψαντες
2489 1147 2634 1203 κατὰ
2657 1150 2759 1222 μὲν
2782 1149 2891 1204 τῶν
2927 1151 3178 1222 μοναχῶν
3205 1152 3282 1217 ὡς
3308 1158 3687 1226 συκοφαντῶν,
3710 1160 3854 1217 κατὰ

2257 1233 2316 1285 δὲ
2369 1230 2632 1303 Θεοφίλου
2702 1233 2774 1289 τὰ
2841 1234 3126 1305 Θεοφίλου,
3190 1238 3276 1291 ῖνα
3333 1238 3408 1312 μὴ
3469 1241 3646 1308 ἄλλως
3690 1246 3852 1308 εἴπω,

2257 1315 2499 1370 τοσαῦτα
2551 1318 2652 1370 ὅσα
2687 1315 2919 1382 ἕκαστος
2968 1313 3140 1372 οἶδεν·
3182 1322 3278 1375 καὶ
3312 1323 3711 1396 ἐνευξάμενοιδ
3741 1330 3855 1393 τοὶς

2261 1399 2616 1470 Δύγούστοις,
2648 1399 3048 1470 προσέρχονται
3081 1404 3140 1456 ἐν
3153 1402 3232 1475 τῷ
3259 1409 3546 1479 μαρτυρίῳ
3566 1409 3661 1463 τοῦ
3694 1410 3852 1479 ἀγίου

2273 1484 2521 1537 Ἰωάννου
2574 1484 2642 1554 τῇ
2693 1482 2980 1557 βασιλίσσῃ
3021 1484 3325 1556 δεηθέντες,
3370 1490 3479 1544 τῶν
3513 1492 3615 1562 μὲν
3660 1493 3854 1547 ἀντιδή

2262 1584 2375 1620 κων
2411 1565 2662 1637 μοναχῶν
2691 1563 2789 1636 τὴν
2821 1564 3007 1636 δέησιν
3037 1569 3187 1640 παρὰ
3212 1572 3326 1635 τοῖς
3358 1572 3621 1645 ἐπάρχοις
3641 1593 3854 1647 γυμνα-

2264 1650 2483 1723 σθῆναι,
2516 1652 2608 1704 τὸν
2634 1649 2691 1703 δὲ
2719 1648 2983 1719 Θεόφιλον
3012 1653 3371 1723 παραστάντα
3399 1659 3495 1712 καὶ
3525 1658 3728 1715 ἄκοντα
3760 1662 3855 1716 ἐπὶ

2276 1734 2525 1789 Ἰωάννου
2569 1731 2846 1805 κριθῆναι.
2910 1733 3189 1809 Ἐπράχθη
3229 1738 3263 1808 ἡ
3290 1738 3497 1811 δέησις,
3528 1742 3730 1814 ἔχουσα
3755 1743 3855 1816 τὴν

2262 1819 2538 1889 ἀπόφασιν
2562 1818 2751 1888 τήνδε·
2779 1817 2921 1872 ῶστε
2951 1819 3041 1872 τὸν
3075 1822 3175 1891 μὲν
3202 1822 3461 1894 Θεόφιλον
3493 1830 3854 1899 παραστάντα

2262 1901 2353 1956 διὰ
2372 1902 2469 1955 τοῦ
2500 1902 2806 1974 μαγίστρου
2832 1902 2928 1955 καὶ
2958 1902 3153 1958 ἑκόντα
3183 1907 3279 1959 καὶ
3304 1907 3530 1975 ἄκοντα,
3558 1911 3746 1968 δοῦναι
3774 1913 3854 1967 δί-

2264 2002 2370 2057 κην
2388 1986 2482 2039 ἐπὶ
2522 1985 2771 2040 Ἰωάννου
2793 2002 2807 2016 ·
2837 1984 2963 2048 τοὺς
2991 1985 3048 2038 δὲ
3071 1989 3329 2059 Θεοφίλου
3365 1996 3635 2065 μοναχοὺς
3656 1997 3855 2068 συστῆ-

2263 2087 2354 2125 ναι
2382 2071 2596 2133 ἑαυτοῖς
2616 2069 2711 2123 ἐπὶ
2730 2072 2844 2132 τοῖς
2874 2069 3216 2143 ἐγκλήμασιν
3230 2070 3311 2140 οἷς
3336 2078 3725 2151 κατηγόρησαν
3745 2080 3855 2134 τῶν

2265 2152 2437 2223 ἀγίων
2471 2152 2765 2223 γερόντων,
2803 2155 2837 2228 ἢ
2872 2157 2941 2211 τά
2966 2157 3074 2211 τῶν
3110 2159 3464 2228 συκοφαντῶν
3498 2161 3850 2232 ὑφίστασθαι.

2264 2236 2454 2302 Οὕτως
2474 2233 2569 2291 οὖν
2589 2238 2669 2302 εἰς
2700 2238 2801 2308 μὲν
2821 2241 2922 2313 τὴν
2961 2240 3368 2313 Ἀλεξάνδρειαν
3387 2244 3667 2316 ἀπεστάλη
3705 2246 3856 2302 Ἐλά-

2264 2340 2407 2392 φιος,
2439 2325 2468 2376 6
2494 2321 2589 2377 νῦν
2630 2322 2739 2376 ἀπὸ
2778 2325 3114 2395 πριγκίπων,
3144 2325 3427 2397 διαγαγεῖν
3454 2329 3547 2383 τὸν
3571 2329 3851 2401 Θεόφιλον,

2263 2407 2362 2479 τὴν
2373 2407 2430 2460 δὲ
2445 2406 2638 2478 λοιπήν
2658 2405 2934 2477 ἀπόφασιν
2954 2411 3004 2463 οἰ
3025 2409 3255 2481 ἔπαρχοι
3277 2411 3621 2478 ἐξεϐίϐασαν.
3636 2415 3853 2487 Γυμνα-

2265 2491 2501 2564 ζομένης
2525 2491 2583 2545 δὲ
2614 2492 2716 2562 τῆς
2739 2492 2897 2564 δίκης
2928 2495 3022 2547 καὶ
3050 2496 3130 2558 εἰς
3160 2494 3366 2567 ἄπορον
3393 2498 3812 2574 καταληγούσης
3834 2547 3851 2570 ,

2262 2577 2313 2629 οἱ
2341 2575 2441 2647 μὲν
2480 2574 2635 2647 νόμοι
2665 2576 2946 2632 ἐπέκειντο
2977 2577 3394 2645 ἀποστίλϐοντες
3415 2582 3479 2635 16
3509 2581 3663 2653 ξίφος
3681 2601 3695 2615 ο
3721 2586 3771 2640 οἰ
3795 2586 3854 2641 δὲ

2263 2659 2438 2715 ἄθλιοι
2466 2661 2666 2714 ἐκεῖνοι
2695 2660 3025 2733 φοϐηθέντες
3052 2663 3152 2734 τήν
3177 2663 3424 2732 ἔκϐασιν,
3470 2666 3852 2738 ὑπερτίθενται

2265 2745 2347 2808 εἰς
2374 2743 2655 2813 Θεόφιλον,
2699 2744 2775 2810 ὡς
2802 2745 2970 2800 αὑτοῦ
2995 2747 3195 2811 αὑτοὺς
3233 2749 3597 2818 ὑποϐαλόντος
3626 2757 3721 2809 καὶ
3751 2756 3853 2824 τὰς

2262 2829 2479 2901 δεήσεις
2496 2830 2996 2902 ὑπαγορεύσαντος.
3019 2832 3206 2898 Οὕτως
3225 2837 3258 2907 ἡ
3279 2836 3435 2901 τάξις
3453 2837 3634 2909 βάλλει
3656 2842 3854 2907 αὐτοὺς

2264 2917 2345 2980 εἰς
2375 2916 2773 3002 δεσμωτήριον,
2808 2917 2971 3002 μέχρι
2997 2920 3097 2990 τῆς
3123 2919 3386 2991 Θεοφίλου
3410 2926 3735 2997 παρουσίας,
3778 2929 3854 3002 μὴ

2264 3000 2613 3083 ἀνασχομένη
2665 3000 2759 3054 ἐπὶ
2777 3000 3017 3075 ’τοιαύτῃ
3047 3003 3304 3059 ὑποθέσει
3329 3006 3585 3071 δέξασθαι
3627 3000 3852 3083 ἐγγύας.

2264 3085 2374 3172 Καὶ
2400 3082 2607 3172 τούτων
2632 3084 2683 3172 οἱ
2714 3085 2813 3172 μὲν
2841 3085 3165 3172 τελευτῶσιν
3190 3090 3247 3141 ἐν
3272 3093 3338 3161 τῇ
3365 3094 3553 3164 εἱρκτῇ
3583 3082 3855 3172 χρονοτρι.

2265 3168 2657 3254 ϐήσαντες-διὰ
2685 3170 2786 3241 τὴν
2830 3170 3089 3241 Θεοφίλου
3136 3172 3465 3247 βραδυτῆτα,
3513 3181 3561 3232 οἱ
3608 3168 3665 3235 δὲ
3717 3168 3858 3254 μετά

2264 3254 2363 3325 τὴν
2397 3252 2657 3322 Θεοφίλου
2688 3254 2991 3324 παρουσίαν
3027 3258 3274 3329 χρήμασι
3313 3259 3374 3313 16
3421 3264 3654 3335 πρᾶγμα
3702 3252 3854 3332 ἕξει)-

2267 3336 2616 3422 μαρίσαντος,
2652 3339 2710 3422 ἐν
2742 3337 3029 3411 τελευταίᾳ
3061 3341 3310 3406 ἐξετάσει
3343 3343 3443 3415 τὴν
3482 3347 3857 3422 Προκόννησον

2261 3424 2431 3475 οἰκεῖν
2456 3421 2607 3494 παρά
2626 3421 2736 3476 τῶν
2763 3422 2944 3495 νόμων
2964 3426 3367 3498 κατεκρίθησαν
3387 3431 3465 3495 ὡς
3497 3435 3851 3505 συκοφάνται.

2264 3504 2454 3570 Οὕτως
2478 3507 2508 3559 6
2540 3505 2800 3576 Θεόφιλος
2841 3510 3148 3578 παραστάς,
3181 3510 3434 3586 καθάπερ
3461 3504 3731 3590 κάνθαρος
3759 3539 3857 3575 πε-

2264 3591 2614 3663 φορτωμένος
2647 3590 2751 3662 τῆς
2783 3591 2991 3665 κόπρου
3028 3593 3137 3647 τῶν
3159 3596 3216 3663 ἐξ
3238 3597 3518 3668 Αἰγύπτου
3554 3603 3857 3661 καλλίστων

2264 3676 2360 3729 καὶ
2383 3675 2552 3747 αὑτῆς
2583 3677 2683 3747 τῆς
2718 3675 2930 3741 Ἰνδίας,
2951 3678 3090 3750 ὑπὲρ
3111 3679 3379 3747 δυσώδους
3401 3684 3595 3754 φθόνου
3628 3689 3856 3744 εὐωδίαν

2265 3758 2490 3848 ἐκχέων,
2518 3759 2692 3848 εἰσῄει
2728 3760 2821 3848 εἰς
2851 3761 3424 3820 Κωνσταντινούπολιν
3455 3769 3590 3841 ἐκτῃ
3612 3770 3751 3843 ῶρᾳ.
3785 3778 3851 3848 τῇ

2266 3843 2493 3930 πέμπτῃ
2522 3843 2613 3896 τοῦ
2644 3844 2947 3907 Σαϐϐἀτου,
2982 3848 3088 3900 ὑπὸ
3140 3849 3236 3903 τοῦ
3285 3854 3543 3908 ναυτικοῦ
3585 3843 3856 3930 κατακροξ

2264 3928 2524 4011 τούμενος
2551 3931 2795 4001 στίφους,
2841 3932 2941 4002 τὴν
2993 3932 3189 4004 ἄτιμον
3228 3936 3637 4011 ἀποφερόμενος
3672 3928 3850 4007 δόξαν,

2266 4016 2395 4086 περὶ
2418 4009 2486 4085 ἧς
2512 4019 2774 4098 προεῖπεν
2808 4018 2837 4070 6
2873 4017 3215 4085 ’Δπόστολος,
3248 4013 3362 4076 Ὧν
3398 4025 3437 4092 ἠ
3477 4009 3628 4090 δόξα
3669 4028 3740 4081 ἐν
3777 4027 3851 4098 τῇ

2262 4100 2526 4168 αίσχύνῃ
2555 4097 2776 4163 αὐτῶν,
2829 4100 3161 4169 ἐπενεγκών·
3220 4107 3286 4158 Ol
3334 4105 3409 4160 τὰ
3448 4107 3680 4179 ἐπίγεια
3706 4097 3852 4182 Sapo;

2263 4182 2536 4249 νοῦντες·
2584 4184 2678 4236 καὶ
2705 4183 2974 4250 ξενίζεται
3021 4186 3080 4239 ἐν
3126 4187 3560 4259 σκηνώμασινοὺ
3591 4193 3850 4264 δικαίων,

2264 4270 2454 4339 φυγὼν
2482 4269 2579 4341 τὴν
2635 4269 2979 4342 ἐκκλησίαν,
3022 4273 3416 4347 ἐπιλαθόμενος
3457 4278 3522 4334 16
3571 4283 3853 4341 Δαυῖδικδν

2263 4361 2459 4413 έκεῖνο·
2507 4358 2910 4429 Ἐξελεξάμην
2947 4364 3481 4432 παραρῤιπτεῖσθαι
3512 4368 3585 4423 ἐν
3610 4370 3689 4437 τῷ
3708 4373 3854 4443 οῖκῳ

2263 4448 2370 4502 τοῦ
2393 4448 2541 4502 Θεοῦ
2567 4466 2689 4518 μου
2717 4447 2960 4519 μᾶλλον
2982 4451 3020 4519 ἢ
3048 4452 3235 4506 οἰκεῖν
3255 4471 3333 4524 με
3361 4455 3433 4509 ἐν
3458 4458 3855 4532 σκηνώμασιν

2262 4535 2660 4606 ἁμαρτωλῶν·
2717 4538 3037 4610 εἰργόμενος
3093 4539 3196 4611 τῆς
3253 4542 3550 4616 ἐκκλησίας
3604 4549 3710 4602 ὑπὸ
3755 4552 3852 4605 τοῦ

2267 4627 2398 4680 ἰδίου
2428 4627 2758 4690 συνειδότος,
2779 4628 3080 4701 Διατρίψας
3106 4629 3162 4685 δὲ
3199 4635 3346 4705 τρεῖς
3391 4634 3690 4707 ἑϐδομάδας
3717 4642 3854 4712 ἡμε-

2267 4714 2398 4786 ρῶν,
2431 4714 2555 4770 οὕτε
2586 4716 2666 4787 τῷ
2703 4717 2988 4789 ὲπισκόπῳ
3028 4718 3253 4795 Ἰωάννῃ
3299 4722 3554 4795 συνέτυχε
3593 4727 3734 4781 κατά
3788 4728 3853 4783 16

2263 4804 2384 4870 ἔθος
2413 4804 2523 4859 τῶν
2574 4805 2914 4871 ἐπισκόπων,
2962 4804 3085 4860 οὕτε
3137 4808 3466 4882 ἐπλησίασεν
3491 4814 3628 4879 ὅλως
3656 4819 3722 4888 τῇ
3756 4818 3850 4871 ἐκ·

2264 4892 2486 4965 κλησία,
2544 4893 2659 4947 ἀλλ’
2689 4893 2884 4966 ἔμενεν
2944 4895 3349 4968 ἀγωνιζόμενος
3389 4902 3604 4975 νύκτωρ
3661 4923 3721 4960 τε
3756 4907 3852 4961 καί⁸

2266 4981 2385 5053 μεθ’
2415 4982 2631 5055 ἡμέραν
2660 4982 2721 5037 16
2747 4984 2867 5038 νέον
2906 4985 3061 5056 ἔχθος
3110 4986 3189 5058 τῷ
3234 4988 3451 5062 παλαιῷ
3487 4992 3848 5066 ἐπισυνάψας,

2262 5072 2411 5135 ὅπως
2432 5072 2524 5125 τὸν
2553 5073 2852 5126 ἐπίσκοπον
2892 5073 3149 5145 Ἰωάννην
3198 5076 3397 5151 ἐξώσῃ,
3450 5081 3510 5133 o6
3560 5083 3720 5153 μόνον
3748 5084 3850 5157 τῆς

2275 5158 2623 5230 Ἐκκλησίας.
2653 5159 2790 5213 ἀλλά
2812 5160 2906 5214 καὶ
2941 5161 3106 5215 αὑτοῦ
3158 5162 3254 5217 τοῦ
3311 5164 3410 5238 ζῇν
3445 5177 3468 5206 ε
3490 5182 3506 5197 ·
3559 5168 3719 5225 τοῦτο
3749 5172 3849 5245 μὲν

2262 5247 2479 5320 ἀφειδίᾳ
2504 5248 2730 5321 χρυσίου
2758 5250 2885 5312 τοὺς
2911 5250 3313 5323 δεισιδαίμονας
3360 5255 3470 5310 τῶν
3503 5259 3851 5330 κρατούντων

2260 5335 2570 5407 ὠνούμενος
2602 5336 2744 5391 κατά
2791 5338 2895 5408 τῆς
2947 5339 3224 5411 ἀληθείας,
3275 5343 3433 5397 τοῦτο
3477 5344 3535 5399 δὲ
3568 5347 3852 5403 πολυτελεῖ

2259 5424 2506 5497 τραπέζῃ
2534 5426 2662 5487 τοὺς
2701 5428 3154 5498 γαστριμάργους
3183 5429 3559 5501 δουλούμενος,
3586 5434 3746 5491 τοῦτο
3790 5438 3850 5493 δὲ

2260 5519 2356 5571 καὶ
2382 5516 2642 5588 κολακεία
2680 5519 2773 5572 καὶ
2804 5519 3097 5590 ὑποσχέσει
3144 5521 3244 5592 τῆς
3274 5522 3519 5593 μείζονος
3539 5526 3693 5592 ἀξίας
3723 5530 3852 5594 τοὺς

2263 5606 2623 5676 συμφένακας
2672 5606 2782 5660 τῶν
2833 5607 3112 5678 κληρικῶν
3167 5611 3525 5683 ἐπαγόμενος.
3576 5615 3851 5689 Συνδὴσας

2261 5696 2472 5759 πάντας
2502 5696 2732 5760 τούτους
2752 5696 2880 5750 ἄνευ
2911 5698 3147 5769 σχοινίου
3178 5702 3299 5765 ταῖς
3345 5700 3563 5773 ἡδοναῖς
3597 5705 3848 5780 καθάπερ

2322 5862 2723 5935 ἤΒίεοιὶυυῑειιι
2746 5869 3004 5935 _scr|plu_ra,_
3044 5869 3381 5935 ἐπευξάμενοι,
3406 5886 3504 5924 non
3544 5874 3849 5926 mediocrem

2259 5928 2907 5991 barbarismiisuspicloném
2929 5930 3097 5983 habet.

2335 5993 2357 6022 ε
2380 5991 2531 6043 Addit
2547 5990 2727 6057 Georg.
2751 5992 3016 6052 ἀπαλλάξῃ.
