4114 6392
410 333 480 386 Ξῗῑ
1339 328 1425 382 DE
1468 329 1625 383 VITA
1665 329 1722 383 S.
1762 327 2037 384 JOANNIS
2075 327 2564 385 CHRYSOSTOMI.
3588 343 3657 396 εδ

409 439 687 511 Theophili
717 439 967 496 adversus
992 455 1082 495 eos
1111 440 1286 494 odium
1315 440 1727 505 demutaturum,
1759 440 1978 495 libenter

409 533 677 602 negotium
707 532 921 601 arripit,
954 531 1244 584 admonens
1270 545 1362 584 eos
1390 540 1446 584 ut
1483 529 1621 598 apud
1647 545 1832 584 omnes
1858 530 1981 583 reli-

408 626 557 696 gioso
597 625 805 680 silentio
832 624 1090 681 adventus
1127 623 1206 677 sui
1247 636 1459 676 causam
1507 631 1777 689 tegerent,
1808 620 1980 675 donec

409 718 543 788 ipse,
577 717 763 787 inquit,
794 717 989 769 misero
1013 715 1077 768 ad
1109 713 1327 768 fratrem
1359 712 1732 782 Theophilum.
1765 712 1831 766 Et
1853 712 1978 766 dato

406 809 484 864 eis
509 810 560 862 in
587 810 807 864 ecclesia
829 808 966 862 dicta
994 805 1267 860 Anastasia
1298 805 1525 874 hospitio
1549 805 1613 860 ad
1639 806 1979 874 requiescen-

401 900 551 965 dum,
580 900 689 968 ipse
713 898 921 968 quidem
949 913 1053 952 non
1080 897 1445 967 suppeditabat
1469 912 1586 966 qua:
1606 896 1672 950 ad
1693 911 1846 950 usum
1873 896 1975 951 illis

399 991 703 1045 necessaria
730 970 914 1053 erant;
941 987 1034 1042 sed
1064 987 1324 1057 religiosa:
1351 987 1600 1041 mulieres
1627 989 1820 1041 victum
1849 987 1976 1055 ipsis

401 1079 894 1143 subministrabant,
925 1089 980 1134 et
1005 1078 1103 1147 ipsi
1129 1093 1339 1147 quoque
1368 1076 1605 1130 nonnihil
1631 1077 1976 1132 conferebant

401 1186 466 1226 ex
494 1185 652 1243 opere
690 1186 961 1224 manuum.
999 1170 1300 1238 Contigerat
1336 1177 1512 1222 autem
1544 1167 1642 1221 sub
1677 1168 1727 1221 id
1768 1176 1974 1236 tempus

401 1273 454 1316 ut
484 1263 661 1317 clerici
688 1262 900 1332 quidam
918 1261 1196 1329 Theophili
1223 1260 1676 1328 Constantinopoli
1701 1259 1968 1326 adessent,

400 1355 803 1422 magistratuum
850 1352 939 1423 qui
991 1352 1234 1422 regenda:
1285 1351 1517 1422 Egypto
1564 1351 1972 1421 designabantur

402 1446 760 1516 promotiones
786 1453 1195 1513 prtemercantes
1217 1484 1234 1509 ,
1265 1451 1319 1496 et
1347 1442 1772 1496 benevolentiam
1797 1441 1972 1495 Theo-

402 1536 544 1606 philo
565 1536 904 1590 conciliantes
927 1536 979 1599 in
1004 1534 1288 1602 perniciem
1314 1548 1498 1588 eorum
1524 1534 1611 1603 qui
1644 1533 1716 1587 illi
1753 1534 1969 1588 minime

400 1627 693 1698 placebant.
719 1625 825 1680 Hos
851 1625 1008 1694 igitur
1026 1625 1090 1679 ad
1113 1640 1169 1679 se
1189 1625 1384 1679 accitos
1405 1623 1637 1680 Joannes
1665 1634 1970 1693 percuncta-

399 1723 662 1783 batur,,an
693 1727 978 1783 praesentes
1005 1717 1291 1770 monachos
1317 1715 1611 1772 novissent.
1643 1715 1718 1769 llli
1746 1715 1968 1772 candide

398 1808 464 1863 de
495 1808 622 1876 ipsis
643 1808 999 1863 te5timonium
1024 1807 1359 1877 perhibuere,
1382 1807 1617 1862 dicentes
1639 1806 1828 1862 Joanni
1859 1825 1872 1861 :
1901 1807 1968 1862 Et

397 1898 639 1952 novimus
664 1912 787 1962 eos,
822 1907 880 1956 et,
916 1898 1019 1950 vim
1070 1912 1308 1966 magnam
1355 1898 1590 1971 perpessi
1633 1908 1754 1952 sunt
1786 1916 1798 1952 :
1831 1913 1892 1952 ac
1921 1899 1965 1953 si

395 1987 597 2057 placet.
626 1987 838 2042 domine
857 2028 871 2050 ,
901 1987 1190 2056 Spiritalem
1213 1987 1290 2040 eis
1313 1987 1740 2042 communionem
1773 1989 1967 2056 imper-

397 2080 496 2132 tire
523 2078 669 2144 noli,
702 2095 769 2133 nc
792 2077 1026 2132 offendas
1056 2077 1403 2146 Tthphilum
1434 2095 1447 2130 :
1479 2079 1531 2132 in
1573 2080 1778 2134 eteteris
1818 2079 1966 2134 beni-

392 2186 553 2239 gnum
602 2181 651 2224 te
698 2170 917 2239 praebe;
966 2170 1067 2224 hoc
1107 2171 1247 2223 enim
1291 2178 1343 2223 te
1373 2178 1428 2223 ut
1453 2171 1758 2240 episcopum
1787 2169 1960 2225 decet.

391 2264 479 2325 Sic
503 2263 734 2319 Jonnnes
762 2278 856 2318 eos
881 2263 1091 2333 quidem
1119 2262 1184 2316 ad
1209 2263 1634 2317 communionem
1667 2276 1768 2316 non
1797 2262 1964 2316 admi-

391 2358 460 2412 sit
493 2376 506 2410 :
539 2356 834 2426 TheOphilo
862 2365 1037 2410 autem
1059 2356 1283 2420 scribit,
1312 2369 1469 2409 orans
1500 2371 1513 2408 :
1545 2355 1600 2408 In
1631 2354 1731 2408 hoc
1757 2352 1883 2408 mihi
1908 2363 1964 2408 ut

393 2447 501 2502 filio
526 2457 579 2504 et
608 2448 753 2502 fratri
784 2448 1080 2516 gratificare
1099 2488 1113 2511 ,
1147 2447 1306 2501 hosce
1333 2447 1476 2501 viros
1500 2447 1852 2516 amplectitur.
1883 2447 1961 2502 Ad

391 2540 505 2594 inec
546 2539 910 2610 Theophilus,
954 2539 1174 2610 gratiam
1219 2539 1433 2609 quidem
1481 2540 1689 2608 negavit
1728 2538 1958 2604 Joanni;

391 2633 549 2687 mittit
578 2642 752 2685 autem
783 2631 1038 2701 quosdam
1064 2629 1128 2684 ad
1158 2629 1513 2686 contentiosas
1548 2629 1829 2683 verborum
1869 2644 1963 2698 pu-

389 2735 522 2796 gnas
551 2723 884 2781 exercitatos.
917 2721 983 2774 de
1012 2720 1203 2789 quibus
1231 2718 1474 2787 superius
1498 2717 1747 2784 diximus,
1775 2729 1829 2773 et
1849 2734 1962 2773 mo-

391 2821 500 2875 net,
530 2810 656 2864 dent
683 2811 758 2864 illi
784 2809 992 2864 libellos
1015 2824 1252 2878 precum,
1280 2823 1414 2878 quos
1443 2824 1588 2863 more
1614 2825 1710 2863 suo
1741 2809 1853 2878 ipse
1881 2809 1962 2863 di-

391 2910 627 2956 ctaverat
659 2920 671 2954 :
701 2901 787 2969 qui
830 2900 1172 2955 continebant
1207 2909 1444 2969 apertum
1488 2900 1698 2968 quidem
1744 2899 1963 2954 menda—

389 2992 567 3056 cium,
620 2992 869 3046 amictum
916 3005 1042 3045 vero
1080 2989 1226 3044 varia
1277 2998 1330 3044 et
1378 2989 1650 3058 multiplici
1699 2991 1958 3044 calumnia

388 3099 574 3137 eorum
606 3099 722 3153 qua:
749 3093 870 3137 sunt
898 3083 1174 3137 invisibilia
1193 3123 1207 3148 ,
1237 3097 1357 3136 cum
1399 3081 1530 3136 nihil
1578 3083 1795 3136 haberet
1820 3083 1961 3136 unde

389 3190 572 3228 eorum
615 3175 775 3228 vitam
825 3174 1277 3238 calumniaretur;
1319 3171 1545 3241 facitQue
1587 3182 1646 3226 ut
1684 3173 1736 3226 in
1769 3172 1961 3240 palatio

389 3267 536 3335 quasi
568 3265 974 3334 praestigiatorcs
995 3265 1156 3334 digito
1175 3274 1617 3319 monstrarentur.
1641 3265 1878 3318 Monacbi
1903 3275 1961 3319 ut

389 3359 633 3412 viderunt
661 3374 719 3412 se
745 3375 848 3412 non
879 3358 1052 3411 solum
1081 3357 1432 3428 Theophilum
1461 3372 1563 3410 non
1597 3357 1834 3426 placare,
1864 3357 1958 3412 sed

387 3449 440 3503 in
463 3450 716 3517 majorem
740 3450 868 3502 iram
895 3448 1186 3517 impellere,
1207 3449 1332 3501 dum
1360 3448 1554 3502 multos
1578 3449 1960 3503 intercessores

390 3543 456 3595 ad
497 3543 642 3595 illum
689 3543 902 3594 mittunt
927 3583 940 3604 ,
985 3541 1200 3608 insuper
1243 3549 1454 3609 paratos
1487 3555 1544 3594 sc
1569 3555 1688 3595 esse
1721 3540 1959 3596 dicentes

389 3633 572 3688 falsam
603 3648 816 3687 omnem
855 3632 1148 3686 doctrinam
1174 3632 1619 3686 anathematizare
1649 3648 1662 3684 :
1694 3633 1958 3703 supplices

389 3725 594 3780 libellos
619 3723 809 3779 Joanui
836 3725 1063 3778 offerunt
1085 3765 1098 3785 ,
1127 3723 1335 3778 diversa
1357 3725 1632 3794 Theophili
1665 3727 1956 3796 tyrannidis

389 3830 577 3885 genera
621 3816 934 3868 denotantes
958 3857 972 3877 ,
1019 3814 1282 3882 adjunctis
1322 3815 1634 3884 quibusdam
1664 3817 1911 3886 capitulis
1935 3859 1950 3882 ,

387 3921 503 3975 qua:
536 3904 693 3973 pudet
716 3920 892 3959 coram
920 3905 1332 3974 simplicioribus
1355 3904 1553 3968 dicere,
1585 3921 1652 3959 ne
1676 3920 1769 3959 eos
1788 3921 1815 3958 a
1842 3921 1958 3962 cre-

387 3997 561 4050 dendo
584 3995 900 4061 deterream,
934 3995 1158 4050 fortasse
1182 3997 1338 4048 etiam
1365 3995 1501 4064 apud
1530 3997 1871 4063 perfectiores
1897 3996 1958 4050 fi-

388 4087 507 4141 dem
531 4101 635 4140 non
660 4087 986 4140 inventurus.
1006 4086 1208 4140 Rursus
1228 4096 1280 4140 et
1299 4101 1389 4154 per
1407 4087 1639 4155 seipsum
1657 4096 1709 4140 et
1731 4102 1825 4155 per
1841 4088 1957 4141 illos

388 4177 664 4245 episeopos
711 4178 951 4230 hortatur
976 4191 1069 4230 eos
1106 4176 1371 4240 Joannes,
1405 4186 1462 4228 ut
1500 4176 1747 4230 desinant
1783 4178 1954 4245 ipsum

388 4281 638 4322 accusare
681 4267 748 4318 ob
792 4267 1083 4320 molestiam
1129 4281 1245 4332 quae
1291 4281 1353 4320 ex
1403 4265 1704 4334 hujusmodi
1744 4267 1956 4336 judiciis

389 4358 530 4412 nasci
573 4359 707 4412 solet
735 4377 747 4411 :
780 4368 834 4412 et
876 4359 1060 4413 scribit
1089 4357 1382 4427 TheOphilo
1413 4378 1425 4411 :
1460 4360 1534 4412 Eo
1573 4360 1956 4429 desperationis

391 4451 629 4503 homines
653 4449 910 4519 ejusmodi
939 4450 1202 4504 devenere
1226 4491 1240 4513 ,
1284 4459 1339 4502 ut
1375 4451 1572 4519 scripto
1605 4461 1662 4505 te
1683 4462 1952 4506 accusent.

388 4541 646 4594 Caeterum
675 4544 814 4610 quod
846 4543 936 4596 tibi
977 4543 1183 4595 videtur
1220 4543 1452 4596 rescribe
1483 4561 1496 4595 ε
1531 4558 1633 4596 non
1681 4545 1821 4597 enim
1868 4560 1954 4599 me

387 4635 604 4687 audiunt
626 4676 640 4698 ,
678 4643 738 4690 ut
762 4650 791 4687 a
817 4634 1080 4687 Comitatu
1117 4634 1409 4688 diseedant.
1436 4635 1516 4688 0b
1538 4635 1797 4704 ejusmodi
1825 4639 1956 4691 scri-

387 4736 472 4796 pta
505 4734 646 4780 totus
673 4725 747 4779 ira
781 4726 1025 4780 incensus
1049 4726 1391 4794 Theophilus,
1420 4728 1487 4781 ab
1515 4727 1747 4781 Ecclesia
1778 4729 1956 4784 exclu-

388 4815 466 4869 dit
491 4815 707 4870 fratrem
737 4818 1113 4871 monachorum
1153 4818 1462 4872 Dioscorum
1498 4821 1801 4888 episcopum
1824 4863 1837 4882 ,
1865 4823 1952 4890 qui

387 4907 440 4958 in
467 4906 696 4960 Ecclesia
724 4915 970 4960 scnuerat
999 4924 1010 4958 :
1041 4917 1094 4960 et
1120 4905 1185 4960 ad
1211 4905 1465 4961 Joannem
1494 4909 1798 4977 episcopum
1825 4913 1956 4964 scri-

387 4997 502 5052 bit:
535 4997 776 5052 Arbitror
809 4998 1054 5068 equidem
1086 5013 1188 5053 non
1218 5000 1459 5069 ignorare
1496 5008 1547 5055 te
1572 5017 1832 5055 canonum
1865 5004 1954 5058 Ni-

386 5103 653 5142 caenornm
683 5088 977 5153 decretum,
999 5105 1103 5158 quo
1133 5090 1385 5155 sancitur,
1410 5107 1476 5145 ne
1501 5094 1780 5161 cpiscopus
1807 5094 1949 5148 litem

385 5186 534 5231 extra
565 5177 696 5232 lines
723 5193 848 5232 suos
868 5179 1070 5248 judicet
1094 5197 1105 5229 :
1136 5183 1178 5232 si
1211 5190 1384 5234 autem
1416 5182 1626 5250 ignoras
1646 5224 1660 5248 ,
1693 5184 1838 5237 disce
1859 5226 1872 5248 ,
1901 5194 1954 5239 et

384 5283 414 5320 a
458 5268 646 5322 libellis
677 5269 931 5322 adversus
971 5285 1056 5323 me
1091 5270 1314 5330 abstine.
1353 5269 1482 5323 Nam
1525 5271 1567 5323 si
1613 5272 1826 5338 iudicari
1869 5290 1954 5328 me

385 5364 696 5424 oporteret,
738 5359 804 5411 ab
842 5357 1106 5429 {Egyptiis
1144 5358 1407 5428 episc0pis
1443 5361 1758 5427 judicandns
1795 5379 1910 5417 sum
1933 5404 1951 5431 ,

387 5461 492 5500 non
519 5461 550 5500 a
578 5458 628 5502 te
655 5449 743 5517 qtti
769 5449 1097 5520 septuaginta
1119 5449 1349 5520 quinque
1373 5449 1575 5503 dierum
1607 5452 1793 5506 itinere
1835 5455 1956 5510 hinc

387 5538 530 5593 abes.

458 5628 582 5684 Car.
627 5647 735 5684 vm.
765 5662 833 5672 —-
856 5634 1086 5702 Accepta
1116 5632 1352 5703 lectaque
1383 5648 1445 5688 ea
1471 5633 1690 5705 epistola
1721 5634 1950 5690 Joannes

388 5734 503 5774 eam
528 5720 737 5792 quidem
758 5737 919 5792 penes
940 5737 998 5780 se
1045 5724 1290 5791 servavit,
1324 5725 1595 5780 monachis
1622 5735 1795 5782 autem
1823 5741 1948 5796 par-

2092 440 2158 492 tis
2189 442 2460 511 utriusque
2489 459 2549 496 ea
2591 444 2722 497 dixit
2748 460 2865 514 qua:
2904 446 2970 501 ad
3018 462 3198 517 pacem
3244 462 3416 507 erant.
3457 454 3656 521 Quibus

2088 529 2297 595 auditis,
2332 544 2641 602 exasperata
2677 545 2760 590 est
2786 544 3007 606 utraque
3047 554 3189 608 pars,
3247 541 3334 595 illa
3361 545 3570 611 quidem
3595 556 3653 599 ut

2088 621 2363 690 tyrannide
2390 639 2662 691 oppressa,
2709 625 2874 680 altera
2916 635 3042 682 vero
3083 630 3221 699 quod
3252 632 3451 700 absque
3474 633 3654 690 Theo-

2087 713 2231 781 philo
2259 713 2561 768 facultatem
2594 731 2696 770 nun
2730 718 2947 773 haberet
3002 721 3243 775 incunda:
3293 724 3456 792 pacis,
3502 725 3653 793 cujus

2078 802 2230 872 jussu
2259 804 2478 859 dederat
2517 807 2724 861 libellos
2751 809 3030 863 calumniis
3074 813 3277 881 plenos.
3315 815 3402 868 Sic
3422 814 3654 873 Joannes

2083 895 2206 949 dato
2223 897 2300 950 eis
2325 911 2602 967 responso,
2622 914 2715 953 eos
2739 901 2806 954 ab
2824 914 2916 954 sua
2935 917 3059 956 cura
3085 912 3138 958 et
3158 907 3474 976 cogitatione
3494 907 3652 961 dimi-

2081 989 2168 1041 sit.
2198 989 2324 1042 Post
2340 989 2454 1042 haec
2480 991 2745 1057 monachi,
2768 995 2855 1062 qui
2882 995 3071 1062 injuria
3100 996 3272 1051 affecti
3301 997 3528 1064 fuerant,
3557 1014 3645 1054 re-

2081 1080 2348 1145 cedentes,
2398 1081 2603 1137 libellos
2630 1084 2858 1153 grandes
2885 1095 2936 1138 et
2969 1087 3224 1141 verbosos
3276 1101 3601 1158 componunt
3631 1109 3644 1144 :

2079 1171 2368 1225 monachos
2392 1174 2606 1242 quidem
2658 1184 2923 1244 tamquam
2951 1176 3360 1232 calumniatores
3386 1193 3645 1234 accusan-

2079 1269 2178 1324 tes,
2213 1261 2467 1316 adversus
2493 1262 2842 1334 Theophilum
2869 1281 3016 1333 vero,
3049 1281 3115 1320 ne
3138 1267 3262 1337 quid
3282 1268 3421 1322 aliud
3448 1269 3639 1334 dicam,

2077 1365 2138 1404 ea
2165 1351 2512 1408 inscribentes
2541 1370 2658 1422 qua:
2687 1364 2839 1408 erant
2857 1351 3156 1426 Theophili,
3178 1367 3232 1412 et
3255 1367 3384 1428 quot
3401 1368 3454 1414 et
3474 1375 3641 1429 quan-

2078 1451 2129 1494 ta
2149 1444 2372 1511 quisque
2403 1453 2641 1498 noverat.
2675 1447 2910 1516 Cumque
2960 1447 3167 1500 libellos
3192 1449 3506 1504 obtulissent
3527 1451 3640 1504 Au-

2075 1534 2262 1602 gustis,
2286 1532 2679 1603 lmperatricem
2707 1535 2902 1590 adeunt
2929 1538 2979 1590 in
3001 1537 3249 1609 Martyrio
3287 1540 3453 1592 sancti
3477 1539 3640 1594 Joan-

2076 1626 2178 1690 nis,
2207 1636 2484 1696 orantque,
2508 1639 2562 1681 ut
2585 1628 3008 1683 adversariorum
3027 1631 3235 1698 quidem
3260 1632 3637 1685 monachorum

2081 1716 2292 1770 libellus
2343 1718 2482 1786 apud
2540 1719 2818 1787 prtefectos
2891 1717 3316 1786 exanimaretur,
3369 1719 3640 1790 Theophi-

2077 1806 2158 1861 lus
2187 1821 2314 1861 vero
2343 1807 2425 1862 vel
2465 1808 2660 1861 invitus
2703 1809 2932 1874 adesset,
2973 1818 3026 1864 et
3069 1824 3248 1863 coram
3274 1809 3639 1878 .loannejudi-

2071 1905 2303 1952 earetur.
2331 1898 2576 1953 Admissa
2599 1909 2681 1954 est
2703 1900 3003 1968 postulatio,
3032 1918 3150 1970 qua:
3198 1901 3299 1957 hoc
3330 1917 3639 1972 responsum

2070 1987 2222 2040 tulit:
2249 1987 2316 2043 Ut
2346 1987 2669 2057 TheOphilus
2702 1991 2886 2045 volens
2915 1991 3100 2045 nolens
3128 1991 3391 2048 exhibitus
3417 2008 3511 2062 per
3533 1993 3642 2048 Ma-

2067 2079 2313 2146 gistrum,
2342 2094 2521 2133 coram
2541 2080 2744 2134 Joanne
2764 2097 2978 2137 causam
3001 2083 3202 2138 diceret
3225 2101 3239 2148 ;
3273 2086 3518 2140 monachi
3537 2101 3634 2140 au-

2070 2178 2175 2222 tem
2207 2183 2273 2224 ex
2312 2170 2548 2240 partibus
2581 2171 2863 2241 Theophili
2889 2182 2944 2226 ut
2978 2174 3077 2228 sibi
3119 2183 3424 2229 constarent
3447 2176 3498 2229 in
3529 2175 3631 2242 his,

2067 2273 2291 2327 quorum
2316 2269 2528 2315 sanctos
2551 2275 2708 2315 senes
2756 2273 3152 2330 accusaverant,
3184 2265 3636 2320 antcalunmiato-

2067 2363 2183 2402 rum
2214 2363 2397 2416 poenas
2422 2349 2679 2404 subirent.
2710 2352 2798 2406 Sic
2842 2353 2998 2422 igitur
3028 2353 3400 2408 Alexandriam
3445 2355 3638 2410 missus

2065 2449 2143 2494 est
2176 2440 2451 2510 Elaphius,
2500 2443 2587 2511 qui
2615 2457 2754 2498 nunc
2793 2458 2858 2497 ex
2887 2443 3212 2513 principibus
3235 2456 3336 2507 est,
3369 2455 3425 2499 ut
3455 2445 3632 2500 Theo-

2066 2530 2266 2599 pltilnm
2311 2531 2599 2588 adduceret
2627 2551 2640 2586 :
2669 2535 2870 2602 reliqua
2910 2536 3148 2603 responsi
3180 2536 3467 2606 imperialis
3493 2552 3634 2606 pra:-

2067 2622 2188 2676 fecti
2209 2624 2486 2692 exsequuti
2517 2631 2659 2678 sunt.
2683 2625 2814 2678 Cum
2852 2625 3120 2679 accusatio
3161 2627 3554 2680 exatninaretur
3581 2636 3635 2680 et

2067 2715 2117 2768 in
2136 2715 2392 2770 incertum
2410 2717 2693 2781 desineret,
2721 2716 2864 2787 leges
2882 2718 3092 2786 quidem
3120 2719 3382 2773 instabant
3401 2719 3632 2788 gladium

2065 2804 2412 2872 renudantes;
2439 2806 2820 2862 miseri-autem
2843 2809 2918 2862 illi
2947 2820 3192 2863 eventum
3208 2811 3384 2876 veriti,
3414 2809 3626 2864 dilatio-

2065 2912 2186 2952 nem
2213 2907 2398 2965 petnnt
2420 2899 2666 2967 usquead
2693 2899 2970 2968 TheOpbiIi
2999 2900 3300 2965 adventura,
3321 2902 3514 2971 quippe
3544 2903 3633 2970 qui

2066 2990 2209 3058 ipsos
2254 2991 2598 3044 subornasset
2651 3000 2712 3044 et—
2739 2991 3148 3061 supplicationes
3197 2992 3517 3046 dictavisset.
3557 2991 3632 3046 Ita

2065 3079 2316 3132 olliciales
2339 3094 2432 3132 eos
2456 3079 2505 3131 in
2528 3095 2795 3133 carcerem
2824 3081 3110 3148 conjiciunt
3142 3095 3308 3149 usque
3337 3079 3401 3134 ad
3426 3082 3626 3134 adven-

2066 3179 2174 3223 tum
2203 3170 2504 3239 Theophili,
2526 3171 2766 3225 nolentes
2792 3171 2844 3223 in
2875 3172 2962 3224 tali
2989 3187 3151 3225 causa
3166 3172 3331 3225 vades
3360 3173 3624 3240 accipere.

2070 3259 2138 3313 Et
2163 3259 2348 3312 horum
2377 3258 2587 3329 quidem
2609 3261 2906 3313 moriuntur
2942 3260 3175 3313 nonnulli
3208 3261 3259 3313 in
3291 3259 3517 3314 vinculis
3536 3258 3627 3313 diu
3668 3313 3674 3324 ,

2064 3350 2321 3404 demorati
2343 3351 2411 3404 ob
2445 3350 2700 3403 adventus
2734 3349 3008 3419 Theophili
3028 3350 3324 3404 tarditatem
3357 3367 3370 3403 :
3400 3350 3632 3403 aliivero

2066 3453 2185 3510 post
2209 3440 2492 3494 adventum
2525 3439 2820 3510 Theophili,
2852 3440 2941 3509 qui
2987 3455 3098 3494 rem
3152 3440 3370 3508 pecunia
3419 3439 3624 3494 facilem

2063 3531 2386 3598 reddiderat,
2416 3533 2468 3585 in
2492 3541 2753 3600 postrema
2783 3532 3210 3602 interrogatione,
3244 3540 3510 3601 tamquam
3533 3546 3626 3586 ca-

2064 3626 2426 3690 lumniatores,
2456 3627 2849 3680 Proconnesum
2872 3641 2902 3678 a
2925 3625 3192 3694 judicibus
3234 3625 3450 3694 relegati
3482 3633 3622 3679 sunt.

2061 3715 2149 3770 Sic
2172 3715 2455 3771 adveniens
2484 3715 2806 3785 Theophilus
2834 3716 2995 3770 veluti
3020 3716 3318 3770 scaraba'us
3340 3716 3465 3769 fimo
3489 3731 3626 3770 onu-

2061 3818 2175 3864 stus
2215 3809 2683 3878 pulcherrimarum
2725 3824 2902 3862 rerum
2919 3824 3038 3876 qua:
3068 3809 3118 3860 in
3163 3806 3394 3877 Egypto
3436 3817 3632 3862 suntet

2062 3900 2112 3952 in
2146 3900 2259 3969 ipsa
2285 3899 2424 3952 India
2450 3900 2816 3953 suavissimum
2851 3899 3067 3953 odorem
3117 3914 3210 3969 pro
3233 3899 3410 3954 faetida
3437 3897 3631 3952 invidia

2062 4007 2338 4062 spargens,
2367 4002 2514 4046 sexta
2545 3991 2695 4058 hora,
2724 3992 2906 4061 quinta
2934 3991 3137 4044 sabbati
3177 3991 3627 4059 Constantinopo—

2061 4083 2153 4138 lim
2178 4083 2341 4149 venit,
2371 4085 2542 4137 nautis
2586 4082 3182 4154 circumplaudentibus,
3211 4083 3457 4136 infantem
3488 4080 3630 4136 refc-

2061 4190 2184 4228 rens
2230 4173 2469 4244 gloriam,
2499 4173 2566 4228 de
2616 4190 2716 4243 qua
2774 4175 2940 4228 multo
2987 4185 3109 4228 ante
3139 4174 3276 4227 dixit
3312 4173 3627 4242 apostolus:

2065 4265 2294 4331 Quorum
2339 4266 2501 4335 gloria
2538 4267 2589 4317 in
2632 4266 2927 4335 confusione
2966 4267 3234 4335 ipsorum:
3273 4265 3492 4328 addens,
3528 4263 3626 4330 Qui

2062 4367 2257 4409 trrreua
2307 4355 2801 4428 sapiunt(Pltifipp.
2854 4358 2906 4412 5.
2949 4357 3099 4426 19);
3151 4367 3204 4411 et
3252 4357 3621 4426 hospitaturin

2062 4450 2300 4503 tentoriis
2321 4449 2655 4517 injustorum,
2681 4448 2885 4518 fugiens
2927 4450 3206 4505 ecclesiam
3237 4451 3470 4505 :oblitus
3520 4451 3624 4505 Dn—

2061 4541 2216 4594 vidici
2264 4540 2444 4594 illius:
2497 4540 2880 4612 Elegiabjectus
2919 4559 3025 4596 esse
3078 4545 3131 4596 in
3173 4543 3321 4596 domo
3377 4542 3467 4597 Dei
3510 4546 3625 4609 mei,

2061 4632 2218 4701 magis
2244 4647 2394 4699 quant
2417 4631 2638 4684 habitare
2662 4633 2713 4684 in
2741 4632 3074 4686 tabernaculis
3101 4647 3411 4702 peccatorum
3437 4634 3455 4705 (
3484 4633 3624 4688 Paul.

2060 4723 2148 4778 83.
2166 4725 2223 4776 ll
2249 4721 2269 4792 )
2293 4740 2306 4787 ;
2336 4724 2428 4777 sed
2442 4723 2506 4776 ab
2527 4724 2752 4776 ecclesia
2775 4739 2894 4777 eum
2925 4725 3140 4778 arcebat
3168 4739 3258 4778 sua
3277 4725 3622 4778 conscientia.

2060 4812 2428 4866 Commoratus
2457 4813 2611 4882 igitur
2632 4821 2739 4867 tres
2766 4818 3109 4882 septimanas,
3134 4830 3305 4883 neque
3325 4829 3443 4869 cum
3469 4814 3632 4869 Joan-

2060 4920 2126 4959 ne
2147 4906 2394 4973 episcopo
2418 4919 2734 4974 congressus
2761 4915 2863 4971 est,
2888 4907 3137 4960 utsolcnt
3155 4907 3411 4976 episcopi,
3453 4921 3627 4975 neque

2059 4997 2274 5050 omnino
2303 4996 2526 5050 accessit
2549 4995 2614 5050 ad
2636 4998 2912 5052 ecclesiam
2948 5016 2961 5052 :
2991 5013 3173 5052 verum
3219 4999 3431 5052 assidue
3462 4999 3628 5052 inter-

2059 5085 2148 5140 diu
2185 5094 2239 5140 et
2262 5096 2419 5140 noctu
2441 5087 2802 5142 contendebat
2833 5103 3025 5142 novum
3053 5089 3228 5142 odium
3265 5088 3429 5143 veteri
3463 5102 3623 5143 accu-

2059 5178 2288 5244 mulans,
2321 5177 2654 5232 utJoannem
2679 5179 3000 5249 episcopum.
3030 5195 3132 5233 nou
3181 5179 3351 5233 solum
3390 5179 3625 5234 Ecclesia

2059 5271 2366 5339 expelleret,
2391 5271 2482 5325 sed
2513 5271 2622 5340 ipsa
2664 5272 2772 5325 vita
2823 5273 3074 5339 privaret,
3123 5271 3314 5342 partim
3347 5270 3625 5340 largitione

2060 5360 2171 5414 auri
2197 5372 2378 5414 contra
2406 5362 2681 5416 veritatem
2710 5362 3108 5430 superstitiosos
3129 5378 3158 5416 c
3189 5363 3487 5430 potentibus
3508 5363 3630 5418 red-

2061 5454 2252 5517 imens,
2289 5451 2480 5520 partim
2535 5452 2844 5507 lautioribus
2898 5453 3071 5523 epulis
3114 5453 3252 5522 gulae
3290 5453 3498 5508 deditos
3525 5455 3628 5508 sibi

2060 5546 2386 5614 mancipans,
2415 5546 2601 5614 partim
2631 5546 2897 5600 blanditiis
2923 5557 2977 5601 et
3003 5546 3337 5617 spemajoris
3360 5546 3631 5616 dignitatis

2060 5637 2140 5690 sui
2167 5636 2369 5690 similes
2398 5636 2715 5706 impostores
2733 5651 2764 5691 e
2793 5637 3001 5692 clericis
3029 5638 3080 5690 in
3104 5652 3227 5691 suas
3245 5647 3426 5708 partes
3449 5637 3618 5691 abduc

2059 5742 2203 5783 cens.
2236 5727 2370 5786 Istos
2390 5743 2508 5784 cum
2543 5729 2657 5794 sine
2694 5728 2926 5798 funiculo
2950 5729 3303 5800 voluptatibus
3326 5727 3630 5799 colligath
