4114 6392
405 297 476 348 27
1691 295 2008 351 PALLADll
2048 295 2387 352 DIALOGIIS
3602 293 3676 348 9.8

405 421 613 473 Omnes,
640 406 800 461 veluti
827 405 1075 462 seductor
1090 406 1300 476 quidam
1323 406 1550 472 daemon,
1575 407 1977 478 animorumque

403 499 657 569 judicium
683 497 1011 564 fascinasset,
1029 499 1095 552 ad
1125 499 1314 554 fabula:
1335 499 1983 554 ministeriumdmmonia-

408 605 524 643 cam
573 602 850 656 personam
895 590 1102 658 quaasiit
1131 606 1144 641 :
1176 604 1333 658 quam
1360 590 1575 658 quidem
1605 590 1763 644 etiam
1791 601 1873 662 est
1897 606 1983 644 as-

408 687 682 746 sequutus.
714 678 844 732 Nam
900 693 1020 733 cum
1061 680 1270 735 diaconi
1297 681 1400 734 duo
1443 697 1474 735 a
1502 681 1704 735 Joanne
1735 682 1987 750 episcopo

408 768 763 836 ejectiessent
805 785 868 824 ex
901 770 1138 825 Ecclesia
1174 771 1242 825 ob
1267 772 1503 825 enormia
1535 774 1758 838 scelera,
1799 772 1987 826 horum

416 857 502 911 ille
533 857 744 914 levitate
792 860 1008 928 abusus,
1053 863 1336 932 persuadet
1381 871 1434 916 ut
1483 864 1688 919 libellos
1737 864 1992 918 adversus

420 947 671 1005 Joannem
699 951 842 1016 dent,
871 953 1134 1021 pollicitus
1191 969 1285 1008 eos
1311 955 1359 1007 in
1402 955 1577 1009 locum
1608 955 1888 1009 ministerii
1913 955 1993 1009 sui

417 1056 477 1095 se
500 1043 908 1114 restituturum(
945 1054 1059 1099 erat
1105 1057 1281 1100 autem
1334 1062 1518 1101 eorum
1567 1048 1792 1114 crimen,
1837 1046 1996 1115 hujus

421 1133 634 1201 quidem
671 1134 1010 1198 adulterium,
1042 1136 1182 1190 illius
1221 1153 1347 1192 vero
1401 1139 1781 1208 homicidium)
1816 1139 1997 1208 :quod

422 1231 475 1275 ct
497 1223 757 1292 praestitit.
796 1223 924 1278 Nam
965 1236 1086 1295 post
1111 1227 1353 1280 exsilium
1410 1227 1630 1282 Joannis
1655 1243 1750 1282 eos
1779 1229 1830 1282 in
1880 1230 1996 1283 loca

423 1326 520 1368 sua
545 1317 797 1382 reposuit.
825 1329 946 1368 cum
978 1317 1180 1372 scilicet
1211 1317 1419 1372 libellos
1443 1318 1729 1384 dedissent,
1761 1334 1894 1388 quos
1914 1319 2002 1374 ille

424 1404 539 1472 ipse
563 1403 870 1469 dictaverat,
901 1406 1029 1460 nihil
1049 1407 1259 1476 quidem
1281 1409 1389 1462 veri
1426 1409 1779 1474 continentes,
1809 1418 2004 1478 praeter

428 1494 530 1550 hoc
555 1513 737 1560 unum,
769 1498 910 1568 quod
936 1497 1252 1554 admonebat
1302 1511 1359 1554 ut
1393 1516 1576 1555 omnes
1619 1510 1738 1571 post
1761 1516 2004 1556 commu-

429 1588 641 1642 nionem
666 1604 856 1658 aquam
883 1599 975 1645 aut
997 1591 1265 1660 pastillum
1287 1591 1648 1662 degustarent,
1675 1607 1741 1646 ne
1769 1607 1891 1646 cum
1921 1606 2008 1644 sa-

431 1677 535 1736 liva
563 1683 852 1751 autpituita
874 1683 1070 1753 aliquid
1093 1700 1125 1738 e
1169 1684 1412 1755 symbolo
1462 1685 1781 1739 sacramenti
1814 1694 2009 1754 praeter

433 1773 756 1828 voluntatem
777 1783 1094 1844 exspuerent
1125 1792 1138 1827 :
1169 1775 1310 1844 quod
1353 1775 1551 1844 primus
1607 1776 1719 1844 ipse
1761 1774 2008 1840 faciebat,

436 1875 491 1919 et
515 1881 608 1922 eos
637 1869 726 1938 qui
745 1868 940 1922 vellent
963 1869 1028 1922 ad
1059 1869 1368 1939 religionem
1407 1885 1468 1923 ac
1495 1871 1844 1925 reverentiam
1884 1885 2012 1925 eru-

438 1957 635 2012 diebat.
681 1960 928 2028 Acceptis
966 1959 1175 2025 libellis,
1207 1960 1315 2014 coit
1353 1961 1404 2014 in
1450 1961 1652 2015 aedibus
1698 1960 2015 2031 Eugrapbia:

439 2065 559 2104 cum
587 2050 898 2118 Severiano,
931 2052 1212 2119 Antiocho,
1245 2053 1459 2114 Acacio,
1487 2063 1542 2107 et
1582 2054 1802 2124 reliquis
1825 2053 2014 2108 Joanui

439 2141 662 2196 infensis
689 2152 905 2211 propter
934 2143 1200 2198 modestas
1225 2145 1340 2213 ejus
1363 2145 1773 2201 admonitiones.
1805 2146 2020 2202 Solebat

441 2231 583 2288 enim
599 2232 784 2288 beatus
811 2234 897 2290 ille
919 2224 1164 2304 exemplo
1201 2235 1347 2290 Pauli
1375 2246 1430 2291 et
1453 2236 1662 2306 publice
1681 2247 1736 2292 et
1776 2237 2020 2307 privatim

445 2321 481 2380 lt
506 2333 726 2409 :nestum
741 2324 1056 2380 etdecorum
1077 2325 1320 2391 edocere,
1343 2327 1637 2396 praisertim
1655 2328 1786 2383 tales
1809 2327 2023 2384 assidue

447 2406 762 2484 increpans:
789 2416 924 2482 Quid
950 2427 1107 2472 :etate
1129 2418 1239 2486 jam
1265 2433 1418 2484 anus,
1451 2420 1612 2474 etiam
1639 2433 1834 2488 corpus
1868 2434 2025 2489 repu-

449 2504 669 2561 bescere
697 2507 902 2576 cogitis,
927 2509 1202 2564 cincinnos
1228 2510 1389 2564 veluti
1414 2511 1764 2565 meretricula:
1779 2520 2025 2581 gerentes

449 2593 506 2646 iu
532 2595 718 2656 fronte.
746 2599 1064 2653 contumelia
1093 2598 1384 2656 allicientes
1419 2602 1577 2656 etiam
1604 2601 1855 2656 honestas
1905 2602 2027 2657 reli-

451 2699 601 2755 quas,
621 2697 675 2742 et
693 2688 1019 2759 decipientes
1043 2706 1136 2745 eos
1171 2693 1259 2763 qui
1291 2693 1562 2747 vobiscum
1610 2694 1919 2764 loquuntur,
1943 2694 2025 2747 id-

456 2798 556 2850 que
580 2782 792 2836 viduae?
827 2783 1142 2854 Congregati
1191 2794 1364 2840 autem
1409 2786 1719 2856 quaerebant
1761 2786 2029 2856 quomodo

450 2875 706 2944 judicium
723 2876 1045 2931 ordirentur.
1067 2876 1212 2933 Unus
1229 2893 1357 2934 vero
1374 2893 1438 2933 ex
1457 2879 1518 2933 iis
1537 2878 1878 2948 quiaderant,
1907 2894 2032 2948 sug-

455 2966 661 3034 gessit:
695 2967 893 3050 darent.
930 2968 1138 3024 libellos
1177 2967 1506 3039 Imperatori,
1537 2981 1591 3025 et
1635 2970 1894 3026 Joannem
1946 2972 2030 3026 vel

458 3058 678 3114 invitum
702 3060 769 3114 ad
823 3075 1128 3116 consessum
1159 3061 1450 3117 traherent.
1479 3062 1535 3117 ld
1591 3063 1748 3134 igitur
1776 3063 1854 3130 ﬁt,
1899 3065 2035 3119 sicut

459 3149 586 3203 olim
602 3150 740 3220 apud
761 3149 992 3210 Judxos.
1016 3166 1148 3207 auro
1163 3152 1340 3206 omnia
1356 3167 1519 3223 prona
1543 3161 1598 3208 et
1621 3153 1790 3207 facilia
1811 3153 2035 3209 redden-

460 3249 532 3294 te.
563 3241 784 3296 Eramus
808 3241 1155 3312 quadraginta
1182 3243 1416 3312 episcopi
1441 3258 1561 3298 cum
1599 3242 1804 3298 Joanne
1829 3246 2036 3313 episco-

462 3349 552 3402 po,
581 3334 829 3389 sedentes
878 3336 928 3389 in
975 3336 1204 3389 triclinio
1259 3336 1554 3405 episcopii;
1597 3345 1872 3406 stupentes
1903 3352 2034 3406 quo-

463 3425 622 3480 modo
643 3441 784 3501 reusV
814 3435 869 3480 et
889 3435 1103 3495 propter
1128 3425 1287 3496 impia
1338 3427 1558 3480 crimina
1589 3427 1732 3481 solus
1761 3427 1828 3480 ad
1853 3427 2036 3482 Comi-

464 3527 630 3572 tatum
657 3518 838 3573 venire
861 3518 1062 3587 jussus,
1103 3532 1224 3572 cum
1269 3525 1348 3572 tot
1372 3516 1637 3589 episcopis
1688 3517 1990 3574 advenisset
2023 3537 2035 3572 :

465 3626 571 3680 quo
595 3621 746 3680 pacto
774 3613 1068 3680 principum
1099 3621 1152 3666 et
1193 3612 1594 3680 magistratuum
1626 3613 1918 3666 sententias
1943 3627 2037 3666 su-

465 3701 576 3754 hito
604 3710 1002 3767 commutasset,
1046 3702 1311 3771 plerisque
1354 3700 1420 3754 de
1461 3701 1606 3756 clero
1663 3702 1714 3756 in
1736 3703 1888 3772 pejus
1917 3718 2040 3772 pcr-

466 3792 653 3846 versis.
681 3790 944 3846 Creterum
966 3793 1347 3849 admirantibus
1363 3795 1536 3856 nobis,
1569 3794 1660 3848 Dei
1676 3795 1864 3863 spiritu
1889 3794 2040 3848 affla-

467 3889 556 3938 tus
580 3882 810 3938 Joannes
827 3883 1072 3938 omnibus
1092 3884 1227 3938 dixit
1257 3901 1270 3937 :
1298 3885 1478 3949 Orate,
1498 3882 1708 3950 fratres,
1724 3894 1777 3939 et
1802 3885 1858 3954 si,
1886 3901 2034 3940 ama—

469 3976 540 4029 tis
562 3973 850 4036 Christum,
883 3989 1038 4028 nemo
1064 3974 1176 4050 mei.
1209 3989 1368 4029 causa
1393 3974 1684 4030 Ecclesiam
1713 3991 1863 4029 suam
1883 3975 2042 4030 dese-

470 4073 555 4121 rat.
584 4082 599 4120 :
627 4064 735 4135 Ego
758 4066 889 4118 enim
907 4068 1020 4136 jam
1045 4065 1256 4132 delibor,
1276 4076 1323 4120 et
1347 4075 1538 4136 tempus
1571 4067 1889 4121 resolutionis
1923 4083 2047 4121 mea:

473 4155 746 4228 instat(2.
776 4155 909 4210 Tim.
964 4159 1027 4212 4..
1062 4158 1094 4212 6
1128 4158 1334 4227 ),jnxta
1375 4158 1592 4212 Paulum
1617 4160 1771 4228 cujus
1813 4173 1876 4214 ea
1922 4169 2048 4214 sunt

472 4245 635 4299 verba
669 4257 758 4300 :et
785 4247 976 4300 multas
1006 4262 1290 4316 perpessus
1328 4248 1662 4311 al'ﬂictiones,
1707 4248 1868 4302 vitam
1896 4259 1952 4302 ut
1974 4249 2050 4301 vi-

473 4338 576 4390 deo
603 4338 884 4392 relicturus
925 4355 1064 4393 sum.
1115 4340 1414 4394 Nnvienim
1465 4349 1667 4396 satana:
1713 4340 1953 4407 insidias,
1981 4357 2046 4396 eo

475 4432 614 4499 quod
646 4447 748 4486 non
777 4433 1004 4501 amplius
1039 4433 1300 4486 sustineat
1352 4433 1556 4502 pondus
1599 4448 1838 4488 meorum
1853 4432 2045 4487 adver-

474 4539 568 4578 sus
598 4523 765 4593 ipsum
791 4539 1116 4577 sermonum.
1164 4524 1238 4578 lta
1284 4522 1700 4578 misericordiam
1748 4537 2046 4592 consequa-

476 4615 628 4668 mini.
685 4613 741 4667 ln
794 4614 1122 4668 orationibus
1162 4613 1355 4669 vestris
1401 4629 1663 4668 memores
1705 4622 1878 4669 estote
1922 4614 2046 4667 mei.

476 4706 779 4761 Incredibili
823 4707 982 4777 igitur
1021 4722 1252 4762 mterore
1289 4707 1541 4776 correpti,
1599 4706 1691 4760 alii
1731 4707 1941 4776 quidem
1971 4706 2052 4760 la-

479 4799 875 4868 crymabantur,
929 4797 1020 4852 alii
1084 4813 1211 4853 vero
1264 4797 1731 4868 egrediebanture
1774 4811 2048 4858 consessu,

477 4890 663 4944 oculos
691 4897 745 4944 et
765 4905 972 4945 sacrum
1003 4899 1159 4959 caput
1207 4901 1365 4960 atque
1407 4889 1685 4943 facundum
1736 4905 1798 4944 ac
1840 4890 2050 4943 beatum

477 4981 594 5052 ejus
617 4994 678 5035 os
706 4979 1168 5044 deosculabantur,
1202 4981 1254 5035 in
1290 4981 1552 5053 lacrymas
1592 4980 1741 5035 effusi
1770 4991 1823 5034 et
1847 4982 2048 5049 singul-

430 5105 432 5107 >
480 5087 585 5131 tus.
631 5076 901 5132 Cumvero
923 5093 1017 5132 eos
1058 5077 1391 5132 obsecrasset
1428 5075 1681 5138 Joannes,
1723 5086 1776 5128 ut
1803 5075 1867 5130 ad
1922 5090 2052 5129 con-

476 5181 685 5222 schum
735 5167 989 5230 redirent,
1032 5168 1132 5221 huc
1185 5167 1312 5221 illuc
1346 5167 1664 5228 volitantes,
1722 5166 1884 5220 veluti
1927 5180 2056 5234 apes

483 5265 620 5312 circa
669 5258 897 5312 alvearia
949 5259 1362 5328 obstrepentes:
1403 5257 1640 5322 Sedete,
1699 5257 1793 5322 ait,
1844 5256 2055 5319 fratres,

479 5369 526 5406 ei
563 5352 691 5406 flere
718 5351 946 5405 desinite
1025 5366 1089 5405 eo
1131 5351 1358 5420 amplius
1404 5367 1490 5404 me
1528 5350 1861 5404 emollientes
1889 5365 1902 5399 :
1929 5346 2059 5399 Mihi

475 5449 611 5496 enim
636 5445 796 5499 vivere
822 5445 1055 5502 Christus
1077 5456 1182 5508 est,
1213 5455 1258 5498 et
1285 5445 1411 5497 mori
1441 5444 1636 5497 lucrum
1673 5442 1691 5512 (
1720 5439 1963 5512 Philipp.
1995 5441 2047 5492 1.

481 5538 542 5590 2|
566 5536 608 5608 δ.
639 5536 772 5591 Nam
800 5540 1170 5607 percrebuerat
1191 5537 1336 5590 illum
1365 5537 1536 5590 securi
1565 5548 1873 5604 percussum
1906 5531 1968 5584 iri
1991 5531 2060 5584 ob

483 5628 697 5681 nimiam
723 5629 966 5697 loquendi
993 5627 1312 5685 libertatem.
1337 5627 1403 5680 Et
1427 5631 1469 5679 si
1500 5624 1834 5686 meministis,
1859 5637 2062 5676 memo-

485 5721 592 5774 tias
624 5729 822 5776 vestras
873 5721 1122 5792 replicate
1162 5716 1304 5789 quod
1346 5731 1558 5788 semper
1596 5714 1745 5772 vobis
1786 5711 2057 5771 dixerim:

2098 407 2195 462 Via
2221 417 2303 463 est
2331 409 2433 460 vita
2463 421 2728 476 praesens,
2761 409 2913 476 cujus
2953 407 3070 460 laeta
3112 414 3271 476 atque
3300 405 3522 459 molesta
3555 419 3676 473 pcr-

2101 508 2404 554 transeunt:
2429 509 2482 553 et
2498 507 2759 552 mercatus
2775 508 2856 552 est
2872 512 3107 567 praesens
3126 497 3374 551 szeculum
3398 511 3413 550 :
3431 494 3676 556 emimus,

2098 590 2454 652 vendidimus,
2478 598 2532 642 et
2559 588 2902 644 discedimus.
2928 587 3063 642 Num
3092 588 3340 642 meliores
3369 599 3556 640 sumus
3583 600 3678 654 pa-

2103 681 2367 746 triarchis,
2397 680 2690 750 prophetis,
2719 679 2994 747 apostolis,
3027 686 3084 733 at
3105 677 3260 732 nobis
3288 675 3389 731 hoc
3419 677 3540 730 vitae
3569 675 3671 728 im-

2103 771 2327 826 mortale
2351 770 2697 840 permaneat?
2724 770 2872 824 'l'unc
2897 768 3109 838 quidam
3137 783 3202 822 ex
3232 768 3295 821 iis
3319 766 3408 837 qui
3438 764 3681 825 aderant.

2103 862 2306 931 ejulans
2343 859 2643 915 dixit:Sed
2689 861 3042 915 lamentamur
3082 857 3364 912 orbitatem
3407 864 3641 909 nostram
3665 895 3684 920 ,

2108 953 2362 1007 Ecclesiae
2390 951 2700 1005 viduitatem
2723 990 2743 1016 ,
2786 963 3054 1018 sacrarum
3099 948 3274 1018 legum
3313 945 3642 1001 eversionem
3667 983 3686 1012 ,

2106 1045 2449 1099 ambitionem
2474 1059 2657 1104 eorum
2686 1042 2775 1112 qui
2803 1058 2907 1097 non
2940 1042 3126 1094 timent
3157 1038 3436 1092 Dominum
3459 1079 3473 1103 ,
3502 1045 3553 1090 et
3586 1036 3684 1090 Ec-

2108 1138 2285 1192 clesite
2325 1135 2684 1205 gubernacula
2737 1133 3028 1210 invadunt,
3070 1132 3214 1185 omni
3260 1145 3361 1201 ope
3407 1129 3691 1183 destitutos

2111 1244 2405 1299 pauperes,
2437 1238 2492 1283 et
2518 1225 2776 1281 doctrinae
2817 1223 3109 1296 penuriam.
3150 1221 3283 1277 Cum
3321 1227 3496 1274 autem
3526 1217 3690 1286 digito

2111 1319 2286 1375 indice
2310 1320 2538 1391 palmam
2569 1318 2801 1372 sinistrae
2829 1330 3015 1370 manus
3044 1313 3392 1385 percussisset
3422 1312 3688 1379 (consue-

2113 1421 2264 1470 verat
2290 1413 2432 1468 enim
2461 1411 2658 1466 Christi
2688 1397 2880 1484 ama-ns,
2897 1407 3150 1471 Joannes,
3172 1420 3292 1460 cum
3323 1411 3465 1458 esset
3492 1402 3692 1471 cogita—

2114 1505 2327 1561 bundus
2357 1502 2408 1557 id
2437 1502 2670 1572 facere),
2690 1516 2750 1555 se
2775 1497 3061 1568 alloquenti
3091 1497 3165 1550 ait
3190 1515 3203 1549 ε
3231 1495 3472 1558 Sufficit,
3506 1495 3691 1558 frater,

2117 1613 2184 1654 ne
2212 1595 2628 1667 plura'loquere,
2659 1593 2751 1648 sed
2778 1591 2917 1661 quod
2940 1590 3048 1645 dixi
3077 1630 3095 1654 ,
3116 1589 3382 1643 Ecclesias
3404 1595 3606 1641 vestras
3627 1601 3695 1640 ne

2117 1689 2386 1744 dimittite.
2410 1687 2590 1757 Neque
2613 1685 2752 1740 enim
2779 1699 2809 1737 a
2836 1699 2920 1737 me
2946 1682 3139 1752 incepit
3161 1679 3555 1754 praedicationis
3576 1693 3695 1732 mn-

2119 1795 2240 1847 nus,
2271 1794 2441 1849 neque
2469 1779 2520 1832 in
2551 1793 2637 1832 me
2663 1775 2837 1830 desiit.
2859 1773 3047 1830 Nonne
3077 1781 3317 1826 mortuus
3343 1779 3427 1825 est
3451 1769 3700 1841 Moyses?

2120 1884 2174 1928 et
2201 1889 2304 1928 non
2332 1873 2574 1926 inventus
2605 1877 2686 1924 est
2710 1866 2898 1922 Jesus?
2918 1864 3105 1920 Nonne
3126 1862 3353 1919 decessit
3375 1860 3624 1916 Samuel?
3644 1868 3699 1913 et

2122 1980 2228 2019 non
2259 1971 2448 2017 unctus
2473 1969 2555 2015 est
2573 1958 2771 2014 David?
2791 1958 2965 2012 Vitam
2987 1954 3200 2024 reliquit
3219 1952 3498 2017 Jeremias,
3523 1966 3702 2005 nonne

2123 2056 2326 2110 exstitit
2353 2051 2598 2107 Baruch?
2624 2053 2940 2120 Assumptus
2964 2057 3046 2102 est
3067 2047 3230 2112 Elias,
3258 2058 3437 2100 nonne
3463 2041 3700 2113 prophe-

2129 2149 2257 2202 tavit
2281 2147 2502 2201 Elismus
2521 2147 2545 2198 ?
2565 2143 2729 2198 Paulo
2755 2149 3082 2210 amputatum
3109 2148 3194 2194 est
3215 2145 3393 2206 caput,
3421 2150 3597 2190 nonne
3619 2149 3704 2187 re-

2129 2239 2284 2308 liquit
2302 2236 2665 2297 Timotheum,
2694 2233 2893 2297 Titum,
2919 2229 3110 2304 Apollo
3131 2213 3341 2283 et‘alios
3361 2223 3706 2280 innumeros?

2129 2329 2258 2386 Post
2291 2329 2404 2383 haec
2431 2328 2613 2390 verba,
2638 2324 2906 2396 Eulysius,
2933 2323 3213 2391 episcopus
3241 2319 3491 2388 Apamea:
3531 2315 3582 2369 in
3615 2315 3704 2368 Bi-

2133 2420 2346 2490 thynia.
2379 2419 2452 2472 ait
2477 2435 2490 2472 :
2515 2417 2744 2472 Necesse
2785 2424 2868 2468 est
2907 2425 3005 2466 nos
3039 2401 3301 2466 Ecclesias
3335 2415 3544 2462 nostras
3570 2406 3708 2460 obti-

2131 2521 2320 2567 nentes
2368 2510 2484 2579 cogi
2530 2517 2585 2562 et
2631 2505 3030 2562 communicare
3067 2510 3122 2557 et
3166 2499 3520 2558 subscribere.
3565 2498 3706 2551 Dixit

2133 2610 2344 2658 sanctus
2373 2600 2606 2656 Joannes
2631 2615 2645 2653 :
2670 2595 3072 2653 Communicate
3096 2579 3332 2662 quidem,
3358 2605 3426 2645 ne
3453 2587 3708 2644 scindatis

2135 2694 2449 2761 Ecclesiam,
2479 2693 2573 2747 sed
2602 2690 2766 2745 nolite
2793 2687 3125 2744 subscribere
3150 2705 3163 2742 :
3193 2685 3384 2739 nullius
3411 2682 3553 2738 enim
3580 2678 3708 2734 laci-

2135 2786 2282 2840 noris
2308 2783 2437 2839 mihi
2467 2781 2711 2837 conscius
2739 2794 2855 2834 sum
2875 2819 2892 2846 ,
2935 2786 3151 2847 prepter
3180 2773 3321 2844 quod
3358 2772 3551 2841 deponi
3595 2785 3712 2824 me-

2137 2876 2356 2931 ruerim.
2395 2873 2522 2928 Haec
2561 2886 2682 2926 cum
2725 2870 2797 2924 ita
2841 2882 2960 2924 sese
2990 2865 3280 2944 haberent,
3311 2861 3608 2917 nuntiatum
3635 2870 3718 2915 est

2139 2967 2350 3022 adstare
2375 2965 2463 3036 qui
2511 2979 2543 3018 a
2569 2959 2865 3030 Theophilo
2908 2957 3057 3014 missi
3099 2963 3299 3011 essent.
3328 2954 3485 3010 Jubet
3510 2967 3603 3007 eos
3631 2952 3715 3005 iu-

2140 3061 2332 3124 troire,
2382 3058 2652 3126 ingressos
2694 3053 3020 3120 interrogat,
3064 3047 3216 3118 cujus
3261 3044 3456 3116 gradus
3497 3037 3712 3098 eSsent:

2140 3151 2353 3216 dicunt,
2381 3147 2649 3217 Episcopi.
2682 3144 2774 3199 llic
2802 3150 2920 3198 orat
2952 3139 3172 3212 sedeant
3193 3179 3208 3203 ,
3255 3145 3310 3191 et
3351 3135 3527 3189 dicant
3567 3134 3719 3202 cujus

2141 3255 2299 3297 causa
2319 3239 2512 3294 adsint.
2538 3235 2617 3291 llli
2639 3232 3048 3300 autemdicunt:
3075 3217 3179 3283 Has
3201 3224 3532 3281 solummodo
3559 3225 3719 3278 scite-

2143 3334 2294 3388 dulas
2316 3329 2564 3401 legendas
2593 3328 2880 3382 habemus:
2900 3323 3083 3393 jubete
3101 3322 3258 3391 igitur
3279 3320 3395 3374 illas
3421 3319 3540 3388 legi.
3563 3317 3724 3372 Jubet

2143 3423 2377 3478 Joannes
2404 3420 2526 3490 legi.
2556 3418 2690 3472 Tum
2735 3417 2818 3470 isti
2863 3414 3127 3482 imperant
3153 3406 3434 3486 Theophili
3474 3423 3636 3477 puero
3665 3416 3724 3461 ut

2144 3516 2341 3570 dictata
2369 3513 2457 3567 illa
2483 3512 2687 3580 legeret
2713 3525 2728 3564 :
2757 3518 2811 3564 ct
2840 3507 2986 3576 legit.
3010 3505 3211 3559 Textus
3239 3511 3418 3557 autem
3445 3511 3560 3556 erat
3583 3501 3724 3570 ejus-

2148 3607 2289 3662 modi
2319 3625 2331 3658 :
2362 3605 2551 3660 Sancta
2578 3603 2817 3673 Synodus
2842 3601 2909 3653 ad
2938 3599 3189 3664 Queri-um
3213 3605 3513 3666 congregata
3540 3594 3725 3665 (locus

2148 3709 2230 3754 est
2255 3701 2332 3753 sic
2355 3698 2530 3753 dictus
2550 3704 2698 3749 trans
2726 3707 2894 3758 mare,
2919 3690 3095 3745 Rufini
3125 3687 3508 3751 suburbanum,
3539 3689 3589 3740 in
3618 3700 3725 3756 quo

2151 3802 2303 3845 erant
2329 3785 2677 3858 congregati)
2714 3783 2907 3839 Joanni
2943 3779 3298 3854 (omittebant
3324 3777 3375 3832 id
3418 3775 3557 3847 quod
3590 3785 3722 3842 erat,

2151 3883 2426 3952 Episcopo.
2467 3879 2615 3935 Solet
2655 3877 2798 3933 enim
2841 3875 3010 3930 ferme
3049 3874 3349 3927 obeazcatus
3386 3870 3593 3923 animus
3621 3884 3724 3922 non

2154 3982 2299 4028 recte
2323 3986 2564 4036 cernere,
2593 3969 2684 4024 sed
2711 3983 2772 4022 ea
2798 3965 2898 4020 sibi
2925 3963 3198 4034 imaginari
3223 3976 3342 4031 qua:
3368 3959 3588 4015 atl‘ectus
3626 3959 3727 4028 ipsi

2154 4063 2442 4135 suggerit).
2468 4059 2683 4115 Libellos
2719 4057 3001 4126 accepimus
3025 4055 3264 4107 adversus
3294 4061 3371 4115 te,
3401 4051 3602 4119 inﬁnita
3631 4049 3731 4102 cri-

2154 4159 2292 4210 mina
2319 4157 2643 4210 continentes.
2675 4149 2857 4204 Adesto
2882 4148 3057 4219 igitur,
3089 4155 3248 4199 tecum
3275 4142 3530 4196 adducens
3572 4140 3733 4196 Sara-

2157 4253 2354 4321 pionem
2380 4259 2426 4304 et
2455 4248 2678 4319 Tigrium
2699 4244 3008 4314 presbyteros
3026 4257 3043 4293 :
3061 4241 3122 4292 iis
3145 4239 3277 4293 enim
3298 4253 3426 4306 opus
3447 4244 3541 4291 est.
3567 4235 3732 4289 Erant

2155 4349 2332 4395 autem
2357 4339 2446 4408 qui
2471 4339 2539 4393 ad
2566 4352 2686 4391 eum
2716 4339 2994 4395 venerant,
3021 4330 3304 4383 Dioscorus
3324 4337 3378 4382 et
3402 4325 3618 4391 Paulus,
3643 4328 3730 4394 qui

2157 4445 2325 4498 nuper
2348 4428 2400 4481 in
2421 4425 2588 4494 Libya
2613 4424 2840 4478 ordinati
2871 4421 3099 4484 fuerant,
3122 4419 3363 4487 juvenes.
3389 4417 3564 4471 Lectis
3587 4417 3734 4469 char-

2158 4521 2282 4575 tulis
2301 4560 2317 4586 ,
2354 4519 2443 4588 qui
2485 4532 2604 4571 cum
2635 4516 2793 4570 beato
2819 4513 3024 4567 Joanne
3051 4518 3204 4564 erant
3231 4507 3498 4578 episcopi,
3521 4514 3736 4560 contra-

2160 4612 2377 4675 dicunt,
2403 4589 3101 4672 deuuntiantes'Theophilo
3132 4615 3228 4671 per
3271 4610 3380 4655 tres
3421 4599 3732 4667 episcopos,

2161 4702 2474 4771 Lupicinum
2495 4740 2510 4764 ,
2541 4695 2866 4752 Demetrium
2895 4703 2949 4749 et
2977 4693 3252 4764 Eulysium
3272 4732 3288 4756 ,
3323 4701 3376 4746 et
3404 4690 3738 4760 presbyteros

2162 4796 2317 4856 duos,
2347 4791 2668 4847 Germanum
2700 4795 2862 4856 atque
2887 4785 3172 4849 Severum,
3206 4797 3395 4837 omnes
3419 4781 3631 4851 quidem
3662 4780 3739 4832 vi-

2164 4899 2251 4938 ros
2280 4889 2492 4938 sanctos
2517 4888 2571 4934 et
2596 4879 2700 4933 fide
2725 4877 2949 4948 dignos:
2973 4875 3091 4930 Noli
3122 4890 3208 4929 res
3241 4873 3494 4928 Ecclesia:
3515 4870 3738 4925 subver-

2165 4986 2276 5027 tere
2301 5013 2316 5037 ,
2363 4985 2463 5025 nec
2506 4968 2794 5024 Ecclesiam
2825 4965 3008 5021 scinde
3043 4972 3260 5035 pr0pter
3301 4977 3460 5032 quam
3501 4961 3641 5014 Deus
3689 4963 3741 5013 in

2164 5079 2380 5120 carnem
2412 5060 2708 5116 descendit.
2746 5059 2803 5113 Si
2840 5067 3016 5114 autem
3059 5055 3354 5110 inordinate
3379 5053 3622 5108 Nicamos
3652 5066 3742 5106 ca-

2169 5171 2336 5212 nones
2360 5155 2626 5210 subvertis
2650 5161 3008 5209 trecentorum
3031 5149 3217 5205 decem
3243 5159 3296 5204 et
3319 5157 3442 5203 octo
3467 5147 3745 5217 episcopo-

2167 5264 2321 5315 rum,
2367 5257 2420 5302 et
2458 5255 2608 5303 extra
2649 5245 2849 5300 limites
2875 5243 3021 5298 litem
3063 5241 3272 5312 judicas
3297 5256 3312 5294 :
3342 5248 3395 5293 tu
3428 5238 3651 5293 transito
3679 5235 3746 5289 ad

2167 5355 2267 5396 nos
2290 5339 2344 5394 in
2369 5337 2553 5393 urbem
2578 5336 2793 5406 optimis
2819 5333 3026 5404 legibus
3056 5331 3324 5386 fundatam
3348 5370 3363 5392 ,
3394 5345 3499 5383 nou
3540 5339 3737 5396 provo-

2169 5445 2298 5486 cans
2326 5440 2477 5483 more
2503 5426 2652 5482 Caini
2682 5425 2899 5480 Abelem
2933 5424 2984 5477 in
3015 5435 3282 5490 campum,
3312 5427 3369 5472 ut
3393 5433 3489 5472 nos
3516 5425 3570 5472 te
3600 5415 3746 5485 prius

2170 5523 2467 5579 audiamus.
2490 5519 2758 5574 Habemus
2777 5517 2920 5572 enim
2944 5513 3200 5568 adversus
3225 5521 3278 5567 te
3307 5511 3512 5565 libellos
3533 5513 3750 5576 septua-

2173 5619 2319 5688 ginta
2369 5614 2637 5686 capitum,
2690 5609 2971 5666 manifesta
3018 5607 3224 5678 piacula
3276 5603 3650 5658 continentes:
3693 5603 3750 5648 et

2177 5713 2355 5783 plures
2380 5722 2564 5765 sumus
2591 5719 2746 5776 quam
2777 5713 2865 5758 tua
2890 5698 3139 5772 Synodus
3158 5740 3174 5767 ,
3202 5696 3294 5753 Dei
3321 5694 3489 5764 gratia
3525 5700 3748 5758 congre-
