4114 6392
424 289 492 345 27
1425 305 1515 362 DE
1550 307 1716 363 VITA
1757 308 1816 364 S.
1857 308 2147 368 JOANNIS
2184 313 2694 370 CHRYSOSTOMI.
3599 317 3712 376 ’θη

421 404 727 473 λαοπλάνος
750 424 836 474 τις
885 409 1116 482 δαίμων,
1150 415 1214 468 τὸ
1259 419 1506 487 κριτικὸν
1549 419 1660 473 τῶν
1702 421 1890 492 ψυχῶν
1919 442 2016 477 κα-

418 498 814 588 ταγοητεύσας,
843 502 1028 588 ἐζήτει
1064 505 1358 588 πρόσωπον
1393 509 1745 580 δαιμονιῶδες
1799 515 1879 577 εἰς
1915 513 2014 584 τὴν

417 582 512 636 τοῦ
531 582 806 654 δράματος
838 586 1163 658 ὑπηρεσίαν,
1217 590 1246 643 ὃ
1291 591 1353 662 δὴ
1388 604 1414 632 α
1465 593 1558 646 καὶ
1590 595 1872 666 ἐπέτυχεν.
1909 582 2015 651 Δύο

416 667 526 738 γὰρ
558 666 821 721 διακόνων
847 670 1220 742 ἐκϐληθέντων
1263 673 1363 743 τῆς
1405 675 1736 747 Ἐκκλησίας
1783 679 1885 732 ὑπὸ
1916 680 2012 733 τοῦ

415 750 718 804 ἐπισκόπου
765 751 1014 806 Ἰωάννου
1042 755 1135 808 ἐπὶ
1169 754 1607 829 πλημμελήμασι
1640 761 2010 833 παρανόμοις,

414 835 767 905 ἀπεχρήσατο
800 840 867 909 τῇ
915 841 1233 912 κουφότητι,
1293 842 1384 895 καὶ
1428 842 1606 896 πείθει
1656 845 1852 909 αὐτοὺς
1889 850 2010 900 ἐπι-

412 917 596 972 δοῦναι
651 919 927 984 λι6έλλους
960 922 1101 975 κατὰ
1159 924 1250 977 τοῦ
1305 926 1576 993 Ἰωάννου,
1641 928 2013 1000 ὑποσχόμενος

412 1003 597 1081 αὐτοῖς
623 1003 1075 1074 ἀποκαταστῆσαι
1105 1008 1185 1070 εἰς
1206 1007 1297 1060 τὸν
1317 1013 1418 1081 τῆς
1447 1009 1790 1081 λειτουργίας
1822 1013 2006 1070 τόπον.

410 1079 520 1138 Ἦν
550 1086 606 1140 δέ
637 1086 818 1141 αὐτῶν
853 1089 922 1140 τά
973 1091 1314 1161 πταίσματα,
1349 1079 1444 1146 τοῦ
1483 1093 1583 1164 μὲν
1614 1079 1795 1164 φόνος,
1826 1095 1920 1149 τοῦ
1950 1097 2008 1150 δὲ

415 1170 651 1241 μοιχεία·
684 1171 712 1223 6
744 1171 808 1242 δὴ
840 1173 934 1225 καὶ
965 1175 1252 1246 πεποίηκε.
1298 1176 1456 1230 Μετὰ
1495 1177 1606 1251 γὰρ
1658 1180 1756 1250 τὴν
1791 1179 2008 1250 ἐξορίαν

425 1255 671 1309 Ἰωάννου
701 1257 1153 1332 ἀποκατέστησεν
1179 1261 1378 1324 αὐτοὺς
1411 1263 1492 1325 είς
1523 1263 1649 1326 τοὺς
1675 1264 1872 1328 τόπους
1906 1266 2007 1319 αύ-

409 1337 538 1403 τῶν,
561 1338 764 1410 δηλαδὴ
785 1341 910 1404 τοὺς
942 1341 1218 1405 λιδέλλους
1251 1343 1553 1410 ἐπιδόντας,
1583 1345 1678 1409 οὓς
1706 1349 2008 1420 ὑπηγόρευ-

410 1440 502 1476 σεν
525 1424 687 1488 αὐτὸς
720 1426 950 1490 ἐκεῖνος,
984 1426 1205 1497 έχοντας
1243 1427 1340 1498 μὲν
1380 1429 1582 1500 ἀληθὲς
1633 1432 1805 1498 οὐδὲν,
1861 1433 2002 1504 πλὴν

405 1506 619 1573 τούτου,
655 1508 738 1562 ὃτι
768 1511 1005 1582 παρῄνει
1065 1513 1200 1563 πᾶσι
1245 1512 1384 1582 μετὰ
1417 1513 1516 1585 τὴν
1549 1516 1834 1571 κοινωνίαν
1864 1518 2001 1570 ἀπο-

407 1590 664 1658 γεύεσθαι
693 1591 886 1656 ὓδατος
921 1594 953 1665 ἢ
1014 1595 1300 1660 παστίλου,
1345 1596 1432 1650 ἵνα
1492 1599 1568 1669 μὴ
1629 1599 1900 1664 ἀκουσίως
1925 1599 2003 1672 τῷ

409 1675 572 1748 σιέλῳ
599 1677 632 1749 ἦ
659 1679 737 1748 τῷ
755 1679 1026 1750 φλέγματι
1055 1681 1468 1738 συνεκπτύσωσί
1495 1701 1549 1736 τι
1589 1683 1684 1737 τοῦ
1707 1685 1998 1756 συμϐόλου·

212 1801 220 1817 .
299 1787 302 1790 λ
404 1760 568 1825 αὐτὸς
621 1763 838 1834 πρῶτος
889 1765 1059 1817 ποιῶν
1112 1766 1172 1818 τὺ
1237 1769 1491 1838 πρᾶγμα,
1521 1767 1809 1822 εὐλάδειαν
1854 1769 1999 1822 ἐκδι-

405 1845 618 1900 δάσκων
651 1851 777 1913 τοὺς
819 1849 1197 1922 βουλομένους.
1225 1852 1384 1907 Μετά
1414 1853 1472 1906 δέ
1501 1853 1564 1906 τὸ
1583 1853 1840 1917 δέξασθαι
1870 1855 2000 1920 τοὺς

405 1929 715 1995 λιϐέλλους,
769 1933 1132 2004 συστρέφεται
1195 1936 1347 2008 παρά
1408 1940 1477 2008 τῇ
1519 1936 1827 2008 Εύγραφίᾳ,
1884 1937 2001 2008 ἅμα

402 2015 735 2088 Σευηριανῷ,
769 2019 864 2072 καί⁸
905 2019 1180 2091 Ἀντιόχῳ,
1217 2021 1314 2074 καὶ
1356 2021 1618 2093 Ἀκακίῳ,
1657 2022 1753 2074 καὶ
1790 2021 1999 2085 λοιποῖς

402 2098 584 2170 ἔχουσι
627 2102 995 2172 μνησικακίαν
1025 2105 1166 2156 κατὰ
1197 2103 1292 2156 τοῦ
1321 2105 1571 2173 Ἰωάννου
1595 2106 1687 2158 ἐπὶ
1714 2108 1834 2168 ταῖς
1854 2122 2000 2176 παρ-

401 2184 643 2236 αινέσεσι
701 2188 825 2246 ταῖς
888 2187 1166 2257 κοσμίαις.
1219 2186 1416 2240 Εἰώθει
1468 2188 1577 2260 γὰρ
1623 2190 1652 2241 6
1694 2189 1994 2260 μακάριος,

399 2268 542 2322 κατά
570 2269 660 2324 τὸν
689 2269 924 2335 Παῦλον,
949 2272 1011 2344 δη
1023 2273 1186 2343 μοσίᾳ
1217 2289 1277 2324 τε
1312 2274 1404 2326 καὶ
1436 2274 1556 2327 κατ’
1589 2275 1771 2338 οῖκους
1798 2290 1994 2344 σεμνο-

398 2355 673 2425 πρέπειαν
701 2357 1062 2419 ἐκδιδάσκειν,
1114 2359 1350 2430 μάλιστα
1391 2357 1633 2429 συνεχῶς
1659 2362 1783 2422 ταῖς
1810 2359 1996 2412 τοιαύ-

395 2454 516 2502 ταις
551 2441 904 2512 ἐπισκήπτων
924 2481 938 2502 ,
982 2442 1064 2494 ὅτι
1097 2442 1323 2514 Γραϊδες
1356 2438 1513 2496 οὖσαι
1541 2443 1629 2496 διά
1661 2443 1752 2496 τὸν
1782 2443 1992 2513 χρόνον,

393 2522 447 2574 τί
495 2521 705 2596 ἀνηϐᾷν
753 2524 1160 2595 παραϐιάζεσθε
1215 2525 1278 2578 τὸ
1314 2525 1494 2597 σῶμα,
1541 2525 1870 2598 βοστρύχους
1902 2528 1995 2580 ἐπὶ

398 2605 652 2675 μετώπου
713 2607 975 2680 φέρουσαι
1030 2607 1284 2678 καθάπερ
1332 2609 1623 2679 ἐταιρίδες,
1671 2609 1993 2680 ὑόρίζουσαι

394 2686 612 2755 καὶτὰς
637 2691 832 2756 λοιπάς
861 2693 1178 2765 ἐλευθέρας,
1209 2695 1302 2747 ἐπὶ
1339 2696 1527 2766 ἀπάτῃ
1555 2693 1662 2748 τῶν
1697 2709 1993 2764 συντυγχα-

393 2776 613 2840 νόντων,
638 2778 732 2830 καὶ
761 2777 921 2831 τοῦτο
972 2779 1173 2850 χῆραι;
1217 2779 1582 2850 Συναχθέντες
1628 2778 1706 2843 δέ,
1763 2777 1993 2851 ἐζήτουν

391 2861 595 2929 τρόπον
627 2861 744 2925 πῶς
780 2862 1036 2932 ἄρξονται
1067 2867 1168 2934 τῆς
1187 2863 1362 2934 δίκης.
1397 2859 1491 2929 Εἷς
1520 2865 1577 2918 δέ
1605 2882 1691 2928 τις
1719 2864 1828 2918 τῶν
1857 2881 1996 2936 παρ-

392 2946 561 2998 όντων
615 2944 866 3008 ὑπέθετο,
930 2945 1121 3010 δόντας
1179 2947 1394 3017 δεήσεις
1463 2946 1542 3018 τῷ
1597 2946 1845 3017 βασιλεῖ,
1897 2947 1992 3001 καὶ

393 3031 596 3083 ἄκοντα
641 3031 806 3084 αὐτὸν
858 3031 1084 3084 ἑλκύσαι
1135 3034 1213 3095 εἰς
1242 3030 1304 3083 τὸ
1363 3031 1659 3102 συνέδριον.
1695 3030 1866 3084 Τοῦτο
1897 3028 1992 3084 οὖν

393 3113 602 3180 γίνεται
626 3113 876 3184 καθάπερ
900 3115 995 3167 ἐπὶ
1023 3113 1130 3166 τῶν
1161 3113 1450 3178 Ἰουδαίων,
1469 3114 1694 3185 χρυσίου
1716 3115 1785 3167 τὰ
1814 3115 1994 3168 πάντα

392 3198 577 3260 αὐτοῖς
604 3196 1042 3268 ἐξομαλίζοντος.
1079 3194 1264 3267 Ἦμεν
1292 3197 1347 3248 δὲ
1389 3197 1550 3267 ἡμεῖς
1580 3198 1992 3268 τεσσαράκοντα

391 3284 682 3335 ἐπίσκοποι
722 3282 1078 3354 καθεζόμενοι
1112 3283 1210 3334 σὺν
1239 3280 1318 3352 τῷ
1348 3281 1636 3353 ἐπισκόπῳ
1673 3282 1897 3353 Ἰωάννῃ
1933 3283 1991 3334 ἐν

390 3367 470 3438 τῷ
519 3367 780 3438 τρικλίνῳ
838 3367 932 3421 τοῦ
987 3367 1364 3432 ἐπισκοπείου,
1428 3365 1774 3437 ἐξιστάμενοι
1818 3367 1991 3429 πῶςὸ

392 3451 679 3522 ἀγώγιμος
706 3451 803 3506 καὶ
844 3452 1004 3522 μόνος
1066 3451 1380 3516 κελευσθεὶς
1423 3451 1772 3523 παραστῆναι
1805 3453 1886 3514 είς
1930 3452 1992 3505 τὸ

393 3536 759 3607 στρατόπεδον
781 3536 869 3588 ἐπ’
904 3535 1244 3606 ἐγκλήμασιν
1272 3536 1530 3598 ἀνοσίοις,
1557 3533 1696 3606 μετὰ
1720 3533 1990 3588 τοσούτων

392 3619 730 3689 παρεγένετο
763 3619 1103 3673 ἐπισκόπων·
1134 3619 1253 3683 πῶς
1291 3637 1352 3672 τε
1408 3619 1605 3690 ἀθρόον
1653 3617 1990 3688 μετεκέρασε

387 3703 488 3765 τὰς
516 3701 630 3754 τῶν
655 3701 1003 3774 κρατούντων
1034 3702 1282 3774 γνώμας,
1308 3703 1402 3756 ἐπὶ
1443 3703 1505 3754 τὸ
1535 3703 1718 3772 χεῖρον
1741 3699 1992 3770 διαστρέ-

388 3787 499 3855 ψας
548 3788 675 3850 τοὺς
733 3787 985 3850 πλείονας
1039 3786 1134 3840 τοῦ
1193 3786 1420 3858 κλήρου.
1475 3784 1886 3856 Διαπορούντων
1931 3784 1990 3838 δέ

389 3869 572 3940 ήμῶν,
598 3869 961 3933 ἐμπνευσθεὶς
988 3869 1016 3920 ὁ
1062 3870 1316 3940 Ἰωάννης
1369 3869 1445 3940 τῷ
1499 3867 1803 3939 Πνεύματι,
1840 3867 1990 3935 λέγει

387 3956 501 4018 τοῖς
531 3955 718 4008 πᾶσιν·
748 3952 1014 4020 Εὕξασθε,
1035 3954 1272 4023 ἀδελφοὶ,
1301 3956 1398 4008 καὶ
1429 3955 1478 4008 εἰ
1506 3953 1710 4024 φιλεῖτε
1733 3953 1826 4005 τὸν
1856 3953 1992 4022 Χρι-

392 4037 537 4099 στὸν,
575 4035 709 4109 ἐμοῦ
764 4037 949 4091 ἐνεκεν
989 4038 1062 4107 μή
1109 4054 1192 4100 τις
1223 4036 1497 4107 ἀπολείπῃ
1541 4037 1640 4108 τὴν
1669 4033 1863 4088 ἐαυτοῦ
1894 4036 1988 4087 ἐκ·

387 4121 644 4193 κλησίαν·
688 4120 830 4192 Ἐγὼ
870 4121 980 4192 γὰρ
1011 4120 1126 4189 ἤδη
1172 4122 1544 4189 σπένδομαι,
1577 4120 1678 4174 καί
1719 4123 1753 4175 ὀ
1783 4118 1990 4186 καιρὸς

389 4205 500 4274 τῆς
526 4206 886 4273 ἀναλύσεώς
905 4223 1028 4276 μου
1063 4205 1381 4275 ἐφέστηκε,
1432 4205 1576 4260 κατά
1617 4206 1708 4258 τὸν
1740 4205 1986 4269 εἰπόντα,

388 4292 483 4345 καὶ
518 4290 719 4354 πολλὰς
754 4290 962 4361 θλίψεις
1010 4290 1270 4355 ὑποστάς,
1312 4290 1594 4359 ἀπολείψω
1652 4290 1714 4343 τὸ
1760 4289 1882 4362 ζῇν,
1913 4290 1989 4355 ὡς

386 4375 518 4446 δρῶ.
552 4371 684 4429 Οἶδα
705 4374 816 4446 γὰρ
868 4374 966 4446 τὴν
1021 4376 1330 4447 σκευωρίαν
1373 4374 1470 4427 τοῦ
1506 4376 1744 4439 Σατανᾶ,
1779 4378 1862 4430 ὅτι
1888 4378 1987 4431 οὐκ

388 4459 470 4513 ἐτι
506 4461 661 4532 φέρει
713 4477 814 4530 μου
847 4459 947 4530 τὴν
997 4460 1294 4529 ἐπάχθειαν
1346 4459 1456 4514 τῶν
1496 4460 1668 4528 λόγων
1729 4461 1838 4514 τῶν
1867 4468 2000 4515 κατ’

387 4543 555 4598 αὐτοῦ
613 4543 936 4613 γινομένων.
997 4545 1108 4596 Καὶ
1185 4541 1358 4606 οὕτως
1417 4543 1708 4614 ἐλεηθῆτε·
1763 4546 1821 4596 ἐν
1867 4547 1988 4608 ταῖς

387 4630 721 4700 προσευχαῖς
749 4626 903 4697 ὑμῶν
937 4625 1305 4696 μνημονεύετέ
1351 4643 1475 4697 μου.
1535 4626 1897 4697 Συσχεθέντες
1928 4628 1986 4681 δέ

386 4713 581 4784 ἀφάτῳ
605 4712 835 4783 ἀθυμίᾳ,
872 4713 921 4764 οί
962 4711 1062 4782 μὲν
1101 4711 1471 4782 ἐδακρύομεν,
1519 4713 1696 4784 ἕτεροι
1734 4712 1792 4766 δὲ
1822 4713 1986 4785 ἐξήρ-

386 4814 544 4868 χοντο
574 4796 670 4851 τοῦ
705 4795 1008 4866 συνεδρίου,
1038 4796 1162 4859 τοὺς
1199 4795 1512 4866 ὀφθαλμοὺς
1565 4796 1660 4850 καὶ
1700 4797 1801 4867 τὴν
1834 4798 1985 4868 ἱερὰν

387 4880 630 4952 κεφαλὴν
669 4881 768 4933 σὺν
822 4879 900 4949 τῷ
951 4880 1191 4950 εὐστόχῳ
1231 4880 1260 4919 ιι
1295 4881 1388 4932 καὶ
1447 4880 1703 4952 μακαρίῳ
1753 4881 1984 4952 στόματι

385 4966 697 5034 ἠσπάζοντο
757 4963 1147 5035 δεδακρυμένοι
1190 4965 1283 5018 καὶ
1345 4966 1670 5034 κεκομμένῳ
1707 4964 1784 5034 τῷ
1824 4965 1986 5019 πνεύ-

392 5066 544 5119 ματι.
576 5047 975 5118 Παρακαλέσας
1007 5047 1063 5099 δέ
1112 5046 1429 5100 ἐπανελθεῖν
1481 5050 1561 5110 εἰς
1611 5048 1674 5101 τὸ
1710 5049 1984 5120 συνέδριον

388 5126 491 5184 ὧδε
554 5132 781 5185 κάκεῖσε
851 5131 1342 5201 περιπετομένους,
1412 5130 1662 5194 καθάπερ
1724 5132 1984 5202 μελίσσας

388 5214 815 5287 περιὸομὸώσας
852 5225 873 5252 ο
920 5214 1149 5285 κυψέλῃ,
1195 5213 1365 5284 λέγει·
1402 5215 1702 5279 Καθίσατε,
1741 5218 1979 5288 ἀδελφοὶ,

390 5298 484 5351 καὶ
511 5298 585 5370 μὴ
609 5298 845 5357 κλαίετε,
882 5298 975 5350 ἐπὶ
999 5298 1159 5351 πλέον
1188 5315 1255 5368 με
1287 5297 1638 5369 θρύπτοντες.
1677 5299 1843 5369 Ἐμοὶ
1874 5303 1983 5372 γὰρ

387 5384 454 5435 τὸ
484 5380 589 5451 ζῇν
615 5382 872 5450 Χριστὸς
895 5382 994 5436 καὶ
1038 5383 1106 5436 τὸ
1136 5382 1464 5437 ἀποθανεῖν
1493 5383 1724 5451 κέρδος.
1761 5384 1983 5456 Ἐθρυλ-

386 5465 529 5519 λεῖτο
560 5467 670 5538 γάρ
739 5468 1172 5539 καρατομεῖσθαῖι
1229 5467 1318 5520 διὰ
1367 5470 1478 5538 τὴν,
1521 5469 1827 5540 ὑπερϐολὴν
1881 5471 1981 5541 τῆς

388 5549 721 5621 παρρησίας.
760 5551 869 5604 Καὶ⁸
923 5554 970 5604 εί
1017 5552 1404 5623 μνημονεύετε,
1436 5553 1778 5618 ἀναπτύξατε
1829 5556 1979 5627 ὑμῶν

449 5671 478 5732 Ρ
501 5672 636 5723 Fort.
673 5675 728 5723 οὗ
751 5676 828 5732 δή.

448 5731 840 5801 ἤιθείίάσχέτῳ
861 5735 1066 5797 Georg.,
1081 5738 1290 5801 εὐτρόχῳ
1312 5739 1392 5787 vel
1419 5739 1638 5800 εύστόμῳ
1663 5739 1867 5798 conjicit
1896 5743 1976 5793 Bi-

317 5856 320 5864 ἦ
353 5815 367 5823 --
386 5793 552 5864 cogitis
568 5793 594 5855 ξ
604 5798 691 5846 sed
715 5793 1100 5864 ἤθε’ῃιυιειίὃήο
1123 5793 1534 5863 uéc"c'onjeclura
1556 5793 1680 5864 6p'us
1700 5793 1793 5852 esi.

451 5860 476 5890 ⁸
503 5856 600 5910 Pro
619 5860 1010 5924 περιϐομϐούσας.

3613 177 3741 264 28

2122 426 2222 491 τάς
2257 430 2498 499 μνήμας,
2523 429 2607 481 ὅτι
2648 427 2877 481 πάντοτε
2909 427 3095 497 ἔλεγον
3133 429 3282 500 ύμῖν·
3327 430 3474 497 Ὀδός
3510 433 3658 488 ἐστιν
3680 436 3714 490 6

2115 510 2305 582 παρὼν
2324 510 2456 580 βίος,
2475 512 2571 565 καὶ
2591 509 2661 563 τά
2687 510 2898 580 χρηστά
2924 512 3090 564 αὐτοῦ
3115 515 3209 566 καὶ
3229 513 3297 568 τά
3319 514 3539 587 λυπηρὰ
3568 535 3712 589 παρ·

2114 593 2378 647 οδεύεται·
2427 595 2523 648 καὶ
2582 596 2889 666 πανήγυρις
2929 596 2999 648 τά
3037 597 3300 668 παρόντα·
3332 601 3706 672 ὴγοράσαμεν,

2113 677 2504 750 ἐπωλήσαμεν,
2540 677 2906 749 καταλύομεν.
2952 681 3044 752 Μὴ
3081 682 3338 751 ἀμείνους
3380 685 3548 756 ἐσμὲν
3599 686 3709 740 τῶν

2113 760 2497 832 πατριαρχῶν,
2556 759 2666 813 τῶν
2710 761 3029 833 προφητῶν,
3062 763 3171 817 τῶν
3231 766 3568 832 ἀποστόλων,
3620 769 3708 823 ῖνα

2112 845 2379 899 ἀθάνατον
2399 847 2532 916 ἡμῖν
2563 845 2878 919 παραμείνῃ
2911 847 3070 901 τοῦτο
3101 847 3162 901 τὸ
3184 848 3321 921 ζῇν;
3351 851 3708 917 Ἐπολολύξας

2110 930 2166 982 δέ
2204 947 2288 993 τις
2314 930 2425 982 τῶν
2464 930 2744 1001 παρόντων
2800 927 2974 984 εἶπεν·
3037 931 3199 987 Ἀλλά
3251 933 3558 1007 θρηνοῦμεν
3608 937 3707 1008 τὴν

2110 1014 2267 1084 ἡμῶν
2292 1013 2578 1084 ὀρφανίαν,
2633 1020 2733 1085 τὴν
2786 1015 2888 1085 τῆς
2945 1015 3273 1089 Ἐκκλησίας
3320 1021 3708 1094 χηρείαν,τὴν

2108 1097 2219 1150 τῶν
2248 1097 2467 1168 θεσμῶν
2497 1097 2781 1168 σύγχυσιν,
2815 1100 2916 1170 τὴν
2943 1099 3235 1172 φιλαρχίαν
3268 1103 3375 1155 τῶν
3401 1103 3476 1175 μὴ
3509 1105 3706 1172 φοϐου-

2112 1181 2290 1252 μένων
2339 1181 2431 1235 τὸν
2484 1181 2705 1254 Κύριον,
2746 1183 2841 1236 καὶ
2889 1187 3012 1248 ταῖς
3073 1185 3434 1257 προστασίαις
3499 1191 3703 1261 ἐπιπη-

2107 1265 2324 1321 δώντων
2352 1267 2402 1331 ά,
2437 1267 2548 1321 τῶν
2598 1267 2830 1339 πτωχῶν
2868 1269 2929 1321 τὸ
2981 1271 3441 1341 ἀπροστάτευτον,
3472 1271 3574 1341 τῆς
3626 1273 3704 1327 δι-

2105 1349 2402 1415 δασκαλίας
2444 1351 2542 1423 τὴν
2581 1352 2840 1424 ἐρημίαν.
2883 1353 3248 1424 Ἐπικρούσας
3277 1355 3336 1408 δὲ
3387 1355 3465 1425 τῷ
3498 1356 3704 1429 λιχανῷ

2103 1433 2350 1506 δακτύλῳ
2369 1435 2460 1489 τὸν
2481 1435 2683 1508 ταρσὸν
2709 1437 2809 1505 τῆς
2838 1437 3135 1507 ἀριστερᾶς
3159 1435 3341 1510 χειρὸς
3367 1438 3566 1508 (εἰώθει
3591 1443 3702 1512 γάρ

2103 1520 2132 1572 ὁ
2163 1519 2509 1591 φιλόχριστος
2573 1523 2631 1573 ἐν
2680 1521 2803 1584 ταῖς
2866 1519 3007 1573 κατά
3053 1519 3178 1573 νοῦν
3232 1523 3512 1592 φροντίσιν
3569 1526 3704 1578 αὐτὸ

2103 1604 2323 1674 ποιεῖν),
2351 1603 2430 1674 τῷ
2467 1602 2746 1674 ὁμιλοῦντι
2790 1601 2942 1672 αύτῷ
2997 1597 3170 1658 εἶπεν·
3221 1605 3435 1676 Ἀρκεῖ,
3481 1605 3698 1676 ἀδελφέ,

2105 1687 2180 1757 μὴ
2207 1686 2380 1740 πολλά
2409 1687 2556 1755 λέγε,
2582 1687 2698 1740 ἀλλ’
2729 1686 2758 1739 δ
2804 1682 2978 1749 εἷπον,
3040 1687 3139 1751 τὰς
3179 1687 3508 1760 Ἐκκλησίας
3545 1689 3700 1761 ὑμῶν

2106 1768 2181 1841 μὴ
2219 1769 2417 1840 ἀφῆτε.
2454 1768 2593 1823 Οῦτε
2641 1769 2749 1840 γὰρ
2800 1769 2896 1823 ἀπ’
2932 1769 3067 1841 ἐμοῦ
3112 1770 3318 1842 ήρξατο
3346 1771 3406 1824 τὸ
3445 1771 3700 1826 διδασκά-

2099 1852 2233 1919 λιον,
2261 1852 2386 1905 οὔτε
2413 1855 2492 1916 εἰς
2523 1853 2623 1923 ἐμὲ
2644 1852 2987 1923 ἐτελεύτησε.
3020 1853 3112 1924 Μὴ
3137 1854 3238 1907 οὐκ
3263 1854 3504 1908 ἀπέθανε
3535 1856 3699 1909 Μωῦ-

2101 1937 2242 2007 σῆς;
2296 1937 2396 2006 οὐχ
2455 1935 2685 2007 εὓρηται
2753 1936 3003 2007 Ἰησοῦςς
3057 1937 3171 1990 Ούκ
3224 1936 3542 2009 ἐτελεύτησε
3595 1938 3699 1991 Σα-

2101 2019 2311 2092 μουήλ;
2347 2021 2408 2073 ού
2459 2021 2748 2092 κέχρισται
2797 2023 2825 2074 6
2877 2021 3084 2087 Δαυῖδ;
3135 2021 3394 2075 Ἀπέλιπε
3443 2023 3535 2075 τὸν
3582 2022 3697 2093 βίον

2109 2105 2403 2176 Ἱερεμίας,
2430 2107 2531 2159 οὐκ
2563 2101 2631 2176 ῆν
2683 2107 2712 2158 6
2742 2105 2958 2176 Βαρούχ
2985 2123 2998 2171 ;
3049 2106 3351 2178 Ἀνελήφθη
3399 2108 3604 2170 Ἠλίας.
3633 2108 3694 2162 ού

2097 2191 2507 2261 προεφήτευσεν
2576 2191 2918 2254 Ἐλισσαῖοςς
2967 2190 3392 2264 Ἑκαρατομήθη
3449 2193 3691 2256 Παῦλος,

2094 2274 2196 2327 οὐκ
2224 2274 2459 2327 ἀπέλιπε
2519 2274 2806 2345 Τιμόθεον,
2858 2275 3036 2338 Τίτον,
3089 2276 3330 2330 Ἀπολλὼ
3371 2279 3465 2332 καί¹
3502 2277 3693 2340 ἄλλους

2099 2357 2366 2428 μυρίους;
2397 2357 2554 2411 Μετά
2575 2357 2802 2422 τούτους
2835 2361 2961 2423 τοὺς
2995 2358 3188 2427 λόγους
3234 2360 3381 2429 λέγει
3432 2360 3694 2424 Εὺλύσιος

2092 2443 2122 2495 6
2159 2441 2462 2513 Ἀπαμείας
2511 2443 2612 2512 τῆς
2669 2442 2947 2506 Βιθυνίας·
3008 2443 3349 2512 Ἐπάναγκες
3399 2446 3546 2515 ἡμᾶς
3576 2447 3692 2500 ἐστι
3790 2505 3794 2511 _

2093 2527 2424 2599 κατέχοντας
2445 2525 2546 2590 τὰς
2581 2525 2912 2597 Ἐκκλησίας
2944 2529 3360 2598 ἀναγκασθῆναι
3387 2529 3483 2582 καὶ
3508 2546 3694 2583 κοινω-

2092 2613 2254 2685 νῆσαι
2281 2613 2378 2666 καὶ
2432 2611 2776 2682 ὑπογράψαι.
2817 2614 2962 2683 Ἔφη
2992 2615 3020 2666 6
3047 2613 3202 2680 δίγιος
3243 2614 3515 2684 Ἰωάννης·
3563 2615 3692 2667 Κοι-

2093 2697 2371 2768 νωνήσατε
2413 2697 2533 2767 μὲν,
2567 2697 2653 2749 ἵνα
2690 2697 2765 2768 μὴ
2817 2697 3040 2766 σχίσητε
3086 2695 3184 2766 τὴν
3227 2697 3574 2766 Ἐκκλησίαν,
3611 2695 3688 2768 μὴ

2093 2779 2447 2852 ὑπογράψητε
2477 2779 2554 2832 δέ·
2622 2779 2774 2833 οὐδὲν
2834 2779 2944 2850 γάρ
2980 2779 3206 2850 ἐμαυτῷ
3261 2779 3478 2834 σύνοιδα
3530 2778 3681 2843 ἀξιον

2091 2861 2469 2934 καθαιρέσεως
2494 2863 2775 2933 ἐννοήσας.
2796 2862 3015 2916 Τούτων
3045 2861 3216 2923 οὕτως
3241 2863 3475 2933 ἐχόντων
3490 2861 3693 2934 ἐδηλώ-

2093 2946 2264 3017 θησαν
2293 2949 2341 2999 οἱ
2371 2947 2769 3010 ἀποσταλέντες
2793 2947 2896 2999 ὑπὸ
2925 2945 3208 3015 Θεοφίλου·
3252 2945 3463 2998 κελεύει
3491 2945 3689 3007 αὐτοὺς

2092 3028 2374 3081 εἰσελθεῖν·
2413 3029 2755 3092 εἰσελθόντας
2791 3030 2976 3098 ἥρετο,
3010 3030 3167 3081 ποίου
3199 3024 3310 3081 εἷεν
3341 3027 3573 3098 βαθμοῦ·
3602 3026 3691 3079 λέ·-

2089 3129 2306 3181 γουσιν·
2364 3113 2708 3166 Ἐπίσκοποι.
2761 3111 3082 3183 Παρακαλεῖ
3129 3111 3464 3173 καθίσαντας
3512 3111 3689 3162 εἰπεῖν

2092 3197 2177 3266 ἐφ’
2228 3190 2273 3264 ᾧ
2321 3196 2594 3267 πάρεισιν.
2653 3195 2803 3248 Οἰδέ
2852 3194 3109 3262 λέγουσι·
3159 3191 3687 3264 Παραναγνωστικὸν

2090 3280 2285 3351 ἔχομεν
2320 3281 2500 3351 μόνον·
2532 3281 2794 3350 ποιήσατε
2829 3276 2922 3334 οῦν
2947 3280 3080 3334 αὐτὸ
3108 3277 3543 3348 ἀναγνωσθῆναι.
3573 3278 3686 3328 Κε-

2089 3363 2236 3416 λεύει
2287 3365 2315 3416 ὀ
2356 3364 2610 3432 Ἰωάννης
2661 3363 3102 3433 ἀναγνωσθῆναι.
3165 3361 3578 3433 Προστάσσουσι
3607 3359 3687 3430 τῷ

2090 3446 2362 3518 παιδαρίῳ
2399 3447 2495 3500 τοῦ
2529 3446 2789 3514 Θεοφίλου
2844 3447 3154 3515 ἀναγνῶναι
3203 3446 3304 3514 τὴν
3339 3443 3646 3514 ὑπηγορίαν
3668 3483 3683 3506 ,

2090 3531 2185 3583 καὶ
2212 3530 2442 3599 ἀνέγνω.
2470 3525 2579 3583 Ἦν
2605 3530 2662 3582 δὲ
2712 3530 2774 3584 τὸ
2830 3529 2966 3597 ῦφος
3022 3529 3201 3582 τοῦτο·
3245 3527 3596 3592 Ἠσύνοδος
3643 3529 3683 3596 ἠ

2089 3613 2229 3682 ἁγία
2260 3614 2300 3681 ἠ
2332 3612 2432 3666 ἐπὶ
2468 3613 2624 3680 Δρῦν
2655 3613 3036 3681 συναχθεῖσα
3065 3613 3250 3682 (τόπος
3276 3611 3334 3664 δέ
3369 3613 3515 3664 ἐστιν
3541 3609 3685 3663 οὓτω

2090 3694 2422 3766 καλούμενος
2447 3695 2621 3766 πέραν
2653 3696 2952 3765 θαλάσσης,
2995 3694 3278 3764 Ῥουφίνου
3333 3693 3682 3766 προάστειον,

2087 3779 2146 3832 ἐν
2177 3773 2222 3846 ᾧ
2254 3775 2394 3851 ἦσαν
2437 3779 2906 3850 συνηθροισμένοι)
2950 3777 3188 3846 Ἰωάννῃ
3226 3776 3684 3848 (παραλείψαντες

2087 3863 2116 3916 ὃ
2151 3859 2240 3934 ἦν,
2278 3863 2359 3930 τῷ
2389 3862 2717 3926 ἐπισκόπῳ·
2753 3863 2899 3932 φιλεῖ
2930 3863 3039 3933 γάρ
3069 3880 3186 3925 πως
3233 3864 3266 3933 ή
3315 3861 3680 3931 ἐσκοτισμένη

2087 3947 2233 4019 ψυχὴ
2255 3949 2353 4001 οὐκ
2379 3946 2688 4010 ἀκολούθως
2724 3947 2965 4016 βλέπειν,
3002 3946 3138 4000 ἀλλά
3166 3945 3536 4015 φαντάζεσθαι
3561 3945 3597 4000 ἀ
3621 3945 3683 3998 τὺ

2089 4032 2262 4096 πάθος
2321 4031 2698 4103 ὑπαγορεύει)·
2756 4033 3094 4098 Λιϐἐλλους
3152 4030 3481 4099 ἐδεξάμεθα
3530 4029 3682 4083 κατὰ

2087 4115 2226 4180 σοῦ,
2260 4117 2652 4184 περιέχοντας
2689 4116 2879 4184 μυρία
2933 4114 3108 4169 κακά.
3146 4115 3530 4182 Ἀπαντησον
3557 4115 3680 4166 τοί-

2085 4217 2222 4261 νυν.
2250 4201 2620 4269 ἐπαγόμενος
2646 4201 3003 4269 Σαραπίωνα
3055 4199 3155 4253 καὶ
3195 4200 3426 4268 Τίγριον
3453 4210 3476 4238 θ
3537 4198 3681 4264 τοὺς

2087 4284 2548 4351 πρεσϐυτέρους·
2583 4284 2716 4337 ἐστι
2749 4283 2861 4353 γὰρ
2889 4282 3090 4336 αὐτῶν
3117 4284 3306 4352 χρεία.
3336 4279 3517 4336 Ἶισαν
3544 4282 3599 4335 δὲ
3628 4285 3677 4336 oi

2022 4368 2027 4374 ’
2086 4367 2335 4430 ἐλθόντες
2372 4367 2509 4437 πρὸς
2529 4366 2693 4420 αὑτὸν
2720 4368 3012 4437 Διόσκορος
3037 4367 3133 4420 καὶ
3164 4365 3376 4428 Παῦλος
3401 4368 3459 4418 ἐν
3499 4364 3676 4436 Λιϐύῃ

2086 4452 2322 4518 ὑπόγυον
2376 4452 2749 4515 καταστάντες
2770 4452 2902 4505 νέοι.
2945 4451 3101 4504 Μετὰ
3139 4451 3199 4504 τὸ
3251 4448 3675 4519 ἀναγνωσθῆναι

2084 4534 2183 4604 τὴν
2205 4535 2409 4598 δέλτον,
2438 4533 2810 4602 ἀντιλέγουσιν
2841 4536 2890 4587 οἰ
2923 4536 3019 4588 σὺν
3041 4534 3118 4604 τῷ
3142 4535 3424 4604 ἐπισκὸπῳ
3454 4533 3677 4604 Ἰωάννῃ

2085 4618 2394 4682 ἐπίσκοποι,
2429 4617 2770 4689 δηλώσαντες
2807 4619 2886 4689 τῷ
2913 4619 3158 4689 Θεοφίλῳ
3194 4618 3284 4672 διὰ
3325 4617 3496 4691 τριῶν
3555 4618 3677 4669 ἐπι-

2085 4702 2326 4765 σκόπων,
2363 4703 2737 4756 Λουππικίνου
2770 4706 2864 4756 καὶ
2892 4704 3207 4775 Δημητρίου
3237 4704 3340 4757 ’καὶ
3386 4701 3672 4762 Εύλυσίου,

2085 4789 2179 4842 καὶ
2213 4787 2602 4859 πρεσϐυτέρων
2659 4788 2754 4842 δύο
2784 4787 3068 4858 Γερμανοῦ
3111 4791 3206 4842 καὶ
3265 4788 3530 4861 Σευήρου,
3568 4779 3674 4841 τῶν

2085 4872 2303 4925 πάντων
2326 4872 2498 4938 ἁγίων
2548 4871 2758 4944 ἀνδρῶν
2815 4873 2910 4926 καὶ
2939 4872 3256 4942 ἀξιολόγων·
3290 4872 3382 4944 Μὴ
3439 4871 3672 4926 κατάλυε

2083 4955 2152 5008 τὰ
2185 4955 2501 5026 πράγματα·
2546 4956 2648 5026 τῆς
2683 4956 3031 5027 Ἐκκλησίας,
3097 4956 3192 5010 καὶ
3250 4956 3324 5026 μὴ
3381 4954 3531 5026 σχίζε
3576 4955 3674 5024 τὴν

2097 5039 2444 5111 Ἐκκλησίαν.
2477 5039 2544 5093 δι’
2573 5040 2640 5110 ἣν
2663 5041 2692 5092 6
2712 5041 2844 5104 Θεὸς
2882 5043 2962 5104 εἰς
2993 5041 3172 5113 σάρκα
3206 5039 3495 5110 κατῆλθεν·
3531 5042 3580 5092 εἰ
3615 5040 3674 5092 δὲ

2083 5124 2365 5177 ἀστεκτῶν
2403 5122 2419 5161 ί
2457 5123 2748 5188 καταλύεις
2779 5126 2907 5188 τοὺς
2950 5126 3008 5178 ἐν
3050 5124 3257 5195 Νικαία
3306 5123 3539 5186 κανόνας
3565 5122 3673 5175 τῶν

2081 5216 2185 5280 τιη’
2216 5211 2552 5272 ἐπισκόπων,
2604 5210 2700 5262 καὶ
2758 5211 3049 5282 ὑπερόριον
3091 5210 3333 5274 δικάζεις
3389 5208 3566 5278 δίκην,
3605 5207 3670 5260 σὺ

2083 5290 2323 5360 πέρασον
2348 5291 2484 5360 πρὸς
2518 5291 2667 5361 ἡμᾶς
2696 5293 2778 5354 εἰς
2820 5291 2920 5362 τὴν
2951 5290 3360 5361 εὐνομουμένην
3384 5289 3563 5349 πόλιν,
3594 5289 3668 5357 μὴ

2082 5366 2527 5438 προκαλούμενος
2558 5365 2647 5418 τὸν
2681 5365 2848 5419 ’Δ6ελ
2879 5367 3022 5419 κατά
3065 5369 3155 5420 τὸν
3205 5368 3345 5420 Κάῖν
3375 5369 3456 5430 είς
3482 5365 3542 5417 τὸ
3575 5380 3671 5416 πε-

2080 5447 2213 5510 δίον,
2246 5447 2334 5500 ῖνα
2368 5463 2460 5498 σου
2492 5448 2652 5516 ἡμεῖς
2685 5447 2894 5520 πρῶτοι
2919 5447 3261 5518 ἀκούσωμεν.
3296 5448 3534 5518 Ἐχομεν
3558 5445 3667 5516 γὰρ

2081 5529 2224 5581 κατά
2257 5525 2350 5580 σοῦ
2399 5526 2774 5596 ἐϐδομήκοντα
2824 5528 3138 5597 κεφαλαίων
3186 5526 3492 5589 λιϐέλλους,
3533 5542 3668 5597 προ-

2079 5613 2273 5683 δήλους
2309 5612 2736 5684 ἀθεμιτουργίας
2786 5613 3030 5684 ἔχοντας,
3091 5613 3186 5665 καὶ
3239 5611 3458 5675 πλείους
3498 5609 3666 5682 ἐσμὲν

2145 5736 2169 5775 ἀ
2206 5739 2386 5799 Georg.
2413 5738 2729 5786 ἐπιδιδόντων.

2148 5860 2166 5899 ί
2193 5800 2671 5924 ἶλέἓεῦύῦῗινρτοωι
2695 5861 2844 5912 dubio
2872 5863 3090 5912 ἀτακτῶν
3110 5875 3219 5912 cum
3241 5863 3423 5926 Georg.
3506 5864 3512 5869 '
