4114 6392
391 300 469 358 29
1675 295 1996 352 ΡΑιιΑῡιι

2103 290 2383 348 ALOGUS
3607 288 3689 343 ω

398 418 501 491 τῆς
530 415 631 487 σῆς
668 415 911 478 συνόδου,
942 414 1077 470 Θεοῦ
1104 415 1288 487 χάριτι
1332 414 1711 485 συναχθέντες,
1747 418 1848 471 οὑκ
1897 414 1991 470 ἐπὶ

398 502 467 571 τῇ
506 498 800 553 καταλύσει
854 499 954 569 τῆς
997 497 1344 569 Ἐκκλησίας,
1388 497 1503 551 ἀλλ’
1534 498 1591 550 ἐν
1648 500 1858 571 εἰρήνῃ.
1915 498 1987 552 Σὺ

402 584 506 655 μὲν
527 581 636 652 γάρ
658 578 709 636 τί
729 582 1052 653 τριακοστὸς
1071 581 1230 645 ἕκτος
1260 580 1320 645 ἐξ
1349 580 1617 652 ἐπαρχίας
1649 583 1799 651 μιᾶς·
1831 582 1991 652 ἡμεῖς

399 664 461 720 δέ
488 666 653 736 ἐσμεν
696 664 1109 736 τεσσαράκοντα
1160 665 1225 717 ἐκ
1275 662 1550 735 διαφόρων
1591 662 1897 734 ἐπαρχιῶν,
1933 666 1991 716 ἐν

400 743 485 813 οἷς
509 749 675 818 ἐσμεν
718 748 813 801 κα)⁸
877 747 1017 801 ἐπτά
1078 746 1493 817 μητῳπολίται,
1545 746 1641 799 καὶ
1699 745 1991 801 ἀκόλουθόν

402 834 522 887 ἐστι
544 832 636 885 τὸν
670 831 934 886 ἐλάσσονα
966 831 1118 903 παρὰ
1138 828 1245 882 τῶν
1287 829 1548 883 πλειόνων
1578 829 1673 884 καὶ
1701 829 1990 901 διαφερόν-

402 934 512 971 των
540 915 682 971 κατά
705 916 834 979 τοὺς
870 914 1103 974 κανόνας
1146 912 1427 984 κριθῆναι.
1462 914 1698 985 Ἕχομεν
1735 913 1853 983 γάρ.
1895 930 1989 968 σου

404 1000 499 1054 καὶ
530 999 629 1071 τὴν
689 998 999 1069 ἐπιστολὴν,
1052 999 1120 1051 δι’
1157 992 1225 1069 ἦς
1287 1000 1607 1068 παρεγγυᾷς
1647 997 1727 1068 τῷ
1783 997 1992 1051 συλλει-

401 1081 621 1154 τουργῷ
647 1081 806 1152 ήμῶν
847 1081 1074 1154 Ἰωάννῃ
1118 1080 1179 1133 τὸ
1214 1079 1288 1151 μή
1311 1080 1424 1134 δεῖν
1470 1081 1771 1154 ὑπερορίας
1818 1081 1991 1135 εἰσδέ-

405 1165 596 1236 χεσθαι
632 1164 808 1228 δίκας.
849 1163 1013 1217 Ὅθεν
1072 1161 1396 1233 πειθόμενος
1445 1166 1558 1227 τοῖς
1607 1165 1991 1236 ἐκκλησιαστι-

406 1249 524 1309 κοῖς
580 1246 786 1317 νόμοις,
845 1244 1153 1317 παρακάλει
1215 1261 1311 1298 σου
1361 1246 1489 1309 τοὺς
1541 1248 1899 1319 κατηγόρους,
1953 1250 1987 1321 ἢ

407 1330 680 1384 παύεσθαι
739 1330 838 1401 τῆς
889 1329 1032 1384 κατὰ
1080 1329 1173 1384 σοῦ
1212 1332 1571 1403 κατηγορίας,
1627 1332 1660 1403 ἢ
1716 1333 1816 1404 τῆς
1853 1333 1992 1406 πρὸς

404 1415 569 1468 αὑτὸν
600 1414 889 1486 προσόδου.
926 1415 1071 1487 Πρὸς
1096 1414 1271 1468 ταῦτα
1320 1416 1565 1487 κινηθεὶς
1624 1420 1652 1471 6
1699 1418 1987 1490 Ἰωάννης,

405 1500 521 1560 τοῖς
554 1497 651 1568 μὲν
694 1497 1018 1560 ἐπισκόποις
1077 1496 1244 1551 αὑτοῦ
1304 1497 1513 1567 έλεγεν·
1550 1499 1740 1571 Ὑμεῖς
1774 1501 1802 1555 6
1844 1501 1992 1555 δοκεῖ

407 1581 535 1651 ὑμῖν
579 1579 879 1652 δηλώσατε,
916 1581 1019 1650 ἐμὲ
1048 1579 1105 1633 δὲ
1138 1580 1432 1634 ἀκόλουθόν
1482 1581 1597 1635 ἐστι
1641 1583 1778 1654 πρὸς
1806 1584 1873 1637 τὰ
1898 1584 1991 1656 δη-

404 1663 647 1717 λωθέντα
704 1680 792 1735 μοι
829 1665 1216 1735 ἀντισημᾶναι.
1273 1666 1398 1729 Τοῖς
1456 1666 1514 1719 δὲ
1567 1668 1695 1739 περί
1729 1668 1989 1739 Θεόφιλον

404 1747 795 1802 ἀνταπέστειλε
829 1748 1021 1802 ταῦτα·
1054 1748 1216 1818 Ἐγὼ,
1246 1751 1293 1803 εἰ
1330 1751 1428 1820 μὲν
1463 1750 1577 1821 ἔχει
1600 1770 1682 1815 τις
1711 1752 1831 1805 κατ’
1855 1754 1988 1824 ἐμοῦ

405 1829 605 1898 λέγειν,
641 1831 803 1903 μέχρι
830 1833 931 1903 τῆς
960 1831 1120 1903 δεῦρο
1151 1832 1497 1886 οὐδεπώποτε
1527 1834 1721 1902 ἔγνων·
1748 1837 1796 1888 εἰ
1821 1836 1878 1889 δέ
1906 1853 1991 1900 τις

406 1913 635 1968 κατεῖπέ
691 1932 814 1985 μου,
856 1915 951 1968 καὶ
985 1914 1242 1985 βούλεσθέ
1298 1933 1365 1986 με
1400 1918 1833 1988 παραγενέσθαι,
1865 1919 1993 1984 τοὺς

406 1996 705 2068 προδήλους
741 2015 841 2069 μου
875 1998 1124 2071 ἐχθροὺς,
1155 1999 1350 2063 οἵτινες
1384 2001 1447 2051 ἐκ
1470 2000 1570 2070 τῆς
1600 2000 1858 2070 ἀμελείας
1896 2003 1992 2056 αὑ-

403 2078 515 2133 τῶν
534 2078 895 2152 ἐκακώθησαν
926 2082 1062 2153 πρὸς
1095 2083 1217 2152 ἐμὲ,
1254 2081 1480 2152 βάλλετε
1514 2082 1739 2148 τούτους
1760 2084 1865 2149 ἔξω
1896 2085 1990 2139 τοῦ

407 2163 673 2236 ὑμετέρου
704 2165 983 2233 συλλόγου·
1015 2166 1109 2219 καὶ
1136 2164 1260 2219 οὕτε
1302 2166 1468 2219 τόπου
1498 2168 1830 2239 ἀμφισϐητῶ
1857 2170 1991 2223 ὅπου

413 2264 484 2317 με
507 2247 617 2301 δέοι
651 2247 930 2318 κριθῆναι,
961 2251 1010 2302 εἰ
1041 2249 1136 2303 καὶ
1182 2249 1249 2303 τὰ
1302 2250 1535 2321 μάλιστα
1571 2251 1678 2304 ἔδει
1705 2254 1763 2304 ἐν
1790 2255 1855 2324 τῇ
1896 2253 1995 2307 πό⁴

403 2328 507 2382 λει.
544 2330 664 2382 Εἰσί
686 2330 743 2383 δὲ
770 2330 866 2394 οὓς
906 2330 1305 2402 παραιτοῦμαι,
1361 2332 1641 2402 Θεόφιλος,
1686 2335 1747 2387 ὃν
1784 2334 1993 2406 ἐλέγχω

408 2413 669 2482 εἰρηκότα
720 2415 814 2468 καὶ
866 2415 926 2469 ἐν
984 2414 1361 2488 Ἀλεξανδρεία
1415 2421 1511 2472 καὶ
1564 2420 1621 2473 ἐν
1676 2419 1873 2492 Λυκίᾳ,
1909 2421 1993 2475 ὅτι

422 2495 759 2567 ’Δπέρχομαι
798 2499 878 2562 εἰς
928 2498 1020 2551 τὸν
1078 2502 1392 2569 κομιτάτον,
1433 2502 1687 2573 Ἰωάννην
1722 2504 1991 2571 καθελεῖν.

411 2578 568 2633 Ἔστι
604 2579 661 2633 δὲ
682 2579 902 2650 ἀληθὲς,
932 2582 991 2648 ἐξ
1015 2574 1090 2635 ὧν
1116 2583 1561 2653 παραγενόμενος
1587 2584 1710 2638 οὕτε
1733 2588 1992 2659 συνέτυχέ

410 2678 523 2733 μοι,
549 2659 673 2716 οὔτε
697 2663 1024 2735 ἐκοινώνησέ
1055 2682 1167 2737 μοι.
1188 2668 1282 2729 ’ὣς
1307 2663 1399 2719 οῦν
1429 2669 1534 2739 πρὸ
1560 2670 1658 2739 τῆς
1678 2670 1994 2741 ἀκροάσεως

404 2744 475 2798 τά
504 2744 715 2817 ἐχθρῶν
745 2746 1052 2808 ἐπετέλεσε,
1083 2749 1137 2801 τί
1164 2748 1229 2802 ἂν
1255 2751 1460 2824 ποιήσῃ
1498 2752 1634 2821 μετά
1667 2752 1764 2822 τὴν
1798 2753 1991 2824 δίκην;

418 2824 654 2899 ὀμοίως
702 2829 760 2883 δέ
799 2831 895 2883 καί
964 2829 1219 2885 Ἀκάκιον
1269 2832 1532 2904 διελέγχω
1589 2835 1674 2904 ἐφ’*
1721 2828 1767 2903 ᾧ
1817 2832 1990 2891 εἶπεν·

419 2910 562 2980 Ἐγὼ
586 2912 735 2983 αύτῷ
770 2913 955 2983 ἀρτύω
982 2914 1208 2986 χύτραν.
1241 2916 1377 2986 Περί
1428 2916 1485 2969 δέ
1529 2917 1861 2988 Σευηριανοῦ
1900 2922 1995 2974 καὶ

423 2995 723 3065 Ἀντιόχου,
748 2995 844 3061 οὓς
875 2997 1061 3068 τάχιον
1112 2998 1552 3072 μετελεύσεταιή
1598 3000 1719 3054 θεία
1766 3001 1911 3073 δίκη,
1942 3004 1995 3057 τί

404 3078 488 3131 δεῖ
511 3081 606 3133 καὶ
630 3080 831 3149 λέγειν,
862 3075 937 3135 ὧν
966 3082 1067 3146 τὰς
1096 3085 1511 3156 νεωτεροποιίας
1539 3085 1633 3139 καί
1661 3086 1731 3139 τά
1756 3088 1996 3158 κοσμικά

407 3163 592 3235 ᾄδουσι
659 3165 907 3236 θέατρα;
964 3165 1175 3220 Οὐκοῦν
1233 3168 1680 3240 παρακέκλησθε,
1747 3172 1796 3224 εἰ
1856 3172 1998 3226 κατά

406 3248 669 3321 ἀλήθειαν
703 3249 959 3321 βούλεσθέ
990 3268 1059 3323 με
1080 3251 1276 3318 ἐλθεῖν,
1308 3253 1531 3317 τούτους
1554 3255 1680 3318 τοὺς
1700 3255 1994 3328 τέσσαρας·

408 3333 458 3385 εἰ
497 3333 594 3402 μὲν
615 3333 689 3397 ὼς
716 3333 998 3398 δικαστὰς,
1019 3334 1313 3390 ἐκϐάλλετε
1334 3336 1558 3400 τούτους
1583 3337 1672 3390 τοῦ
1697 3339 1997 3410 συνεδρίου·

408 3416 457 3467 εί
479 3414 535 3468 δὲ
554 3416 630 3479 ὡς
662 3417 1022 3489 κατηγόρους,
1050 3420 1282 3492 στήσατε
1306 3420 1385 3483 είς
1410 3418 1508 3490 τὴν
1533 3420 1734 3488 κρίσιν,
1765 3421 1852 3475 ἵνα
1884 3423 1998 3491 γνῶ

408 3499 558 3564 ὅπως
596 3500 898 3572 κονίζωμαι
919 3543 934 3565 ,
972 3503 1201 3575 πότερον
1229 3504 1304 3567 ὡς
1339 3504 1475 3576 πρὸς
1507 3504 1832 3571 ἀντιδίκους,
1866 3506 2007 3576 ἢὼς

407 3582 692 3648 δικαστάς·
730 3587 824 3639 καὶ
870 3586 1093 3649 πάντως
1114 3586 1408 3659 ἐλεύσομαι
1436 3590 1496 3641 ού
1537 3588 1701 3658 μόνον
1731 3590 1869 3662 πρὸς
1897 3592 1998 3662 τὴν

411 3664 688 3740 ὑμετέραν
744 3670 987 3740 ἀγάπην,
1033 3671 1169 3725 ἀλλά
1217 3673 1311 3726 καὶ
1370 3672 1507 3743 πρὸς
1546 3674 1725 3727 πᾶσαν
1777 3674 1875 3746 τῆς
1922 3677 2000 3729 οἰ-

414 3751 686 3822 κουμένης
750 3752 987 3808 σύνοδον.
1045 3755 1209 3808 Ὥστε
1261 3750 1356 3809 οὗν
1396 3754 1595 3823 γνῶτε,
1653 3756 1749 3810 ἐὰν
1803 3757 1997 3829 μυριά-

411 3850 502 3898 κις
533 3835 892 3908 ἀποστείλητε
926 3838 1064 3908 πρός
1119 3856 1218 3909 με,
1276 3838 1430 3892 οὐδὲν
1478 3838 1638 3893 πλέον
1699 3840 1998 3895 ἀκούσεσθε

409 3917 542 3991 παρ’
597 3919 753 3991 ἐμοῦ.
823 3921 1042 3975 Τούτων
1114 3921 1473 3989 ἐξελθόντων,
1546 3924 1792 3995 νοτάριος
1850 3927 2001 3998 παρά

409 4002 579 4065 πόδας
629 4005 866 4076 γράμμα
904 4005 1046 4077 έχων
1110 4006 1422 4076 βασιλικὸν,
1460 4010 1517 4060 ἐν
1567 4002 1612 4076 ᾧ
1669 4010 2000 4083 προεδεήθη-

412 4099 513 4138 σαν
565 4085 769 4141 ἄκοντα
829 4088 995 4141 αὑτὸν
1045 4090 1362 4161 ἀπαντῆσαι
1409 4092 1491 4154 εἰς
1527 4092 1628 4162 τὴν
1656 4092 1833 4162 δίκην,
1871 4111 2002 4147 κατ-

409 4169 638 4239 ήπειγεν
690 4170 854 4224 αὑτὸν
912 4173 1019 4235 εἰς·
1055 4172 1154 4243 τὴν
1213 4174 1416 4241 κρίσιν.
1483 4174 1639 4228 Μετὰ
1710 4176 1807 4246 τὴν
1867 4178 2001 4230 ἀπό-

409 4268 595 4324 κρισιν
650 4252 747 4325 τήν
798 4255 935 4326 πρὸς
984 4255 1076 4309 τὸν
1142 4257 1430 4328 νοτάριον,
1498 4258 1851 4330 ἐμηνύθησαν
1882 4252 2003 4314 ’δύο

410 4335 777 4410 πρεσϐύτεροι
822 4337 916 4391 τοῦ
951 4339 1223 4404 Ἰωάννου,
1268 4340 1525 4409 Εύγένιός
1569 4358 1674 4406 τις,
1722 4342 1782 4406 ὃς
1811 4344 2002 4414 μισθὸν

409 4420 512 4491 τῆς
546 4421 687 4475 κατὰ
708 4422 801 4476 τοῦ
832 4422 1135 4476 ἐπισκόπου
1170 4424 1417 4478 Ἰωάννου
1443 4426 1715 4498 συσκευῆς
1743 4428 1843 4499 τὴν
1872 4445 2005 4500 προ-

409 4500 595 4575 εδρίαν
642 4503 831 4558 ἔλαϐεν
870 4506 1233 4578 Ἡρακλείας,
1267 4509 1362 4561 καὶ
1410 4511 1439 4563 ό
1472 4511 1784 4583 ήσυχαστὴς
1826 4512 2003 4566 Ἰσαά-

409 4601 549 4650 κιος,
579 4586 666 4641 ἵνα
704 4587 779 4660 μὴ
810 4586 985 4653 ἄλλως
1014 4590 1176 4652 εἴπω,
1210 4590 1493 4659 λέγοντες·
1546 4592 1813 4664 Ἐδήλωσέ
1854 4612 1936 4649 σοι
1967 4598 2001 4668 ή

410 4669 660 4735 σύνοδος·
709 4673 950 4743 πέρασον
999 4674 1135 4745 πρὸς
1187 4676 1358 4747 ήμᾶς,
1415 4676 1894 4748 ἀπολογησόμενος
1935 4680 2006 4733 τά

409 4754 759 4827 ἐγκλήματα.
793 4757 937 4820 Πρὸς
986 4758 1163 4812 ταῦτα
1196 4760 1226 4812 ό
1263 4759 1519 4831 Ἰωάννης
1562 4761 1901 4833 ἀντεδήλωσε
1936 4763 2003 4817 δι’

410 4840 729 4894 ἐπισκόπων
758 4840 983 4913 ἐτέρων·
1018 4842 1156 4915 Ποίᾳ
1201 4843 1497 4916 ἀκολουθία
1519 4844 1790 4911 δικάζετε,
1820 4848 1870 4901 οἰ
1901 4849 2006 4919 μή-

406 4938 470 4976 τε
508 4924 636 4987 τοὺς
676 4923 907 4996 ἐχθρούς
949 4943 1051 4997 μου
1102 4926 1426 4994 ἐξώσαντες,
1458 4929 1555 4983 καὶ
1582 4929 1670 4984 διά
1702 4932 1810 4986 τῶν
1856 4932 2004 5003 ἐμῶν

409 5004 689 5077 κληρικῶν
731 5025 798 5079 με
849 5008 1360 5082 μεταστελλόμενοι;
1395 5013 1461 5068 Οί
1500 5012 1557 5067 δὲ
1587 5013 1843 5081 λαϐόντες
1879 5016 2005 5082 τοὺς

410 5091 776 5172 ἐπισκόπους.
824 5093 917 5146 τὸν
958 5093 1058 5165 μὲν
1111 5094 1345 5167 ἔδειραν,
1397 5096 1490 5151 τὸν
1522 5098 1580 5153 δὲ
1628 5102 2004 5172 περιέσχισαν,

411 5171 491 5244 τῷ
534 5173 593 5226 δὲ
624 5176 820 5247 σίδηρα
853 5176 931 5248 τῷ
972 5178 1231 5252 τραχήλῳ
1282 5182 1636 5254 περιέθηκαν,
1667 5184 1704 5239 ἀ
1735 5171 1875 5256 ἦσαν
1917 5188 2007 5240 εὑ·

410 5256 771 5328 τρεπίσαντες
796 5258 875 5330 τῷ
910 5262 1072 5333 ἀγίῳ,
1107 5264 1172 5316 ἵν’
1213 5262 1386 5328 οὑτως
1418 5264 1637 5337 βληθεὶς
1684 5271 1766 5333 είς
1799 5270 2004 5331 πλοῖον,

413 5341 496 5426 εἰς
523 5338 717 5412 ἄδηλον
746 5344 1025 5416 ἀποσταλῇ
1072 5347 1238 5400 τόπον
1258 5365 1273 5378 ·
1306 5347 1399 5401 τοῦ
1452 5349 1706 5421 δαίμονος
1757 5353 2010 5426 καθάπερ

414 5422 638 5489 λέοντας
678 5427 1060 5498 ἀγριώσαντος
1095 5431 1309 5496 αὑτούς.
1344 5434 1453 5487 Καὶ
1483 5438 1511 5488 6
1542 5436 1642 5507 μὲν
1674 5438 1817 5504 ὅσιος
1852 5422 2010 5504 εἰδὼς

415 5508 517 5578 τὴν
543 5509 734 5592 ἀναιδῆ
784 5512 967 5592 αὑτῶν
1011 5513 1262 5588 γνώμην,
1311 5518 1503 5571 ἐαυτὸν
1552 5519 1801 5592 ἐπέσχεν.
1838 5526 1899 5577 Ol
1948 5523 2008 5577 δὲ

416 5588 710 5672 γεννάδες,
737 5591 1045 5672 πράξαντες
1075 5595 1467 5667 ὑπομνημάτια
1507 5588 1751 5672 ἀράχνης
1788 5602 2009 5657 ἀσθενέ-

420 5682 587 5754 στερα
620 5668 755 5754 πρός
784 5671 1104 5740 ἀφοσίωσιν.
1147 5668 1558 5744 ἀποφαίνονταί
1587 5668 1728 5733 κ-ατά
1770 5682 1863 5735 τοῦ
1902 5700 2007 5754 μα-

417 5746 636 5817 καρίου,
674 5742 736 5803 οῦ
778 5749 902 5803 οὔτε
930 5751 992 5804 τὸ
1024 5742 1314 5823 πρόσωπον
1344 5752 1502 5821 εἶδον,
1548 5757 1673 5812 οὔτε
1702 5762 1886 5831 φωνῆς
1902 5742 2009 5815 ἀύ-

417 5830 514 5886 τοῦ
569 5833 829 5903 ἤκουσαν,
875 5838 933 5889 ἐν
980 5836 1163 5909 ήμέρᾳ
1215 5840 1312 5910 μιᾷ
1355 5840 1452 5913 τὴν
1499 5844 1553 5895 ὲν
1598 5844 1776 5913 πολλῴ
1828 5845 2005 5916 χρόνῳ

2100 412 2467 483 ὑφαινομέννην
2497 410 2696 464 κακίαν
2738 404 3258 480 ωμπεραιώσαντες
3278 422 3291 436 ·
3333 405 3684 476 ἀνεπίσχετον

2097 495 2206 568 γάρ
2229 496 2291 549 τὸ
2327 492 2678 565 δαιμονιῶδες
2705 493 2955 564 ὅρμημα,
3001 491 3103 544 οὑκ
3151 489 3418 559 ἀναμένον
3468 490 3679 559 σκέψιν.

2093 580 2203 632 Καὶ
2248 577 2562 649 πέμψαντες
2614 574 2693 645 τῷ
2747 574 2956 645 βασιλεῖ
3006 573 3307 644 ἀναφορὰν,
3343 571 3677 644 προέταξαν·

2104 661 2327 733 Ἐπειδὴ
2362 659 2764 731 κατηγορηθεὶς
2799 658 3051 727 Ἰωάννης
3083 658 3175 710 ἐπὶ
3206 658 3395 718 κακοῖς
3419 672 3548 721 τισι,
3584 659 3679 710 καὶ

2094 744 2348 809 συνειδὼς
2408 743 2618 812 ἐαυτῷ.
2666 744 2767 796 οὑκ
2820 742 3085 812 ἠθέλησεν
3138 740 3480 809 ἀπαντῆσαι,
3527 741 3683 796 τόνδε

2095 829 2336 883 τοιοῦτον
2393 813 2746 899 καθαιροῦσῶ
2792 828 2840 879 οἱ
2880 825 3068 895 νόμοι·
3100 824 3129 877 ὃ
3178 822 3398 893 δὴικοὶ
3445 823 3683 895 ὑπέστη.

2092 913 2419 985 Περιέχουσι
2440 910 2499 966 δὲ
2523 912 2573 964 οἱ
2613 908 2843 962 λιϐέλλοι
2868 909 2962 962 καὶ
2988 906 3363 971 καθοσιώσεωι,
3404 906 3672 979 ἔγκλημα.

2091 996 2355 1051 Κελεύσει
2403 992 2496 1059 οὖν
2543 995 2579 1064 ἡ
2624 992 2776 1062 ὑμῶν
2826 990 3077 1044 εὐσέϐεια
3132 993 3224 1044 καὶ
3269 991 3470 1044 ἄκοντα
3514 989 3679 1045 αὑτὸν

2092 1079 2429 1151 ἐξωσθῆναι.
2483 1078 2577 1132 καὶ
2633 1076 2789 1140 δίκας
2843 1074 3025 1128 δοῦναι
3059 1075 3149 1127 ἐπὶ
3200 1076 3265 1144 τῇ
3321 1073 3671 1139 καθοσιώσει,

2091 1162 2279 1235 ἐπειδὴ
2307 1165 2438 1234 ἡμῖν
2464 1163 2565 1216 οὑκ
2597 1159 2774 1225 ἔξεστι
2808 1159 2982 1213 ταῦτα
3016 1158 3215 1230 ζητεῖν.
3246 1156 3315 1212 Ὦ
3352 1158 3683 1230 τρισάθλιοι,

2089 1247 2126 1302 ἀ
2174 1249 2420 1318 φρονεῖτε
2459 1244 2555 1298 καὶ
2582 1246 2805 1296 ποιεῖτε·
2839 1242 3159 1313 αἰσχύνεσθε
3189 1241 3362 1295 ταῦτα
3392 1244 3585 1305 ποιεῖν,
3610 1245 3672 1297 οὑ

2089 1330 2242 1395 Θεὸν,
2274 1328 2410 1383 ἀλλὰ
2438 1325 2760 1398 ἀνθρώπους
2791 1326 3101 1395 αἰδούμενοι
3127 1325 3161 1396 ἦ
3198 1323 3540 1395 φοϐούμενοι.
3563 1321 3674 1379 Ἦν

2088 1416 2145 1468 δὲ
2181 1416 2211 1487 ή
2246 1412 2573 1475 καθοσίωσις
2607 1413 2640 1481 ἡ
2687 1412 2766 1475 είς
2794 1411 2894 1479 τὴν
2942 1408 3259 1479 βασίλισσαν
3296 1408 3565 1482 λοιδορία,
3596 1410 3673 1476 ὡς

2091 1499 2286 1551 ἐκεῖνοι
2313 1497 2640 1568 ἀνήνεγκαν,
2678 1495 2760 1548 ὅτι
2805 1489 2960 1547 εἶπεν
2990 1493 3158 1565 αὐτὴν
3197 1490 3451 1557 Ἰεζάϐελ.
3484 1493 3591 1547 Καὶ
3620 1496 3681 1548 οι

2093 1581 2193 1650 μὲν
2224 1580 2537 1650 θαυμάσιοι.
2580 1578 2671 1631 τὸν
2696 1576 2783 1632 διά
2823 1576 3009 1645 ξίφους
3051 1576 3279 1631 θάνατον
3307 1575 3473 1630 αὑτοῦ
3503 1575 3675 1646 ποθή·
3789 1602 3795 1607 -

2091 1680 2282 1726 σαντες
2328 1663 2477 1724 ἰδεῖν,
2506 1659 2679 1726 οὑτως
2719 1662 3055 1732 ἀνήνεγκαν·
3089 1663 3118 1714 6
3147 1660 3203 1714 δὲ
3247 1659 3379 1723 Θεὸς
3424 1661 3517 1714 καὶ
3550 1659 3676 1713 τούο

2088 1765 2197 1801 των
2230 1747 2543 1818 ἐφανέρωσε
2588 1746 2688 1816 τὴν
2738 1745 3137 1817 ἐνδομυχοῦσαν
3176 1745 3393 1808 κακίαν,
3437 1747 3532 1798 καὶ
3564 1745 3685 1798 τῶν.

2090 1831 2365 1904 ἀρχόντων
2394 1829 2707 1900 ἐμαλάκυνε
2738 1829 2835 1900 τὴν
2870 1829 3099 1901 καρδίαν
3118 1846 3129 1857 ·
3164 1829 3415 1899 καθάπερ
3446 1831 3540 1883 ἐπὶ
3578 1828 3672 1884 τοῦ

2091 1913 2287 1986 Δανιὴλ
2315 1912 2510 1984 συνέϐη
2536 1916 2594 1966 ἐν
2621 1912 2921 1969 Βαϐυλῶνι.
2958 1913 3106 1966 Ἐκεῖ
3128 1912 3237 1983 γὰρ
3255 1914 3305 1964 οἰ
3340 1913 3438 1982 μὲν
3461 1912 3674 1977 λέοντες

2092 1996 2476 2069 ἡμερώθησαν,
2505 1997 2823 2067 φεισάμενοι
2853 1994 2947 2048 τοῦ
2986 1995 3202 2065 Δανιὴλ,
3232 1996 3281 2047 οἰ
3311 1993 3368 2048 δὲ
3398 1995 3689 2067 ἄνθρωποι,

2093 2078 2461 2152 ὴγριώθησαν,
2507 2071 2904 2151 ἀφειδήσαντες
2925 2079 3017 2132 τοῦ
3062 2080 3366 2150 προφήτου,
3394 2079 3489 2132 καὶ
3520 2078 3674 2132 ἐδυσ·

2090 2162 2313 2237 ώπησεν
2345 2165 2373 2216 ό
2404 2163 2537 2228 Θεὸς
2571 2165 2698 2227 τοὺς
2740 2163 2893 2236 παρά
2925 2162 3085 2232 φύσιν
3129 2162 3519 2234 ἀγριωθέντας,
3563 2162 3676 2217 τῶν

2092 2248 2245 2321 παρά
2275 2248 2435 2316 φύσιν
2463 2252 2495 2318 ή
2506 2266 2571 2319 με
2581 2248 2879 2320 ρωθέντων.

2163 2334 2664 2397 ΚΕΦ.Θ’.-Οῦτως
2696 2333 2905 2403 ἐξώσθη
2943 2336 2972 2387 6
3018 2332 3268 2403 Ἰωάννης
3299 2331 3399 2403 τῆς
3443 2330 3673 2403 Ἐκκληυ

2094 2418 2248 2482 σίας,
2295 2416 2535 2488 κόμητος
2572 2417 2968 2479 ἀποσταλέντος
3003 2416 3100 2469 σὺν
3132 2418 3496 2491 στρατιωτικῇ
3544 2414 3674 2486 βοη-

2092 2500 2239 2573 θείᾳ,
2295 2500 2548 2571 καθάπερ
2596 2501 2688 2553 ἐπὶ
2743 2500 3081 2572 βαρϐαρικῆς
3135 2498 3512 2570 παρατάξεως.
3549 2499 3673 2552 Ἐκ-

2095 2584 2314 2655 ϐληθείς
2352 2585 2409 2638 δὲ
2464 2584 2655 2654 φθάνει
2702 2586 2782 2648 εἰς
2819 2583 2887 2637 τά
2927 2585 3070 2637 κατά
3107 2582 3404 2654 Πραίνετον
3435 2583 3534 2649 τῆς
3577 2583 3673 2636 Βι-

2093 2667 2281 2733 θυνίας
2347 2669 2587 2740 ἀγρίδια.
2643 2669 2832 2739 Μέσης
2895 2668 2952 2721 δὲ
3013 2667 3400 2737 διαγενομένης
3462 2667 3678 2739 ἡμέρας

2095 2754 2245 2824 μιᾶς,
2285 2754 2484 2822 συνέϐη
2519 2751 2747 2825 θραῦσίν
2773 2769 2891 2806 τινα
2945 2750 3195 2820 γενέσθαι
3227 2753 3285 2804 ἐν
3323 2751 3401 2822 τῷ
3434 2750 3677 2825 κοιτῶνι.

2090 2836 2422 2907 Φοϐηθέντες
2465 2839 2529 2889 ἐκ
2574 2834 2788 2900 τούτου,
2828 2834 2897 2888 δι’
2939 2835 3141 2888 οἰκείου
3187 2836 3434 2911 νοταρίου
3474 2837 3677 2889 ἀνακα-

2091 2919 2311 2976 λοῦνται
2351 2919 2443 2973 τὸν
2497 2919 2755 2989 Ἰωάννην
2808 2918 2947 2988 μετά
3006 2918 3220 2990 ἡμέρας
3267 2917 3486 2987 ὀλίγας,
3540 2919 3677 2971 ἀποο

2092 3003 2273 3067 δόντες
2302 3002 2380 3073 τῷ
2412 3003 2599 3072 οἰκείῳ
2633 3002 2827 3073 θρόνῳ.
2854 3000 3040 3065 Οὕτως
3069 3004 3097 3055 6
3135 3000 3391 3071 Θεόφιλος
3433 3001 3529 3054 σὺν
3567 3002 3680 3065 τοῖς

2093 3086 2412 3156 Αἰγυπτίοις
2434 3089 2578 3157 φυγῇ
2608 3085 2706 3157 τὴν
2731 3085 3005 3155 σωτηρίαν
3030 3084 3339 3155 πορίζεται·
3364 3084 3546 3155 ἐζήτει
3572 3083 3680 3155 γὰρ

2097 3173 2131 3241 ή
2163 3170 2315 3235 πόλις
2365 3170 2530 3224 αὑτὸν
2561 3169 2932 3225 θαλασσῶσαι.
2962 3168 3117 3223 Μετά
3168 3167 3262 3221 δύο
3298 3168 3471 3239 μῆνας
3520 3168 3683 3222 πάλιν

2098 3254 2613 3315 ὑπαναπνεύσαντες
2638 3253 2742 3323 τῆς
2786 3251 3021 3324 πληγῆς,
3056 3251 3419 3321 φρυάττονται
3461 3252 3527 3304 ἐκ
3564 3251 3683 3305 δευ-

2095 3338 2256 3409 τέρου
2283 3337 2423 3391 κατὰ
2450 3335 2546 3390 τοῦ
2576 3335 2854 3389 Ἰωάννου·
2884 3337 2979 3388 καὶ
3004 3334 3361 3405 εὐπρόσωπον
3385 3334 3560 3407 ἀρχὴν
3583 3335 3683 3406 οὑχ

2098 3422 2464 3493 εὑρίσκοντες,
2497 3419 2772 3490 πέμπουσι
2806 3419 2945 3489 πρὸς
2970 3418 3062 3472 τὸν
3092 3417 3350 3488 σοφιστὴν
3376 3417 3483 3471 τῶν
3517 3417 3685 3473 τοιού-

2097 3521 2205 3558 των
2254 3506 2335 3568 εἰς
2371 3502 2778 3575 Ἀλεξάνδρειαν
2813 3501 3179 3572 δηλώσαντες·
3203 3501 3275 3553 Ἢ
3308 3501 3473 3555 πάλιν
3511 3501 3684 3554 ἀπάν-

2097 3604 2257 3660 τησον
2299 3588 2695 3658 στρατηγήσων
2727 3585 2870 3639 κατὰ
2907 3584 3001 3637 τοῦ
3036 3584 3304 3646 Ἰωάννου,
3340 3585 3401 3655 ἢ,
3435 3586 3484 3637 εἰ
3530 3584 3687 3638 τοῦτο

2096 3670 2339 3733 δέδοικας
2370 3669 2458 3724 διά
2497 3672 2625 3734 τοὺς
2674 3670 2857 3732 λαοὺς,
2899 3668 3101 3740 τρόπον
3146 3670 3279 3738 ἡμῖν
3308 3667 3513 3721 ὑπόθου
3541 3667 3685 3730 τινὰ,

2096 3755 2165 3807 δι’
2198 3750 2255 3809 οὗ
2293 3754 2391 3825 τὴν
2432 3755 2609 3827 ἀρχὴν
2644 3755 2979 3825 ποιήσωμεν.
3016 3751 3160 3822 Πρός
3191 3751 3403 3817 τούτοις
3435 3752 3463 3805 6
3496 3751 3689 3822 Θεόφι-

2098 3838 2210 3902 λος,
2238 3838 2400 3902 αὑτδς
2434 3840 2531 3908 μὲν
2555 3838 2655 3891 οὑκ
2684 3838 3019 3909 ἀπήντησεν,
3047 3833 3204 3899 εἰδὼς
3226 3836 3375 3898 ὅπως
3411 3833 3688 3905 διέφυγεν,

2098 3921 2384 3975 ἀπέστειλε
2409 3922 2467 3974 δέ
2495 3924 2644 3990 τρεῖς
2676 3921 2943 3984 ἐλεεινοὺς
2973 3919 3332 3983 ἐπισκόπους,
3357 3917 3570 3972 Παῦλον
3594 3920 3689 3972 καὶ

2102 4005 2344 4074 Ποιμένα
2385 4006 2477 4058 καί
2516 4006 2701 4075 ἓτερον
2734 4004 3221 4076 νεοχειροτόνητον,
3265 4001 3690 4065 συναποστείλας

2102 4089 2286 4153 αὐτοῖς
2316 4089 2409 4142 καὶ
2423 4089 2655 4152 κανόνας
2683 4088 2835 4154 τινὰς
2863 4087 2958 4152 οὓς
2978 4089 3367 4159 πεποιήκεισαν
3391 4088 3441 4140 οί
3476 4087 3690 4160 Ἀρεια-

2102 4174 2183 4227 νοί
2219 4174 2361 4228 κατά
2400 4172 2496 4226 τοῦ
2529 4172 2799 4244 μακαρίου
2846 4171 3186 4234 Ἀθανασίου,
3215 4171 3301 4224 ἴνα
3328 4171 3556 4231 αὑτοῖς·
3578 4172 3691 4236 τοῖς

2101 4256 2296 4310 κανόσι
2344 4257 2703 4328 χρησάμενοι,
2738 4255 2892 4319 δίκας
2942 4253 3177 4321 πλέξωσι
3223 4252 3304 4324 τῷ
3339 4253 3580 4325 Ἰωάννῃ,
3614 4252 3690 4317 ώς

2106 4348 2247 4419 μετὰ
2267 4348 2586 4420 καθαίρεσιν
2610 4346 2787 4419 ἐαυτῷ
2805 4346 3195 4403 ἐπεισελθόντι.
3224 4345 3555 4418 Ὀρμητικὸς
3582 4342 3691 4413 γάρ

2105 4434 2254 4485 ἐστιν
2281 4435 2346 4485 ἐκ
2374 4432 2609 4502 φύσεως,
2629 4432 2727 4486 καὶ
2746 4431 3044 4504 προπετὴς,
3077 4430 3172 4484 καὶ
3195 4430 3422 4501 θρασὺς,
3449 4430 3545 4484 καὶ
3576 4428 3692 4483 δια·

2105 4516 2382 4588 φερόντως
2428 4517 2756 4586 φιλόνεικος·
2801 4516 2953 4570 ούδὲν
2994 4515 3102 4583 γάρ
3151 4515 3268 4567 ἐστι
3306 4513 3400 4567 τοῦ
3434 4512 3693 4585 φανέντος

2105 4599 2254 4671 αὑτῴ
2301 4599 2407 4653 ὑπὸ
2437 4600 2535 4670 τῆς
2585 4598 2797 4669 ὅψεως,
2825 4599 2854 4652 ὃ
2880 4599 2908 4640 δ
2939 4599 3059 4671 οὑχ).
3108 4596 3303 4652 θᾶττον
3347 4597 3439 4651 τοῦ
3485 4597 3694 4661 δέοντος

2105 4684 2496 4753 ἀκατασχέτως
2546 4684 2731 4755 ὁρμᾷ,
2785 4685 2871 4735 ἐπ’
2914 4670 3063 4747 αὑτῷ
3118 4683 3255 4751 μήτε
3312 4682 3491 4752 κρίσιν
3557 4681 3692 4752 μήτε

2107 4767 2299 4838 σκέψιν
2331 4766 2638 4839 ἀναμένων.
2675 4766 2969 4839 Ἀλογίστῳ
2997 4766 3053 4819 δὲ
3086 4765 3227 4838 φορᾷ
3252 4763 3533 4836 χρώμενος
3564 4764 3696 4819 ἀτά-

2107 4836 2251 4916 κτως
2286 4836 2491 4921 βαδίζει
2521 4851 2614 4905 ἐπὶ
2655 4851 2755 4922 τὴν
2806 4836 2997 4903 τόύτου
3035 4836 3461 4918 συγκατάθεσιν,
3490 4848 3583 4902 καὶ
3625 4850 3693 4921 τῇ

2106 4934 2443 5008 ψηφισθείσῃ
2460 4934 2733 5004 ἀποφάσει
2756 4931 2990 5005 βεϐαίως
3011 4932 3442 5004 ἐπερειδόμενος,
3464 4931 3694 4998 εὐτόνως

2108 5020 2528 5091 ἀντιφιλονεικεί
2556 5018 2719 5072 παντὶ
2744 5016 2821 5089 τῷ
2851 5015 3161 5087 βουλομένῳ
3183 5014 3693 5086 ἀνταποφήνασθαι,

2111 5104 2429 5168 σπουδάζων
2458 5104 2546 5157 ἀεὶ
2585 5103 2684 5174 τὴν
2735 5100 2931 5156 ἐαυτοῦ
2962 5101 3144 5172 κρίσιν
3181 5116 3242 5153 τε
3286 5100 3381 5162 καὶ
3405 5099 3586 5169 ψῆφον
3617 5117 3697 5154 νι-

2109 5188 2295 5243 κῶσάν
2309 5205 2368 5241 τε
2385 5188 2480 5241 καὶ
2495 5186 2799 5258 κρατοῦσαν
2828 5184 3171 5254 ἀποφαίνειν.
3202 5186 3269 5237 ’³0
3295 5183 3359 5254 δὴ
3389 5182 3483 5237 καὶ
3514 5182 3700 5239 ποιοῦ-

2112 5288 2196 5325 σιν
2239 5271 2595 5342 ἐπιστάμενοι
2652 5268 2818 5324 αὑτοῦ
2867 5268 2928 5322 τὸ
2987 5263 3139 5339 ἦθος.
3181 5265 3699 5335 Μετακαλεσάμενοι

2110 5356 2219 5428 γὰρ
2241 5357 2341 5426 τῆς
2359 5356 2582 5428 Συρίας,
2618 5356 2713 5408 καὶ
2746 5352 3163 5417 Καππαδοκίας,
3193 5352 3289 5405 καί⁹
3315 5350 3414 5420 τῆς
3433 5348 3699 5419 Ποντικῆς

2111 5441 2431 5512 διοικήσεως
2466 5441 2561 5493 καὶ
2601 5439 2841 5509 Φρυγίας
2898 5436 3053 5499 ὅλους
3082 5447 3104 5475 ο
3156 5433 3555 5507 μητροπολίτας
3603 5433 3700 5512 καὶ

2113 5511 2470 5584 ἐπισκόπούς,
2517 5518 2962 5591 συναθροίζουσιν
3003 5518 3085 5580 εἰς
3122 5514 3223 5586 τὴν
3258 5511 3701 5568 Κωνσταντινού-

2115 5600 2292 5658 πόλιν.
2322 5602 2385 5653 Οί
2416 5600 2474 5653 δὲ
2518 5600 2973 5672 παραγενόμενοι,
3008 5595 3149 5652 κατά
3177 5594 3277 5669 τὴν
3313 5593 3422 5651 τῶν
3461 5594 3704 5655 κανόνων

2177 5728 2203 5756 ⁸
2233 5728 2437 5777 Rectius
2463 5727 2712 5788 legentur
2738 5724 2939 5780 τούτοις.

2176 5789 2205 5830 δ
2233 5791 2365 5851 Lege
2389 5789 2504 5851 πρὸς
2530 5790 2573 5839 6.

2183 5856 2202 5881 τ
2229 5849 2436 5914 Εοιέτίεσ
2453 5849 2580 5910 ὅλης.
