4114 6392
368 6042 429 6061 ‘1’

537 341 610 397 29
1496 343 1586 398 DE
1622 341 1778 398 vrra
1821 341 1881 397 s.
1920 340 2196 399 massis
2235 341 2722 404 cnnvsosront.
3746 367 3817 422 εςο

537 458 643 526 gati
693 472 798 511 non
842 456 910 513 ad
940 458 1274 513 eversionem
1307 457 1566 512 Ecclesiae
1587 500 1601 521 ,
1643 458 1736 512 scd
1770 458 1822 511 in
1865 472 2012 526 pace.
2047 457 2126 511 Tu

538 548 682 602 enim
710 548 1012 602 tricesimus
1063 558 1247 603 sextus
1280 562 1340 602 es
1378 564 1444 602 ex
1484 549 1638 602 unica
1678 549 1979 617 provincia;
2029 562 2126 602 nos

536 655 665 695 vero
694 655 880 694 sumus
904 641 1256 711 quadraginta
1299 657 1329 696 e
1359 642 1587 697 diversis
1628 642 1915 711 provinciis
1939 683 1952 706 ,
1988 642 2127 696 inter

533 747 669 803 quos
698 747 885 787 sumus
908 734 1068 788 etiam
1099 743 1303 803 septem
1331 734 1679 804 MetrOpolitae
1706 752 1718 787 :
1743 743 1798 789 et
1835 746 2123 790 consenta-

534 842 694 881 neum
736 836 820 882 est
858 836 916 881 ut
960 829 1137 882 minor
1173 842 1429 882 numerus
1460 843 1488 880 a
1517 828 1705 897 majori
1736 838 1897 897 atque
1931 829 2123 897 potiori

534 917 829 973 secundum
853 933 1086 973 canones
1112 918 1401 987 judicetur.
1454 919 1723 975 llabemus
1752 921 1894 974 enim
1923 932 1975 975 et
2005 921 2123 989 epi-

532 1009 728 1063 stolam
756 1018 919 1071 tuam.
952 1026 1048 1081 per
1077 1026 1236 1080 quam
1268 1026 1456 1065 mones
1480 1010 1855 1081 coepiscopum
1881 1021 2121 1066 nostrum

532 1101 796 1158 Joannem
837 1104 1230 1159 accusationem
1261 1113 1407 1159 extra
1448 1104 1644 1159 limites
1672 1121 1774 1160 non
1803 1105 2002 1160 debere
2027 1106 2122 1160 ad-

532 1195 767 1250 mittere.
801 1194 953 1250 Unde
996 1195 1204 1265 legibus
1242 1195 1617 1250 ecclesiasticis
1648 1211 1841 1265 parens
1861 1238 1874 1259 ,
1903 1210 2124 1251 accusa-

533 1298 676 1343 tores
706 1297 828 1343 tuos
857 1304 950 1343 ora
973 1332 988 1354 ,
1022 1298 1079 1343 ut
1104 1288 1172 1343 ab
1201 1289 1501 1343 accusando
1531 1299 1580 1344 te
1607 1289 1900 1355 desistant,
1933 1298 2025 1342 aut
2053 1289 2121 1343 ab

532 1397 751 1437 accessu
791 1392 843 1437 et
888 1382 1128 1452 perfugio
1154 1382 1220 1437 ad
1254 1382 1535 1438 Joannem.
1579 1381 1659 1437 Ad
1695 1382 1810 1437 haec
1846 1394 2119 1452 permotus

531 1472 797 1539 Joannes,
841 1475 1107 1544 episcopis
1154 1475 1366 1545 quidem
1414 1490 1627 1529 suarum
1670 1475 1909 1544 partium
1945 1475 2115 1529 dixit:

533 1565 675 1631 Vos,
720 1566 862 1636 quod
908 1567 1061 1620 vobis
1091 1568 1319 1633 videtur,
1371 1567 1706 1636 significate:
1734 1577 1985 1622 czeternm
2032 1584 2119 1623 me

531 1666 743 1727 oportet
767 1658 833 1712 ad
856 1673 917 1713 ea
942 1674 1062 1728 quae
1086 1657 1215 1713 tnihi
1244 1658 1417 1713 delata
1445 1667 1571 1713 sunt
1597 1661 1911 1715 rescribere.
1941 1660 2117 1715 Theo-

534 1752 659 1821 phili
682 1761 858 1806 autem
880 1752 1111 1823 partium
1135 1752 1402 1822 episcopis
1427 1753 1543 1807 haec
1567 1753 1843 1822 rescripsit
1872 1771 1886 1807 :
1917 1754 2027 1823 Ego
2048 1768 2114 1807 an

531 1844 649 1913 quis
675 1852 859 1897 contra
888 1858 974 1897 me
1004 1842 1291 1903 dicendum
1333 1843 1533 1913 aliquid
1581 1842 1775 1897 habeat
1800 1885 1815 1910 ,
1859 1842 2117 1898 hactenus

531 1936 755 1989 omnino
784 1936 995 1989 nescius
1021 1951 1139 1998 sum
1166 1953 1179 1989 :
1205 1936 1248 1989 si
1279 1936 1399 2006 quis
1422 1950 1550 1991 vero
1576 1936 1831 1991 adversus
1854 1952 1939 1990 me
1962 1936 2114 1990 dixe-

530 2029 620 2093 rit,
644 2038 698 2083 et
726 2028 916 2083 adesse
943 2045 1029 2083 me
1062 2029 1242 2093 vultis,
1287 2028 1599 2084 manifestos
1638 2029 1882 2083 inimicos
1929 2044 2109 2093 meos,

528 2122 619 2189 qui
650 2136 713 2181 ex
743 2136 836 2181 sua
866 2122 1187 2192 negligentia
1215 2137 1336 2191 erga
1361 2136 1447 2176 me
1470 2122 1609 2175 male
1635 2121 1849 2174 animati
1877 2129 2019 2186 sunt,
2045 2136 2113 2175 ex

526 2226 792 2269 conventu
821 2224 999 2270 vestro
1038 2216 1235 2285 ejicite.
1266 2215 1449 2285 Neque
1479 2215 1545 2270 de
1572 2216 1691 2269 loco
1724 2214 1989 2269 contendo
2009 2256 2023 2280 ,
2057 2215 2109 2268 in

525 2304 907 2376 quojndicium
938 2307 1117 2361 subire
1149 2322 1234 2360 me
1263 2315 1506 2376 oportet,
1539 2307 1641 2361 etsi
1688 2306 1741 2361 id
1785 2307 2014 2360 maxime
2057 2307 2109 2361 in

525 2397 739 2452 civitate
771 2397 885 2452 fieri
906 2398 1160 2467 oportuit.
1185 2398 1321 2452 Sunt
1349 2407 1524 2452 autem
1547 2412 1681 2467 quos
1702 2397 1907 2466 rejicio,
1936 2397 2112 2451 Theo-

524 2487 740 2557 philus,
773 2504 932 2559 quem
976 2490 1192 2544 revinco
1235 2489 1434 2543 dixisse
1474 2497 1531 2543 et
1571 2489 1908 2544 Alexandria:
1952 2498 2006 2543 et
2055 2489 2106 2543 in

523 2580 681 2653 Lycia
708 2599 720 2635 :
747 2582 801 2635 In
831 2581 1137 2635 comitatum
1179 2580 1505 2650 proficiscor,
1552 2588 1608 2633 ut
1649 2579 1907 2634 Joannem
1945 2580 2110 2649 depo—

522 2689 668 2729 nam.
693 2673 744 2727 Id
767 2683 945 2729 autem
969 2688 1151 2727 verum
1177 2684 1257 2729 est
1284 2688 1354 2728 ex
1378 2688 1443 2728 eo
1460 2673 1597 2742 quod
1628 2683 1905 2742 postquam
1927 2689 2109 2729 acces-

520 2765 609 2830 sit,
643 2781 813 2833 neque
841 2782 926 2819 me
954 2765 1259 2834 alloquutns
1288 2774 1400 2826 est,
1435 2780 1608 2834 neque
1635 2779 1841 2818 mecum
1868 2780 2107 2819 commu-

519 2857 733 2910 nicavit.
756 2856 853 2922 Qui
878 2857 1034 2926 igitur
1054 2864 1177 2910 ante
1200 2854 1526 2909 auditionem
1550 2854 1813 2908 hostiliter
1837 2870 1895 2910 se
1915 2856 2101 2925 gessit,

517 2950 642 3019 quid
676 2959 793 3018 post
829 2949 1085 3018 judicium
1131 2948 1365 3003 facturus
1407 2949 1527 3002 est?
1570 2947 1828 3003 Similiter
1864 2956 1920 3003 et
1962 2949 2105 3003 Aea-

517 3044 655 3096 aium
683 3058 933 3111 coargno,
963 3044 1051 3112 qui
1080 3042 1276 3097 dixerit
1306 3061 1318 3095 :
1353 3042 1467 3112 Ego
1490 3042 1564 3095 illi
1594 3042 1753 3095 ollam
1790 3042 2001 3097 condio.
2029 3043 2104 3099 De

516 3134 803 3188 Severiano
830 3142 882 3188 et
912 3133 1174 3187 Antiocho
1194 3133 1319 3203 quid
1345 3135 1531 3188 attinet
1562 3133 1761 3198 dicere,
1796 3150 1929 3204 quos
1946 3134 2103 3188 citius

515 3226 743 3294 excipiet
782 3225 957 3279 divina
985 3226 1186 3294 jnstitia
1208 3267 1222 3288 ,
1250 3240 1475 3295 quorum
1521 3227 1837 3280 temerarios
1882 3236 2102 3281 conatus

514 3318 672 3370 etiam
700 3317 976 3371 smcularia
1002 3317 1203 3370 theatra
1226 3316 1456 3371 canunt?
1476 3316 1635 3387 Igitur
1649 3318 1693 3371 si
1711 3333 1893 3372 revera
1915 3317 2102 3373 adesse

514 3424 600 3465 me
628 3410 785 3463 vultis
804 3451 819 3475 ,
844 3425 1026 3479 quaeso
1056 3426 1149 3465 eos
1179 3419 1438 3479 quatuor,
1469 3410 1513 3463 si
1540 3409 1755 3479 quidem
1784 3418 1840 3462 ut
1859 3410 2099 3478 judices,

513 3519 577 3557 ex
604 3519 856 3558 consessu
878 3504 1052 3574 cjicite
1076 3520 1090 3569 ;
1116 3504 1197 3557 sin
1227 3513 1282 3557 ut
1302 3512 1658 3565 accusatores,
1683 3503 1885 3571 judicio
1907 3502 2097 3567 sistite,

514 3602 572 3647 ut
599 3595 761 3648 sciam
790 3594 1058 3663 quomodo
1085 3610 1168 3648 me
1191 3592 1258 3647 ad
1288 3602 1557 3649 certamen
1590 3592 1848 3647 instruam
1872 3634 1887 3659 ,
1929 3609 1995 3646 an
2044 3600 2101 3646 nt

512 3696 697 3741 contra
727 3687 1063 3741 adversarios
1082 3729 1096 3752 ,
1127 3702 1194 3741 an
1223 3696 1280 3740 ut
1308 3697 1490 3741 contra
1527 3686 1735 3756 jndices
1759 3704 1776 3741 :
1804 3696 1856 3741 et
1881 3688 2099 3740 omnino

512 3780 718 3832 veniam
762 3795 868 3833 non
918 3781 1088 3833 soluat
1132 3780 1197 3833 ad
1243 3788 1474 3832 vestram
1503 3780 1801 3845 caritatem,
1826 3779 1923 3833 sed
1949 3789 2003 3833 et
2031 3780 2097 3834 ad

512 3873 752 3939 quamvis
791 3871 938 3926 orbis
979 3882 1239 3925 terrarum
1280 3870 1564 3942 synodum.
1605 3870 1803 3925 Scitote
1835 3885 1961 3941 ergo
1986 3913 2001 3935 ,
2049 3871 2094 3923 si

511 3963 691 4018 decies
720 3964 908 4018 miHics
946 3964 1011 4016 ad
1042 3979 1125 4018 me
1155 3964 1403 4018 miseritis
1425 4006 1439 4030 ,
1488 3963 1618 4018 nihil
1656 3965 1887 4034 amplius
1917 3980 1981 4018 ex
2011 3980 2097 4019 me

512 4070 606 4109 vos
643 4054 937 4109 audituros.
988 4054 1094 4109 Illis
1138 4055 1401 4125 egressis,
1444 4056 1589 4109 venit
1631 4058 1808 4109 statim
1852 4055 2097 4110 Notarius

512 4147 713 4201 habens
742 4148 1056 4216 rescriptum
1087 4146 1452 4214 Imperatoris,
1483 4147 1566 4200 cui
1598 4147 1794 4201 inserta
1818 4157 1936 4201 erat
1964 4164 2093 4216 snp-

510 4241 724 4311 plicatio
746 4240 1116 4311 episcoporum
1141 4241 1429 4310 petentium
1456 4250 1512 4293 nt
1534 4239 1769 4295 Joannes
1802 4238 2001 4293 invitus
2027 4239 2092 4293 ad

508 4331 762 4401 judicium
810 4332 1108 4397 sisteretur,
1155 4346 1385 4400 eumque
1436 4330 1501 4383 ad
1547 4330 1803 4398 judicium
1853 4329 2092 4399 urgebat.

512 4422 636 4475 l’ost
664 4420 858 4475 factum
896 4422 1105 4479 notario
1133 4436 1468 4490 responsum,
1504 4421 1817 4489 prodierunt
1845 4418 1951 4473 duo
1978 4435 2097 4489 pre-

510 4516 707 4587 sbyteri
759 4514 1015 4577 Joannis,
1068 4513 1337 4583 Eugenius
1384 4512 1640 4582 quidam,
1689 4512 1776 4582 qui
1822 4511 2096 4566 Heracleae

510 4612 871 4680 episcopatum
912 4605 1325 4674 conspirationis
1354 4603 1657 4658 mercedem
1689 4611 2007 4672 acceperat,
2042 4611 2097 4657 et

512 4705 744 4760 Isaaeius
772 4701 1064 4755 monachus
1085 4742 1098 4765 ,
1132 4716 1201 4754 ne
1227 4699 1351 4768 quid
1390 4697 1533 4751 aliud
1572 4696 1746 4751 dicam
1769 4738 1782 4761 ,
1815 4696 2053 4751 dicentes
2078 4715 2091 4750 :

511 4798 738 4867 Scripsit
768 4795 861 4849 tibi
884 4793 1132 4866 Synodus
1163 4812 1175 4846 :
1205 4792 1396 4845 Transi
1427 4791 1490 4843 ad
1519 4805 1636 4854 nos,
1670 4800 1729 4843 ut
1755 4789 1963 4860 objecta
1989 4789 2094 4843 cri-

510 4890 651 4945 mina
674 4888 867 4942 dilnas.
892 4886 971 4940 Ad
999 4884 1113 4938 hare
1138 4884 1373 4938 Joannes
1403 4898 1498 4951 per
1535 4882 1670 4935 alios
1699 4881 1977 4950 episc0pos
2006 4896 2095 4935 re-

510 4979 1055 5046 nuntiavitzQuonam
1074 4977 1281 5031 tandem
1301 4976 1487 5031 ordine
1513 4976 1782 5045 judicatis,
1811 4975 1899 5044 qui
1922 4990 2094 5044 neque

512 5076 753 5128 inimicos
798 5086 946 5126 meos
985 5070 1284 5139 ejeceritis,
1326 5079 1381 5125 et
1426 5086 1512 5125 me
1560 5086 1653 5139 per
1682 5070 1907 5123 clericos
1945 5084 2095 5122 meos

509 5163 830 5220 accersatis?
860 5162 937 5217 Illi
971 5173 1147 5215 autem
1179 5161 1408 5230 arreptis
1444 5160 1709 5229 episc0pis
1730 5200 1744 5224 ,
1774 5159 1937 5211 alium
1969 5174 2093 5213 ver-

511 5258 727 5312 beribus
773 5255 1101 5320 all'ecerunt,
1151 5254 1371 5307 alterius
1412 5262 1591 5307 vestes
1645 5260 2091 5320 concerpserunt,

510 5350 661 5403 alteri
681 5348 880 5401 ferreas
893 5357 1109 5402 catenas
1128 5345 1267 5401 collo
1287 5346 1734 5413 circumposuere,
1758 5359 1890 5414 quas
1912 5351 2096 5397 sancto

511 5442 699 5497 Joanni
726 5450 1081 5511 paraverant,
1118 5448 1176 5491 nt
1211 5439 1289 5492 sic
1316 5438 1592 5506 conjectus
1628 5437 1678 5491 in
1712 5436 2008 5489 naviculam
2042 5451 2093 5489 In

512 5535 747 5601 ignotum
796 5532 971 5586 locum
1016 5530 1421 5595 amandarctur,
1470 5528 1714 5582 daemone
1765 5529 1885 5583 illos
1937 5528 2096 5582 veluti

517 5624 699 5678 leones
720 5622 995 5678 eﬂ'erante.
1022 5620 1092 5675 Et
1120 5622 1305 5675 beatus
1327 5618 1541 5689 quidem
1562 5619 1775 5686 cognito
1802 5618 2094 5688 impudenti

513 5730 697 5771 eorum
736 5713 963 5769 consilio
1004 5714 1238 5782 scipsum
1280 5710 1538 5765 cohibuit.
1579 5708 1657 5763 Illi
1687 5722 1815 5763 vero
1850 5708 2095 5777 generosi

514 5806 736 5867 scilicet.
765 5803 1022 5861 confectis
1047 5803 1180 5859 dicis
1206 5817 1365 5859 causa
1395 5802 1546 5868 actis,
1580 5816 1788 5857 aranea
1812 5800 1913 5856 tela
1938 5800 2088 5855 inﬁr-

2238 458 2515 526 mioribus,
2546 463 2840 522 decernunt
2860 469 3116 527 adversus
3136 473 3417 546 Joannem,
3438 481 3587 551 cujus
3612 487 3814 543 vultum

2232 566 2300 605 ne
2327 552 2570 609 viderant
2597 558 2832 627 quidem,
2865 577 3034 632 neque
3062 580 3244 620 vocem
3270 569 3578 627 audiverant
3598 615 3614 637 ,
3655 577 3811 648 longo

2234 651 2475 714 tempore
2519 660 2818 706 contextam
2875 656 3137 712 malitiam
3175 675 3278 713 uno
3328 663 3414 716 die
3468 668 3811 725 terminautes

2237 736 2581 803 (daemoniaca
2611 743 2752 796 enim
2800 745 3017 801 audacia
3048 751 3287 807 cohiberi
3329 770 3431 809 non
3475 767 3679 824 potest,
3714 776 3809 816 nec

2236 828 2809 903 consiliumadmittit).
2834 836 3076 893 Etmissa
3105 842 3171 895 ad
3195 838 3571 914 Imperatorem
3598 851 3808 908 relatio-

2228 933 2314 983 ne,
2344 920 2421 973 sic
2448 923 2554 975 orsi
2582 934 2706 978 sunt
2733 942 2747 979 :
2772 927 3029 994 Quoniam
3051 936 3395 1001 quorumdam
3417 940 3693 996 criminum
3721 962 3808 999 ac-

2231 1020 2447 1105 cusatus
2474 1012 2707 1070 Joannes
2736 1027 2791 1072 et
2814 1019 2913 1073 sibi
2944 1024 3207 1089 conscius,
3234 1027 3399 1082 noluit
3424 1031 3633 1100 adesse,
3666 1036 3805 1105 leges

2229 1099 2384 1154 talem
2431 1102 2702 1172 deponunt
2729 1124 2742 1159 :
2773 1110 2914 1177 quod
2958 1122 3011 1165 et
3055 1113 3165 1182 ipse
3192 1116 3371 1172 subiit.
3401 1119 3586 1177 Libelli
3621 1099 3804 1181 autem

2225 1191 2384 1244 etiam
2418 1193 2557 1247 Itesa:
2581 1197 2873 1265 majestatis
2902 1202 3101 1257 crimen
3129 1207 3420 1264 continent.
3449 1212 3663 1269 Jubebit
3704 1218 3803 1287 igi-

2227 1282 2505 1374 turPietas
2534 1297 2707 1341 vestra
2729 1305 2849 1345 eum
2874 1294 2959 1347 vel
2982 1294 3201 1350 invitum
3220 1300 3360 1367 ejici,
3383 1313 3435 1355 et
3458 1319 3642 1374 pmuas
3662 1282 3803 1363 ιωὲω

2225 1373 2523 1441 majestatis
2552 1376 2713 1443 dare;
2742 1382 3167 1453 quandoquidem
3194 1389 3245 1441 in
3276 1390 3387 1445 haec
3414 1373 3679 1462 inquirere
3708 1414 3801 1452 no~

2223 1463 2305 1517 bis
2332 1480 2435 1519 non
2467 1466 2609 1522 licet.
2634 1470 2678 1523 0
2701 1478 2781 1525 ter
2806 1472 3019 1527 miseri!
3045 1490 3165 1544 quae
3188 1479 3431 1548 cogitatis
3456 1493 3509 1537 et
3536 1484 3723 1552 facitis,
3739 1504 3801 1543 ea

2223 1570 2320 1610 vos
2345 1558 2504 1626 pudet
2529 1563 2768 1631 exsequi,
2802 1579 2907 1619 non
2933 1566 3118 1631 Deum,
3151 1569 3244 1624 sed
3274 1571 3513 1628 homines
3536 1579 3685 1631 veriti
3711 1591 3798 1635 aut

2223 1650 2683 1724 pertimescentes.
2716 1655 2843 1710 Erat
2882 1659 3079 1713 crimen
3122 1661 3263 1715 ltesm
3292 1656 3586 1734 majestatis
3624 1673 3791 1725 convi-

2220 1741 2359 1795 cium
2390 1743 2441 1796 in
2474 1745 2783 1814 Augustam,
2808 1757 2866 1801 ut
2896 1748 2993 1818 ipsi
3022 1751 3352 1817 retulerunt,
3384 1756 3523 1825 quod
3549 1774 3664 1812 eam
3702 1776 3799 1815 vo-

2220 1845 2395 1889 casset
2421 1836 2653 1892 Jezabel.
2689 1839 2755 1893 Et
2784 1839 2859 1894 illi
2887 1842 3096 1911 quidem
3138 1846 3406 1901 mirabiles
3448 1849 3580 1915 viri,
3626 1852 3797 1921 ipsum

2219 1928 2393 1997 gladio
2435 1938 2733 1986 truncatum
2774 1935 3049 2004 cupientes
3088 1936 3301 2003 videre,
3349 1940 3425 1994 sic
3466 1942 3794 1997 retulerunt:

2219 2037 2403 2075 verum
2430 2023 2568 2078 Deus
2603 2025 2966 2080 absconditam
3005 2042 3188 2082 eorum
3233 2032 3483 2085 malitiam
3514 2033 3794 2101 patefecit,

2216 2122 2270 2166 et
2299 2113 2595 2184 principum
2622 2132 2717 2170 cor
2739 2118 2993 2172 emollivit
3018 2137 3030 2172 :
3060 2128 3117 2173 ut
3146 2121 3343 2175 Danieli
3374 2122 3640 2195 Babylone
3661 2142 3793 2181 con-

2219 2207 2351 2276 tigit.
2386 2206 2497 2262 Illie
2522 2209 2664 2263 enim
2690 2209 2873 2265 leones
2893 2211 3108 2265 cieurati
3138 2223 3282 2279 sunt,
3308 2228 3583 2283 parcentes
3608 2218 3793 2275 Danie-

2217 2296 2281 2361 li;
2314 2296 2557 2354 homines
2588 2309 2764 2354 autem
2788 2300 2989 2355 ell‘erati
3011 2343 3025 2367 ,
3051 2317 3157 2356 non
3182 2314 3457 2372 parcentes
3486 2308 3797 2376 prophetae:

2214 2396 2268 2440 et
2294 2388 2495 2457 pudore
2522 2391 2695 2446 all‘ecit
2730 2392 2866 2446 Deus
2898 2392 3141 2449 homines
3171 2406 3360 2464 praeter
3388 2407 3629 2454 naturam
3668 2399 3801 2457 elle-

2214 2491 2379 2544 ratos,
2412 2497 2505 2549 per
2533 2481 2779 2536 animalia
2808 2494 3001 2551 printer
3026 2495 3264 2539 naturam
3293 2488 3542 2543 cicurata.

2282 2573 2410 2627 CAP.
2447 2589 2520 2627 ιιι.
2552 2604 2624 2613 —-
2666 2573 2751 2628 Sic
2787 2574 2854 2627 ab
2884 2574 3123 2629 Ecclesia
3151 2578 3403 2644 expulsus
3429 2588 3513 2634 est
3535 2580 3787 2650 Joannes,

2212 2665 2379 2718 misso
2409 2666 2473 2718 ad
2505 2666 2554 2720 id
2582 2666 2791 2722 Comite
2821 2682 2941 2720 cum
2993 2670 3205 2722 militari
3240 2686 3399 2724 manu
3427 2714 3440 2738 ,
3490 2689 3595 2728 non
3634 2688 3786 2731 secus

2210 2770 2273 2811 ac
2313 2758 2378 2812 ad
2425 2760 2664 2827 pnelium
2697 2760 2949 2813 adversus
2995 2760 3270 2817 barbaros.
3316 2764 3527 2833 Ejectus
3560 2769 3705 2822 venit
3731 2769 3784 2823 in

2212 2850 2464 2918 praediola
2490 2853 2555 2905 ad
2584 2853 2886 2908 Pra-netum
2912 2852 3189 2923 Bithyniae.
3239 2854 3353 2909 Una
3386 2873 3510 2911 vero
3547 2858 3663 2917 dies
3702 2860 3784 2914 in.

2205 2941 2540 3000 tercesserat,
2568 2953 2688 2991 cum
2723 2942 2929 3008 plagam
2958 2941 3241 3011 quamdam
3272 2945 3322 2997 in
3356 2948 3500 3014 regio
3530 2950 3776 3004 cubiculo

2201 3025 2316 3081 fieri
2345 3028 2584 3097 contigit.
2628 3030 2705 3084 Eo
2751 3034 3012 3099 perterriti
3059 3049 3254 3101 paucos
3299 3048 3415 3104 post
3456 3040 3569 3095 dies
3607 3042 3772 3098 Joan-

2200 3130 2321 3170 nem
2352 3127 2605 3173 rcvocant
2630 3136 2723 3189 per
2749 3122 3099 3179 domesticum
3119 3128 3403 3194 notarium,
3432 3146 3660 3200 eumque
3675 3150 3772 3189 suo

2199 3205 2391 3269 throno
2442 3210 2802 3265 reddiderunt.
2858 3214 2933 3268 Ita
2964 3215 3289 3286 Theophilus
3336 3236 3455 3276 eum
3507 3224 3770 3297 [Egyptiis

2207 3310 2318 3363 suis
2342 3309 2457 3380 fuga
2484 3310 2706 3365 salutem
2732 3320 2922 3382 qnzct'it
2944 3336 2956 3370 :
2977 3320 3121 3375 cives
3143 3322 3281 3375 enim
3300 3340 3421 3378 eum
3447 3330 3773 3395 qua-reban.,

2208 3412 2264 3454 nt
2311 3404 2361 3455 in
2411 3417 2557 3457 mare
2598 3402 2993 3476 demergerent.
3048 3411 3176 3466 Post
3216 3414 3348 3469 duos
3378 3433 3588 3474 menses
3610 3435 3778 3476 cuma

2206 3494 2356 3564 plaga
2385 3497 2643 3551 tantillum
2676 3504 3063 3572 respirassent,
3113 3507 3287 3563 denuo
3327 3511 3582 3567 adversus
3619 3514 3779 3571 Joan-

2205 3603 2326 3641 nem
2359 3586 2592 3645 l'remunt
2617 3610 2629 3644 :
2656 3609 2753 3647 nec
2777 3595 3029 3651 habentes
3043 3600 3178 3653 unde
3199 3604 3437 3670 speciose
3455 3606 3777 3677 ordirentur,

2204 3679 2419 3734 mittunt
2442 3682 2818 3738 Alexandriam
2833 3688 2896 3740 ad
2921 3690 3101 3744 talium
3124 3693 3378 3748 artiﬁcem
3404 3695 3776 3767 TlteOpItilum,

2203 3776 2498 3830 scribentes
2532 3795 2543 3829 :
2574 3780 2679 3830 Aut
2724 3795 2910 3835 rursus
2951 3797 3171 3839 accurre
3214 3787 3468 3843 adversus
3513 3789 3772 3847 Joannem

2201 3864 2307 3919 dux
2338 3867 2573 3931 futurus;
2618 3878 2741 3934 aut,
2783 3871 2827 3924 si
2857 3873 3063 3940 plebem
3107 3875 3452 3944 reformidas,
3485 3882 3637 3937 nobis
3666 3900 3778 3937 mo-

2202 3957 2326 4011 dum
2366 3959 2648 4028 quemdam
2693 3977 2946 4031 suggere,
2990 3966 3128 4021 unde
3161 3982 3432 4024 sumamus
3476 3973 3772 4029 exordium.

2202 4048 2283 4102 Ad
2318 4048 2432 4103 haec
2459 4049 2787 4119 Theophilus
2826 4053 2936 4121 ipse
2964 4056 3175 4124 quidem
3205 4074 3307 4112 non
3341 4061 3516 4127 venit,
3565 4079 3769 4117 memor

2202 4140 2471 4209 quomodo
2492 4142 2796 4212 emtgissct;
2830 4146 2971 4198 misit
2992 4156 3167 4201 autem
3190 4150 3519 4206 miserabiles
3540 4163 3644 4207 tres
3659 4156 3773 4222 epi-

2202 4246 2422 4299 se0pos,
2456 4232 2673 4286 Paulum
2696 4275 2709 4296 ,
2735 4233 3062 4301 Ptemenem,
3092 4248 3144 4291 et
3164 4239 3322 4293 alium
3352 4256 3537 4296 recens
3561 4244 3772 4297 ordina-

2204 4331 2334 4375 tum.
2364 4322 2494 4377 Cum
2519 4323 2581 4377 iis
2610 4324 2750 4376 misit
2775 4335 2827 4378 et
2853 4325 3110 4394 quosdam
3140 4342 3393 4395 canones,
3421 4346 3553 4400 quos
3578 4333 3767 4388 adver-

2200 4428 2293 4467 sus
2348 4414 2560 4468 beatum
2614 4415 2963 4469 Athanasium
3016 4418 3197 4471 Ariani
3252 4419 3609 4476 conﬂaverant
3654 4440 3668 4476 :
3714 4436 3771 4479 ut

2200 4505 2460 4574 ejusmodi
2494 4506 2787 4559 canonilms
2814 4514 3025 4562 utentes
3049 4547 3064 4573 ,
3109 4507 3297 4562 Joanni
3328 4511 3447 4565 lites
3480 4526 3770 4577 necterent,

2201 4599 2343 4668 quod
2372 4607 2490 4666 post
2515 4598 2896 4666 depositionem
2926 4614 3020 4668 per
3042 4615 3101 4653 se
3121 4601 3386 4656 rediisset.
3418 4605 3603 4658 Audax
3630 4609 3769 4660 enim

2201 4701 2387 4743 natura
2415 4699 2491 4742 est
2521 4688 2846 4757 Theophilus
2870 4731 2884 4755 ,
2916 4705 3155 4759 praeceps
3180 4733 3194 4755 ,
3226 4695 3541 4749 temerarius
3566 4737 3579 4759 ,
3608 4707 3660 4750 et
3681 4699 3773 4751 ad-

2202 4782 2417 4834 modum
2466 4780 2831 4834 contcntiosus
2864 4797 2877 4831 :
2907 4796 3029 4834 nam
3075 4781 3203 4834 nihil
3232 4792 3313 4837 est
3358 4786 3495 4853 quod
3533 4787 3630 4854 ipsi
3675 4790 3772 4842 sub

2200 4874 2510 4941 adspeetum
2541 4872 2783 4937 venerit,
2825 4871 2965 4940 quod
3005 4871 3162 4926 citius
3194 4889 3349 4943 quam
3380 4889 3473 4943 pur
3496 4887 3577 4929 est
3607 4878 3774 4947 impa-

2202 4967 2396 5021 tienter
2422 4981 2528 5019 non
2557 4974 2770 5035 appetat
2794 5006 2808 5029 ,
2838 4965 2890 5017 in
2917 4964 3093 5034 seipse
3121 4980 3291 5035 neque
3315 4966 3569 5033 judicium
3601 4986 3771 5039 neque

2200 5057 2529 5113 deliberandi
2578 5072 2782 5111 moram
2836 5059 3126 5111 sustinens.
3184 5058 3535 5113 Irrationabili
3592 5074 3769 5118 autem

2202 5150 2402 5219 impetu
2439 5150 2726 5220 abreptus,
2770 5147 3071 5203 inordinate
3099 5148 3165 5202 ad
3195 5149 3309 5217 ejus
3339 5151 3773 5219 approbationem

2203 5243 2401 5308 fertur,
2428 5251 2482 5296 et
2516 5240 2744 5295 decretm
2769 5239 3049 5295 sententiae
3079 5239 3301 5296 ﬁrmiter
3331 5241 3585 5295 insistens
3610 5286 3623 5308 ,
3656 5259 3777 5312 per-

2203 5336 2449 5389 tinaciter
2476 5344 2529 5387 et
2559 5332 2891 5387 contentiose
2916 5333 3127 5384 obsislit
3158 5334 3365 5386 cunctis
3394 5334 3481 5402 qui
3511 5334 3776 5390 voluerint

2200 5425 2569 5482 contradicere
2598 5442 2611 5476 :
2644 5424 2974 5479 contendens
3017 5438 3230 5491 semper
3259 5433 3311 5475 nt
3336 5423 3591 5492 judicium
3620 5440 3773 5479 smun

2202 5529 2360 5588 atque
2386 5517 2645 5572 sententia
2668 5517 2845 5569 vincat
2874 5524 2928 5569 et
2962 5514 3217 5567 obtineat.
3264 5513 3414 5577 Quod
3446 5525 3590 5567 certe
3615 5524 3773 5568 etiam

2202 5610 2443 5664 fecerunt
2466 5608 2553 5677 qui
2579 5607 2845 5676 ingenium
2868 5605 2983 5674 ejus
3011 5611 3222 5657 norant.
3248 5599 3383 5656 Nam
3414 5617 3720 5658 convocatis
3744 5620 3776 5659 e

2201 5702 2351 5771 Syria
2373 5741 2387 5765 ,
2410 5696 2745 5769 Cappadocia
2767 5738 2780 5761 ,
2815 5695 2985 5749 Ponto
3015 5704 3067 5749 et
3117 5693 3343 5764 Phrygia
3374 5693 3643 5746 universis
3671 5710 3780 5748 mes

2209 5789 2545 5858 tropulnauis
2593 5798 2648 5845 ct
2689 5786 2956 5859 episcopis
2982 5826 2997 5853 ,
3047 5783 3507 5853 Constantinopoli
3535 5798 3629 5839 eos
3652 5799 3779 5839 cono
