4114 6392
333 358 392 412 3|
1598 331 1914 391 PALLADII
1955 329 2287 387 DIALOGUS
3509 330 3574 384 33

325 477 559 541 gregant.
594 467 672 522 Illi
699 482 818 521 cum
857 464 1158 526 venissent,
1195 461 1343 530 juxta
1370 471 1633 512 canonum
1655 453 1897 508 ordinem

327 561 788 614 communicarunt
832 572 951 611 cum
991 555 1195 609 Joanne
1219 593 1234 618 ,
1283 567 1352 606 ne
1378 549 1564 604 eadem
1608 561 1726 616 qua:
1755 545 1901 614 prius

325 653 736 707 committerent.
791 649 941 715 Quod
987 647 1078 701 ubi
1124 646 1393 700 rescivere
1421 641 1686 711 principes
1713 680 1727 705 ,
1761 650 1901 706 aegre

329 746 560 798 tulerunt
578 757 763 795 eorum
791 756 909 795 cum
932 739 1133 794 Joanne
1154 732 1600 790 communionem.
1631 729 1700 782 Et
1726 728 1903 782 Theo-

322 833 492 888 dorus
538 833 784 902 quidem,
838 830 1140 900 Tyanorum
1185 826 1469 894 episcopus
1495 863 1510 886 ,
1553 822 1633 873 vir
1660 827 1898 878 ornatus,

328 925 592 980 intellecta
640 921 1035 990 conSpiratione
1081 934 1146 971 ex
1202 917 1284 970 his
1322 929 1439 984 qua:
1471 913 1537 967 ad
1580 913 1696 979 ejus
1743 923 1902 962 aures

327 1026 616 1081 venerant,
662 1031 727 1069 ne
755 1011 1037 1081 TheOphiIi
1069 1008 1422 1064 temeritatem
1448 1011 1791 1072 sequeretur,
1822 999 1902 1051 in-

326 1108 568 1161 salutatis
616 1106 814 1159 relictis
861 1102 1107 1156 omnibus
1151 1097 1440 1153 Ecclesiam
1471 1110 1620 1149 suam
1664 1090 1897 1161 repetiit,

330 1198 541 1267 longum
573 1197 688 1250 vale
714 1195 897 1249 dicens
925 1190 1207 1247 Comitatui
1230 1231 1244 1256 ,
1289 1201 1544 1255 suamque
1574 1183 1898 1254 provinciam

329 1288 538 1355 pietatis
561 1300 710 1339 muro
741 1284 1098 1353 permuniens,
1126 1281 1190 1333 ad
1225 1279 1379 1332 ﬁnem
1401 1291 1569 1346 usque
1590 1276 1642 1329 in
1664 1289 1903 1329 commu-

331 1379 489 1431 nione
530 1375 761 1429 ﬁdelium
794 1373 1154 1427 Romanorum
1207 1381 1581 1437 perseverans;
1620 1365 1687 1418 de
1710 1363 1904 1432 quibus

331 1469 525 1521 Paulus
565 1474 792 1520 testatur
820 1481 832 1516 :
863 1462 1018 1516 Fides
1049 1471 1210 1514 vestra
1245 1461 1298 1512 in
1337 1458 1564 1511 universo
1591 1455 1776 1508 mundo
1805 1470 1900 1505 an-

329 1559 590 1610 nuntiatur
612 1555 785 1625 (Rom.
815 1555 871 1608 I.
902 1554 980 1621 8).
1039 1550 1346 1606 Pharetrius
1375 1557 1550 1602 autem
1570 1587 1586 1612 ,
1624 1545 1904 1614 episc0pus

332 1647 592 1700 Caesareae
627 1659 744 1712 qua:
771 1651 854 1697 est
879 1642 944 1694 ad
975 1643 1217 1710 Argaeum
1241 1679 1255 1702 ,
1293 1652 1452 1707 supra
1484 1636 1697 1690 modum
1721 1634 1906 1688 formi-

331 1736 494 1799 dans,
541 1743 598 1788 ut
643 1734 816 1787 larvas
867 1731 1104 1801 pueruli,
1151 1746 1245 1784 sua
1289 1728 1503 1783 civitate
1550 1742 1616 1780 ne
1660 1738 1905 1794 egressus

331 1827 545 1895 quidem
563 1866 578 1890 ,
624 1840 717 1894 per
747 1825 926 1878 literas
950 1838 1069 1876 cum
1093 1821 1410 1875 adversariis
1437 1817 1656 1872 Joannis
1681 1831 1907 1869 consen-

332 1921 435 1982 tit,
488 1922 729 1984 quamvis
780 1931 886 1968 non
931 1921 1150 1967 vocatus
1199 1912 1249 1964 in
1298 1909 1530 1964 medium
1560 1948 1573 1972 ,
1623 1908 1800 1976 inepte
1853 1906 1905 1958 iu

331 2009 636 2076 episcopatu
667 2021 791 2060 sese
817 2017 1007 2074 gerens
1032 2044 1046 2066 ,
1089 2003 1369 2056 meliorum
1409 1999 1636 2053 inscitia.
1673 1997 1908 2065 Denique

332 2101 586 2156 Leontius
606 2140 620 2164 ,
650 2102 874 2170 Ancyra:
905 2097 1124 2152 Galatia:
1149 2097 1431 2164 episc0pus
1451 2135 1466 2157 ,
1490 2091 1804 2161 conjunctus
1827 2097 1909 2143 est

334 2207 455 2245 cuin
483 2191 794 2253 Ammonio,
826 2190 1078 2256 episcopo
1107 2186 1382 2240 Laodicea:
1407 2184 1610 2237 adusta:
1637 2223 1651 2245 ,
1683 2189 1738 2235 et
1765 2196 1910 2234 com-

334 2284 542 2338 bustam
575 2281 802 2336 reddidit
833 2279 1146 2334 Ecclesiam.
1176 2276 1238 2330 Ili
1266 2291 1370 2328 non
1397 2275 1569 2328 solum
1603 2273 1726 2326 victi
1767 2271 1911 2339 prin-

349 2376 525 2444 cipum
556 2373 742 2437 minis,
775 2371 867 2425 sed
894 2385 925 2425 e
966 2369 1234 2424 contrario
1265 2366 1618 2436 Imperialium
1648 2363 1909 2417 donorum

337 2483 432 2536 spe
467 2466 714 2535 decepti,
751 2464 804 2518 in
838 2463 1073 2517 secunda
1102 2460 1319 2532 Synodo
1360 2458 1655 2528 improbam
1695 2465 1909 2510 senten-

337 2559 463 2612 tiam
493 2556 682 2610 Acacio
708 2563 762 2609 et
787 2553 1044 2608 Antiocho
1070 2558 1393 2622 suggerunt,
1426 2561 1482 2602 ut
1507 2549 1705 2601 valeret
1733 2546 1910 2600 Theo-

337 2651 466 2721 phili
509 2665 612 2703 non
657 2647 942 2716 juridicum
984 2646 1262 2714 judicium,
1292 2654 1344 2696 et
1378 2643 1522 2695 nullo
1563 2639 1720 2694 modo
1768 2640 1914 2692 locus

337 2744 553 2795 daretur
607 2737 797 2792 Joanni
846 2735 1204 2800 defensionis,
1254 2734 1567 2803 allegatione
1595 2747 1854 2786 canonum
1882 2747 1910 2783 a

338 2831 632 2899 ’I‘heopliilo
662 2831 963 2892 missorum,
985 2842 1118 2896 quos
1137 2832 1547 2894 composuerant
1569 2821 1911 2891 quadraginta

339 2927 406 2980 de
437 2925 546 2978 Arii
594 2921 998 2986 communione,
1051 2919 1140 2988 qui
1186 2919 1264 2972 sic
1307 2917 1538 2971 habent:
1568 2916 1622 2969 Si
1652 2916 1769 2984 quis
1796 2914 1914 2983 epi-

340 3031 532 3086 scopus
561 3025 650 3068 aut
677 3015 953 3084 presbyter
979 3012 1098 3081 jure
1123 3019 1212 3064 aut
1251 3009 1440 3077 injuria
1465 3008 1735 3077 depositus
1757 3048 1772 3071 ,
1819 3022 1913 3076 per

341 3125 400 3163 se
422 3108 600 3163 redeat
625 3106 690 3160 ad
720 3106 1010 3160 Ecclesiam
1035 3113 1234 3173 absque
1255 3101 1471 3173 Synodo
1495 3142 1508 3164 ,
1539 3100 1657 3154 talis
1689 3116 1791 3153 non
1816 3099 1914 3152 ha—

342 3202 464 3254 heat
489 3199 718 3269 amplius
756 3199 929 3252 locum
956 3195 1279 3251 defensionis
1298 3237 1311 3259 ,
1344 3194 1438 3248 sed
1468 3193 1709 3247 absolute
1735 3191 1916 3261 expel-

343 3293 500 3346 latur.
548 3292 612 3345 Et
657 3289 742 3344 hic
767 3289 979 3360 quidem
1009 3302 1177 3342 canon
1207 3296 1264 3338 ut
1295 3286 1485 3353 impius
1511 3285 1576 3338 ab
1604 3283 1777 3352 impiis
1805 3283 1918 3337 edi-

342 3393 447 3447 tus,
479 3383 529 3435 in
556 3381 855 3437 Sardicensi
885 3379 1119 3434 Concilio
1146 3393 1176 3431 a
1202 3377 1473 3443 Romanis,
1505 3376 1668 3442 Italis,
1700 3375 1916 3445 Illyriis,

343 3473 713 3527 Macedonibus
757 3480 914 3541 atque
939 3470 1139 3524 Graecis
1183 3469 1465 3537 abrogatas
1493 3477 1574 3521 est
1596 3509 1610 3530 ,
1646 3477 1700 3520 ut
1730 3467 1918 3520 melius

343 3580 430 3618 me
463 3564 574 3633 ipse
619 3564 789 3626 nosti,
832 3578 864 3614 ο
891 3562 1064 3630 magni
1092 3561 1321 3614 nominis
1342 3560 1623 3614 Theodore
1650 3601 1666 3625 ,
1708 3557 1918 3627 quando

345 3655 586 3708 Liberius
636 3663 726 3707 aut
767 3652 937 3707 Julius
962 3693 976 3716 ,
1008 3649 1309 3706 Constantis
1339 3651 1651 3719 principatu,
1682 3649 1918 3703 Athana-

344 3748 479 3798 sium
499 3745 548 3797 in
570 3743 993 3797 communionem
1023 3742 1252 3802 admisit,
1268 3752 1318 3796 et
1340 3742 1639 3796 Marcellum
1658 3740 1916 3804 Galatam,

347 3844 562 3904 propter
585 3851 716 3903 quos
743 3843 797 3888 et
839 3834 924 3887 hic
962 3849 1130 3887 canon
1177 3835 1340 3886 factus
1368 3831 1557 3886 fuerat.
1610 3832 1922 3884 Ammonius

348 3939 524 3981 tamen
551 3934 604 3979 et
626 3924 898 3987 Leontius,
939 3939 1034 3992 par
1056 3923 1384 3986 admirabile,
1407 3922 1674 3990 conjuncti
1705 3921 1919 3986 Acacio,

348 4017 612 4074 Antiocho
635 4059 650 4082 ,
689 4017 886 4088 Cyrino
913 4015 1332 4070 Chalcedoneusi
1369 4029 1431 4066 ac
1455 4013 1742 4067 Severiano
1771 4055 1787 4077 ,
1838 4014 1918 4066 in-

347 4110 514 4180 gressi
539 4118 664 4161 sunt
691 4109 755 4160 ad
779 4107 1176 4175 Imperatorem,
1205 4105 1454 4157 monituri
1477 4105 1778 4158 evocandos
1804 4120 1923 4158 esse

349 4218 416 4259 ex
474 4211 623 4270 parle
670 4199 886 4253 Joannis
938 4199 1123 4252 decem
1176 4199 1485 4266 episcopos,
1535 4197 1706 4266 (erant
1747 4207 1922 4252 autem

351 4294 530 4362 plures
553 4291 960 4361 quadraginta),
1011 4290 1075 4343 ad
1102 4289 1482 4343 conciliandam
1511 4290 1801 4343 canonihus
1830 4305 1925 4343 au-

350 4385 682 4447 ctoritatem;
730 4383 848 4434 aliis
892 4381 1103 4450 quidem
1133 4380 1574 4434 contendentibus
1600 4379 1926 4432 orthodoxe-

353 4491 470 4529 rum
506 4489 598 4528 eos
633 4488 786 4539 esse,
830 4473 948 4526 aliis
989 4482 1164 4527 autem
1196 4472 1509 4525 Arianorum
1543 4487 1663 4525 esse
1700 4471 1926 4525 demon-

351 4567 658 4626 strantibus.
689 4564 914 4634 Ingressi
941 4572 1115 4617 autem
1140 4563 1398 4631 Elpidius,
1427 4563 1706 4632 episcopus
1732 4563 1927 4617 Laodi-

351 4675 463 4712 cea:
501 4657 690 4728 Syriae,
729 4671 889 4710 senes
921 4664 975 4710 et
1021 4665 1197 4710 mente
1221 4665 1276 4709 et
1299 4655 1492 4709 canitie
1517 4698 1532 4720 ,
1575 4664 1732 4725 atque
1762 4656 1930 4709 'I‘ran-

351 4750 578 4819 quillus,
622 4748 915 4802 suadebant
943 4747 1251 4816 Imperatori
1296 4764 1399 4800 non
1445 4761 1691 4815 oportere
1735 4748 1928 4804 indicta

352 4858 509 4898 causa
558 4843 679 4912 ejici
727 4841 1004 4895 Joannem.
1055 4839 1420 4912 Nequecuim
1470 4842 1614 4908 prius
1655 4840 1930 4908 depositus

355 4935 542 4997 fuerat,
577 4934 669 4988 sed
706 4933 906 5000 ejectus
939 4948 968 4985 a
1005 4932 1208 4987 Comite
1230 4974 1244 4995 ,
1283 4947 1451 5001 neque
1479 4949 1569 5000 per
1597 4948 1654 4985 se
1678 4932 1928 4992 redierat.

353 5027 447 5081 sed
473 5028 621 5093 jussu
649 5034 750 5079 tute
775 5025 990 5095 pietatis
1011 5067 1025 5089 ,
1066 5028 1230 5077 misso
1264 5024 1330 5076 ad
1361 5025 1412 5077 id
1439 5025 1646 5078 notario
1675 5043 1686 5077 ε
1717 5034 1770 5078 et
1798 5039 1931 5094 quos

353 5135 495 5172 nunc
519 5117 792 5187 proferunt
816 5133 1067 5181 canones,
1093 5115 1463 5169 haereticorum
1481 5129 1573 5169 eos
1601 5131 1720 5169 esse
1749 5126 1932 5169 osten-

353 5209 549 5263 dimus.
604 5207 737 5261 Cum
791 5216 967 5261 autem
1021 5205 1240 5262 Joannis
1293 5205 1582 5259 adversarii
1636 5205 1931 5260 inordinate

354 5299 600 5354 altercari
631 5299 973 5367 persisterent
994 5339 1007 5362 ,
1057 5298 1147 5351 alii
1178 5297 1390 5368 quidem
1422 5297 1740 5352 contentiori
1776 5313 1928 5358 voce,

355 5392 446 5446 alii
507 5393 832 5445 tumultuoso
888 5391 1116 5460 pectoris
1167 5400 1310 5443 motu
1366 5391 1700 5459 impudenter
1752 5391 1933 5459 agitati

355 5499 534 5537 coram
568 5483 890 5551 lmperatore
921 5499 932 5534 :
957 5496 1216 5535 canonum
1239 5481 1622 5535 scientissimus
1649 5494 1806 5549 atque
1833 5481 1932 5534 ob-

358 5575 785 5629 servantissimus
811 5573 1050 5642 Elpidius
1076 5615 1090 5640 ,
1123 5573 1328 5626 modica
1369 5573 1501 5627 facta
1531 5574 1740 5643 quiete,
1776 5575 1934 5628 veluti

358 5667 612 5733 malacia,
661 5668 852 5724 leniter
903 5665 1212 5736 Imperatori
1263 5667 1396 5720 dixit
1442 5685 1455 5719 :
1496 5668 1820 5736 Imperator,
1868 5686 1933 5722 ne

358 5758 556 5814 diutius
585 5759 1043 5816 mansuetudinem
1069 5767 1212 5814 tuam
1247 5774 1499 5816 vexemus
1521 5801 1536 5828 ,
1568 5760 1660 5816 scd
1689 5776 1850 5816 unum
1882 5760 1936 5816 id

2008 448 2100 504 ﬂat
2128 468 2141 513 ;
2167 450 2500 506 subscribam
2524 450 2713 506 fratres
2734 453 2900 507 nostri
2927 453 3151 508 Aeacius
3180 461 3233 508 et
3260 455 3572 519 Antiochus,

2005 539 2244 610 ejusdem
2274 556 2392 595 esse
2436 557 2495 595 se
2534 542 2653 596 fidei
2680 559 2741 597 ac
2770 559 2864 598 eos
2889 545 2980 614 qui
3007 560 3236 598 canones
3274 545 3572 606 ediderunt,

2005 647 2142 702 quos
2189 642 2436 701 tanquam
2481 633 2547 687 ab
2583 635 2895 688 orthodoxis
2938 636 3107 690 editos
3151 647 3491 705 proponunt:
3523 649 3576 693 et

2006 723 2178 776 soluta
2205 724 2563 778 controversia
2595 733 2694 778 est.
2736 724 3031 794 Imperator
3055 727 3419 782 animadversa
3450 744 3576 795 pro-

2007 812 2281 879 positionis
2320 813 2696 881 simplicitate,
2750 817 3030 871 subridens
3081 817 3215 871 dixit
3266 819 3529 873 Antiocho
3566 867 3571 871 .

2008 899 2144 954 Nihil
2175 904 2276 955 isto
2305 903 2433 958 mihi
2479 903 2687 959 videtur
2721 907 2917 962 utilius.
2968 909 3095 966 Erat
3136 918 3309 964 autent
3339 911 3575 968 omnium

2006 1006 2125 1060 qua:
2153 1001 2269 1046 acta
2318 1003 2441 1046 sunt
2491 995 2672 1048 insons
2713 995 3042 1064 Imperator,
3089 997 3207 1052 aliis
3250 1001 3577 1055 mutantibus

2007 1096 2124 1149 qua:
2166 1081 2303 1136 bene
2341 1083 2630 1138 constituta
2679 1095 2852 1139 erant.
2924 1087 3192 1156 Vertigiue
3242 1089 3399 1157 igitur
3447 1092 3579 1154 acti,

2006 1181 2162 1242 atque
2193 1173 2244 1226 in
2276 1189 2334 1228 se
2363 1176 2604 1229 conversi
2627 1177 2714 1244 qui
2743 1192 2862 1231 cum
2889 1177 3178 1234 Severiano
3202 1188 3371 1242 erant,
3413 1183 3579 1234 instar

2007 1279 2157 1333 aqua:
2183 1265 2461 1329 instabilis,
2489 1267 2558 1320 ob
2586 1267 2634 1320 id
2656 1268 2796 1336 quod
2822 1267 2993 1323 fuerat
3021 1271 3305 1338 prudenter
3328 1272 3395 1325 ab
3425 1273 3574 1341 Elpi-

2017 1355 2106 1408 dio
2137 1355 2373 1421 dictum,
2427 1367 2479 1411 et
2524 1358 2861 1426 Imperatoris
2911 1359 3108 1429 judicio
3152 1361 3574 1430 comprobatum.

2006 1448 2341 1502 obticuerunt
2383 1448 2517 1504 facie
2563 1450 2849 1505 Iivescente
2886 1468 2899 1503 :
2946 1453 3202 1521 angustiis
3252 1462 3424 1507 tamen
3475 1455 3576 1509 loci

2008 1543 2318 1609 constricti,
2366 1544 2526 1596 etiam
2577 1544 2818 1598 nolentes
2867 1545 3179 1614 promittunt
3219 1546 3572 1601 subscribere.

2008 1631 2095 1688 Sic
2119 1633 2316 1703 egressi
2343 1675 2358 1699 ,
2390 1635 2707 1704 promissum
2738 1635 2950 1704 quidem
2977 1650 3079 1690 non
3109 1637 3333 1706 implent
3353 1679 3368 1704 ,
3398 1649 3578 1707 utpote

2010 1726 2419 1780 involuntarium
2446 1768 2459 1789 ,
2489 1736 2786 1782 metuentes
2809 1744 2876 1782 ne
2905 1730 3273 1793 vincerentur;
3305 1730 3578 1784 machina-

2008 1819 2200 1874 bantur
2239 1827 2413 1872 autem
2439 1833 2544 1886 quo
2576 1827 2728 1888 pacto
2765 1820 3120 1887 expelleretur
3139 1820 3390 1875 Joannes.
3444 1822 3578 1876 Dum

2012 1910 2124 1963 hinc
2162 1909 2240 1963 sic
2263 1917 2421 1978 atque
2447 1908 2550 1962 alia
2580 1910 2732 1963 aliter
2755 1919 3030 1980 geruntur,
3062 1928 3249 1966 novem
3277 1921 3367 1966 aut
3391 1913 3588 1968 decem.

2011 2019 2221 2059 menses
2268 2006 2674 2075 prreterierunt,
2721 2021 2840 2061 cum
2885 2007 3118 2062 Joannes
3160 2009 3441 2078 episcopus
3483 2009 3579 2062 ad-

2006 2099 2203 2167 junctis
2221 2099 2561 2170 quadraginta
2579 2101 2785 2156 duobus
2797 2102 3056 2170 episcopis
3074 2112 3362 2156 conventus
3380 2114 3580 2173 ageret,

2011 2200 2065 2244 et
2091 2191 2313 2259 populus
2340 2206 2528 2261 magna
2559 2207 2678 2246 cum
2718 2192 2880 2246 animi
2907 2192 3177 2247 alacritate
3203 2193 3318 2262 ejus
3342 2193 3582 2248 doctrina

2015 2282 2293 2336 frueretur.
2327 2282 2477 2338 Solet
2505 2283 2646 2337 enim
2677 2298 2824 2336 vanas
2846 2283 3031 2352 gloria:
3051 2299 3241 2351 expers
3265 2284 3491 2347 animus,
3527 2283 3578 2337 in

2013 2373 2384 2428 afﬂictionibus
2419 2373 2790 2443 jucundiorem
2816 2383 2871 2429 et
2906 2376 3255 2443 potentiorem
3282 2389 3581 2428 sermonem

2014 2465 2303 2519 effundere.
2349 2463 2554 2520 Interea
2581 2464 2812 2520 efﬂoruit
2839 2465 3168 2519 Dominicum
3190 2465 3468 2534 jejunium,
3501 2466 3584 2519 in-

2016 2565 2125 2610 star
2168 2556 2307 2610 veris
2336 2565 2457 2625 post
2497 2571 2692 2609 annum
2739 2555 3046 2611 adveniens.
3097 2555 3371 2625 Ingressus
3429 2555 3591 2625 igitur-

2017 2648 2261 2716 privatim
2303 2663 2423 2702 cum
2466 2649 2577 2702 suis
2602 2648 2896 2703 Antiochus
2919 2690 2934 2714 ,
2963 2650 3040 2702 sic
3067 2648 3134 2703 de
3166 2647 3371 2702 Joanne
3408 2648 3583 2716 Impe-

2016 2742 2178 2796 ratori
2205 2740 2411 2795 locutus
2439 2749 2560 2806 est,
2610 2751 2855 2809 tanquam
2902 2741 2946 2795 is
2983 2742 3093 2810 jam
3119 2742 3285 2795 victus
3313 2749 3488 2804 esset,
3531 2749 3588 2792 ιιι

2017 2834 2326 2888 imminente
2365 2832 2567 2888 Pascha
2607 2833 2818 2903 juberet
2857 2833 2997 2901 ejici.
3049 2834 3340 2902 Imperator
3375 2848 3494 2888 cum
3519 2833 3599 2888 ab.

2019 2924 2121 2978 illis
2149 2933 2424 2993 urgeretur
2448 2964 2462 2987 ,
2505 2924 2569 2978 iis
2605 2933 2787 2992 utpote
2812 2923 3079 2992 episcopis
3103 2922 3262 2977 fidem
3289 2924 3591 2977 necessario

2018 3014 2277 3068 adhibuit.
2305 3013 2404 3081 Qui
2434 3014 2575 3068 enim
2601 3029 2726 3068 vere
2757 3014 3036 3083 presbyter
3060 3021 3151 3067 aut
3177 3013 3460 3082 episcopus
3485 3022 3585 3078 est.

2019 3104 2351 3159 mendacium
2399 3119 2503 3158 non
2550 3105 2716 3158 novit.
2783 3103 2856 3158 Ea
2900 3103 3042 3158 enim
3095 3104 3306 3157 nomina
3363 3103 3591 3157 ea-lestis

2021 3198 2249 3267 regionis
2274 3205 2416 3260 sunt,
2445 3211 2564 3250 cum
2595 3197 2664 3250 sit
2684 3196 2792 3249 Deo
2819 3195 2946 3265 nihil
2973 3196 3260 3264 antiquius,
3291 3197 3417 3250 nihil
3446 3196 3585 3263 quod

2023 3290 2322 3358 vigilantius
2364 3290 2608 3359 inspiciat
2639 3307 2651 3342 :
2686 3305 2806 3342 nam
2853 3289 2994 3343 Deus
3021 3289 3072 3342 in
3098 3289 3274 3342 omnia
3304 3288 3516 3356 inspicit
3540 3296 3602 3341 et

2021 3381 2431 3450 contemplatur.
2487 3381 2648 3450 Igitur
2702 3381 2982 3450 episcopus
3032 3390 3124 3434 aut
3172 3379 3483 3450 presbyter,
3539 3389 3598 3431 ut

2023 3472 2296 3525 nomimnn
2321 3513 2335 3536 ,
2367 3473 2444 3524 sic
2471 3482 2524 3525 et
2549 3486 2726 3525 rerum
2760 3472 3027 3539 particeps
3052 3486 3170 3524 esse
3195 3470 3372 3524 debet.
3401 3469 3592 3523 Joanni

2022 3577 2148 3632 ergo
2180 3562 2454 3616 denuntiat
2484 3562 2777 3630 Imperator
2801 3570 2857 3614 ut
2896 3562 3131 3615 Ecclesia
3152 3562 3473 3630 egrediatur.
3507 3561 3596 3616 Ille

2023 3657 2331 3709 renuntiat:
2377 3655 2488 3724 Ego
2525 3671 2555 3708 a
2595 3655 2702 3708 Deo
2748 3654 3032 3708 Servatore
3073 3656 3249 3722 accepi
3300 3654 3590 3708 Ecclesiam

2026 3747 2195 3811 hanc,
2247 3756 2307 3800 ut
2347 3762 2530 3801 curam
2565 3762 2745 3815 geram
2775 3747 2960 3801 salutis
2991 3747 3168 3816 populi
3195 3788 3208 3812 ,
3252 3763 3350 3800 nec
3382 3762 3594 3816 possum

2025 3854 2142 3894 eam
2171 3839 2490 3907 relinquere.
2535 3838 2591 3893 Si
2625 3849 2802 3892 autem
2834 3838 2882 3892 id
2914 3838 2992 3891 vis
3023 3837 3122 3906 (ad
3166 3846 3218 3892 te
3243 3838 3381 3891 enim
3412 3839 3597 3892 civitas

2026 3930 2284 3998 pertinet)
2312 3971 2325 3993 ,
2375 3929 2424 3982 vi
2451 3945 2536 3982 me
2556 3929 2735 3995 ejicito
2758 3970 2773 3994 ,
2823 3937 2879 3982 ut
2914 3928 3108 3982 deserti
3136 3928 3340 3982 ordinis
3373 3943 3598 3982 excusa-

2028 4026 2227 4072 tionem
2282 4019 2502 4073 habeam
2560 4029 2700 4072 tuam
2752 4019 3145 4074 auctoritatem.
3204 4019 3277 4071 Ita
3330 4035 3450 4073 cum
3502 4036 3597 4073 ve-

2029 4110 2276 4164 recundia
2324 4110 2550 4179 quadam
2600 4111 2868 4164 mittentes
2893 4124 2957 4162 ex
3001 4109 3232 4180 palatio,
3273 4124 3393 4162 eum
3431 4125 3598 4178 expu-

2029 4205 2240 4268 lerunt,
2300 4203 2546 4273 jubentes
2602 4202 2811 4256 interim
2875 4211 2932 4256 ut
2991 4203 3043 4255 in
3095 4202 3256 4256 domo
3313 4202 3600 4272 episc0pali

2031 4302 2288 4359 maneret,
2316 4294 2505 4347 divina:
2537 4294 2629 4346 ira:
2655 4303 2900 4347 eventum
2929 4293 3158 4361 aliquem
3187 4302 3558 4362 exspectantes
3584 4313 3597 4347 :

2031 4396 2106 4450 ut,
2139 4387 2182 4441 si
2211 4387 2338 4456 quid
2364 4388 2491 4454 ipsis
2519 4386 2667 4441 triste
2696 4386 2981 4451 accideret,
3005 4387 3158 4441 citius
3181 4387 3324 4439 illum
3351 4386 3602 4440 Ecclesiae

2032 4477 2346 4542 redderent,
2374 4489 2426 4531 et
2459 4478 2622 4532 Deum
2655 4478 2918 4546 placarent
2954 4494 2968 4526 ε
2995 4477 3074 4530 sin
3103 4479 3305 4539 minus,
3336 4486 3394 4530 ut
3421 4492 3606 4530 rursus

2032 4571 2252 4625 insidias
2272 4579 2558 4634 struerent,
2589 4570 2748 4624 veluti
2776 4570 2981 4624 Pharao
3009 4569 3194 4640 Moysi.
3228 4569 3433 4623 Interea
3461 4568 3604 4621 venit

2035 4663 2210 4732 magni
2258 4661 2464 4717 sabbati
2501 4661 2615 4716 dies
2634 4703 2650 4726 ,
2679 4677 2785 4730 quo
2828 4662 3080 4716 Servatur
3105 4661 3389 4714 crucifixus
3417 4675 3605 4727 exspo-

2035 4755 2182 4814 liavit
2208 4752 2468 4807 infernum
2505 4773 2516 4807 :
2546 4768 2864 4822 rursumque
2889 4752 2963 4805 illi
2989 4751 3320 4810 denuntiant,
3349 4759 3405 4801 ut
3429 4749 3604 4802 eccle-

2037 4848 2113 4900 sia
2140 4846 2500 4915 egrederetur.
2534 4843 2795 4898 Rescribit
2812 4839 2896 4898 ille
2915 4859 3031 4913 qua:
3055 4853 3413 4897 consentanea
3432 4849 3604 4895 erant.

2037 4937 2299 4992 Caeterum
2319 4938 2522 4991 veritus
2554 4933 2844 5002 Imperator
2863 4934 2965 4988 diei
2993 4933 3395 4987 sanctimoniam
3422 4943 3474 4986 et
3497 4948 3608 4984 mo-

2040 5038 2149 5083 tum
2181 5028 2428 5090 civitatis,
2458 5027 2682 5080 accersit
2713 5028 2958 5079 Acacium
3001 5034 3054 5078 et
3095 5023 3432 5084 Antiochum,
3479 5024 3607 5091 ipsis

2039 5119 2222 5173 dicens
2253 5135 2265 5171 :
2293 5117 2428 5184 Quid
2467 5117 2605 5170 facto
2647 5125 2728 5169 est
2770 5115 2941 5183 opus?
2993 5114 3169 5168 videte
3207 5131 3275 5168 ne
3313 5129 3418 5167 non
3465 5124 3610 5168 recte

2039 5207 2598 5265 consulueritis.Tunc
2623 5206 2866 5276 generosi
2897 5205 2971 5258 illi
2997 5215 3050 5258 et
3075 5221 3231 5274 supra
3259 5205 3472 5259 modum
3499 5220 3608 5257 ma-

2040 5303 2274 5374 gnanimi
2302 5288 2553 5356 dixerunt
2590 5299 2898 5369 Imperatori
2930 5317 2942 5349 :
2979 5299 3300 5367 Imperator,
3351 5299 3403 5350 in
3454 5306 3612 5365 caput

2041 5405 2281 5452 nostrum
2325 5395 2391 5448 sit
2441 5392 2658 5446 Joannis
2685 5390 2966 5460 depositio.
2999 5389 3246 5444 Ultimum
3273 5389 3563 5442 subsidium
3591 5428 3606 5452 ,

2040 5489 2130 5558 qui
2155 5502 2274 5540 cum
2304 5485 2506 5539 Joanne
2531 5490 2682 5536 erant
2711 5479 2945 5548 episcopi
2971 5479 3333 5548 quadraginta,
3365 5479 3499 5532 sacri
3521 5479 3605 5548 je-

2039 5578 2173 5649 junii
2194 5578 2378 5630 diebus
2404 5587 2626 5628 numero
2656 5585 2824 5639 pares.
2864 5568 3110 5622 adierunt
3138 5569 3429 5637 Augustum
3455 5578 3611 5637 atque

2044 5674 2335 5740 Angustam
2384 5670 2434 5722 in
2489 5667 2778 5737 martyriis,
2826 5674 3038 5718 orantes
3085 5679 3204 5717 cum
3255 5663 3502 5734 Iacrymis
3554 5673 3610 5715 nt

2046 5760 2242 5816 Christi
2268 5757 2519 5815 Ecclesia:
2556 5764 2865 5826 parcerent,
2897 5756 3124 5810 maxime
3167 5764 3379 5824 propter
3409 5754 3609 5810 Pascha
