4114 6392
463 329 523 382 5|
1467 335 1552 391 DE
1594 338 1757 394 ΠΤΑ
1801 343 1858 397 S.
1901 345 2191 408 JOANNIS
2226 353 2739 412 CHRYSUSTOMI.
3657 381 3730 436 32

444 444 764 499 ἀκολουθίαν
791 447 1156 520 ἐκοινώνησαν
1191 451 1268 520 τῷ
1304 453 1546 528 Ἰωάννῃ,
1579 456 1664 509 ἵνα
1697 459 1772 528 μὴ
1799 462 1868 515 τὰ
1896 465 2036 520 αύτά

442 532 558 594 τοῖς
590 529 831 600 πρώτοις
873 532 1235 604 ἐργάσωνται.
1282 535 1504 600 Γνόντες
1532 539 1589 592 δέ
1621 543 1670 593 οί
1706 547 2036 615 κρατοῦντες

442 613 838 684 ἠγανάκτησαν
871 618 964 668 ἐπὶ
995 620 1061 687 τῇ
1105 619 1361 689 κοινωνία
1389 622 1569 674 αὐτῶν
1590 640 1602 652 ·
1642 613 2034 701 καὶήΘεόδωρος

447 698 546 767 μὲν
571 698 600 749 6
624 697 849 750 Τυάνων
880 699 1199 765 ἐπίσκοπος,
1221 702 1360 774 ἀνὴρ
1385 704 1552 776 εύσχή
1563 724 1698 776 μων,
1727 713 1906 774 συνεὶς
1934 697 2032 785 τὴν

445 782 748 852 σκευωρίαν
779 783 836 848 ἐξ
872 776 947 836 ὧν
993 780 1157 854 ἦλθεν
1206 789 1285 849 εἰς
1333 787 1400 840 τὰ
1434 781 1549 841 ώτα
1587 791 1774 855 αὑτοῦ,
1822 795 1910 848 ἵνα
1955 776 2031 868 μὴ

441 864 845 936 ἐξακολουθήσῃ
891 869 956 937 τῇ
1000 870 1302 940 προπετείᾳ
1343 870 1625 939 Θεοφίλου,
1676 864 2032 944 ἀσυντάκτως

441 949 758 1002 καταλιπὼν
788 951 913 1014 τοὺς
944 952 1173 1016 πάντας,
1212 953 1510 1007 κατέλαϐεν
1545 958 1740 1011 ἐαυτοῦ
1769 960 1866 1032 τὴν
1911 964 2032 1015 Ἐκ-

441 1031 692 1102 κλησίαν,
733 1033 948 1103 μακρὰν
975 1035 1187 1105 χαίρειν
1222 1036 1391 1090 εἰπὼν
1413 1037 1490 1108 τῷ
1522 1031 2024 1114 κομιτάτῳ,ἀσφα-

440 1115 732 1188 λισάμενος
779 1116 971 1168 ἐαυτοῦ
1005 1119 1104 1188 τὴν
1137 1120 1406 1191 ἐπαρχίαν
1437 1122 1514 1192 τῷ
1543 1124 1712 1194 τείχει
1743 1127 1842 1196 τῆς
1875 1129 2028 1180 εὐσε-

439 1200 612 1262 ϐείας,
656 1200 820 1270 μέχρι
870 1201 1057 1263 τέλους
1098 1203 1362 1272 ἐμμείνας
1408 1208 1473 1276 τῇ
1509 1206 1617 1259 τῶν
1653 1210 1858 1261 πιστῶν
1900 1211 2030 1265 Ῥω-

445 1285 621 1352 μαίων
650 1283 924 1355 κοινωνίᾳ,
955 1281 1038 1346 of;
1080 1290 1347 1358 μαρτυρεῖ
1381 1289 1408 1340 6
1455 1288 1668 1352 Παῦλος
1710 1291 1883 1360 λέγων
1907 1311 1919 1322 ·
1962 1297 2032 1350 Ἠ

440 1370 646 1434 πίστις
681 1365 852 1436 ὑμῶν
888 1369 958 1420 ἐν
993 1367 1114 1435 ὅλῳ
1158 1368 1238 1434 τῷ
1281 1371 1487 1440 κόσμῳ
1541 1375 2023 1444 καταγγέλλεται.

439 1452 734 1522 Φαρέτριος
760 1450 838 1512 δὲ,
880 1452 908 1503 ὁ
943 1452 1283 1522 Καισαρείας
1322 1455 1419 1524 τῆς
1453 1457 1596 1527 πρὸς
1640 1457 1718 1528 τῷ
1766 1461 2025 1532 Ἀργαίῳ,

441 1535 714 1606 ὑπερϐολῇ
763 1534 1066 1598 δειλιάσας,
1114 1535 1364 1608 καθάπερ
1402 1541 1449 1591 οί
1500 1541 1694 1612 κομιδῇ
1742 1543 1928 1606 παῖδες
1960 1547 2029 1600 τὰ

443 1619 832 1693 μορμολύκεια,
880 1619 1003 1690 μηδ’
1039 1618 1271 1684 ἐξελθὼν
1317 1622 1513 1676 ἐαυτοῦ
1545 1625 1644 1694 τὴν
1680 1626 1859 1687 πόλιν,
1899 1646 2027 1681 συν-

438 1705 645 1758 τίθεται
679 1706 790 1767 τοῖς
823 1703 1092 1768 ἐναντίοις
1117 1704 1206 1757 διὰ
1250 1708 1618 1778 γραμμάτων,
1649 1712 1854 1781 καίπερ
1890 1715 2026 1785 μηδέ

441 1789 662 1858 κληθεὶς
707 1791 786 1852 εἰς
831 1790 892 1842 τὸ
929 1788 1112 1858 μέσον,
1149 1791 1531 1859 ἀπειροκάλως
1570 1794 1708 1865 έχων
1765 1799 1893 1868 περὶ
1925 1800 2026 1869 τὴν

442 1874 732 1945 προεδρίαν
781 1873 974 1944 ἀγνοίᾳ
1022 1875 1129 1926 τῶν
1187 1877 1529 1945 κρειττόνων.
1579 1881 1827 1945 Λεόντιος
1873 1883 1953 1949 δὲ,
1999 1887 2028 1936 6

327 1977 329 1982 ·
410 2018 418 2023 _
453 1959 723 2028 Ἀγκύρας
753 1959 851 2028 τῆς
875 1958 1158 2021 Γαλατίας,
1192 1961 1559 2028 συγκλωσθεὶς
1600 1963 1897 2035 Ἀμμωνίῳ
1948 1966 2026 2039 τῷ

440 2042 762 2103 Λαοδικείας
808 2041 905 2111 τῆς
949 2043 1314 2114 κεκαυμένης,
1366 2048 1709 2118 κεκαυμένην
1762 2050 2025 2118 ἐποίησαν

440 2125 540 2194 τὴν
575 2124 921 2194 Ἐκκλησίαν.
948 2125 1022 2177 Οὐ
1056 2125 1215 2195 μόνον
1250 2128 1575 2199 ἡττηθέντες
1605 2134 1725 2194 ταῖς
1753 2132 1861 2186 τῶν
1893 2151 2026 2206 κρα-

437 2209 673 2261 τούντων
726 2209 1005 2272 ἀπειλαῖς,
1055 2209 1194 2262 ἀλλὰ
1238 2212 1549 2266 τούνακντίον
1603 2214 1777 2268 ἐλπίδι
1836 2216 2024 2288 δώρων

439 2292 736 2362 βασιλικῶν
784 2291 1156 2362 ἀπατηθέντες
1191 2297 1248 2347 ἐν
1281 2297 1346 2366 τῇ
1381 2296 1613 2369 δευτέρᾳ
1656 2300 1880 2371 συνόδῳ,
1917 2304 2026 2354 εἰσ-

439 2377 660 2445 φέρουσι
694 2374 922 2446 γνώμην
974 2376 1254 2447 μοχθηρὰν
1296 2381 1411 2441 τοῖς
1454 2382 1584 2451 περὶ
1631 2382 1886 2435 ’Λκάκιον
1931 2386 2024 2438 καὶ

451 2461 746 2530 Ἀντίοχον,
793 2460 1068 2532 κρατῆσαι
1101 2461 1200 2531 τὴν
1240 2461 1501 2531 Θεοφίλου
1549 2464 1772 2536 ἄκριτον
1819 2468 2020 2539 κρίσιν,

435 2549 530 2598 καὶ
569 2544 690 2615 μηδ’
717 2545 853 2609 ὅλως
893 2546 1073 2598 δοῦναι
1118 2547 1281 2599 τόπον
1321 2547 1618 2616 ἀπολογίας
1660 2551 1738 2621 τῷ
1781 2550 2020 2625 Ἰωάννῃ,

434 2630 772 2701 δικαιολογία
824 2633 892 2701 τῇ
957 2631 1064 2683 τῶν
1117 2631 1358 2684 κανόνων
1426 2632 1535 2686 τῶν
1601 2635 1706 2688 ύπὺ
1763 2636 2023 2706 Θεοφίλου

433 2713 870 2777 ἀποσταλέντων,
911 2713 1005 2775 οὒς
1037 2714 1332 2768 ἐθέσπισαν
1379 2717 1429 2768 οἱ
1460 2719 1873 2790 τεσσαράκοντα
1915 2721 2026 2775 τῶν

448 2797 658 2868 Ἀρείου
692 2797 1046 2860 κοινωνικῶν,
1083 2798 1416 2868 γράψαντες·
1449 2801 1518 2854 Εἴ
1555 2819 1640 2865 τις
1668 2804 1963 2870 ἐπίσκοπος
1990 2808 2022 2877 ἢ

435 2880 826 2952 πρεσϐύτερος,
860 2880 1060 2944 ἀδίκως
1105 2883 1137 2951 ἢ
1168 2881 1391 2946 δικαίως
1429 2884 1799 2955 καθαιρεθεὶς,
1846 2890 2026 2960 ἐαυτῷ

434 2965 738 3018 ἐπεισέλθοι
790 2964 912 3034 δίχα
969 2965 1188 3018 συνόδου
1247 2969 1326 3030 είς
1372 2968 1471 3036 τὴν
1530 2967 1881 3041 Ἐκκλησίαν,
1933 2974 2024 3026 τὸν

434 3047 671 3101 τοιοῦτον
701 3048 897 3118 μηκέτι
933 3047 1074 3117 ἔχειν
1112 3047 1294 3119 χώραν
1324 3050 1644 3119 ἀπολογίας,
1676 3053 1815 3107 ἀλλὰ
1842 3055 2024 3109 τέλεον

435 3131 772 3196 ἐξωθεῖσθαι.
806 3132 916 3185 Καὶ
957 3125 1110 3196 οὗτος
1148 3133 1244 3203 μὲν
1286 3135 1314 3186 6
1351 3132 1531 3186 κανὼν
1553 3177 1568 3200 ,
1600 3135 1676 3199 ώς
1709 3139 2025 3208 παράνομος

434 3215 541 3269 ὑπὸ
575 3216 914 3286 παρανόμων
967 3216 1165 3280 τεθεὶς,
1210 3216 1623 3289 ἐξωστρακίσθη
1680 3221 1738 3272 ἐν
1785 3223 2021 3294 Σαρδικῇ

434 3301 540 3355 ὑπὸ
576 3300 862 3371 Ῥωμαίων
910 3301 1004 3353 καὶ
1055 3302 1274 3355 Ἰταλῶν
1315 3305 1406 3356 καὶ
1448 3303 1716 3374 ’Ῐλλυρίων
1765 3307 1857 3360 καὶ
1910 3307 2023 3376 Ματ-

434 3385 666 3437 κεδόνων
721 3385 815 3437 καὶ
857 3383 1204 3448 Ἑλλαδικῶν,
1245 3383 1321 3448 ὡς
1371 3386 1569 3453 μᾶλλον
1627 3387 1790 3453 αὐτὸς
1846 3386 2020 3455 οἶσθα,

437 3469 793 3540 μεγαλώνυμε
844 3469 1110 3540 Θεόδωρε,
1141 3471 1380 3541 ὁπηνίκα
1423 3471 1674 3543 Λιϐέριος
1722 3473 1754 3544 ἥ
1811 3476 2025 3542 Ἰούλιος

435 3554 529 3606 ἐπὶ
579 3557 938 3618 Κώνσταντος
992 3555 1260 3625 βασιλέως
1310 3555 1528 3620 ἐδέξατο
1578 3557 1669 3610 τὸν
1708 3558 2024 3615 ’ΔΘανάσιον

435 3643 515 3702 είς
555 3640 860 3704 κοινωνίαν,
904 3641 999 3694 καὶ
1039 3641 1358 3712 Μάρκελλον
1401 3642 1494 3695 τὸν
1534 3643 1803 3716 Γαλάτην,
1840 3647 1907 3699 δι’
1931 3647 2022 3712 οὓς

433 3727 528 3778 καὶ
559 3727 588 3778 6
620 3725 802 3778 κανὼν
841 3727 1046 3788 ἐκεῖνος
1073 3725 1254 3796 ἐτέθη.
1292 3726 1355 3778 Ἦ
1388 3726 1570 3796 μέντοι
1599 3728 1730 3792 δυὰς
1757 3731 1865 3785 τῶν
1894 3731 2022 3785 θαυ-

437 3809 649 3877 μασίων
688 3809 795 3861 τῶν
837 3809 964 3878 περὶ
1005 3808 1310 3880 Ἀμμώνιον
1344 3811 1436 3862 καὶ
1464 3812 1734 3877 Λεόντιον,
1770 3815 2021 3885 συμπλα-

437 3892 902 3962 κέντεςἈκακίῳ,
935 3892 1027 3944 καὶ
1042 3891 1318 3962 Ἀντιόχῳ,
1351 3893 1443 3946 καὶ
1474 3895 1694 3967 Κυρίνῳ
1719 3896 1797 3967 τῷ
1811 3898 2021 3969 Χαλκη-

432 3975 603 4038 δόνος.
657 3977 752 4028 καὶ
800 3973 1136 4046 Σευηριανῷ,
1168 3971 1414 4043 εἰσῆλθον
1477 3973 1611 4044 πρὸς
1645 3975 1748 4028 ’τὸν
1799 3977 2020 4045 βασιλέα

435 4059 846 4123 ἀναδιδάξοντες
887 4058 1244 4128 είσκληθῆναι
1282 4056 1376 4109 τοῦ
1411 4059 1611 4128 μέρους
1637 4059 1732 4112 τοῦ
1772 4061 2016 4115 Ἰωάννου

430 4144 565 4196 δέκα
620 4144 953 4206 ἐπισκόπους
993 4137 1167 4212 (ἦσαν
1213 4141 1268 4193 δέ
1319 4141 1538 4204 πλείους
1589 4143 1698 4195 τῶν
1746 4147 2018 4217 τεσσαρά-

432 4225 638 4297 κοντα),
671 4227 764 4278 ἐπὶ
806 4226 1063 4279 συστάσει
1101 4225 1209 4276 τῶν
1239 4225 1502 4288 κανόνων,
1534 4225 1641 4279 τῶν
1673 4227 1773 4298 μὲν
1812 4228 2019 4298 διισχυ-

434 4311 732 4382 ριζομένων
765 4310 1059 4382 ὀρθοδόξων
1093 4311 1293 4373 αὐτοὺς
1331 4305 1490 4374 εἶναι,
1525 4311 1636 4364 τῶν
1684 4312 1742 4364 δέ
1796 4314 2017 4366 ἀποδει-

432 4397 702 4448 κνυόντων
748 4397 945 4458 αύτούς
995 4393 1288 4464 Ἀρειανῶν
1336 4395 1624 4464 ὑπάρχειν.
1673 4396 2018 4461 Είσελθόντες

429 4479 486 4532 δέ
515 4482 563 4533 οί
593 4482 720 4552 περὶ
748 4480 841 4533 τὸν
871 4479 1105 4550 γέροντα
1133 4478 1276 4550 ψυχῇ
1311 4497 1368 4532 τε
1405 4481 1499 4532 καὶ
1535 4481 1694 4552 πολιᾷ
1729 4483 2014 4547 Ἐλπίδιον,

429 4565 525 4623 τὸν.
554 4565 870 4627 Λαοδικείας
903 4565 1001 4632 τῆς
1028 4564 1248 4646 Συρίας,
1277 4566 1371 4617 καὶ
1405 4566 1446 4616 Τ
1455 4565 1767 4635 ραγκύλιον,
1798 4567 2016 4620 ἔπειθον

429 4648 522 4701 τὸν
560 4649 785 4718 βασιλέα
829 4649 902 4719 μὴ
931 4648 1042 4700 δεῖν
1072 4647 1284 4714 ἀλόγως
1316 4649 1676 4703 ἐκϐάλλεσθαι
1709 4651 1799 4705 τὸν
1839 4653 2016 4707 Ἰωάν-

428 4750 552 4804 νην.
590 4731 728 4786 θύτε
758 4731 866 4801 γὰρ
895 4731 956 4782 τὸ
995 4731 1257 4801 πρότερον
1299 4733 1628 4803 καθῄρηται,
1665 4733 1778 4786 ἀλλ’
1803 4734 2013 4806 ἐξώσθη

431 4817 534 4869 ὑπδ
562 4815 656 4869 τοῦ
693 4817 960 4886 κόμητοςο
991 4813 1115 4867 οὔτε
1153 4814 1258 4885 μὴν
1290 4816 1469 4886 ἐαυτῷ
1501 4818 1847 4888 ἐπεισῆλθεν,
1878 4819 2014 4873 ἀλλά

430 4900 809 4970 προστάγματι
843 4897 945 4967 τῆς
981 4899 1078 4968 σῆς
1124 4898 1426 4961 εὐσεϐείας,
1468 4902 1716 4970 νοταρίου
1767 4903 2012 4955 ἀποστα-

425 4986 643 5046 Αέντος·
680 4983 775 5035 καὶ
809 4982 903 5035 νῦν
935 4981 992 5034 δὲ
1029 4979 1123 5043 οὓς
1158 4981 1493 5052 προφέρουσι
1532 4985 1783 5050 κανόνας,
1814 4987 2014 5056 αἱρετι-

433 5067 538 5120 ιιῶν
566 5067 764 5128 αὐτοὺς
786 5064 1075 5133 δείκνυμεν
1099 5064 1276 5125 ὕντας.
1309 5065 1393 5126 Ὠς
1417 5064 1461 5116 δ’
1486 5065 1780 5136 ἐπέμειναν
1805 5069 2013 5123 ἄτακτα

426 5149 863 5220 ζυγομαχοῦντες
901 5151 950 5201 οἱ
983 5148 1120 5201 κατά
1158 5148 1425 5212 Ἰωάννου,
1458 5151 1506 5202 οἱ
1543 5151 1639 5220 μὲν
1666 5154 2011 5226 γεγωνοτέρᾳ

427 5238 600 5304 φωνῇ,
627 5236 677 5286 οἱ
713 5234 769 5286 δέ
819 5232 1173 5303 σεσοϐημένοι
1211 5232 1450 5305 στέρνων
1497 5237 1708 5307 κινήσει
1757 5237 2010 5290 ἀνασειό-

429 5335 578 5387 μενοι
617 5317 824 5386 ἰταμῶς
865 5318 957 5370 ἐπὶ
992 5317 1086 5369 τοῦ
1130 5317 1393 5386 βασιλέως
1415 5335 1428 5348 ·
1475 5319 1664 5388 πράως
1692 5321 1720 5372 6
1753 5320 2010 5393 ἐνθεσμό-

427 5416 586 5457 τατος
637 5401 936 5464 Ἑλπίδιος,
982 5401 1182 5471 μικρᾶς
1239 5403 1692 5472 παραγενομένης
1730 5404 2005 5476 γαλήνης,

425 5485 595 5556 ἐφησε
618 5485 697 5555 τῷ
731 5485 972 5554 βασιλεῖ·
1006 5483 1257 5543 Βασιλεῦ,
1295 5483 1368 5554 μὴ
1403 5485 1717 5555 σκύλλωμεν
1749 5490 1843 5540 ἐπὶ
1873 5491 2005 5544 πολὺ

424 5567 523 5641 τὴν
567 5572 665 5638 σὴν
709 5568 1044 5640 ἡμερότητα,
1075 5567 1212 5620 ἀλλά
1256 5568 1414 5621 τοῦτο
1459 5570 1724 5636 γενέσθω·
1761 5573 2004 5644 ὑπογρα-

424 5652 683 5721 ψάτωσαν
708 5653 757 5704 οἱ
783 5653 911 5724 περὶ
938 5652 1029 5705 τὸν
1062 5651 1288 5720 ἀδελφὺν
1322 5653 1574 5706 Ἀκάκιον
1606 5656 1698 5708 καὶ
1734 5657 2004 5728 Ἀντίοχον

427 5734 517 5798 οὓς
586 5735 977 5806 προϐάλλονται
1025 5735 1100 5799 ώς
1147 5735 1440 5805 ὀρθοδόξων
1485 5738 1734 5802 κανόνας,
1778 5740 1860 5793 ὅτι
1892 5743 2004 5812 Τῆς

426 5819 660 5884 πίστεώς
689 5821 855 5892 ἐσμεν
891 5820 999 5875 τῶν
1036 5818 1346 5892 ἐκθεμένων
1380 5821 1603 5888 αὐτοὺς,
1651 5825 1743 5877 καὶ
1785 5823 2000 5882 λέλυται

2146 474 2273 565 ἡμῖν
2315 475 2346 545 ή
2378 477 2697 568 ἀμφιϐολία.
2721 481 2992 568 -Προσχξυν
3031 483 3088 537 δὲ
3126 487 3154 538 6
3186 485 3437 568 βασιλεὺς
3466 492 3546 562 τῷ
3573 495 3732 568 ἀπλῷ

2138 557 2231 607 τοῦ
2273 559 2676 630 προϐλήματος,
2712 565 3108 634 ὑπομειδιάσας
3157 564 3279 622 εἷπε
3320 572 3399 642 τῷ
3434 557 3727 646 Ἀντιόχῳ-⁵

2140 640 2306 692 Ούδέν
2339 642 2542 694 τούτων
2574 643 3032 719 λυσιτελέστερον.
3061 646 3167 704 Ἷῐν
3188 652 3232 704 δ’
3263 655 3352 706 ἐπὶ
3371 640 3732 715 πάντων-τῶν

2138 725 2518 795 γεγενημένων
2544 727 2779 791 ἀναίτιος
2799 733 2826 784 ό
2853 731 3126 800 βασιλεὺς,
3163 735 3336 788 ἀλλων
3371 743 3734 808 μεταποιούνέ

2133 825 2243 859 των
2319 808 2387 861 τὰ
2451 811 2632 874 καλῶς
2680 816 3055 885 τετυπωμένα.
3137 817 3558 888 Ίλιγγιάσαντες
3601 824 3726 892 οὖν,

2135 892 2233 978 καί
2263 893 2358 978 εἰς
2389 893 2654 978 ἀλλήλους
2705 897 3038 969 ἐλιττόμενοι
3086 903 3134 952 οἱ
3190 904 3320 974 περὶ
3373 907 3725 978 Σευηριανὸν,

2136 974 2392 1062 καθάπερ
2415 977 2648 1062 ἄτακτον
2673 979 2837 1051 ὕδωρ,
2867 982 2958 1035 ἐπί
2989 1001 3046 1036 τε
3079 984 3158 1055 τῷ
3187 987 3466 1058 φρονίμως
3502 974 3726 1062 ’ῥηθέντι

2133 1059 2228 1145 καὶ
2261 1060 2355 1111 ἐπὶ
2385 1063 2450 1130 τῇ
2483 1061 2578 1113 τοῦ
2608 1062 2874 1132 βασιλέως
2915 1066 3116 1137 κρίσει,
3145 1059 3729 1145 κατεσχέθησαν-ἀφα-

2135 1142 2248 1213 σία,
2283 1145 2376 1196 ἐπὶ
2407 1145 2469 1197 τὸ
2525 1145 2902 1217 πελιδνότερον
2939 1150 3337 1218 μεταϐαλόντες
3388 1156 3569 1210 αὐτῶν
3623 1142 3728 1229 τὴν

2138 1229 2355 1298 μορφήν
2378 1246 2390 1258 ο
2430 1231 2581 1299 ὅμως
2616 1231 2723 1284 ὑπὸ
2750 1232 2848 1302 τῆς
2890 1234 3136 1305 ἀνάγκης
3163 1235 3258 1289 τοῦ
3289 1237 3454 1291 τόπου
3492 1244 3723 1311 σφιγγό-⁵

2136 1327 2307 1380 μενοι,
2350 1312 2739 1382 ὑπισχνοῦνται
2773 1315 2867 1368 καὶ
2890 1316 3114 1381 ἄκοντες
3156 1319 3492 1391 ὑπογράψαι.
3522 1317 3727 1388 Ὀῦτως

2132 1393 2470 1461 ἐξελθόντες,
2524 1397 2620 1467 τὴν
2675 1399 2775 1469 μὲν
2831 1400 3122 1471 ὑπόσχεσιν
3177 1403 3238 1456 οὺ
3295 1405 3594 1475 πληροῦσιν
3648 1404 3725 1473 ὡς

2131 1477 2431 1548 ἀϐούλητον
2461 1475 2647 1543 οὖσαν,
2677 1483 2978 1547 δεδοικότες
3012 1485 3109 1556 τὴν
3142 1481 3332 1556 ἧτταν,
3368 1491 3727 1559 ἐμηχανῶντο

2130 1560 2185 1614 δέ
2222 1563 2360 1632 ποίῳ
2396 1564 2584 1634 τρόπῳ
2633 1565 2841 1637 ἐξωσθῇ
2893 1570 2921 1620 6
2965 1569 3236 1639 Ἰωάννης.
3287 1571 3504 1625 Τούτων
3550 1573 3724 1638 οὕτως

2131 1645 2304 1698 ἄλλων
2336 1665 2393 1699 τε
2424 1648 2598 1710 ἄλλως
2625 1649 3127 1720 διαπραττομένων.
3161 1655 3522 1726 παρίππασαν
3552 1657 3723 1726 μῆνες

2129 1730 2286 1782 ἐννέα
2321 1732 2354 1800 ἢ
2401 1731 2554 1795 δέκα,
2599 1733 2692 1785 τοῦ
2727 1735 3028 1787 ἐπισκόπου
3067 1737 3312 1790 Ἰωάννου
3348 1743 3721 1810 συναγομένου

2133 1813 2230 1865 σὺν
2268 1817 2382 1876 τοῖς
2426 1817 2836 1886 τεσσαράκοντα
2880 1819 3200 1882 ἐπισκόποις
3231 1821 3325 1874 καὶ
3365 1822 3478 1886 δύο,
3513 1823 3623 1875 τῶν
3661 1825 3721 1876 δέ

2131 1893 2273 1948 λαῶν
2305 1899 2686 1953 ἀπολαυόντων
2730 1900 2869 1971 μετὰ
2915 1903 3117 1972 πολλῆς
3159 1904 3260 1973 τῆς
3309 1905 3574 1975 εύθυμίας
3619 1910 3724 1978 τῆς·

2130 1981 2294 2033 αὐτοῦ
2323 1981 2688 2047 διδασκαλίας.
2717 1985 2866 2037 Φιλεῖ
2897 1986 3006 2056 γάρ
3046 2004 3162 2051 πως
3192 1991 3218 2040 ὁ
3253 1989 3568 2056 ἀκενόδοξος
3595 1992 3722 2055 νοῦς

2129 2063 2188 2116 ἐν
2219 2069 2339 2128 ταῖς
2386 2068 2738 2135 περιστάσεσι
2771 2071 3128 2140 χαριέστερον
3159 2075 3252 2124 καὶ
3291 2073 3663 2146 δυνατώτερον
3690 2089 3722 2117 α-

2128 2149 2422 2221 ἀποῤῥέειν
2454 2150 2633 2218 λόγον.
2670 2152 2756 2204 Ἐν
2776 2155 2985 2216 τούτοις
3012 2156 3318 2225 ἐπήνθησεν
3411 2161 3720 2232 Δεσποτικὴ

2127 2233 2372 2302 νηστεία,
2419 2233 2672 2306 καθάπερ
2708 2235 2828 2306 ἔαρ,
2863 2237 2930 2289 δι’
2969 2239 3217 2291 ἐνιαυτοῦ
3273 2244 3716 2314 παραγενομένη.

2127 2316 2474 2381 Εἰσελθόντες
2503 2319 2560 2372 δέ
2607 2319 2768 2372 πάλιν
2801 2321 2922 2374 κατ’
2965 2321 3101 2376 ίδίαν
3144 2325 3193 2375 οί
3249 2326 3379 2394 περὶ
3422 2325 3718 2397 Ἀντίοχον,

2128 2401 2442 2466 ἀνεδίδαξαν
2473 2403 2564 2456 τὸν
2597 2403 2819 2472 βασιλέα
2853 2406 2929 2469 ὡς
2961 2405 3266 2477 ἡττηθέντα
3302 2409 3394 2461 τὸν
3440 2411 3717 2480 Ἰωάννην,

2128 2485 2215 2538 ἴνα
2249 2487 2526 2558 προστάξῃ
2571 2488 2730 2541 αὑτὸν
2777 2488 3099 2560 ἐξωσθῆναι,
3142 2491 3236 2544 τοῦ
3268 2493 3459 2565 Πάσχα
3506 2496 3719 2549 ἐπικειο

2131 2570 2321 2640 μένου·
2359 2573 2386 2624 6
2415 2571 2470 2624 δέ
2525 2571 2780 2641 βασιλεὺς
2833 2573 2894 2637 ἐξ
2944 2575 3194 2647 ἀνάγκης
3243 2576 3568 2647 όχλούμενος
3622 2580 3715 2632 ὑπ’

2127 2653 2329 2716 αὐτῶν,
2380 2655 2456 2717 ὡς
2488 2656 2808 2720 ἐπισκόποις
2861 2657 3202 2712 ἐπίστευσεν.
3243 2661 3300 2712 '0
3335 2661 3442 2732 γὰρ
3497 2662 3716 2732 ἀληθῶς

2128 2743 2498 2816 πρεσϐύτερος
2546 2745 2578 2814 ἦ
2610 2744 2908 2809 ἐπίσκοπος
2939 2747 3133 2815 ψεῦδος
3184 2749 3285 2802 οὐκ
3321 2746 3457 2802 οἶδε’
3493 2750 3562 2804 τὰ
3605 2751 3716 2820 γὰρ

2126 2831 2368 2901 ὀνόματα
2400 2831 2573 2886 ταῦτα
2600 2833 2698 2902 τῆς
2728 2834 2839 2887 ἄνω
2867 2833 3072 2904 λήξεως
3115 2835 3369 2909 ὑπάρχει,
3403 2839 3526 2891 ἐπεὶ
3562 2839 3716 2892 οὐδὲν

2127 2921 2499 2992 πρεσϐύτερον
2545 2922 2704 2985 Θεοῦ,
2746 2925 2866 2977 ούδέ
2911 2927 3384 2999 ἐπισκοπώτερον·
3431 2930 3565 2986 Θεὸς
3604 2931 3716 3002 γὰρ

2125 3013 2154 3062 6
2184 3011 2500 3064 ἐπισκοπῶν
2535 3012 2568 3082 ἢ
2615 3012 2886 3084 θεώμενός
2920 3019 3032 3068 ἐστι
3083 3018 3152 3070 τά
3201 3019 3400 3072 πάντα.
3444 3019 3500 3072 '0
3533 3021 3714 3073 τοίνυν

2126 3098 2422 3162 ἐπίσκοπος
2446 3101 2480 3171 ἢ
2529 3101 2919 3172 πρεσϐύτερος,
2954 3104 3029 3167 ώς
3072 3105 3326 3168 κοινωνὸς
3361 3105 3469 3159 τῶν
3513 3108 3714 3177 ὁνομά·

2126 3205 2254 3249 των,
2285 3187 2427 3241 οὕτω
2480 3191 2573 3243 καὶ
2624 3190 2732 3244 τῶν
2764 3194 3106 3263 πραγμάτων
3141 3195 3344 3263 ὀφείλει
3391 3192 3553 3251 εἶναι.
3602 3199 3714 3252 Καὶ

2125 3277 2276 3345 δηλοῖ
2301 3277 2378 3347 τῷ
2411 3279 2660 3350 Ἰωάννῃ’
2698 3280 2918 3344 Ἔξελθε
2949 3283 3012 3334 ἐκ
3043 3283 3143 3352 τῆς
3184 3285 3527 3353 Ἐκκλησίας,
3567 3286 3625 3339 Ὁ
3655 3287 3712 3340 δὲ

2127 3365 2395 3435 ἀντιδηλοῖ
2412 3382 2424 3396 ⁸
2457 3366 2596 3435 Ἐγὼ
2624 3368 2771 3439 παρὰ
2793 3369 2887 3421 τοῦ
2913 3369 3161 3441 Σωτῆρος
3185 3371 3316 3424 Θεοῦ
3344 3373 3712 3445 ὑποδέδεγμαι

2125 3456 2222 3525 τὴν
2271 3454 2597 3524 Ἐκκλησίαν
2623 3457 2826 3526 ταύτην
2853 3459 2932 3521 εἰς
2971 3459 3287 3528 ἐπιμέλειαν
3317 3461 3416 3531 τῆς
3453 3461 3546 3514 τοῦ
3578 3463 3714 3516 λαοῦ

2127 3545 2420 3616 σωτηρίας,
2452 3547 2544 3598 καὶ
2582 3547 2642 3598 ού
2679 3546 2916 3618 δύναμαι
2954 3549 3124 3620 αὐτὴν
3169 3549 3527 3620 καταλεῖῴαι·
3562 3554 3611 3605 εί
3652 3553 3712 3606 δὲ

2124 3631 2283 3685 τοῦτο
2313 3632 2490 3702 βούλει
2521 3635 2576 3703 (ή
2609 3633 2719 3704 γάρ
2745 3635 2898 3698 πόλις
2945 3653 3027 3688 σοι
3054 3636 3343 3710 διαφέρει),
3378 3641 3468 3712 βίᾳ
3514 3657 3580 3708 με
3624 3640 3714 3706 ἐξ-

2125 3723 2312 3783 έωσον,
2345 3724 2432 3776 ἵνα
2471 3723 2580 3794 ἐχω
2609 3724 2905 3792 ἀπολογίαν
2934 3726 3034 3796 τῆς
3083 3726 3428 3796 λειποταξίας
3456 3731 3555 3801 τὴν
3608 3734 3713 3803 σὴν

2125 3813 2458 3866 αύθεντείαν.
2485 3813 2672 3876 Οὕτως
2719 3816 2856 3885 μετά
2893 3815 3076 3879 αἰδοῦς
3120 3835 3264 3881 τινος
3291 3821 3713 3887 ἀποστείλαντες

2125 3901 2188 3952 ἐκ
2220 3899 2313 3953 τοῦ
2354 3901 2640 3963 παλατίου,
2687 3902 2924 3966 ἐξέωσαν
2959 3905 3144 3965 αὐτὸν,
3183 3907 3538 3971 κελεύσαντες
3570 3909 3711 3972 τέως

2123 3989 2329 4057 διάγειν
2363 3991 2421 4042 ἐν
2453 3991 2529 4060 τῷ
2563 3991 2920 4062 ἐπισκοπείῳ,
2967 3992 3028 4045 16
3074 3994 3420 4064 ἐνδεχόμενον
3465 4001 3562 4069 τῆς
3612 4001 3706 4052 τοῦ

2123 4077 2254 4129 Θεοῦ
2277 4077 2446 4149 όργῆς
2467 4077 2895 4148 προσδοκῶντες,
2923 4081 3030 4143 ἵνα,
3053 4081 3148 4133 ἐὰν
3174 4083 3272 4151 μὲν
3297 4101 3358 4135 συ
3368 4083 3476 4156 μϐιῇ
3500 4103 3553 4138 τι
3579 4089 3710 4158 περὶ

2121 4165 2318 4230 αὐτοὺς
2351 4166 2614 4237 λυπηρὸν,
2648 4165 2838 4218 θᾶττον
2869 4168 3030 4220 αὑτὸν
3067 4170 3454 4238 εἰσαγαγόντες
3482 4176 3563 4238 εἰς
3607 4175 3706 4246 τὴν

2134 4253 2480 4323 Ἐκκλησίαν,
2533 4255 2925 4320 ἐξιλεώσωνται
2977 4258 3037 4310 16
3070 4258 3256 4313 Θεῖον·
3302 4263 3348 4313 εί
3395 4263 3451 4314 δὲ
3490 4263 3584 4333 μὴ,
3618 4265 3708 4318 ἵνα·

2123 4344 2283 4396 πάλιν
2323 4344 2616 4398 ἐπιθῶνται
2648 4345 2723 4408 ώς
2752 4345 2950 4416 Φαραὼ
2977 4346 3054 4417 τῷ
3099 4349 3337 4420 Μωῦσῇ.
3371 4351 3456 4404 Ἑν
3493 4353 3714 4419 τούτοις

2123 4434 2322 4505 ἐπέστη
2350 4436 2383 4505 ἡ
2412 4434 2504 4487 τοῦ
2541 4436 2778 4504 μεγάλου
2820 4436 3099 4489 Σαϐϐάτου
3147 4439 3346 4509 ήμέρα,
3380 4442 3436 4493 ἐν
3531 4444 3560 4494 ὁ
3591 4444 3709 4496 Σω-

2118 4524 2224 4593 τὴρ
2251 4523 2586 4593 σταυρωθεὶς
2613 4524 2906 4576 ἐσκύλευσε
2933 4525 3024 4577 τὸν
3053 4525 3204 4596 ᾅδην.
3229 4529 3334 4580 Καὶ
3364 4529 3525 4583 πάλιν
3555 4533 3705 4601 αὐτῷ

2118 4611 2398 4678 δηλοῦσιν·
2431 4612 2653 4677 Ἔξελθε
2681 4612 2780 4682 τῆς
2815 4613 3154 4684 Ἐκκλησίας.
3199 4615 3494 4688 Ἀντιδηλοῖ
3525 4619 3594 4672 τὰ
3627 4624 3706 4673 εί-

2120 4699 2273 4755 κότα.
2331 4699 2744 4769 Εύλαϐούμενος
2795 4701 3083 4772 τοιγαροῦν
3122 4704 3150 4754 6
3189 4702 3441 4772 βασιλεὺς
3503 4707 3565 4759 16
3613 4710 3703 4760 εύ-

2120 4787 2448 4839 καθοσίωτον
2482 4787 2579 4856 τῆς
2601 4789 2834 4858 ἡμέρας,
2867 4790 2958 4840 καὶ
2987 4789 3078 4842 τὸν
3116 4790 3216 4859 τῆς
3257 4792 3466 4856 πόλεως
3493 4794 3698 4865 κλόνον,

2122 4874 2542 4944 μεταστέλλεται
2571 4876 2696 4938 τοὺς
2722 4875 2851 4947 περὶ
2882 4877 3130 4931 Ἀκάκιον
3154 4880 3247 4932 καὶ
3277 4880 3570 4951 Ἀντίοχον,
3596 4886 3700 4955 φή-

2120 4981 2218 5026 σας
2247 4964 2464 5027 αύτοῖς’
2499 4962 2563 5016 Τί
2608 4963 2716 5017 δέοι
2761 4964 3045 5033 γενέσθαι;
3086 4965 3312 5035 βλέπετε
3355 4970 3567 5040 μήποτε
3600 4974 3692 5025 οὑν

2115 5049 2290 5121 ὀρθῶς
2319 5050 2804 5120 βουλεύεσθε.Τότε
2823 5054 2871 5104 οί
2905 5053 3156 5120 γεννάδες
3181 5057 3274 5107 καὶ
3309 5058 3694 5128 περισσόψυχτ.ο

2115 5136 2267 5191 εἷπον
2297 5137 2375 5208 τῷ
2412 5139 2650 5208 βασιλεῖ·
2699 5141 2950 5205 Βασιλεῦ,
2986 5144 3080 5195 ἐπὶ
3125 5143 3221 5213 τὴν
3256 5145 3499 5216 κεφαλὴν
3542 5147 3700 5217 ἡμῶν

2112 5231 2144 5298 ἡ
2184 5228 2430 5281 Ἰωάννου
2479 5229 2815 5300 καθαίρεσις.
2847 5231 3167 5284 Τελευταῖον
3215 5231 3488 5305 βοήθημα,
3525 5239 3572 5288 οἱ
3621 5236 3696 5301 τιῖ·

2125 5318 2342 5388 Ἰωάννῃ
2378 5319 2626 5382 συνόντες
2652 5319 2941 5372 ἐπίσκοποι
2973 5320 3251 5390 ἰσάριθμοι
3288 5323 3387 5390 τῆς
3413 5324 3573 5391 ἁγίας
3602 5343 3668 5393 νη
3705 5354 3710 5387 ;

2114 5407 2316 5468 στείας,
2335 5407 2640 5477 προσῆλθον
2660 5406 2738 5477 τῷ
2762 5407 2970 5477 βασιλεί
2991 5411 3086 5461 καὶ
3106 5412 3172 5479 τῇ
3198 5409 3484 5484 βασιλίσσῃ
3503 5413 3560 5466 ἐν
3581 5417 3709 5478 τοῖς.

2113 5497 2432 5568 μαρτυρίοις
2456 5497 2591 5566 μετά
2612 5497 2864 5568 δακρύων
2885 5498 3349 5569 παρακαλοῦντες,
3369 5501 3582 5568 φειδοῦς
3602 5520 3696 5554 τι.-

2109 5592 2223 5661 χεῖν
2263 5587 2358 5658 τὴν
2403 5587 2495 5640 τοῦ
2545 5587 2780 5660 Χριστοῦ
2835 5589 3182 5659 Ἐκκλησίαν,
3236 5591 3471 5660 μάλιστα
3502 5592 3593 5647 διὰ
3631 5598 3694 5647 16

2173 5766 2199 5794 ι
2220 5764 2351 5821 H330,
2374 5765 2455 5811 καὶ
2475 5763 3098 5827 6uya1cb1spov,deeranlin
3123 5766 3316 5824 Graeco;
3342 5768 3429 5815 sed
3453 5780 3483 5814 e
3506 5769 3615 5818 cod.
3639 5771 3693 5819 in

2108 5833 2300 5878 textum
2314 5827 2487 5877 retulit
2498 5824 2727 5889 Bigolus,’
2748 5827 2921 5878 Latine
2934 5829 3080 5879 etiam
3101 5829 3286 5879 addens
3302 5827 3692 5896 etpolentiorcm,
