4114 6392
367 287 443 342 5‘5
1624 279 1712 334 PA
1722 275 1949 334 LLADH
1990 279 2338 339 DIALOGUS
3576 279 3650 337 55

371 406 565 478 Πάσχα
589 402 682 456 κα)⁸
705 402 828 466 τούς
860 400 1150 472 μέλλοντας
1176 399 1575 471 ἀναγεννάσθαι
1600 399 1702 469 ήδη
1744 399 1953 469 μυστάο

370 487 740 558 γωγηθέντας,
762 483 1140 538 ἀπολαϐοῦσαν
1165 485 1257 538 τὸν
1280 483 1451 555 ίερέα.
1475 484 1590 537 Οὐκ
1610 482 1961 554 ἡκούσθησαν

372 572 464 626 ἐπὶ
504 568 697 639 τούτῳ·
738 568 814 632 ώς
845 568 936 621 τὸν
965 569 1120 637 ἆγιον
1166 566 1377 622 Παῦλον
1415 566 1504 619 τδν
1542 566 1651 620 ἀπὸ
1684 567 1961 637 Κρατείας

370 656 548 709 εἰπεῖν
585 653 781 724 ἀδείλῳ
808 655 874 723 τῇ
909 652 1194 724 παρρησίᾳ
1217 667 1231 682 ·
1268 650 1496 717 Εὐδοξία
1516 690 1531 713 ,
1564 649 1833 721 φοϐήθητι
1871 651 1963 703 τὸν

372 738 526 801 Θεὸν,
563 737 834 807 ἐλεήσασά
862 752 955 788 σου
986 735 1056 787 τά
1084 734 1281 788 τέκνα·
1311 736 1386 805 μὴ
1422 734 1609 805 ὕϐριζε
1639 734 1739 805 τὴν
1770 734 1964 805 ἑορτὴν

373 823 469 876 τοῦ
493 818 732 894 Χριστοῦ
756 822 822 891 τῇ
854 818 960 872 τῶν
989 816 1239 888 αἱμάτων
1266 816 1509 887 ἐκχύσει.
1554 817 1964 889 Ὑποστρέψανο

371 924 467 972 τες
492 905 550 959 δέ
584 905 635 957 οί
681 902 1093 973 τεσσαράκοντα
1130 899 1461 963 ἐπίσκοποι,
1497 899 1859 971 ἠγρύπνησαν
1904 902 1963 955 ἐν

375 993 490 1054 τοῖς
519 986 885 1057 καταγωγίοις
914 984 1112 1048 αὐτῶν,
1147 986 1197 1037 οί
1226 985 1324 1055 μὲν
1353 985 1493 1056 μετά
1513 982 1789 1055 δακρύων,
1824 986 1875 1037 οί
1906 984 1965 1039 δὲ

381 1073 517 1146 μετά
555 1072 753 1143 λύπης,
788 1071 966 1141 ἐτεροι
1005 1069 1064 1122 δὲ
1106 1069 1307 1140 ἀμάχῳ
1339 1071 1404 1139 τῇ
1453 1067 1663 1139 διανοίᾳ
1694 1067 1962 1139 κατεσχέ-

377 1159 549 1231 θησαν
607 1157 796 1227 κάρῳ,
835 1154 913 1217 ὡς
950 1153 1182 1206 ἕκαστον
1228 1151 1501 1224 ἐκυϐέρνα
1548 1152 1609 1205 τὸ
1659 1151 1852 1215 πάθος.
1899 1152 1961 1205 Οἰ

381 1241 565 1313 μέντοι
610 1238 970 1312 πρεσϐύτεροι
1030 1236 1277 1290 Ἰωάννου
1330 1237 1381 1289 οί
1432 1236 1522 1290 τὸν
1556 1234 1702 1289 θεῖον
1747 1234 1965 1306 ἔχοντες

378 1325 564 1395 φόϐον,
606 1326 664 1377 ἐν
713 1323 792 1395 τῷ
841 1322 1087 1394 δημοσίῳ
1146 1319 1357 1393 λουτρῷ
1410 1319 1490 1391 τῷ
1544 1318 1965 1391 ἐπικαλουμένῳ

377 1410 882 1473 Κωνσταντιαναῖς,
918 1407 1042 1469 τοὺς
1081 1405 1244 1469 λαοὺς
1279 1404 1679 1474 συναγαγόντες
1704 1446 1719 1470 ,
1756 1406 1966 1475 εἴχοντο

259 1504 264 1517 ‘
375 1494 477 1566 τῆς
508 1493 836 1566 ἀγρυπνίας,
861 1492 911 1545 οἱ
938 1492 1035 1563 μὲν
1056 1491 1124 1545 τά
1150 1490 1268 1544 θεῖα
1292 1490 1449 1559 λόγια
1474 1491 1965 1559 ἀναγινώσκοντες,

376 1579 428 1631 οί
458 1577 517 1632 δέ
551 1576 901 1647 βαπτίζοντες
930 1577 1058 1639 τοὺς
1086 1573 1497 1646 κατηχηθέντας
1522 1616 1535 1639 ,
1572 1574 1650 1639 ώς
1681 1575 1850 1639 είκὸς,
1877 1574 1968 1629 διά

378 1661 441 1715 τὸ
477 1662 688 1733 Πάσχα.
724 1659 910 1714 Ταῦτα
942 1659 1083 1712 αὐτά
1116 1657 1626 1730 προσαναφέρουσιν
1660 1659 1710 1711 οί
1754 1675 1967 1733 γνωμο-

381 1745 571 1818 φθόροι
600 1745 693 1798 καλ⁵
726 1745 1086 1816 φρεναπάται,
1115 1744 1164 1795 οἱ
1195 1742 1325 1814 περὶ
1362 1742 1633 1813 Ἀντίοχον
1670 1743 1765 1795 καὶ
1797 1742 1969 1812 Σευηο

383 1829 567 1901 ριανὸν
595 1826 690 1882 καὶ
704 1828 981 1890 Ἀκάκιον,
1011 1829 1124 1890 τοῖς
1149 1825 1359 1879 ἑαυτῶν
1388 1824 1741 1897 προστάταις,
1767 1824 1972 1891 ἀξιοῦν-

377 1930 469 1977 τες
500 1912 893 1984 ἐμποδισθῖψαι
922 1914 1049 1974 τούς
1068 1911 1233 1973 λαοὺς
1260 1910 1368 1963 ἀπὸ
1396 1909 1496 1981 τῆς
1522 1911 1641 1963 ἐκεῖ
1669 1909 1965 1976 συνάξεως.

391 1997 671 2050 Ἀντεῖπεν
722 1999 751 2050 ό
791 1996 914 2050 τότε
952 1995 1274 2067 μάγιστρος,
1305 1995 1519 2065 φήσας·
1568 1991 1686 2058 Νύξ
1715 1996 1832 2047 ἐστι
1874 1995 1971 2048 καὶ

378 2080 528 2153 δχλοι
573 2081 780 2135 πολλοί·
837 2082 910 2152 μή
944 2098 997 2134 τι
1028 2079 1287 2151 ἀτόπημα
1334 2078 1580 2150 γένηται.
1636 2077 1969 2149 Ἀνθυποφέ-

384 2183 568 2237 ρουσιν
622 2169 670 2220 οἱ
722 2166 851 2238 περὶ
916 2163 1202 2219 Ἀκάκιον·
1247 2163 1435 2228 Οὐδεὶς
1483 2163 1696 2234 ἔμεινεν
1745 2164 1804 2217 ἐν
1849 2167 1970 2228 ταῖς

382 2249 701 2322 ἐκκλησίαις
720 2291 734 2314 ,
766 2251 863 2303 καὶ
889 2248 1211 2319 δεδοίκαμεν
1272 2248 1483 2319 μήποτε
1514 2244 1771 2301 εἰσελθὼν
1808 2247 1836 2299 ὁ
1870 2246 1969 2318 βα-

384 2334 565 2399 σιλεὺς
595 2337 653 2389 ἐν
681 2337 747 2406 τῇ
778 2333 1064 2405 ἐκκλησίᾳ,
1094 2334 1190 2388 καὶ
1217 2331 1295 2404 μὴ
1316 2331 1492 2403 εὑρὼν
1527 2330 1751 2402 μηδένα,
1781 2332 1973 2404 αἰσθη-

383 2438 475 2475 ται
516 2420 619 2491 τῆς
664 2420 758 2475 τοῦ
790 2419 921 2474 λαοῦ
971 2419 1187 2482 εὐνοίας
1237 2418 1340 2489 τῆς
1376 2416 1516 2489 πρὸς
1566 2416 1841 2487 Ἰωάννην,
1880 2417 1975 2471 καὶ⁵

385 2503 643 2575 καταγνῷ
676 2504 833 2575 ἡμῶν
884 2503 959 2567 ώς
988 2502 1296 2574 βασκάνων,
1332 2499 1521 2571 ἐπειδὴ
1553 2500 1788 2570 μάλιστα
1823 2500 1976 2555 εἷπο-

388 2605 490 2659 μεν
523 2585 693 2658 αὐτῷ,
726 2588 808 2641 ὅτι
835 2586 1010 2650 οὐδείς
1040 2587 1190 2639 ἐστιν
1216 2584 1354 2648 ὅλως
1374 2582 1591 2655 όὴδέως
1622 2582 1773 2654 αὐτῷ
1805 2601 1975 2655 προσ-

385 2673 547 2745 έχων,
596 2673 673 2737 ὡς
717 2670 990 2743 ἀνθρώπῳ
1039 2668 1312 2739 ἀσπόνδῳ.
1365 2667 1553 2731 Οὕτως
1595 2669 1624 2721 ό
1674 2668 1975 2739 μάγιστρος

383 2757 901 2829 διαμαρτυράμενος
956 2756 1138 2819 αὐτοῖς
1200 2754 1292 2807 ἐπὶ
1343 2756 1458 2816 τοῖς
1505 2752 1971 2825 ἀποϐησομένοις,

384 2840 568 2895 δίδωσι
594 2840 825 2895 Λούκιόν
855 2857 997 2905 τινα,
1026 2839 1102 2903 ὡς
1126 2839 1334 2907 ἔλεγον,
1371 2835 1631 2907 Ἕλληνα,
1657 2836 1977 2908 ἀφηγούμε-

386 2943 477 2980 νον
503 2926 598 2981 τοῦ
631 2924 868 2997 ἀριθμοῦ
892 2924 1001 2978 τῶν
1027 2923 1364 2994 ὁπλοφόρων,
1394 2921 1771 2993 ἐντειλάμενος
1801 2922 1975 2975 ἐπιει..

386 3009 500 3074 κῶς
531 3008 836 3064 ἀπελθόντα
867 3008 1094 3062 καλέσαι
1123 3005 1217 3060 τὸν
1251 3006 1380 3060 λαὸν
1424 3007 1483 3059 ἐν
1529 3008 1598 3076 τῇ
1631 3004 1898 3078 ἐκκλησία
1923 3016 1972 3067 ⁸,

399 3096 674 3153 Ἀπελθὼν
707 3098 798 3162 δέ,
830 3098 925 3151 καὶ
974 3096 1049 3168 μή
1096 3093 1407 3158 ἀκουσθείς.
1455 3093 1791 3164 ὑποστρέφει
1841 3093 1976 3165 πρὸς

385 3183 514 3247 τούς
545 3182 677 3254 περὶ
712 3182 987 3246 Ἀκάκιον,
1016 3180 1424 3250 διηγησάμενος
1455 3178 1548 3231 τὸν
1573 3177 1726 3232 τόνον
1759 3178 1854 3232 καὶ
1876 3178 1978 3247 τὴν

388 3266 701 3338 πυκνότητα
744 3266 839 3320 τοῦ
891 3263 1043 3319 λαοῦ.
1086 3264 1242 3318 Μετὰ
1290 3261 1452 3317 τοῦτο
1505 3260 1755 3333 λιπαρῶς
1813 3262 1979 3316 αὐτὸν

390 3353 766 3428 παρακαλοῦσι
788 3352 1042 3425 χρυσέοις
1072 3354 1280 3424 ῥήμασι
1308 3347 1704 3413 δυσωποῦντες,
1728 3348 1825 3402 καὶ
1851 3350 1980 3403 ὐπο-

392 3438 573 3509 σχέσει
612 3437 858 3508 μείζονος
886 3435 1170 3509 προκοπῆς
1191 3474 1207 3498 ,
1236 3435 1326 3488 ῖνα
1357 3433 1627 3506 ἐμποδίσῃ
1652 3435 1720 3505 τῇ
1755 3432 1882 3504 δόξῃ
1912 3436 1977 3505 τῇ

388 3522 483 3576 τοῦ
515 3522 756 3594 Κυρίου,
804 3520 1175 3591 ἐντειλάμενοι
1220 3518 1391 3589 αὐτῷ,
1445 3517 1479 3589 ἢ
1521 3517 1665 3587 λόγῳ
1714 3517 1981 3571 πείσαντα

390 3607 618 3676 ἀγαγεῖν
640 3607 731 3659 ἐπὶ
764 3605 861 3677 τὴν
885 3605 1202 3676 ἐκκλησίαν,
1238 3605 1271 3675 ἢ
1300 3604 1439 3676 ὀργῇ
1489 3602 1804 3674 ταράξαντα
1838 3601 1980 3655 παῦ-

391 3708 483 3744 σαι
526 3691 625 3761 τὴν
665 3690 858 3761 ἐορτὴν
888 3688 982 3743 τοῦ
1030 3691 1380 3758 συναγαγεῖν.
1432 3688 1529 3750 ’ος
1562 3685 1794 3758 ἐξαυτῆς
1842 3703 1981 3755 σκυμο

392 3772 724 3846 παραλαϐὼν
751 3773 1047 3845 κληρικούς
1078 3771 1173 3825 τοῦ
1210 3771 1410 3843 μέρους
1463 3768 1745 3833 Ἀκακίου,
1790 3770 1981 3841 ἐξῆλθε

389 3856 621 3929 δευτέρα
642 3857 859 3929 φυλακῇ
890 3856 990 3928 τῆς
1018 3856 1211 3920 νυκτὸς
1252 3856 1337 3925 ἐφ’
1456 3853 1759 3925 ἀπεστάλη.
1790 3853 1982 3926 Παρα-

389 3941 625 3996 τείνουσι
651 3941 757 4015 γάρ
788 3942 881 3995 τὸν
902 3941 1029 3995 λαὸν
1056 3943 1113 3993 ἐν
1139 3942 1251 4003 τοῖς
1284 3939 1508 4011 μέρεσιν
1536 3936 1695 4009 ήμῶν
1724 3936 1832 4002 ἕως
1857 3938 1981 3991 ἀλέ-

391 4042 587 4097 κτορος
611 4026 852 4098 πρώτου.
904 4025 1042 4095 ἔχων
1080 4023 1302 4095 Θρᾷκας
1334 4020 1583 4093 ξιφήρεις
1620 4021 1981 4094 νεοστρατεύ-

390 4128 517 4175 τους
553 4111 693 4166 κατά
726 4112 818 4165 τὸν
865 4107 1031 4163 Ἠσαῦ
1079 4107 1484 4180 τετρακοσίους,
1524 4106 1761 4169 ἀναιδεῖς
1792 4123 1983 4177 περισ-

392 4195 523 4261 σῶς,
552 4195 897 4266 ἐπεπήδησεν
927 4193 1192 4261 αἰφνίδιον
1228 4192 1373 4245 κατά
1411 4191 1510 4261 τὴν
1538 4189 1712 4244 νύκτα
1743 4190 1841 4244 σὺν
1871 4192 1985 4250 τοῖς

392 4279 803 4335 ύποδεικνύουσι
830 4278 1114 4348 κληρικοῖς
1155 4276 1390 4337 καὶτοῖς
1436 4273 1825 4346 στρατιώταις,
1870 4274 1985 4326 ἰτα-

396 4364 535 4434 μῶς,
575 4363 651 4429 ὡς
683 4363 777 4417 an
806 4360 991 4422 λύκος,
1021 4360 1227 4432 σιδήρῳ
1247 4356 1515 4411 στίλϐοντι
1546 4356 1829 4428 διασχίσας
1859 4357 1985 4421 τοῦς

390 4450 601 4520 δχλους.
636 4448 905 4519 Χωρήσας
931 4446 975 4499 δ’
1012 4445 1158 4498 ἔνδον
1182 4442 1290 4497 τῶν
1321 4443 1611 4513 μακαρίων
1654 4441 1863 4495 ὑδάτων
1893 4441 1987 4494 ἐπὶ

392 4533 625 4588 κωλύσει
653 4532 763 4587 τῶν
792 4529 1115 4603 μυουμένων
1135 4527 1234 4598 τὴν
1264 4528 1564 4582 ἀνάστασιν
1586 4527 1678 4580 τοῦ
1710 4525 1983 4597 Σωτῆρος,

393 4619 488 4673 καὶ⁵
508 4616 588 4689 τῷ
622 4618 720 4689 μὲν
753 4614 987 4685 διακόνῳ
1040 4611 1287 4684 θρασέως
1328 4610 1687 4680 ἐντιναχθεὶς,
1726 4609 1796 4661 τὰ
1843 4608 1984 4679 σύμ-

394 4702 525 4755 ϐολα
557 4701 740 4772 ἐκχέει
765 4716 778 4729 ·
809 4700 936 4762 τοὺς
964 4698 1022 4751 δέ
1052 4694 1461 4767 πρεσϐυτέρους
1486 4694 1586 4765 ήδη
1614 4710 1717 4747 που
1748 4693 1843 4746 καὶ
1865 4692 1985 4764 ἡλι-

393 4785 598 4849 κιώτας
632 4783 886 4856 ῥοπάλοις
919 4780 1063 4835 κατά
1087 4779 1312 4853 κρανίου
1348 4778 1570 4842 παίσας,
1597 4776 1792 4849 αἵμασι
1823 4777 1989 4848 κιρνᾷ

390 4869 493 4941 τὴν
554 4867 965 4939 κολυμϐήθραν.
1028 4865 1163 4918 Τότε
1221 4860 1289 4935 ἦν
1345 4862 1470 4916 ίδεῖν
1525 4861 1623 4933 τὴν
1689 4859 1987 4931 ἀγγελικὴν

392 4953 614 5023 ἐκείνην
639 4951 834 5015 νύκτα,
863 4951 923 5003 ἐν
1016 4948 1111 5003 καὶ
1139 4947 1392 5017 δαίμονες
1439 4943 1731 4999 πίπτουσιν
1758 4942 1990 5019 ἐπτηχό-

393 5054 521 5102 τες,
574 5039 654 5099 είς
710 5031 1039 5105 λαϐύρινθον
1100 5029 1556 5103 μεταϐληθεῖσαν.
1611 5026 1819 5099 Γυμναὶ
1878 5026 1988 5100 γάρ

392 5123 652 5191 γυναῖκες
687 5120 784 5173 σὺν
821 5120 935 5181 τοῖς
984 5115 1209 5187 ἀνδράσι
1246 5114 1478 5186 δρασμῷ
1515 5112 1792 5183 ἐχρῶντο,
1838 5111 1991 5182 φόϐῳ

393 5204 489 5258 τοῦ
520 5202 798 5272 σφαγῆναι
829 5200 863 5273 ἢ
900 5199 1284 5271 ἀσχημονῆσαι
1307 5240 1323 5261 ,
1360 5197 1452 5250 τὸν
1479 5196 1769 5268 ἀσχήμονα
1806 5197 1987 5250 ἀσπα-

394 5290 621 5363 ζόμεναι
664 5287 897 5360 δρόμον·
936 5287 1124 5358 ἕτερος
1174 5283 1274 5355 τὴν
1309 5285 1472 5355 χεῖρα
1512 5280 1767 5352 πληγεὶς,
1798 5281 1987 5354 ὀδυρό⁶

398 5390 560 5445 μενος
607 5371 814 5444 ἀπῄει·
858 5370 1017 5434 ἄλλος
1057 5368 1329 5441 παρθένον
1377 5366 1573 5437 ἔσυρεν
1621 5364 1948 5437 περισχίσας
1972 5378 1986 5392 ⁶

396 5457 598 5519 πάντες
623 5456 681 5509 δὲ
707 5455 1278 5525 λαφυραγωγήσαντες
1302 5449 1370 5503 τά
1403 5448 1663 5519 κειμήλια
1698 5446 1987 5518 ἐσφετερί-

397 5539 572 5605 ζοντο.
608 5538 797 5603 Οὕτως
829 5539 879 5591 οί
908 5538 1006 5607 μὲν
1038 5535 1437 5607 συλληφθέντες
1459 5533 1568 5587 τῶν
1598 5531 1991 5603 πρεσϐυτέρων

396 5625 495 5681 καὶ
548 5624 815 5679 διακόνων
854 5623 935 5685 εἰς
988 5620 1087 5692 τὴν
1133 5620 1357 5693 εἱρκτὴν
1411 5616 1793 5674 ἐνεϐάλλοντο·
1841 5618 1889 5670 οί
1932 5615 1989 5669 δέ

456 5772 495 5807 ⁸
516 5774 697 5838 Georg.
725 5775 789 5831 ιῑς
808 5775 893 5831 τὴν
919 5772 1191 5830 ἐκκλησίαν.

2064 403 2425 477 άξιωματικοὶ
2444 402 2536 460 τοῦ
2557 401 2692 457 λαοῦ
2721 400 2821 473 τῆς
2846 399 3260 473 μεγαλοπόλεως
3279 396 3652 467 ἐξεϐάλλοντο.

2061 490 2416 562 Διατάγματα
2436 488 2492 543 δέ
2520 485 2899 556 ἀλλεπάλληλα
2921 483 3067 540 κατά
3093 484 3256 537 τόπον
3278 481 3647 554 προετίθεντο,

2060 571 2349 644 διαφόρους
2395 571 2625 636 ἀπειλάς
2661 570 2981 642 περιέχοντα
3017 569 3111 621 ἐπὶ
3143 567 3371 638 ἀρνήσει
3400 566 3500 635 τῆς
3537 581 3652 620 κοι-

2061 656 2257 721 νωνίας
2296 656 2563 711 Ἰωάννου.
2605 654 2751 726 Πλὴν
2784 655 2934 725 ὅμως
2981 652 3077 706 καὶ
3105 651 3259 705 ταῦτ’
3288 649 3520 719 ἐγίνετο,
3556 652 3652 704 καὶ

2063 740 2279 798 πλείονα
2318 739 2517 808 ἔξωθεν
2549 740 2599 793 οί
2632 738 2915 808 λεγόμενοι
2945 737 3237 790 ἐπίσκοποι
3268 732 3652 804 προσεφιλοτι-

2066 822 2282 892 μοῦντο·
2314 824 2408 877 καὶ
2442 825 2477 893 ή
2522 821 2741 886 σύναξις
2780 818 2889 873 τῶν
2927 817 3413 888 φιλοδιδασκάλων,
3452 817 3654 889 μᾶλλον

2062 905 2119 959 δέ
2146 905 2429 975 φιλοθέων,
2462 906 2525 959 οὐ
2558 906 2907 976 κατηργεῖτο,
2940 901 3083 957 ἀλλά
3108 900 3251 955 κατὰ
3278 901 3340 954 τὸ
3368 901 3655 973 εἰρημένον

2065 992 2122 1043 ἐν
2143 994 2208 1063 τῇ
2238 989 2453 1061 Ἐξόδῳ,
2470 990 2592 1044 ὅσον
2612 990 2931 1043 ἀπέκτεινον
2951 987 3168 1049 αὐτοὺς,
3187 984 3425 1057 τοσούτῳ
3438 984 3655 1049 πλείους

2065 1074 2325 1144 ἐγίνοντο.
2357 1074 2401 1126 Τ
2404 1076 2437 1145 ᾖ
2468 1073 2732 1144 ἐπαύριον
2768 1071 2901 1141 γοῦν
2929 1068 3162 1135 ἐξελθὼν
3186 1072 3216 1123 ὁ
3245 1069 3521 1140 βασιλεὺς,
3558 1071 3655 1124 τοῦ

2064 1154 2447 1229 γυμνασθῆναι
2495 1160 2555 1212 ἐν
2597 1157 2675 1228 τῷ
2720 1154 3114 1227 παρακειμένῳ
3168 1152 3368 1224 πεδίῳ,
3403 1150 3515 1207 εἶδε
3557 1155 3656 1225 τὴν

2066 1242 2307 1314 ἄσπορον
2335 1242 2440 1313 γῆν
2470 1242 2571 1313 τὴν
2618 1241 2749 1312 περὶ
2779 1239 2841 1292 τὸ
2878 1238 3136 1308 Πέμπτον
3173 1236 3654 1309 λευχειμονοῦσαν,

2067 1327 2163 1381 καὶ
2191 1327 2489 1396 ἐκπλαγεὶς
2527 1325 2622 1380 ἐπὶ
2645 1328 2713 1397 τῇ
2757 1324 2858 1394 θέᾳ
2888 1322 2982 1376 τοῦ
3012 1323 3208 1388 ἄνθους
3243 1322 3353 1376 τῶν
3396 1324 3659 1393 νεοφωτί·

2068 1428 2210 1465 στων
2240 1406 2419 1482 (ἦσαν
2439 1408 2548 1481 γὰρ
2569 1409 2713 1480 ἀμφὶ⁵
2736 1409 2865 1471 τούς
2890 1406 3283 1478 τρισχιλίους),
3310 1407 3476 1478 ήρετο
3505 1406 3657 1480 παρά

2066 1493 2174 1547 τῶν
2202 1492 2538 1566 δορυφόρων·
2575 1492 2673 1555 Τίς
2707 1494 2740 1562 ή
2768 1490 2932 1561 λογάς
2964 1491 3072 1544 τῶν
3107 1492 3226 1544 ἐκεῖ
3254 1490 3655 1562 συνηθροισμέ-

2067 1595 2210 1644 νων;
2249 1577 2677 1649 Διαψευσάμενοι
2720 1576 2969 1647 λέγουσι,
3011 1576 3132 1631 Τῶν
3179 1575 3522 1647 ἑτεροδόξων,
3569 1576 3659 1631 ἵνα

2070 1664 2434 1736 παραγάγωσι
2491 1664 2584 1716 τὸν
2637 1661 2808 1733 θυμὸν
2856 1660 2951 1715 τοῦ
3013 1659 3301 1731 βασιλέως.
3349 1660 3574 1724 Γνόντες
3611 1660 3658 1714 δ’

2069 1745 2303 1817 ἐξαυτῆς
2346 1747 2397 1799 οί
2446 1745 2543 1799 τοῦ
2577 1747 2902 1817 πράγματος
2952 1747 3173 1816 μεσῖται
3225 1745 3318 1799 καὶ
3357 1745 3660 1816 προστάται

2069 1831 2165 1884 τοῦ
2194 1830 2413 1901 φθόνου,
2445 1831 2755 1902 πέμπουσιν
2785 1832 2864 1894 είς
2897 1829 3142 1883 τούπίσω
3178 1830 3306 1890 τοὺς
3343 1828 3659 1900 ἀφειδεστέ-

2075 1931 2201 1986 ρους
2225 1914 2334 1968 τῶν
2378 1915 2663 1984 ἑπομένων
2691 1915 2784 1968 ἐπὶ
2825 1912 3152 1985 σκορπισμῷ
3192 1913 3290 1984 μὲν
3313 1912 3422 1966 τῶν
3453 1913 3660 1984 ἀκροα-

2071 1999 2199 2064 τῶν,
2237 1997 2496 2071 συλλήψει
2542 1998 2601 2052 δέ
2647 1997 2758 2051 τῶν
2788 1995 3146 2052 διδασκάλων.
3187 1999 3251 2050 Οί
3299 1995 3345 2049 δ’
3378 1994 3659 2059 ἐλθόντες,

2076 2083 2368 2153 κατέχουσι
2398 2080 2559 2136 πάλιν
2587 2080 2801 2151 ὀλίγους
2833 2081 2932 2152 μὲν
2962 2079 3074 2134 τῶν
3105 2078 3408 2150 κληρικῶν,
3443 2077 3663 2143 πλείους

2072 2167 2130 2221 δὲ
2161 2167 2271 2221 τῶν
2292 2167 2517 2221 λαῖκῶν.
2544 2164 2648 2219 Καὶ
2671 2168 2699 2220 ὁ
2724 2165 2996 2237 Θεόδωρος
3016 2163 3120 2236 ἐφη
3137 2180 3151 2195 ·
3180 2159 3251 2216 Ὦ
3276 2163 3662 2235 μακαριώτατε

2074 2253 2279 2323 Πάτερ,
2331 2251 2426 2305 καὶ
2455 2249 2726 2304 τοσούτων
2765 2248 2935 2302 ὄντων
2964 2247 3163 2313 αὐτῶν,
3211 2246 3289 2310 ώς
3333 2247 3665 2318 τρισχιλίους

2077 2335 2236 2406 μόνον
2279 2330 2417 2388 εἶναι
2454 2335 2581 2398 τούς
2609 2332 3032 2403 νεοφωτίστους,
3067 2331 3188 2395 πῶς
3219 2330 3400 2384 αὐτῶν
3431 2332 3481 2383 οί
3531 2328 3665 2400 βρα-

2075 2422 2193 2491 χεῖς
2240 2419 2569 2491 ἐκυρίευσαν
2643 2415 3007 2489 στρατιῶται,
3057 2416 3149 2469 τὸν
3210 2414 3468 2484 σύλλογον
3548 2413 3666 2467 δια-

2074 2504 2370 2570 λύσαντες;
2442 2504 2502 2557 Ὀ
2595 2502 2845 2555 ἘΠΙΣΚ.
2921 2499 3091 2555 Τοῦτο
3163 2499 3264 2553 οὐκ
3351 2498 3666 2570 ὀλιγότητος

2075 2587 2292 2659 δεῖγμα,
2324 2586 2445 2640 οὐδέ
2474 2588 2777 2658 τεκμήριον
2821 2584 3049 2656 ἀξηλίας
3070 2627 3084 2651 ,
3115 2583 3253 2638 ἀλλά
3284 2582 3667 2654 πλεονέκτημα

2077 2671 2398 2737 εὐλαϐείας,
2447 2670 2541 2724 καὶ
2587 2668 2925 2723 διδασκάλων
2982 2667 3305 2739 ἐπιμελείας
3350 2666 3665 2733 ἀπόδειξις,

2080 2755 2441 2818 ἀδιαλείπτως
2472 2753 2533 2808 τὸ
2561 2753 2774 2824 άμαχον
2805 2752 2905 2823 τῆς
2934 2750 3164 2823 γνώμης
3196 2749 3665 2822 ἐπανορθούντων.

2090 2839 2149 2893 Ὀ
2201 2839 2259 2892 δὲ
2302 2836 2578 2911 Θεόδωρος
2627 2832 2818 2890 εἶπεν·
2871 2836 3104 2908 ’Δριστα
3154 2835 3329 2906 ἔφης·
3380 2832 3506 2888 οὕτε
3559 2832 3668 2904 γάρ

2079 2922 2289 2995 ἔπρεπε
2316 2922 2444 2984 τούς
2479 2921 2743 2992 φρόνησιν
2776 2918 3219 2989 ἐκμανθάνοντας
3250 2919 3344 2972 καὶ
3363 2918 3668 2972 ἐπιείκειαν

2081 3008 2231 3079 παρὰ
2253 3007 2345 3060 τοῦ
2375 3005 2520 3078 ίεροῦ
2557 3006 2824 3071 Ἰωάννου,
2848 3005 3098 3076 ἀφρόνως
3121 3004 3214 3057 καὶ
3243 3003 3668 3075 τεταραγμένως

2081 3089 2249 3148 αὐτοῦ
2279 3087 2696 3144 ἀντιποιεῖσθαι.

2154 3175 2310 3227 ΚΕΦ.
2344 3175 2399 3227 1'.
2434 3204 2503 3216 —
2545 3173 2604 3226 Ὀ
2646 3171 2895 3224 ἘΠῙΣΚ.
2948 3164 3294 3234 Ἦσθεὶςοῦν
3334 3170 3428 3224 ἐπὶ
3454 3169 3667 3240 τούτῳ,

2083 3257 2412 3331 παρακαλῶ,
2452 3256 2527 3328 μὴ
2565 3256 2842 3310 ἀνάκοπτε
2881 3255 3009 3318 τοὺς
3044 3255 3238 3323 λόγους
3274 3257 3402 3319 τούς
3438 3254 3544 3309 ὑπὸ
3572 3272 3671 3308 κα-

2083 3343 2196 3398 κῶν
2249 3342 2593 3413 πραγμάτων
2625 3339 2951 3411 τεχθέντας·
3000 3340 3169 3394 ἐοίκει
3203 3339 3312 3411 γάρ
3354 3339 3561 3394 τίκτειν
3593 3340 3671 3403 ώς

2083 3428 2180 3482 ἐπὶ
2214 3426 2277 3481 τὸ
2308 3426 2560 3479 πλεῖστον
2587 3426 2714 3489 τοὺς
2743 3424 2933 3493 λόγους
2952 3425 3023 3479 τά
3054 3425 3379 3498 πράγματα.
3416 3426 3520 3479 Σὺν
3557 3428 3672 3489 τοῖς

2083 3511 2501 3583 κατασχεθεῖσιν
2538 3505 2632 3564 οῦν
2661 3509 2947 3581 κληρικοῖς
2976 3527 3034 3564 τε
3064 3509 3161 3563 καὶ
3192 3508 3403 3574 λαῖκοῖς
3444 3508 3664 3579 συνελή-

2085 3595 2302 3668 φθησαν
2332 3594 2428 3648 καὶ
2456 3596 2717 3663 γυναῖκες
2745 3593 2954 3665 ἀνδρῶν
2982 3593 3287 3664 ἐπισήμων.
3316 3593 3475 3647 Ἐστι
3500 3593 3557 3647 δέ
3595 3589 3671 3647 ὧν

2087 3680 2182 3733 καὶ
2214 3678 2282 3732 τά
2312 3676 2557 3749 μαφόρια
2594 3677 2875 3749 ἥρπασαν.
2916 3676 3118 3748 ἐτέρων
3155 3675 3212 3728 δέ
3241 3675 3311 3729 τά
3342 3674 3540 3730 ἐνώτια
3574 3677 3671 3731 σὺι

2085 3763 2164 3834 τῷ
2190 3760 2334 3833 λοϐῷ
2362 3760 2456 3815 τοῦ
2493 3761 2632 3825 ώτὸς
2660 3759 3105 3816 συναπέσπασαν·
3155 3760 3233 3824 ώς
3282 3760 3496 3816 ίδοῦσάν
3525 3777 3671 3825 τινος

2100 3844 2418 3917 Ἐλευθέρου
2448 3847 2681 3913 γυναῖκα
2710 3844 2737 3884 δ
2766 3843 3256 3915 εὐδαιμονεστάτην
3288 3843 3492 3916 σφόδρα
3512 3884 3527 3907 ,
3569 3861 3671 3897 καο

2088 3929 2420 3999 ταλείψασαν
2457 3927 2519 3980 τὸ
2550 3926 2747 3997 ἐαυτῆς
2794 3926 3082 3998 μαφόριον,
3139 3925 3671 4000 μεταμφιασαμένην

2087 4014 2150 4069 τὸ
2178 4015 2366 4086 σχῆμα
2395 4012 2458 4066 τδ
2492 4010 2601 4065 τῶν
2644 4010 2918 4073 δουλίδων,
2969 4010 3234 4083 δρομαίαν
3275 4011 3548 4066 εἰσϐαλεῖν
3592 4013 3673 4077 εἰς

2088 4098 2190 4170 τὴν
2237 4095 2392 4150 πόλιν
2432 4096 2527 4149 ἐπὶ
2563 4095 2807 4166 σωτηρία
2836 4093 2938 4165 τῆς
2977 4094 3352 4166 σωφροσύνης.
3388 4092 3495 4149 Ἦν
3538 4096 3670 4168 γὰρ,

2089 4180 2165 4244 ὡς
2194 4180 2360 4243 εἰκὸς,
2392 4178 2595 4249 εὐανθῆ
2643 4177 2856 4250 μορφὴν
2889 4178 2983 4232 καὶ
3029 4179 3205 4250 εὐφυῆ
3248 4180 3446 4234 πλάσιν
3495 4182 3681 4252 ἡμφιο

2092 4264 2316 4336 εσμένη.
2337 4263 2524 4334 Τούτῳ
2546 4259 2641 4317 οῦν
2662 4263 2740 4333 τῷ
2755 4263 2943 4334 τρόπῳ
2966 4262 3334 4334 πληρωθεῖσαι
3357 4266 3416 4318 αί
3437 4265 3675 4335 φυλακαὶ

2090 4348 2199 4401 τῶν
2221 4346 2496 4419 διαφόρων
2519 4346 2816 4418 ἀρχόντων,
2841 4345 3225 4417 μετεποιοῦντο
3244 4349 3324 4413 είς
3348 4348 3670 4419 ἐκκλησίας·

2092 4432 2188 4486 καὶ
2220 4430 2381 4502 ὕμνοι
2417 4432 2516 4502 μὲν
2556 4432 2650 4485 καὶ
2685 4430 2955 4502 ἀναφοραὶ
2991 4431 3306 4503 μυστηρίων
3335 4433 3394 4485 ἐν
3423 4435 3546 4497 ταῖς
3575 4450 3679 4501 φυ-

2092 4516 2288 4579 λακαῖς
2328 4513 2715 4577 ἐπετελοῦντο,
2770 4514 3034 4585 μάστιγες
3075 4514 3134 4568 δὲ
3175 4515 3269 4569 καὶ
3312 4515 3677 4588 στρεϐλώσεις

2095 4600 2189 4655 καὶ
2224 4601 2377 4672 ὅρκοι
2408 4600 2624 4672 φρικτο“ι
2649 4600 2708 4652 ἐν
2731 4601 2850 4663 ταῖς
2884 4599 3203 4670 ἐκκλησίαις
3231 4598 3557 4671 ἡμιλλῶντο,
3584 4601 3678 4655 ἐπὶ

2095 4682 2526 4755 ἀναθεματισμῷ
2568 4682 2816 4736 Ἰωάννου
2852 4682 2946 4737 τοῦ
2984 4684 3143 4755 μέχρι
3179 4683 3411 4739 θανάτου
3456 4685 3678 4758 ἐχθρεύ-

2097 4786 2289 4833 σαντος
2317 4770 2383 4839 τῇ
2426 4766 2593 4840 κακία
2624 4768 2718 4821 τοῦ
2751 4767 3000 4822 διαϐόλου
3020 4783 3035 4798 ·
3079 4769 3189 4847 τῆς
3211 4768 3594 4841 Πεντηκοστῆς
3619 4768 3678 4824 δέ

2100 4851 2616 4925 συμπληρωθείσης,
2651 4850 2793 4921 μετά
2830 4851 2991 4904 πέντε
3021 4848 3234 4924 ἡμέρας
3266 4848 3600 4918 είσελθόντες
3629 4856 3677 4908 οἱ

2099 4937 2229 5009 περὶ
2282 4936 2555 4999 ’Δκάκιον,
2587 4936 2683 4989 καὶ
2716 4935 3065 5007 Σευηριανὸν,
3100 4937 3196 4991 καὶ
3235 4937 3527 5008 Ἀντίοχον,
3582 4937 3679 4992 καὶ

2097 5023 2333 5094 Κυρῖνον
2365 5019 2502 5091 πρὸς
2528 5019 2621 5074 τὸν
2655 5019 2899 5090 βασιλέα,
2929 5019 3180 5089 λέγουσιν
3215 5020 3384 5093 αὐτῷ·
3423 5020 3676 5087 Βασιλεῦ,

2099 5108 2164 5160 σὺ
2194 5106 2328 5176 ἡμῖν
2365 5102 2517 5173 παρά
2548 5102 2683 5156 Θεοῦ
2717 5104 2818 5157 οὐκ
2862 5103 3343 5175 ἐξουσιαζόμενος,
3379 5104 3495 5159 ἀλλ’
3525 5105 3675 5174 ἐξουο

2101 5189 2302 5253 σιάζων
2333 5186 2443 5241 τῶν
2465 5186 2708 5258 πάντων,
2737 5186 2915 5251 ἔξεστί
2940 5204 3022 5241 σοι
3048 5188 3079 5241 ὃ
3108 5187 3284 5252 θέλεις
3305 5191 3555 5260 ποιῆσαι.
3587 5189 3680 5261 Μὴ

2099 5274 2250 5343 γίνου
2281 5270 2667 5344 πρεσϐυτέρων
2695 5272 3015 5344 πραότερος,
3055 5274 3151 5326 καὶ
3181 5272 3499 5327 ἐπισκόπων
3522 5272 3684 5326 όσιώ-

2098 5372 2289 5428 τερος·
2336 5356 2563 5426 εἴπομέν
2601 5373 2683 5409 σοι
2716 5356 2808 5409 ἐπὶ
2852 5357 3070 5410 πάντων
3092 5372 3105 5386 ·
3155 5355 3279 5409 Ἐπὶ
3310 5356 3410 5426 τὴν
3438 5354 3682 5425 κεφαλὴν

2100 5440 2316 5512 ἡμῶνή
2356 5439 2603 5493 Ἰωάννου
2636 5439 2974 5511 καθαίρεσις.
3015 5439 3105 5510 Μὴ
3143 5439 3323 5493 τοίνυν
3362 5438 3526 5513 φείσῃ
3564 5437 3682 5503 ἐνὸς

2100 5523 2411 5597 ἀνθρώπου,
2440 5523 2737 5594 ἀφειδήσας
2764 5524 2981 5577 πάντων
3007 5522 3162 5594 ήμῶν
3182 5538 3198 5555 ·
3240 5522 3553 5586 Ἰουδαϊκοῖς
3577 5522 3683 5593 ρή-

2104 5625 2266 5681 μασι,
2302 5606 2442 5678 τάχα
2483 5605 2539 5660 δὲ
2588 5607 2683 5661 καλ⁵
2731 5607 3052 5679 πράγμασι,
3103 5606 3545 5678 παραπείσαντες
3591 5603 3683 5661 τὸν

2176 5764 2205 5803 ι
2226 5761 2404 5823 Georg.
2429 5756 2626 5809 ίδοῦσάν
2650 5773 2754 5806 τινα
2775 5756 3016 5820 ἐλευθέραν
3035 5773 3138 5820 γνν.
