4114 6392
388 423 449 477 55
1378 408 1465 462 DE
1507 407 1663 461 vrra
1707 405 1765 461 s.
1804 398 2088 459 tom-ms
2127 373 2621 457 CIIRYSOSTOMI.
3592 402 3662 462 δι

368 551 437 594 .et
467 544 686 607 propter
706 548 809 591 eos
839 532 927 602 qui
970 525 1319 598 regenerandi
1350 534 1504 579 erant
1528 537 1648 576 cum
1682 520 1789 590 jam
1822 526 1967 573 cate-

384 629 578 684 rhizati
606 634 808 689 essent,
832 633 891 678 ut
913 620 1245 677 sacerdotem
1270 631 1425 671 suum
1459 630 1521 669 ea
1547 612 1830 681 reciperet.
1855 608 1969 663 Non

385 720 551 777 auditi
581 728 705 771 sunt
742 730 903 785 super
931 728 992 768 ea
1036 727 1095 765 re
1129 729 1140 762 :
1172 710 1241 762 ita
1272 717 1329 760 ut
1372 718 1591 760 sanctus
1619 703 1811 758 Paulus
1861 701 1975 766 epi-

388 826 582 879 scopus
609 807 819 867 Gratiae.
848 801 1199 873 imperterrita
1225 798 1414 853 fiducia
1438 796 1640 849 diceret
1671 812 1682 846 :
1717 790 1971 851 Eudoxia,

392 904 557 956 Deum
594 900 739 960 time,
794 906 1006 950 tuorum
1047 903 1096 948 te
1136 893 1421 945 liberorum
1463 888 1712 941 misereat
1750 902 1761 936 :
1808 896 1977 950 neque

389 996 528 1050 viola
575 1001 811 1047 sanctam
859 984 1469 1043 Christisolentuitatetn
1520 977 1794 1045 sanguinis
1844 972 1979 1026 cliu-

394 1088 564 1141 sioue.
596 1082 812 1137 I‘ueversi
846 1081 1003 1149 igitur
1033 1076 1376 1146 quadraginta
1408 1072 1642 1142 episcopi
1666 1112 1681 1134 ,
1717 1070 1769 1123 in
1798 1069 1977 1122 diver-

398 1178 554 1231 soriis
586 1176 698 1229 suis
728 1172 1130 1241 pervigilaruut,
1157 1167 1245 1220 alii
1283 1181 1400 1220 cum
1432 1163 1701 1233 lacrymis,
1739 1161 1827 1214 alii
1858 1176 1980 1215 cum

397 1282 652 1327 mmrore,
680 1264 766 1317 alii
799 1261 1027 1330 denique
1056 1256 1399 1326 insuperabili
1429 1265 1647 1322 stupore
1674 1252 1870 1307 mentis
1891 1249 1982 1305 de-

399 1358 553 1418 tenti,
606 1364 761 1424 prout
809 1365 1246 1420 unumquemque
1289 1361 1416 1400 suus
1471 1346 1695 1400 aII'ecHts
1742 1343 1979 1411 regebat.

399 1448 618 1503 Joannis
643 1455 816 1499 tamen
844 1442 1138 1512 presbyteri
1169 1439 1258 1511 qui
1300 1440 1390 1492 Dei
1422 1439 1667 1491 timorem
1700 1435 1982 1495 habebant,

404 1540 458 1608 in_
492 1538 699 1608 publico
731 1539 943 1592 lavacro
966 1533 1107 1604 quod
1136 1530 1546 1586 ConStantianas
1573 1538 1765 1583 vocant
1791 1541 1988 1580 convo-

404 1606 537 1685 milis
569 1629 797 1698 populis,
826 1626 1035 1695 vigilias
1057 1622 1317 1693 agebant;
1348 1621 1433 1673 alii
1464 1619 1765 1688 Scripturas
1786 1616 1988 1670 divinas

405 1724 664 1793 legentes,
698 1721 786 1773 alii
836 1717 1254 1773 catechumenos
1283 1714 1632 1783 baptizantes,
1666 1719 1726 1763 ut
1769 1725 1863 1779 par
1886 1718 1986 1773 est,

410 1823 631 1884 propter
652 1812 879 1866 Pascha.
906 1810 1031 1863 Ila'c
1062 1807 1248 1861 eadem
1278 1821 1456 1874 prava:
1479 1803 1673 1857 mentis
1702 1813 1860 1871 atque
1890 1802 1988 1854 im-

409 1914 655 1973 pastores
670 1901 981 1962 Antiochus,
1005 1899 1332 1953 Severianus
1351 1905 1404 1950 et
1418 1895 1642 1949 Aeacius
1663 1894 1726 1947 ad
1746 1903 1993 1962 patronos

412 1994 669 2059 referunt,
696 2002 945 2062 rogantes
962 2001 1017 2044 ut
1051 1990 1228 2060 populi
1257 1988 1325 2041 ab
1352 1988 1467 2056 ejus
1495 1986 1595 2040 Ioci
1614 1996 1879 2039 conventu
1910 2000 1993 2037 ar-

411 2100 677 2143 cerentur.
712 2087 907 2141 Renuit
940 2086 982 2139 is
1009 2084 1099 2154 qui
1128 2094 1253 2137 tunc
1297 2081 1551 2151 magister
1576 2086 1726 2144 erat,
1764 2077 1949 2131 dicens
1980 2095 1992 2129 :

413 2182 528 2237 Nox
555 2192 657 2241 est,
686 2190 844 2248 atque
872 2179 1056 2247 ingens
1082 2188 1163 2231 est
1190 2173 1472 2229 multitudo
1504 2191 1515 2225 :
1549 2188 1615 2226 ne
1642 2171 1766 2241 quid
1797 2180 1997 2223 temere

415 2276 521 2325 fiat.
546 2270 839 2340 Respondit
865 2269 1089 2323 Aeacius
1116 2286 1128 2320 :
1158 2266 1326 2321 Nemo
1350 2266 1400 2319 in
1427 2264 1667 2319 ecclesiis
1698 2262 1912 2325 mansit,
1945 2268 1999 2313 et

413 2364 663 2417 timemus
691 2378 755 2416 ne
783 2360 919 2415 forte
957 2359 1253 2429 Imperator
1281 2356 1564 2411 ecclesiam
1606 2355 1893 2421 ingressus,
1942 2360 1998 2406 et

414 2454 680 2509 neminem
714 2453 1010 2514 inveniens,
1034 2451 1230 2505 sentiat
1258 2448 1433 2517 populi
1459 2462 1585 2515 erga
1616 2445 1874 2500 Joannem
1908 2443 2000 2499 be-

416 2546 771 2601 nevolentiam
795 2586 814 2610 ,
844 2558 1048 2613 nosque
1075 2551 1130 2596 ut
1157 2542 1366 2596 invidos
1396 2539 1736 2603 condemnet,
1773 2552 2002 2605 pra:ser-

418 2639 508 2691 titn
537 2654 657 2692 eum
690 2638 784 2706 ipsi
812 2637 1120 2699 dixerimus,
1174 2634 1441 2687 neminem
1487 2632 1704 2685 omnino
1731 2644 1870 2688 esse,
1902 2627 1990 2697 qui

416 2732 642 2784 libenter
662 2730 849 2783 Joatmi
870 2728 1138 2783 adhzereat
1160 2735 1339 2795 utpote
1358 2724 1560 2779 homini
1582 2722 1764 2777 infido.
1791 2721 1862 2775 Ita
1886 2736 2000 2774 ma-

416 2825 581 2891 gister
600 2824 675 2878 eis
702 2832 1027 2877 eontestatus
1053 2838 1168 2891 quae
1198 2830 1451 2874 eventura
1493 2826 1664 2881 erant,
1699 2817 1858 2871 tradit
1898 2816 2002 2869 illis

420 2914 638 2969 Lucium
662 2914 942 2984 quemdam
965 2956 979 2977 ,
1021 2913 1295 2983 gentilem,
1325 2920 1381 2964 ut
1407 2910 1679 2964 dicebatur
1698 2950 1712 2974 ,
1742 2918 2001 2963 rectorem

422 3005 631 3060 numeri
657 3006 1032 3065 scutariorum,
1059 3004 1317 3057 mandans
1341 3012 1396 3056 ιιι
1419 3002 1694 3057 moderate
1721 3001 2001 3056 ecclesiam

422 3096 690 3166 ingrcsws
721 3096 972 3166 populum
1002 3104 1342 3149 convocaret.
1378 3091 1655 3146 Profectus
1684 3091 1795 3157 ille,
1821 3103 1869 3145 et
1894 3106 2000 3144 non

422 3187 652 3249 auditus,
701 3188 857 3241 rediit
893 3185 961 3239 ad
990 3186 1242 3238 Acacium
1272 3226 1287 3248 ,
1319 3183 1495 3252 populi
1537 3183 1785 3236 ardorem
1818 3190 1871 3235 et
1901 3181 2004 3235 fre-

422 3280 691 3348 quentiam
727 3280 985 3333 indicans.
1020 3278 1145 3332 Post
1174 3280 1286 3330 hzec
1318 3276 1463 3329 illutn
1492 3275 1802 3344 suppliciter
1828 3284 2002 3339 orant,

423 3371 601 3425 aureis
622 3370 798 3425 verbis
835 3370 1183 3439 deprecantes
1203 3409 1218 3433 ,
1249 3367 1514 3437 adjunctis
1540 3368 1698 3419 etiam
1729 3366 2007 3435 promissis

426 3462 642 3531 majoris
668 3475 967 3529 processus,
994 3471 1047 3513 nt
1066 3460 1347 3529 impediret
1374 3458 1583 3513 Domini
1606 3458 1851 3527 gloriam,
1875 3473 2011 3526 pne.

425 3555 684 3622 cipicntes
721 3554 769 3607 ei
802 3562 856 3606 ut
884 3553 968 3607 vel
995 3554 1237 3606 oratione
1271 3565 1553 3619 persuasus
1580 3551 1805 3619 populos
1827 3549 1893 3603 ad
1915 3565 2007 3603 ec-

425 3648 640 3701 rlesiam
684 3646 1006 3707 adduceret,
1038 3646 1118 3699 vel
1152 3646 1200 3698 vi
1237 3644 1478 3697 turbatos
1511 3642 1791 3711 impediret
1830 3658 1899 3696 ne
1927 3642 2005 3695 fe-

425 3747 563 3791 stum
583 3739 930 3794 celebrarent.
956 3738 1052 3792 Hic
1069 3752 1195 3804 ergo
1216 3735 1389 3789 subito
1410 3735 1697 3803 assumptis
1714 3749 1891 3788 secum
1911 3734 2011 3788 cle-

427 3830 551 3884 ricis
581 3846 647 3882 ex
670 3839 816 3898 parte
834 3831 1006 3882 Acacii
1031 3871 1044 3891 ,
1076 3843 1320 3897 egressus
1356 3836 1435 3881 est
1460 3826 1691 3879 secunda
1717 3826 1890 3895 vigilia
1914 3843 2007 3879 uo-

426 3924 526 3978 ctis
549 3923 613 3977 ad
644 3924 692 3977 id
717 3934 929 3993 propter
970 3923 1108 3993 quod
1140 3923 1333 3975 tniSsus
1358 3932 1491 3975 erat.
1523 3920 1653 3974 Nam
1696 3921 1745 3972 in
1775 3936 1887 3983 eos,
1920 3920 2007 3988 qui

432 4016 679 4085 populum
718 4016 768 4068 in
808 4015 1045 4084 partibus
1082 4016 1275 4068 nostris
1312 4027 1480 4083 usque
1514 4011 1578 4065 ad
1621 4011 1844 4080 primum
1884 4010 2009 4079 galli

428 4116 639 4166 cantum
670 4105 1009 4169 detinebant,
1050 4105 1341 4174 derepente
1381 4116 1537 4157 noctu
1569 4104 1822 4172 impetum
1864 4103 2007 4163 fecit,

430 4198 544 4266 ipse
567 4198 767 4253 tirones
792 4198 989 4251 habens
1008 4240 1021 4262 ,
1046 4198 1314 4251 districtos
1330 4196 1531 4265 gladios
1553 4205 1822 4266 gestantes
1846 4195 2013 4249 instar

429 4288 571 4345 Esau
596 4288 1047 4358 quadringentos,
1089 4287 1301 4358 egregie
1334 4287 1691 4355 impudentes,
1723 4302 1842 4340 cum
1868 4286 2010 4338 indi-

429 4381 579 4436 cibus
603 4382 812 4436 clericis
838 4390 891 4436 et
918 4381 1195 4444 militibus,
1228 4382 1518 4435 insolenter
1539 4389 1592 4433 ut
1635 4381 1818 4448 lupus,
1849 4394 2012 4432 eoru-

432 4485 614 4530 scanle
643 4474 786 4529 ferro
819 4475 1206 4529 multitudinem
1239 4489 1607 4543 perrumpens.
1634 4473 1884 4526 Penetrat
1926 4486 2011 4524 ns-

432 4582 536 4634 que
565 4566 629 4619 ad
663 4575 873 4620 sanctas
898 4582 1081 4635 aquas,
1102 4575 1158 4619 ut
1178 4566 1483 4633 prohiberet
1508 4568 1702 4635 eosqui
1733 4564 2014 4619 initiabun-

434 4669 518 4709 tur
539 4666 873 4710 sacramento
897 4657 1182 4711 Dominica:
1205 4658 1611 4711 resurrectionis
1643 4676 1655 4711 :
1679 4666 1732 4712 et
1760 4659 1811 4711 in
1831 4659 2013 4714 diaco-

437 4763 561 4801 num
592 4748 887 4817 procaciter
918 4748 1110 4813 i!lisus,
1139 4748 1379 4818 sytnbola
1411 4747 1595 4803 effudit
1622 4767 1634 4801 :
1668 4750 2016 4821 presbyteros

436 4855 563 4894 vero
605 4840 915 4909 grandmvos
956 4840 1179 4893 fustibus
1224 4841 1273 4893 in
1318 4842 1491 4910 capite
1538 4841 1757 4907 feriens,
1802 4857 2013 4895 sacrum

438 4932 636 4987 fontem
685 4947 876 4985 cruore
924 4934 1243 5001 conspersit.
1286 4932 1434 4985 Tunc
1462 4932 1645 4986 videre
1674 4944 1788 4986 erat
1816 4934 2019 5003 angeli-

437 5038 553 5078 catn
585 5022 723 5075 illam
753 5030 981 5100 noctem,
1028 5022 1079 5074 in
1109 5037 1211 5089 qua
1242 5022 1400 5074 etiam
1445 5021 1717 5075 dzemones
1762 5033 2019 5078 corruunt

443 5114 749 5184 perterriti,
792 5114 843 5167 in
878 5114 1236 5184 labyrinthum
1284 5129 1622 5168 conversam.
1671 5114 1835 5168 Nuda:
1874 5115 2016 5169 enim

444 5207 696 5260 mulieres
716 5221 837 5261 cum
864 5205 995 5259 viris
1022 5215 1166 5258 metu
1194 5206 1381 5258 mortis
1402 5214 1493 5258 aut
1519 5204 1857 5274 turpitudinis
1881 5208 2018 5276 turpi

441 5298 579 5368 fugae
624 5314 681 5352 se
725 5297 942 5357 dabant.
994 5296 1305 5349 indecorum
1361 5310 1574 5349 cursum
1630 5294 2019 5364 przeferentes:

442 5391 578 5444 alius
604 5405 761 5443 manu
784 5388 1089 5442 vulneratus
1111 5387 1291 5440 abibat
1319 5388 1532 5455 plorans
1556 5402 1568 5439 :
1604 5387 1739 5441 alius
1759 5387 2017 5457 virginem

445 5481 689 5535 trahebat
729 5479 1017 5534 conscissis
1061 5478 1330 5541 vestibus;
1367 5493 1554 5532 omnes
1592 5489 1769 5532 autem
1809 5478 2016 5547 deprte-

444 5574 634 5627 dantes
674 5586 823 5626 sacra
870 5585 1014 5631 vasa,
1058 5570 1158 5623 sibi
1201 5569 1496 5638 rapiebant.
1526 5569 1614 5622 Sic
1636 5570 1936 5639 presbyteri
1966 5580 2023 5625 et

445 5664 653 5719 diaconi
686 5664 773 5731 qui
800 5664 942 5733 capti
965 5668 1121 5717 erant
1141 5700 1158 5725 ,
1188 5660 1241 5714 in
1266 5676 1537 5716 carcerem
1558 5660 1981 5717 detrudebantur
2006 5679 2021 5717 :

446 5757 535 5824 qui
566 5765 743 5809 autem
771 5756 823 5808 iu
857 5754 1050 5824 populo
1089 5761 1242 5807 erant
1269 5754 1512 5805 honorati
1537 5794 1550 5816 ,
1580 5753 1711 5807 urbe
1736 5753 1878 5822 regia
1914 5754 2027 5822 pel-

445 5847 711 5902 Ichautur.
758 5847 956 5901 Deinde
998 5845 1169 5900 edicta
1211 5843 1311 5897 alia
1339 5858 1500 5911 super
1538 5844 1637 5897 alia
1669 5858 1766 5913 per
1793 5845 2023 5914 compita

2080 516 2531 585 proponebantur,
2584 515 2757 569 varias
2799 515 2968 569 minas
3007 514 3356 575 continentia,
3411 515 3511 570 nisi
3540 520 3663 587 quis

2080 623 2200 661 cum
2232 608 2437 663 Joanne
2462 608 2892 663 communionem
2924 607 3231 678 abnegaret.
3263 607 3392 661 Cum
3415 609 3527 662 lucc
3554 626 3666 663 ma-

2082 700 2223 755 xime
2255 699 2480 767 fierent,
2511 709 2563 755 et
2591 700 2741 769 plura
2774 700 2835 754 iis
2865 700 2953 770 qui
2996 699 3310 753 dicebautur
3348 701 3580 770 episcopi
3613 704 3664 754 in

2084 792 2297 860 publico
2324 792 2641 846 molirentur
2669 809 2681 845 :
2711 803 3006 845 conventus
3044 801 3219 846 tamen
3234 807 3415 845 cormn
3443 793 3531 860 qui
3562 792 3664 847 do-

2083 895 2285 939 ctorem
2310 902 2461 939 suum
2493 894 2586 939 ant
2617 886 2791 955 petius
2818 885 2908 956 qui
2938 887 3103 939 Deum
3137 885 3406 954 amabant,
3439 904 3541 940 non
3570 887 3669 941 mi-

2085 978 2386 1041 nuebatur;
2415 977 2508 1031 sed
2541 988 2597 1031 ut
2621 978 2675 1031 in
2706 978 2892 1031 Exodo
2919 979 3125 1048 legitur,
3157 990 3355 1049 quanto
3378 982 3544 1050 magis
3571 996 3668 1034 oc-

2088 1066 2359 1129 cidebant.
2390 1077 2537 1120 tanto
2564 1069 2744 1137 plures
2774 1067 2994 1121 fiebant.
3024 1068 3118 1123 Die
3148 1070 3392 1138 sequenti
3422 1086 3669 1138 egressus

2090 1157 2389 1227 Imperator
2434 1170 2491 1211 ut
2532 1175 2651 1213 sese
2677 1170 2951 1213 exerceret
2997 1161 3050 1212 in
3093 1160 3267 1214 vicino
3298 1176 3508 1232 campo,
3540 1162 3675 1215 vidit

2090 1266 2276 1320 agrum
2318 1254 2459 1305 circa
2491 1251 2766 1321 Pemptum
2797 1266 2889 1302 seu
2917 1251 3168 1318 Quintum
3199 1267 3303 1305 non
3331 1254 3593 1311 consitum
3619 1264 3674 1307 et

2090 1338 2429 1403 candentem,
2477 1348 2532 1394 et
2579 1340 2907 1409 stupefactus
2964 1340 3217 1409 adspectu
3266 1342 3463 1396 coloris
3505 1358 3676 1411 nuper

2093 1431 2477 1499 baptizatorum
2512 1429 2687 1503 (erant
2708 1431 2850 1485 enim
2878 1432 2943 1485 ad
2970 1433 3068 1485 tria
3096 1433 3261 1488 ferme
3283 1434 3490 1505 millia),
3524 1434 3677 1488 satel«

2095 1521 2214 1576 lites
2257 1530 2426 1591 rogat,
2471 1523 2685 1590 quinam
2714 1532 2857 1577 esset
2904 1523 2975 1576 illi
3002 1536 3444 1593 eongregatorum
3482 1536 3675 1581 coetus.

2098 1612 2175 1665 Illi
2207 1620 2384 1664 autem
2417 1614 2644 1677 mentiti,
2674 1613 2859 1667 dicunt
2893 1614 3264 1669 harretieorum
3294 1632 3433 1680 esse,
3465 1628 3521 1671 ut
3547 1620 3679 1674 iram

2099 1704 2443 1774 Imperatoris
2464 1706 2778 1760 excitarent.
2826 1706 2903 1760 Re
2928 1712 3160 1777 cognita,
3192 1711 3371 1763 statim
3413 1710 3569 1778 hujus
3599 1713 3677 1767 rei

2098 1796 2393 1851 ministriet
2428 1798 2635 1851 invidia)
2666 1800 2906 1867 patroni,
2932 1801 3223 1855 atrociores
3252 1818 3282 1855 e
3310 1805 3627 1873 sequacibus
3653 1820 3681 1857 a

2100 1899 2251 1957 tergo
2265 1891 2622 1955 summittunt,
2639 1891 2987 1959 adauditores
3003 1891 3685 1961 dissipandos,etdoctorcs

2099 1981 2635 2049 comprehendendos
2666 2000 2679 2036 :
2710 1983 2797 2051 qui
2841 1983 2964 2036 illuc
3002 1984 3247 2053 profecti,
3282 1985 3456 2038 denuo
3488 2002 3688 2056 paucos

2101 2089 2131 2128 e
2155 2074 2385 2140 clericis,
2421 2075 2602 2143 plures
2631 2091 2759 2129 vero
2785 2091 2815 2129 e
2840 2076 2987 2129 laicis
3007 2078 3327 2146 corripiunt.
3356 2080 3489 2133 Tum
3513 2081 3689 2135 Theo-

2100 2167 2263 2220 dorus
2290 2168 2365 2220 ait
2391 2187 2402 2221 :
2438 2166 2481 2222 Ο
2511 2168 2819 2223 beatissime
2847 2170 3013 2236 Pater,
3048 2186 3169 2224 eum
3198 2182 3303 2224 tam
3334 2173 3482 2227 mttlti
3507 2183 3690 2229 essent

2103 2268 2159 2312 ut
2182 2260 2577 2329 neopbytorum
2625 2276 2881 2315 numerus
2918 2263 2982 2315 ad
3009 2265 3107 2318 tria
3144 2266 3305 2318 millia
3332 2266 3644 2334 procederet
3675 2284 3689 2319 :

2102 2350 2440 2421 quomodoin
2467 2361 2782 2420 potestatein
2826 2368 3113 2420 paucorum
3144 2357 3368 2410 militum
3399 2357 3686 2422 devenere,

2098 2457 2289 2496 eorum
2305 2454 2444 2496 coetu
2458 2443 2715 2511 disjecto?
2733 2445 2903 2500 EPISC.
2926 2445 3053 2499 Illud
3075 2463 3244 2517 neque
3265 2448 3542 2516 paucitatis
3560 2448 3697 2503 indi-

2111 2536 2274 2596 cium,
2310 2549 2481 2605 neque
2520 2535 2616 2588 zeli
2650 2536 2845 2590 nullius
2872 2548 3266 2607 argumentum,
3294 2539 3388 2593 sed
3420 2540 3693 2611 religionis

2106 2627 2435 2695 prmstantia,
2469 2638 2521 2680 et
2566 2642 2708 2681 cura:
2737 2628 3017 2683 doctorum
3047 2630 3455 2697 demonstratio,
3484 2634 3572 2703 qui
3603 2649 3693 2687 as-

2106 2718 2256 2773 sidue
2287 2720 2535 2789 pacificas
2566 2731 2774 2775 mentes
2804 2722 3122 2792 dirigehaut.
3158 2724 3472 2780 Theodorus
3516 2736 3693 2780 autem

2106 2811 2179 2863 ait
2209 2828 2221 2862 :
2250 2811 2461 2879 Optime
2487 2812 2619 2866 dicis
2668 2830 2680 2866 :
2725 2829 2896 2881 neque
2926 2817 3065 2867 enim
3111 2815 3333 2869 decebat
3376 2827 3432 2870 ut
3459 2818 3544 2885 qui
3574 2833 3699 2887 pru-

2107 2903 2340 2957 dentiam
2389 2912 2444 2957 et
2490 2906 2953 2959 mansuetudinem
2994 2923 3021 2958 a
3070 2907 3225 2960 beato
3268 2907 3473 2962 Joanne
3501 2909 3697 2962 edoce-

2109 2995 2320 3056 bantur,
2364 2997 2679 3063 insipienter
2722 3010 2884 3066 atque
2912 2999 3255 3053 tmnultuarie
3306 2999 3474 3070 ipsam
3516 2999 3702 3054 defen-

2109 3088 2297 3142 derettt
2320 3100 2372 3143 et
2402 3090 2752 3144 vindicarent.

2180 3182 2363 3235 CAPUT
2402 3198 2454 3235 π.
2482 3213 2551 3223 -—
2596 3184 2772 3239 Ertsc.
2820 3184 2954 3239 Cum
3007 3184 3120 3239 hazc
3166 3185 3258 3239 tibi
3307 3186 3583 3254 placeant.
3634 3201 3704 3241 ne

2110 3291 2411 3330 sermonem
2455 3292 2638 3346 qumso
2678 3278 3035 3348 interrumpe,
3090 3295 3245 3348 quem
3288 3280 3513 3348 pessima
3566 3278 3700 3334 facta

2110 3377 2435 3437 pepererunt
2464 3387 2476 3422 :
2506 3369 2682 3423 solent
2702 3370 2842 3423 enim
2874 3380 2929 3422 ιιι
2960 3371 3242 3439 plurimum
3270 3388 3297 3425 a
3327 3371 3477 3426 factis
3496 3389 3703 3427 sermo-

2114 3477 2207 3514 nes
2238 3462 2401 3530 gigni.
2436 3463 2571 3516 Cum
2599 3464 2810 3517 clericis
2846 3466 3003 3535 igitur
3032 3476 3084 3520 et
3116 3467 3262 3521 laicis
3292 3467 3520 3522 detentis
3555 3483 3705 3525 Com-

2115 3554 2394 3622 prehensze
2441 3565 2565 3609 sunt
2609 3558 2848 3610 virorum
2889 3557 3144 3611 nobilium
3186 3559 3458 3630 conjuges.
3494 3561 3627 3616 Sunt
3651 3570 3706 3616 et

2117 3646 2310 3714 quibus
2336 3647 2472 3715 rapti
2516 3648 2808 3713 mafortes,
2841 3649 2960 3702 aliis
2992 3649 3206 3703 inaures
3243 3665 3363 3704 cum
3415 3652 3516 3705 ima
3557 3663 3705 3719 parte

2112 3738 2318 3790 aurium
2356 3738 2512 3791 simul
2544 3738 2823 3793 detraxere
2852 3758 2862 3789 :
2897 3740 3030 3793 adeo
3072 3751 3127 3794 ut
3154 3758 3271 3795 cum
3302 3742 3505 3797 videret
3549 3744 3707 3799 Eleu-

2117 3829 2251 3884 tlteri
2279 3830 2554 3897 cujusdam
2586 3847 2719 3884 uxor
2758 3830 3159 3901 opulentissima
3183 3875 3195 3895 ,
3228 3833 3414 3888 relicto
3440 3835 3663 3889 maforte
3685 3878 3700 3897 ,

2114 3927 2167 3971 et
2197 3928 2344 3973 veste
2375 3920 2609 3973 ancillari
2633 3931 2904 3991 assumpta
2924 3964 2939 3987 ,
2967 3939 3124 3976 cursu
3154 3924 3426 3978 civitatem
3459 3927 3703 3994 petierit,

2116 4023 2173 4063 ut
2204 4011 2507 4080 pudicitiam
2542 4029 2690 4067 suam
2720 4024 2978 4068 servaret.
3017 4015 3142 4068 Erat
3174 4018 3313 4070 enim
3347 4019 3583 4085 profecto
3607 4019 3704 4074 de-

2115 4117 2239 4156 cora
2289 4104 2467 4172 specie
2505 4114 2691 4158 ornata
2732 4116 2786 4159 et
2828 4107 3057 4175 eleganti
3098 4106 3286 4161 forma.
3316 4108 3467 4163 IIunc
3494 4125 3622 4180 ergo
3653 4111 3705 4165 in

2116 4194 2329 4247 modum
2366 4196 2564 4264 impleti
2597 4197 2865 4249 variorum
2898 4200 3296 4267 magistratuum
3319 4216 3561 4256 Carceres
3590 4219 3707 4256 mtt-

2118 4286 2364 4338 tabantur
2409 4288 2458 4338 in
2504 4287 2759 4340 ecclesias
2790 4306 2801 4339 :
2832 4297 2886 4341 et
2915 4289 3094 4358 hymni
3127 4290 3337 4358 quidem
3369 4301 3527 4361 atque
3553 4292 3706 4347 obla-

2121 4378 2292 4431 tiones
2342 4379 2715 4448 mysteriorum
2783 4381 2833 4432 in
2897 4383 3203 4435 carceribus
3258 4385 3703 4451 peragebantur;

2118 4470 2277 4537 flagra
2312 4484 2439 4523 vero
2484 4479 2538 4522 et
2584 4470 2854 4523 cruciatus
2901 4480 2955 4524 et
3002 4473 3275 4528 horribilia
3317 4474 3617 4543 juramenta
3651 4479 3705 4533 in

2119 4559 2360 4613 ecclesiis
2399 4562 2642 4613 certatim
2672 4560 3082 4625 adhibebantur,
3115 4576 3170 4617 ut
3200 4567 3711 4625 auatltematizarent

2119 4650 2377 4704 Joannem
2399 4694 2410 4711 ,
2456 4652 2542 4721 qui
2591 4652 2653 4703 ad
2695 4662 2916 4706 mortem
2948 4671 3112 4723 usque
3138 4672 3256 4711 cum
3284 4658 3479 4712 diaboli
3510 4662 3708 4717 malitia

2121 4743 2475 4812 depugnabat.
2523 4744 2719 4808 Quinto
2767 4760 2925 4813 porro
2973 4747 3060 4801 die
3104 4764 3132 4800 a
3181 4747 3324 4801 finita
3357 4750 3707 4819 Pentecoste,

2123 4838 2346 4888 Aeacius
2373 4876 2385 4896 ,
2425 4836 2780 4900 Severianus,
2832 4839 3123 4891 Antiochus
3153 4852 3312 4909 atque
3352 4844 3580 4913 Cyrinus
3610 4846 3709 4899 Im-

2125 4937 2419 4994 peratorent
2449 4927 2683 4987 adeunt,
2712 4941 2800 4993 et,
2847 4929 3036 4992 Nobis,
3073 4930 3315 5000 inqttittut
3340 4976 3353 4998 ,
3383 4951 3412 4986 ιι
3444 4936 3551 4989 Deo
3580 4952 3711 4990 eun-

2124 5023 2338 5075 stiltttus
2368 5038 2426 5075 es
2451 5062 2465 5081 .
2498 5021 2814 5091 Imperator,
2848 5023 3049 5077 nemini
3093 5026 3395 5094 subjectus,
3440 5039 3491 5082 et
3528 5046 3717 5085 omnes

2127 5113 2218 5165 tibi
2244 5112 2484 5165 subditos
2511 5112 2717 5167 habens
2743 5130 2756 5178 ;
2790 5114 2905 5167 licet
2933 5115 3023 5168 tibi
3055 5116 3194 5185 quod
3226 5118 3373 5172 Iubet
3403 5121 3600 5177 facere.
3628 5123 3707 5177 Ne

2127 5203 2199 5255 sis
2227 5203 2555 5274 presbyteris
2599 5205 2799 5265 mitior,
2846 5220 2945 5259 nec
2974 5208 3239 5277 episcopis
3267 5213 3499 5266 sanctior
3529 5230 3540 5267 :
3574 5215 3714 5267 dixi-

2129 5311 2248 5349 mus
2280 5297 2370 5350 tibi
2401 5312 2580 5350 coram
2609 5298 2857 5350 omnibus
2887 5316 2899 5350 :
2952 5299 3006 5351 In
3037 5312 3194 5369 caput
3223 5312 3462 5358 nostrum
3494 5304 3716 5361 Joannis

2128 5385 2394 5454 depositio
2440 5397 2575 5440 esto.
2604 5388 2682 5441 Ne
2725 5389 2882 5457 igitur
2925 5389 3122 5443 homini
3155 5393 3242 5445 uni
3272 5404 3326 5448 ιιι
3370 5411 3591 5463 parcas,
3623 5413 3719 5452 nos

2130 5493 2316 5530 omnes
2348 5479 2527 5546 perde.
2562 5478 2796 5532 Judaicis
2824 5481 3023 5546 verbis,
3058 5481 3285 5537 fortasse
3307 5496 3359 5539 et
3390 5487 3559 5552 factis,
3593 5472 3722 5541 sub-

2130 5569 2253 5622 dole
2278 5581 2654 5639 persuaserunt
2682 5570 2730 5623 id
2763 5570 3092 5640 Imperatori.
3122 5574 3210 5628 Sic
3236 5574 3530 5645 Imperator
3557 5582 3719 5635 misso

2133 5663 2363 5717 Patricio
2388 5664 2615 5727 notario,
2638 5662 2750 5717 haec
2771 5664 2961 5717 Joanni
2990 5665 3265 5721 denuntiat
3291 5688 3302 5721 :
3335 5671 3581 5736 Aeacius,
3608 5676 3720 5728 An-

2135 5756 2377 5815 tiochus,
2429 5755 2769 5821 Severianus,
2819 5766 2874 5810 et
2912 5757 3165 5828 Cyrinus,
3214 5761 3712 5819 condenmatiom-m

2138 5857 2280 5902 tuam
2308 5845 2362 5901 i'l
2392 5854 2551 5918 caput
2587 5862 2739 5903 suum
2769 5847 3130 5915 conjeceruat.
3165 5852 3328 5917 Igitur
3364 5855 3453 5910 ubi
3484 5873 3571 5913 res
3604 5867 3724 5915 tuan
