4114 6392
421 347 494 404 55
1669 330 1989 393 PALLADII
2026 300 2381 391 nummis
2851 397 2855 401 ,
3637 339 3707 396 τε

424 465 533 519 Deo
558 462 1017 520 commendaveris
1036 504 1052 527 ,
1099 459 1359 532 egredere
1382 456 1642 514 Ecclesia.
1674 453 1752 509 Ita
1776 452 2011 509 Joannes

2119 451 2354 522 ptionem
2389 460 2446 507 et
2488 452 2904 509 admonitionem
2947 468 3134 511 eorum
3158 456 3247 526 qui
3284 453 3531 511 nesciunt
3578 459 3710 512 resi-

419 556 706 623 cpiscopus
732 564 850 624 post
889 562 1129 624 apertam
1156 568 1218 607 ac
1247 550 1468 606 minime
1495 547 1865 604 adumbratam
1889 544 2014 612 jus-
2116 546 2324 612 piscere
2350 545 2452 599 nisi
2473 542 2728 615 adspectu
2750 547 3015 601 malorum
3037 547 3290 602 divinitus
3310 548 3706 603 immissorum:

418 646 626 699 sionem
662 660 726 700 ex
752 644 1025 714 episc0pio
1053 642 1339 699 discedens
1384 657 1505 696 cum
1552 639 1839 709 episcopis,
1881 635 2011 691 dicit

418 736 666 791 omnibus
698 753 711 790 :
744 735 956 802 Venite,
987 750 1226 798 oremus,
1274 743 1328 789 et
1368 732 1559 802 angelo
1614 729 1869 784 Ecclesia:
1909 741 2007 780 va-

416 827 708 882 ledicamus
750 838 767 880 ':
814 826 968 883 ltetus
1015 826 1231 897 quidem
1274 825 1346 880 ob
1403 839 1491 878 res
1541 822 1718 891 ipsas.
1775 833 2009 874 moerens

415 928 595 974 autem
635 920 705 975 ob
748 920 928 990 populi
978 933 1290 975 maerorem.
1340 916 1590 974 Protinus
1642 913 1904 984 quispiam
1942 927 2011 966 ex

416 1010 679 1080 religiosis
717 1011 1031 1081 proceribus
1055 1010 1169 1066 haec
1197 1009 1387 1065 Joanni
1416 1006 1681 1078 significat
1708 1023 1721 1060 :
1753 1002 2007 1074 Quando-

413 1102 632 1173 quidem
660 1103 878 1169 Lucius,
911 1105 993 1158 vir
1018 1103 1193 1158 audax
1220 1114 1276 1158 et
1297 1101 1433 1157 facie
1457 1100 1760 1171 impudens,
1793 1107 2008 1168 paratus

414 1202 500 1249 est
547 1194 598 1249 in
646 1195 861 1264 publico
908 1195 1124 1250 lavacro
1167 1209 1289 1249 cum
1333 1192 1590 1248 militibus
1622 1191 1766 1257 suis,
1798 1191 1843 1244 si
1871 1188 2010 1243 forte

414 1285 751 1341 contradicas
772 1296 864 1340 aut
890 1285 1130 1353 differas,
1161 1285 1246 1339 vel
1277 1283 1499 1338 invitum
1529 1289 1583 1337 te
1610 1280 1823 1336 trahere
1849 1287 2008 1348 atque

414 1376 704 1447 expellere,
735 1375 888 1446 plebs
910 1384 1087 1430 autem
1124 1375 1356 1429 civitatis
1384 1379 1782 1435 commovetur;
1816 1368 2006 1425 festina

414 1471 551 1525 clam
575 1468 790 1538 egredi,
819 1485 887 1525 ne
917 1477 971 1525 te
1000 1467 1295 1524 defendens
1322 1466 1572 1537 populus,
1600 1478 1723 1518 cum
1751 1459 2007 1516 militibus

415 1575 646 1631 pugnam
675 1561 995 1615 committat.
1030 1559 1178 1614 Tunc
1207 1558 1441 1614 Joannes
1479 1572 1603 1628 cum
1630 1553 1881 1626 lacrymis
1908 1552 2009 1607 ali-

414 1669 550 1724 quos
588 1668 654 1708 ex
701 1654 969 1723 episcopis
1009 1654 1279 1708 osculatus
1311 1649 1567 1724 (reliquos
1593 1649 1737 1705 enim
1775 1647 2006 1703 osculari

414 1757 521 1799 non
568 1745 780 1801 sinebat
823 1741 1023 1818 dolor),
1068 1744 1188 1800 vale
1234 1744 1368 1799 dixit
1392 1743 1603 1798 caeteris
1632 1742 1685 1796 in
1725 1740 2001 1795 sacrario:

412 1838 640 1904 Manete,
672 1838 936 1909 inquiens,
969 1836 1057 1892 hic
1081 1836 1293 1892 interim
1318 1876 1334 1903 ,
1362 1844 1420 1890 ut
1444 1833 1715 1905 profectus
1734 1832 2002 1888 modicum

412 1932 704 2001 quiescam.
728 1930 1001 2000 Ingressus
1022 1941 1201 1984 autem
1219 1927 1612 1999 baptisterium,
1636 1924 2004 1999 Olympiadem

414 2035 592 2089 vocat,
617 2040 735 2093 qua:
758 2022 827 2076 ab
852 2022 1092 2078 Ecclesia
1121 2038 1226 2076 non
1255 2019 1581 2082 discedebat,
1616 2018 1771 2074 simul
1792 2027 1849 2073 et
1867 2017 2007 2072 Pen—

413 2116 613 2172 tadiam
662 2125 717 2171 et
760 2115 1003 2170 Proclam
1054 2113 1404 2180 diaconissas,
1458 2120 1515 2167 et
1557 2110 1813 2166 Silvinam
1860 2108 2002 2163 beati

410 2208 651 2265 Nebridii
682 2221 935 2271 uxorem,
969 2222 1090 2277 quae
1115 2205 1424 2260 viduitatem
1458 2217 1609 2257 suam
1639 2202 1918 2256 honestate
1941 2214 2005 2254 ac

412 2299 673 2356 modestia
698 2298 1026 2362 decorabat;
1055 2308 1215 2368 atque
1238 2297 1319 2352 eis
1338 2296 1506 2351 dicit:
1536 2294 1728 2349 Venite
1746 2334 1760 2358 ,
1794 2310 1826 2346 o
1859 2292 2000 2359 filiae,

414 2390 596 2445 audite
620 2405 729 2446 me.
775 2389 905 2458 Qua:
944 2388 1010 2444 ad
1041 2404 1129 2444 me
1152 2389 1417 2451 attinent,
1447 2386 1605 2441 linem
1643 2394 1697 2439 ut
1725 2384 1882 2438 video
1913 2384 2007 2437 ha-

413 2481 580 2537 bent:
607 2496 821 2537 cursum
864 2496 1041 2536 meum
1084 2478 1479 2544 consummavi,
1522 2485 1581 2534 et
1627 2476 1766 2533 forte
1801 2476 2003 2531 vultum

414 2589 597 2630 meum
641 2588 747 2627 non
791 2572 1024 2641 amplius
1066 2571 1336 2627 videbitis.
1382 2570 1496 2625 lloc
1521 2584 1685 2623 unum
1714 2577 1833 2632 est,
1863 2566 2005 2637 quod

413 2680 547 2737 rogo
566 2706 583 2729 ,
619 2681 689 2720 ne
716 2680 817 2734 qua
848 2674 1086 2719 vestrum
1111 2680 1140 2716 a
1172 2663 1331 2720 solita
1355 2676 1482 2732 erga
1520 2660 1814 2717 Ecclesiam
1839 2660 2003 2715 bene-

414 2756 646 2812 volentia
684 2755 978 2819 avellatur;
1025 2762 1078 2809 et
1103 2754 1426 2823 quicumque
1456 2751 1725 2808 reluctans
1751 2750 1913 2805 fuerit
1938 2749 2004 2804 ad

413 2847 806 2903 ordinationem
830 2845 1122 2908 deductus,
1149 2860 1217 2900 ex
1239 2857 1504 2900 consensu
1527 2841 1790 2905 omnium,
1817 2855 1922 2896 non
1952 2838 2006 2895 id

412 2941 689 3005 ambiens,
721 2939 770 2995 ei
800 2948 1069 3009 tamquam
1092 2936 1285 2993 Joanui
1322 2944 1485 3005 caput
1508 2944 1746 2989 vestrum
1774 2934 2003 2989 submit-

413 3034 509 3087 tite
544 3051 557 3087 :
596 3047 704 3086 non
730 3039 907 3100 potest
946 3030 1089 3084 enim
1135 3028 1374 3083 Ecclesia
1402 3042 1522 3082 esse
1566 3028 1685 3083 sine
1728 3026 2003 3096 episcopo.

415 3124 491 3178 Ita
522 3121 948 3179 miscricordiam
971 3119 1372 3190 consequamiui
1399 3158 1413 3180 ,
1462 3129 1516 3172 et
1545 3132 1813 3173 memores
1834 3126 2006 3172 estote

415 3216 521 3271 mei
552 3216 605 3268 iu
630 3213 961 3268 orationibus
983 3212 1198 3266 vestris.
1243 3209 1351 3265 Illae
1378 3209 1629 3281 lacrymis
1670 3208 1899 3281 perfusae
1937 3208 2004 3263 ad

412 3306 529 3376 ejus
574 3305 740 3375 pedes
787 3303 1227 3358 advolvebantur.
1270 3302 1420 3356 Tunc
1465 3301 1691 3356 innuens
1718 3301 1929 3356 cuidam
1971 3316 2005 3358 e

413 3396 733 3453 venerandis
762 3396 1089 3468 presbyteris
1115 3395 1228 3450 ait:
1259 3394 1413 3450 Tolle
1433 3409 1525 3449 eas
1554 3395 1698 3459 hinc,
1733 3410 1802 3449 ne
1832 3408 2004 3464 popu-

412 3483 521 3543 lum
551 3486 883 3557 pcrturbeut.
931 3486 1021 3542 Sic
1064 3485 1223 3557 igitur
1258 3485 1534 3555 paululum
1578 3495 1833 3551 retentae,
1878 3485 2006 3540 visae

413 3588 540 3633 sunt
577 3577 941 3649 acquiesc'ere.
983 3577 1052 3632 Et
1084 3578 1164 3633 sic
1206 3577 1337 3632 abiit
1362 3577 1415 3631 in
1450 3586 1655 3646 partem
1686 3576 2002 3631 orientalem

415 3671 730 3745 (nihilenim
751 3670 891 3741 apud
910 3669 1059 3725 illum
1079 3679 1195 3725 erat
1214 3668 1588 3739 occidentale).
1609 3668 1667 3723 In
1687 3667 2004 3724 occidentali

413 3747 595 3820 autem
639 3775 790 3834 parte
811 3805 826 3827 ,
857 3763 945 3817 ubi
971 3770 1055 3817 est
1090 3777 1337 3832 magnum
1366 3760 1621 3816 Ecclesia:
1649 3760 2001 3825 vestibulum,

410 3857 710 3927 jumentum
754 3855 838 3911 cui
864 3853 1070 3910 solebat
1097 3853 1334 3909 Joannes
1379 3852 1652 3915 insidere,
1692 3863 1838 3908 stare
1880 3860 2007 3907 ante

414 3955 621 4018 portam
639 3945 798 4016 jussit
816 3985 832 4009 ,
875 3955 934 4000 ut
960 3945 1212 4015 populum
1240 3960 1301 4000 ea
1328 3960 1396 3999 cx
1426 3954 1576 4013 parte
1600 3950 2004 4013 exspectantem

414 4038 513 4091 abs
540 4052 598 4090 se
621 4035 936 4090 dimoveret.
968 4034 1084 4091 Una
1127 4049 1249 4089 cum
1285 4049 1354 4090 eo
1382 4049 1631 4104 egressus
1674 4044 1758 4089 est
1786 4036 2007 4104 angelus

417 4131 708 4197 Ecclesiae,
752 4131 1093 4187 solitudinem
1141 4131 1399 4187 Ecclesim
1438 4146 1546 4185 non
1596 4118 1805 4195 ferens,
1846 4144 2004 4199 quam

417 4223 745 4294 principatus
770 4238 998 4293 nequam
1039 4232 1094 4278 et
1124 4231 1414 4291 potestates
1451 4220 1724 4285 fecerant,
1769 4223 2004 4290 speciem

414 4315 606 4370 theatri
661 4314 996 4383 iuiquitatum
1054 4313 1391 4368 exhibentes.
1440 4312 1572 4367 Erat
1610 4313 1752 4368 enim
1786 4352 1801 4375 ,
1853 4322 1911 4365 ut
1953 4312 2005 4365 iu

415 4405 649 4472 theatro,
680 4404 868 4462 sibilus
899 4404 1191 4475 impiorum
1231 4403 1632 4472 explodeutium
1679 4413 1736 4458 et
1777 4403 2006 4458 irriden-

416 4501 574 4566 tium,
605 4499 912 4556 Judaeorum
940 4514 1006 4555 ac
1032 4498 1311 4569 gentilium
1336 4496 1624 4552 immodice
1648 4496 2007 4552 deridentium

412 4609 482 4649 ac
507 4595 952 4648 subsannantium
984 4608 999 4644 :
1047 4601 1104 4644 ttt
1148 4600 1325 4644 autem
1370 4589 1422 4643 in
1468 4603 1683 4644 carcere
1704 4631 1721 4654 ,
1750 4589 1920 4658 plaga:
1953 4597 2009 4643 et

417 4688 472 4741 in
499 4667 701 4741 viscera
736 4685 857 4740 illisi
879 4685 1146 4739 cruciatus
1174 4698 1204 4737 a
1232 4682 1508 4749 militibus,
1534 4689 1591 4736 et
1608 4681 1844 4736 omnium
1865 4698 2009 4735 men-

418 4780 490 4834 tis
514 4778 708 4833 viriutn
738 4776 1012 4841 distentio,
1044 4790 1166 4831 cum
1194 4773 1265 4829 oh
1291 4773 1526 4827 ablatum
1551 4772 1826 4827 doctorem
1848 4813 1863 4837 ,
1894 4782 2005 4825 tum

415 4871 488 4925 ob
514 4869 902 4940 blasphemiam
949 4869 1000 4921 in
1032 4868 1220 4921 Deum.
1267 4865 1368 4921 Ubi
1396 4866 1540 4919 enim
1570 4875 1908 4934 peccatorum
1949 4863 2009 4920 ﬁt

418 4961 699 5025 remissio,
742 4959 812 5013 ibi
840 4958 1111 5028 sanguinis
1139 4956 1299 5011 ﬁebat
1339 4954 1549 5010 effusio.
1581 4953 1713 5009 Post
1739 4954 1882 5008 illam
1910 4970 2002 5008 au-

420 5063 529 5108 tem
571 5052 980 5107 inenarrabilem
1028 5061 1186 5121 atque
1228 5049 1651 5117 inexplicabilem
1690 5046 2005 5122 ealiginem,

420 5148 636 5202 ﬂamma
666 5161 697 5200 e
723 5145 895 5200 media
926 5145 1053 5201 sede
1082 5146 1132 5199 in
1164 5160 1267 5215 qua
1288 5146 1744 5203 solebatJoannes
1772 5149 1968 5204 sedens
1990 5192 2006 5216 ,

421 5242 585 5298 veluti
612 5241 787 5296 medio
815 5241 866 5295 in
894 5256 1119 5311 oorpore
1143 5255 1257 5308 cor,
1288 5241 1545 5296 membris
1570 5245 1779 5298 caeteris
1800 5244 2009 5298 Domini

420 5335 629 5404 eloquia
676 5334 1009 5402 interpretari
1035 5375 1051 5395 ,
1099 5334 1212 5388 visa
1240 5332 1388 5388 verbi
1431 5333 1525 5386 Dei
1557 5334 1897 5403 interpretem
1924 5350 2012 5388 re-

418 5428 686 5497 quirebat,
715 5442 821 5495 quo
849 5442 952 5480 non
977 5427 1192 5481 invento
1221 5425 1404 5480 sedem
1434 5425 1840 5495 depascehatur,
1873 5435 1929 5480 et
1956 5426 2012 5483 in

418 5522 588 5575 altutn
626 5521 978 5595 arboreseeus
1007 5533 1103 5588 per
1129 5527 1346 5573 catenas
1370 5517 1437 5571 ad
1477 5530 1650 5572 tecum
1689 5533 1858 5587 usque
1896 5532 2010 5572 ser-

419 5615 546 5682 psit,
576 5622 739 5683 atque
759 5612 956 5680 vipera:
978 5611 1146 5665 instar
1177 5621 1364 5666 ventre
1390 5624 1554 5664 exeso
1572 5651 1588 5676 ,
1619 5610 1684 5663 ad
1712 5610 2009 5678 posteriora

420 5706 631 5760 aedilicii
657 5705 896 5759 ecclesia:
924 5701 1213 5765 ferebatur,
1259 5702 1369 5757 Deo
1401 5703 1703 5757 mercedem
1742 5701 2010 5771 iniustitiae

421 5798 582 5853 veluti
622 5797 898 5853 definitam
943 5795 1034 5882 ad.
1056 5795 1107 5851 id
1153 5808 1368 5865 penam
1399 5795 1655 5852 reddente
1679 5837 1695 5866 ,
1726 5797 1791 5851 ad
1821 5812 2007 5853 corre-

2116 650 2224 690 non
2252 637 2426 691 solum
2454 647 2637 693 autem
2665 653 2783 694 eam
2810 638 2884 694 ob
2910 654 3151 707 causam,
3182 639 3277 695 sed
3318 648 3377 694 ut
3404 640 3530 696 fera:
3566 640 3708 697 illius

2112 727 2313 800 Synodi
2344 739 2749 785 monumentum
2789 731 3138 802 relinqueret.
3187 732 3297 788 Nec
3326 731 3378 787 id
3409 733 3602 788 mirum
3640 734 3711 790 de

2114 820 2379 887 ecclesia,
2424 836 2547 876 cum
2595 821 2852 878 Senatum
2900 822 2990 893 qui
3043 822 3186 892 apud
3226 833 3443 879 exteros
3483 823 3706 891 dicitur,

2115 913 2296 968 multis
2322 913 2570 984 passibus
2596 915 2839 970 dissitum
2867 930 2935 971 ex
2959 915 3186 971 adverso
3214 917 3457 972 ecclesia:
3499 917 3567 972 ad
3596 933 3708 974 me-

2114 1005 2506 1077 ridiem,ignis
2553 1007 2645 1063 ille
2695 1008 3029 1078 interiectam
3081 1010 3258 1081 populi
3309 1010 3706 1067 multitudinem

2115 1097 2290 1166 pontis
2312 1097 2479 1152 instar
2502 1099 2776 1168 sapienter
2798 1109 3229 1172 przetcrgressus,
3254 1103 3702 1171 pessumdederit,

2113 1203 2221 1243 non
2251 1188 2397 1257 prius
2416 1199 2621 1259 partem
2650 1191 2893 1246 ecclesia:
2916 1193 3169 1259 vicinam,
3203 1209 3270 1248 ne
3294 1193 3546 1249 damnum
3574 1195 3704 1252 illud

2112 1278 2368 1334 vicinitati
2395 1279 2862 1349 adscriberemus;
2887 1283 2980 1338 sed
3002 1293 3207 1353 partem
3238 1285 3434 1355 palatio
3462 1286 3702 1357 Impera-

2113 1380 2288 1426 torum
2330 1373 2665 1442 proximam,
2706 1383 2769 1429 ut
2804 1375 2884 1430 rei
2930 1376 3243 1432 miraculum
3288 1379 3563 1450 sapienter
3590 1381 3641 1435 id
3669 1398 3702 1437 a

2113 1461 2229 1517 Deo
2271 1461 2472 1517 factum
2511 1479 2633 1519 esse
2674 1466 2947 1534 probaret.
2996 1466 3190 1523 Videre
3228 1469 3372 1524 enim
3409 1479 3527 1526 erat
3562 1472 3701 1527 inter

2109 1553 2248 1609 duos
2274 1555 2457 1626 igneos
2486 1567 2698 1612 montes
2720 1600 2736 1623 ,
2768 1558 2965 1614 illaesos
3007 1560 3232 1630 populos
3260 1561 3326 1616 ad
3355 1576 3451 1617 sua
3489 1564 3699 1634 negotia

2110 1658 2495 1704 commeantes.
2529 1649 2586 1704 In
2622 1649 2764 1706 hunc
2798 1651 2957 1723 igitur
2997 1652 3212 1708 modum
3242 1653 3377 1725 ignis
3401 1655 3698 1712 circumvoc

2113 1739 2231 1794 lans
2259 1750 2314 1796 et
2343 1741 2548 1798 undans
2574 1751 2827 1813 tanquam
2866 1759 3017 1800 mare
3055 1746 3290 1802 violento
3329 1759 3512 1803 austro
3531 1749 3701 1818 jacta-

2111 1839 2245 1895 tum,
2276 1831 2439 1887 veluti
2464 1833 2617 1904 signo
2642 1834 2774 1889 dato
2810 1835 3159 1907 progrediens
3181 1879 3197 1905 ,
3235 1837 3438 1893 vicinas
3465 1840 3699 1895 circum-

2109 1938 2319 1992 quaque
2339 1924 2486 1980 tedes
2504 1925 2636 1980 citra
2655 1926 2941 1983 discrimen
2963 1929 3240 1999 corripuit,
3259 1938 3315 1985 et
3334 1931 3433 1986 soli
3459 1932 3701 1988 aedicula:

2111 2013 2165 2067 in
2193 2029 2295 2085 qua
2325 2029 2601 2072 sacrorum
2632 2033 2881 2074 vasorum
2909 2019 3145 2090 reposita
3172 2031 3288 2077 erat
3310 2024 3485 2093 copia,
3519 2040 3699 2094 pepe"-

2111 2107 2229 2161 cit:
2273 2122 2463 2162 aurum
2492 2122 2598 2163 non
2644 2109 2906 2165 reveritus
2938 2122 3033 2166 aut
3069 2112 3330 2183 reliquam
3368 2116 3573 2185 argenti
3604 2131 3698 2171 su-

2110 2199 2433 2269 pellectilem
2453 2241 2469 2265 ,
2502 2200 2599 2255 sed
2626 2210 2684 2256 ut
2713 2217 2781 2257 ne
2801 2201 2976 2257 locum
3020 2204 3314 2260 mentiendi
3349 2206 3702 2262 calumniato-

2112 2292 2261 2347 ribus
2286 2291 2440 2348 daret
2467 2293 2722 2349 adversus
2744 2295 2948 2364 justum
2969 2335 2985 2360 ,
3015 2296 3169 2366 quasi
3199 2297 3314 2367 ipse
3343 2297 3698 2365 pulcherrima

2110 2383 2360 2454 quaedam
2382 2386 2483 2441 sibi
2504 2385 2849 2442 vindicasset.
2882 2386 2956 2442 Ita
2985 2388 3118 2457 ignis
3150 2389 3377 2458 agitatus
3406 2399 3697 2445 retrorsum

2112 2489 2174 2531 se
2199 2474 2530 2544 reﬂectebat,
2556 2479 2952 2549 perverstigans
2976 2478 3234 2533 invidiam
3261 2495 3447 2535 eorum
3472 2483 3559 2551 qui
3582 2482 3697 2536 haec

2113 2577 2488 2639 perpetrarent
2513 2568 2579 2624 ad
2606 2570 2981 2625 revincendam
3008 2570 3290 2641 Theophili
3319 2572 3608 2639 insaniam,
3642 2575 3695 2630 in

2114 2677 2181 2717 eo
2208 2661 2350 2732 quod
2383 2661 2456 2717 ob
2482 2676 2636 2717 sacra
2660 2677 2783 2716 vasa
2822 2661 3083 2717 Joannem
3113 2663 3337 2732 ejecisse
3378 2679 3438 2719 se
3474 2665 3699 2720 commi-

2115 2754 2359 2809 niscitur.
2407 2756 2486 2809 Ac
2527 2753 2727 2809 nullius
2773 2754 2986 2825 quidem
3027 2755 3202 2811 anima
3234 2757 3395 2826 periit
3425 2759 3478 2812 in
3514 2759 3603 2813 tali
3634 2775 3697 2813 ac

2118 2854 2268 2902 tanto
2285 2845 2530 2910 tumultu,
2556 2861 2662 2900 non
2681 2845 2934 2911 hominis,
2959 2861 3065 2901 non
3086 2848 3371 2902 animantis
3402 2866 3416 2902 :
3441 2859 3695 2904 creterum

2115 2937 2301 2993 sordes
2331 2938 2402 2993 ibi
2431 2937 2658 2993 sceleste
2676 2939 3107 2993 conversantium
3134 2939 3269 3007 ignis
3296 2940 3491 2995 virtute
3508 2941 3695 2996 ablue—

2116 3028 2311 3084 bantur
2336 3030 2405 3084 ab
2433 3028 2561 3084 hora
2593 3038 2741 3085 sexta
2768 3028 2835 3084 ad
2860 3044 3054 3084 nonam
3078 3072 3094 3097 ,
3122 3031 3292 3085 tribus
3319 3031 3526 3087 diurnis
3551 3033 3696 3089 horis

2114 3121 2407 3176 multorum
2431 3136 2691 3176 annorum
2717 3136 2881 3191 opere
2906 3122 3104 3177 deleto.

2184 3212 2314 3268 Car.
2357 3229 2525 3267 n.—
2552 3213 2702 3269 Duc.
2744 3214 2811 3269 Et
2836 3214 2948 3269 haec
2973 3214 3098 3269 dum
3145 3214 3356 3284 fierent,
3394 3213 3575 3284 Pater,
3605 3216 3697 3274 ubi

2115 3307 2329 3362 tandem
2383 3316 2500 3362 erat
2541 3307 2726 3363 beatus
2771 3307 3004 3363 Joannes
3048 3317 3140 3363 aut
3187 3310 3375 3379 reliqui
3422 3311 3696 3381 episcopi?

2116 3398 2294 3457 Episc.
2318 3398 2565 3469 Episcopi
2588 3398 2803 3470 quidem
2832 3400 3041 3470 reliqui,
3064 3400 3152 3454 alii
3180 3400 3368 3456 inclusi
3388 3401 3700 3457 detineban-

2116 3502 2221 3558 tur,
2252 3492 2342 3547 alii
2388 3492 2756 3557 trahebantur,
2801 3492 2892 3547 alii
2931 3500 3108 3547 autem
3150 3492 3493 3550 delituerunt.
3534 3492 3732 3549 Porro“

2112 3583 2349 3640 Joannes
2397 3597 2501 3636 una
2548 3597 2672 3637 cum
2711 3582 2937 3654 Cyriaco
2966 3591 3021 3637 et
3052 3583 3264 3654 Eulysio
3289 3583 3497 3639 vinctus
3530 3585 3582 3638 in
3612 3585 3699 3639 Bi-

2112 3673 2300 3745 thynia
2343 3671 2678 3729 detinebatur
2718 3687 2749 3726 a
2792 3672 3025 3742 praefecti
3057 3672 3333 3738 militibus,
3381 3674 3696 3745 supplicium

2114 3765 2483 3821 minitantibus
2505 3765 2575 3821 ob
2603 3764 2907 3820 incendium
2932 3764 3194 3820 ecclesiae.
3227 3765 3417 3820 Postea
3447 3766 3698 3837 (Iyriacus

2115 3867 2171 3914 et
2199 3857 2447 3929 Eulysius
2469 3872 2593 3914 cum
2619 3857 2836 3928 reliquis
2857 3856 3066 3912 clericis
3093 3856 3254 3911 vincti
3283 3857 3515 3923 adducti,
3540 3867 3699 3926 atque

2115 3949 2429 4004 innocentes
2452 3948 2797 4019 pronuntiati,
2842 3948 3048 4003 dimissi
3074 3959 3217 4003 sunt.
3257 3948 3482 4004 Sanctus
3521 3959 3696 4002 autem

2114 4043 2368 4106 Joannes,
2387 4042 2454 4096 ad
2479 4043 2738 4113 reliquam
2768 4040 3014 4097 fiduciam
3040 4057 3142 4112 qua
3170 4057 3381 4111 semper
3400 4052 3553 4097 antea
3572 4059 3699 4096 usus

2115 4135 2309 4200 fuerat,
2335 4135 2472 4189 hanc
2497 4149 2711 4204 quoque
2741 4134 2977 4188 ultimam
2994 4132 3209 4201 adjecit,
3234 4133 3474 4189 scribens
3491 4134 3570 4189 eis
3587 4134 3701 4187 hac

2117 4227 2312 4281 verba:
2344 4226 2456 4281 Etsi
2488 4229 2542 4283 in
2568 4225 2688 4280 aliis
2727 4240 2833 4279 non
2875 4223 3098 4278 dedistis
3142 4222 3271 4277 mihi
3301 4224 3473 4279 locum
3517 4223 3701 4279 defen-

2116 4320 2304 4383 sionis,
2351 4319 2541 4373 saltem
2588 4317 2639 4371 in
2686 4316 2845 4370 rebus
2875 4316 3115 4370 ecclesiae
3155 4315 3361 4381 audiar,
3405 4330 3472 4369 an
3515 4327 3702 4370 aucte-r

2115 4411 2238 4476 sim,
2269 4419 2328 4465 ttt
2351 4409 2547 4472 dicitis,
2578 4408 2694 4478 ejus
2715 4405 2965 4461 incendii.
2996 4406 3070 4461 Ita
3097 4422 3165 4461 ne
3191 4407 3244 4460 in
3271 4421 3340 4461 eo
3365 4407 3577 4476 quidem
3607 4422 3703 4460 au-

2116 4501 2280 4566 ditus,
2313 4510 2473 4556 noctu
2498 4500 2695 4568 diuque
2718 4514 2818 4570 per
2844 4497 3041 4552 milites
3067 4497 3279 4552 ducitur
3320 4497 3371 4551 in
3399 4497 3684 4552 desertissi-

2118 4611 2265 4650 mum
2295 4593 2564 4649 Armenia:
2589 4591 2917 4662 oppidulum,
2940 4589 3181 4645 Cucusus
3212 4588 3262 4643 id
3291 4597 3393 4653 est,
3419 4589 3486 4644 ab
3508 4589 3701 4643 lsauris

2118 4687 2392 4751 obessum,
2447 4693 2509 4739 ut
2560 4684 2934 4739 trucidaretur.
2990 4684 3244 4736 Arsacius
3289 4690 3488 4747 autem,
3541 4679 3693 4735 frater

2121 4779 2262 4834 beati
2292 4776 2544 4840 Nectarii,
2576 4776 2894 4831 substitutus
2924 4781 3008 4827 est
3034 4774 3085 4827 in
3125 4772 3299 4826 locum
3320 4771 3561 4835 Joannis,
3591 4787 3690 4825 ma-

2118 4870 2208 4941 gni
2236 4883 2507 4924 sacrorum
2535 4866 2860 4935 interpretis,
2890 4864 3052 4919 homo
3076 4864 3221 4934 pisce
3246 4864 3413 4934 magis
3432 4873 3630 4926 mutus,
3653 4873 3703 4918 et

2118 4977 2249 5017 rana
2299 4961 2462 5016 rebus
2506 4958 2726 5030 agendis
2757 4959 2932 5012 minus
2963 4957 3203 5011 idoneus.
3233 4956 3533 5025 Aliquando
3561 4956 3703 5011 enim

2118 5064 2175 5109 et
2213 5053 2354 5108 actio
2398 5054 2513 5121 ipsa
2560 5051 2814 5120 loquitur,
2859 5063 2982 5103 cum
3025 5048 3274 5117 suiipsius
3313 5062 3473 5101 causa
3505 5046 3702 5099 bonum

2119 5161 2256 5215 opus
2282 5143 2477 5198 factum
2503 5141 2681 5198 fuerit.
2715 5140 2809 5195 llle
2837 5156 2957 5195 cum
2982 5139 3048 5193 ad
3070 5138 3469 5209 quatuordecim
3492 5151 3706 5191 menses

2119 5239 2282 5292 vitam
2312 5251 2460 5291 suam
2487 5232 2866 5306 protendisset,
2893 5240 3135 5285 mortuus
3159 5237 3262 5293 est,
3295 5229 3490 5283 violato
3525 5244 3624 5283 suo
3652 5230 3705 5281 in

2124 5328 2409 5400 Evangelia
2434 5327 2758 5398 iuramento.
2789 5325 2997 5395 Quippe
3025 5323 3172 5379 fratri
3200 5338 3299 5378 suo
3332 5322 3579 5377 Nectar-io
3620 5320 3707 5390 ju-

2123 5432 2354 5490 raverat,
2371 5421 2569 5477 nullius
2587 5434 2833 5490 umquam
2852 5419 3188 5489 episcopatus
3207 5415 3595 5470 ordinationem
3614 5413 3709 5468 ad-

2121 5517 2408 5571 missurum
2431 5529 2511 5578 se,
2538 5511 2752 5584 quando
2776 5510 3053 5566 Nectarius
3076 5506 3424 5577 exprobravit
3448 5504 3548 5575 ipsi
3565 5503 3705 5574 quod

2122 5609 2382 5666 noluisset
2421 5605 2671 5661 Tarsensi
2712 5603 2969 5659 Ecclesia
3012 5601 3233 5673 praefici,
3279 5599 3430 5669 quasi
3476 5607 3700 5652 mortem

2123 5704 2291 5773 ipsius
2318 5701 2696 5771 specularetur.
2732 5697 2856 5752 Fuit
2896 5711 3057 5752 causa
3089 5694 3301 5764 pcrjurii
3336 5692 3561 5762 primum
3587 5691 3704 5760 qui;

2122 5796 2245 5852 dem
2284 5808 2417 5850 vana
2457 5791 2642 5863 gloria,
2675 5799 2893 5861 propter
2931 5802 3089 5860 quam
3130 5785 3413 5853 ambiebat,
3444 5791 3501 5839 ut
3524 5783 3594 5839 ita
3619 5781 3700 5839 di-
