  <div class='ocr_page' id='page_1' title='image "/cluster/home/n/w/nwhite01/storage/ocr_20150623/47/nnc1.0046978321/092.png"; bbox 0 0 4114 6392; ppageno 0'>
   <div class='ocr_carea' id='block_1_1' title="bbox 277 303 3559 364">
    <p class='ocr_par' dir='ltr' id='par_1_1' title="bbox 277 303 3559 364">
     <span class='ocr_line' id='line_1_1' title="bbox 277 303 3559 364; baseline 0.001 -4"><span class='ocrx_word' id='word_1_1' title='bbox 277 303 351 360; x_wconf 68' lang='lat'><strong>35</strong></span> <span class='ocrx_word' id='word_1_2' title='bbox 1288 304 1375 360; x_wconf 85' lang='lat' dir='ltr'>DE</span> <span class='ocrx_word' id='word_1_3' title='bbox 1412 303 1579 360; x_wconf 68' lang='lat' dir='ltr'>“TA</span> <span class='ocrx_word' id='word_1_4' title='bbox 1617 305 1678 362; x_wconf 85' lang='lat' dir='ltr'>S.</span> <span class='ocrx_word' id='word_1_5' title='bbox 1717 303 2003 361; x_wconf 65' lang='lat' dir='ltr'>SOANNIS</span> <span class='ocrx_word' id='word_1_6' title='bbox 2042 303 2556 364; x_wconf 76' lang='lat' dir='ltr'>CHRYSOSTOML</span> <span class='ocrx_word' id='word_1_7' title='bbox 3485 308 3559 364; x_wconf 71' lang='lat'><em>56</em></span> 
     </span>
    </p>
   </div>
   <div class='ocr_carea' id='block_1_2' title="bbox 283 417 1872 492">
    <p class='ocr_par' dir='ltr' id='par_1_2' title="bbox 283 417 1872 492">
     <span class='ocr_line' id='line_1_2' title="bbox 283 417 1872 492; baseline -0.004 -18"><span class='ocrx_word' id='word_1_8' title='bbox 283 417 526 491; x_wconf 85' lang='grc' dir='ltr'>βασιλέα.</span> <span class='ocrx_word' id='word_1_9' title='bbox 557 417 742 482; x_wconf 78' lang='grc' dir='ltr'>Οὕτως</span> <span class='ocrx_word' id='word_1_10' title='bbox 770 419 1094 484; x_wconf 73' lang='grc' dir='ltr'>ἀποστείλας</span> <span class='ocrx_word' id='word_1_11' title='bbox 1119 420 1147 474; x_wconf 98' lang='lat'>6</span> <span class='ocrx_word' id='word_1_12' title='bbox 1179 419 1429 492; x_wconf 81' lang='grc' dir='ltr'>βασιλεὺς</span> <span class='ocrx_word' id='word_1_13' title='bbox 1459 419 1752 490; x_wconf 87' lang='grc' dir='ltr'>Πατρίκιον</span> <span class='ocrx_word' id='word_1_14' title='bbox 1777 418 1872 470; x_wconf 86' lang='grc' dir='ltr'>τὸν</span> 
     </span>
    </p>
   </div>
   <div class='ocr_carea' id='block_1_3' title="bbox 283 503 1866 578">
    <p class='ocr_par' dir='ltr' id='par_1_3' title="bbox 283 503 1866 578">
     <span class='ocr_line' id='line_1_3' title="bbox 283 503 1866 578; baseline -0.003 -20"><span class='ocrx_word' id='word_1_15' title='bbox 283 505 548 577; x_wconf 84' lang='grc' dir='ltr'>νοτάριον,</span> <span class='ocrx_word' id='word_1_16' title='bbox 583 503 735 576; x_wconf 89' lang='grc' dir='ltr'>δηλοῖ</span> <span class='ocrx_word' id='word_1_17' title='bbox 768 504 847 574; x_wconf 80' lang='grc' dir='ltr'>τῷ</span> <span class='ocrx_word' id='word_1_18' title='bbox 893 506 1114 578; x_wconf 83' lang='grc' dir='ltr'>Ἰωάννῃ</span> <span class='ocrx_word' id='word_1_19' title='bbox 1143 505 1304 560; x_wconf 88' lang='grc' dir='ltr'>τάδε·</span> <span class='ocrx_word' id='word_1_20' title='bbox 1341 503 1406 558; x_wconf 83' lang='grc' dir='ltr'><strong>Οἱ</strong></span> <span class='ocrx_word' id='word_1_21' title='bbox 1442 504 1571 576; x_wconf 75' lang='grc' dir='ltr'>περὶ</span> <span class='ocrx_word' id='word_1_22' title='bbox 1615 504 1866 557; x_wconf 78' lang='grc' dir='ltr'>’Λκάκιον</span> 
     </span>
    </p>
   </div>
   <div class='ocr_carea' id='block_1_4' title="bbox 283 584 1871 660">
    <p class='ocr_par' dir='ltr' id='par_1_4' title="bbox 283 584 1871 660">
     <span class='ocr_line' id='line_1_4' title="bbox 283 584 1871 660; baseline -0.002 -19"><span class='ocrx_word' id='word_1_23' title='bbox 283 589 379 643; x_wconf 74' lang='grc' dir='ltr'>καὶ</span> <span class='ocrx_word' id='word_1_24' title='bbox 428 588 695 659; x_wconf 84' lang='grc' dir='ltr'>Ἀντίοχον</span> <span class='ocrx_word' id='word_1_25' title='bbox 736 590 830 642; x_wconf 73' lang='grc' dir='ltr'>καὶ</span> <span class='ocrx_word' id='word_1_26' title='bbox 865 590 1197 660; x_wconf 77' lang='grc' dir='ltr'>Σευηριανὸν</span> <span class='ocrx_word' id='word_1_27' title='bbox 1229 588 1322 643; x_wconf 63' lang='grc' dir='ltr'>καὶ¹</span> <span class='ocrx_word' id='word_1_28' title='bbox 1369 590 1603 660; x_wconf 83' lang='grc' dir='ltr'>Κυρῖνον</span> <span class='ocrx_word' id='word_1_29' title='bbox 1644 586 1704 639; x_wconf 83' lang='lat'>16</span> <span class='ocrx_word' id='word_1_30' title='bbox 1732 584 1871 639; x_wconf 86' lang='grc' dir='ltr'>κατά</span> 
     </span>
    </p>
   </div>
   <div class='ocr_carea' id='block_1_5' title="bbox 284 669 1872 744">
    <p class='ocr_par' dir='ltr' id='par_1_5' title="bbox 284 669 1872 744">
     <span class='ocr_line' id='line_1_5' title="bbox 284 669 1872 744; baseline -0.001 -20"><span class='ocrx_word' id='word_1_31' title='bbox 284 671 345 724; x_wconf 81' lang='grc' dir='ltr'>σὲ</span> <span class='ocrx_word' id='word_1_32' title='bbox 377 675 552 744; x_wconf 87' lang='grc' dir='ltr'>κρῖμα</span> <span class='ocrx_word' id='word_1_33' title='bbox 591 674 683 726; x_wconf 78' lang='grc' dir='ltr'>ἐπὶ</span> <span class='ocrx_word' id='word_1_34' title='bbox 721 672 819 744; x_wconf 84' lang='grc' dir='ltr'>τὴν</span> <span class='ocrx_word' id='word_1_35' title='bbox 847 672 1054 726; x_wconf 85' lang='grc' dir='ltr'>ἐαυτῶν</span> <span class='ocrx_word' id='word_1_36' title='bbox 1086 672 1287 744; x_wconf 79' lang='grc' dir='ltr'>ἔθηκαν</span> <span class='ocrx_word' id='word_1_37' title='bbox 1327 671 1597 741; x_wconf 86' lang='grc' dir='ltr'>κεφαλήν·</span> <span class='ocrx_word' id='word_1_38' title='bbox 1633 669 1703 722; x_wconf 78' lang='grc' dir='ltr'>τά</span> <span class='ocrx_word' id='word_1_39' title='bbox 1733 669 1872 723; x_wconf 88' lang='grc' dir='ltr'>κατά</span> 
     </span>
    </p>
   </div>
   <div class='ocr_carea' id='block_1_6' title="bbox 284 753 1867 829">
    <p class='ocr_par' dir='ltr' id='par_1_6' title="bbox 284 753 1867 829">
     <span class='ocr_line' id='line_1_6' title="bbox 284 753 1867 829; baseline -0.001 -20"><span class='ocrx_word' id='word_1_40' title='bbox 284 757 480 810; x_wconf 86' lang='grc' dir='ltr'>σαυτὸν</span> <span class='ocrx_word' id='word_1_41' title='bbox 513 753 605 810; x_wconf 84' lang='grc' dir='ltr'>οὖν</span> <span class='ocrx_word' id='word_1_42' title='bbox 645 757 861 820; x_wconf 71' lang='grc' dir='ltr'>ἀναθεὶς</span> <span class='ocrx_word' id='word_1_43' title='bbox 895 757 972 829; x_wconf 79' lang='grc' dir='ltr'>τῷ</span> <span class='ocrx_word' id='word_1_44' title='bbox 1009 757 1146 829; x_wconf 85' lang='grc' dir='ltr'>Θεῷ,</span> <span class='ocrx_word' id='word_1_45' title='bbox 1176 758 1357 824; x_wconf 75' lang='grc' dir='ltr'>ἔξελθε</span> <span class='ocrx_word' id='word_1_46' title='bbox 1387 758 1485 828; x_wconf 85' lang='grc' dir='ltr'>τῆς</span> <span class='ocrx_word' id='word_1_47' title='bbox 1521 755 1867 824; x_wconf 90' lang='grc' dir='ltr'>Ἐκκλησίας.</span> 
     </span>
    </p>
   </div>
   <div class='ocr_carea' id='block_1_7' title="bbox 253 839 1870 913">
    <p class='ocr_par' dir='ltr' id='par_1_7' title="bbox 253 839 1870 913">
     <span class='ocr_line' id='line_1_7' title="bbox 253 839 1870 913; baseline 0 -21"><span class='ocrx_word' id='word_1_48' title='bbox 253 871 255 874; x_wconf 93' lang='grc'><strong>-</strong></span> <span class='ocrx_word' id='word_1_49' title='bbox 281 839 436 894; x_wconf 76' lang='grc' dir='ltr'>Οὕτω</span> <span class='ocrx_word' id='word_1_50' title='bbox 458 840 731 894; x_wconf 82' lang='grc' dir='ltr'>κατελθὼν</span> <span class='ocrx_word' id='word_1_51' title='bbox 757 843 784 894; x_wconf 97' lang='lat'>6</span> <span class='ocrx_word' id='word_1_52' title='bbox 823 841 1117 906; x_wconf 81' lang='grc' dir='ltr'>ἐπίσκοπος</span> <span class='ocrx_word' id='word_1_53' title='bbox 1158 841 1413 913; x_wconf 79' lang='grc' dir='ltr'>Ἰωάννης</span> <span class='ocrx_word' id='word_1_54' title='bbox 1437 844 1502 894; x_wconf 88' lang='grc' dir='ltr'>ἐκ</span> <span class='ocrx_word' id='word_1_55' title='bbox 1522 839 1618 893; x_wconf 88' lang='grc' dir='ltr'>τοῦ</span> <span class='ocrx_word' id='word_1_56' title='bbox 1645 842 1870 892; x_wconf 75' lang='grc' dir='ltr'>ἐπισκο⁹</span> 
     </span>
    </p>
   </div>
   <div class='ocr_carea' id='block_1_8' title="bbox 281 923 1870 998">
    <p class='ocr_par' dir='ltr' id='par_1_8' title="bbox 281 923 1870 998">
     <span class='ocr_line' id='line_1_8' title="bbox 281 923 1870 998; baseline 0 -22"><span class='ocrx_word' id='word_1_57' title='bbox 281 925 436 977; x_wconf 87' lang='grc' dir='ltr'>πείου</span> <span class='ocrx_word' id='word_1_58' title='bbox 483 926 580 978; x_wconf 67' lang='grc' dir='ltr'>σὺν</span> <span class='ocrx_word' id='word_1_59' title='bbox 617 927 730 988; x_wconf 90' lang='grc' dir='ltr'>τοῖς</span> <span class='ocrx_word' id='word_1_60' title='bbox 762 926 1112 990; x_wconf 90' lang='grc' dir='ltr'>ἐπισκόποις,</span> <span class='ocrx_word' id='word_1_61' title='bbox 1145 926 1282 997; x_wconf 87' lang='grc' dir='ltr'>μετά</span> <span class='ocrx_word' id='word_1_62' title='bbox 1323 927 1423 998; x_wconf 80' lang='grc' dir='ltr'>τὴν</span> <span class='ocrx_word' id='word_1_63' title='bbox 1462 923 1667 996; x_wconf 79' lang='grc' dir='ltr'>τρανὴν</span> <span class='ocrx_word' id='word_1_64' title='bbox 1707 924 1870 993; x_wconf 85' lang='grc' dir='ltr'>φάσιν</span> 
     </span>
    </p>
   </div>
   <div class='ocr_carea' id='block_1_9' title="bbox 282 1007 1870 1080">
    <p class='ocr_par' dir='ltr' id='par_1_9' title="bbox 282 1007 1870 1080">
     <span class='ocr_line' id='line_1_9' title="bbox 282 1007 1870 1080; baseline 0.003 -22"><span class='ocrx_word' id='word_1_65' title='bbox 282 1008 377 1060; x_wconf 68' lang='grc' dir='ltr'>καὶ</span> <span class='ocrx_word' id='word_1_66' title='bbox 410 1008 853 1071; x_wconf 87' lang='grc' dir='ltr'>ἀνεπισκίαστον,</span> <span class='ocrx_word' id='word_1_67' title='bbox 883 1010 1030 1079; x_wconf 82' lang='grc' dir='ltr'><strong>λέγει</strong></span> <span class='ocrx_word' id='word_1_68' title='bbox 1065 1013 1199 1064; x_wconf 83' lang='grc' dir='ltr'>πᾶσι</span> <span class='ocrx_word' id='word_1_69' title='bbox 1223 1026 1238 1041; x_wconf 72' lang='grc'><strong><em>⁸</em></strong></span> <span class='ocrx_word' id='word_1_70' title='bbox 1261 1009 1446 1075; x_wconf 86' lang='grc' dir='ltr'>Δεῦτε,</span> <span class='ocrx_word' id='word_1_71' title='bbox 1489 1007 1870 1080; x_wconf 84' lang='grc' dir='ltr'>προσευξάμε-</span> 
     </span>
    </p>
   </div>
   <div class='ocr_carea' id='block_1_10' title="bbox 277 1090 1868 1164">
    <p class='ocr_par' dir='ltr' id='par_1_10' title="bbox 277 1090 1868 1164">
     <span class='ocr_line' id='line_1_10' title="bbox 277 1090 1868 1164; baseline 0.001 -22"><span class='ocrx_word' id='word_1_72' title='bbox 277 1107 358 1142; x_wconf 82' lang='grc' dir='ltr'>νοι</span> <span class='ocrx_word' id='word_1_73' title='bbox 397 1090 783 1163; x_wconf 84' lang='grc' dir='ltr'>συνταξώμεθα</span> <span class='ocrx_word' id='word_1_74' title='bbox 811 1092 889 1162; x_wconf 82' lang='grc' dir='ltr'>τῷ</span> <span class='ocrx_word' id='word_1_75' title='bbox 914 1093 1134 1164; x_wconf 86' lang='grc' dir='ltr'>ἀγγέλῳ</span> <span class='ocrx_word' id='word_1_76' title='bbox 1161 1094 1260 1164; x_wconf 81' lang='grc' dir='ltr'>τῆς</span> <span class='ocrx_word' id='word_1_77' title='bbox 1301 1092 1629 1164; x_wconf 85' lang='grc' dir='ltr'>Ἐκκλησίας</span> <span class='ocrx_word' id='word_1_78' title='bbox 1647 1108 1659 1122; x_wconf 83' lang='grc'><em>’</em></span> <span class='ocrx_word' id='word_1_79' title='bbox 1697 1107 1868 1162; x_wconf 89' lang='grc' dir='ltr'>γεγη-</span> 
     </span>
    </p>
   </div>
   <div class='ocr_carea' id='block_1_11' title="bbox 275 1171 1865 1248">
    <p class='ocr_par' dir='ltr' id='par_1_11' title="bbox 275 1171 1865 1248">
     <span class='ocr_line' id='line_1_11' title="bbox 275 1171 1865 1248; baseline 0.001 -21"><span class='ocrx_word' id='word_1_80' title='bbox 275 1171 390 1237; x_wconf 83' lang='grc' dir='ltr'>θὼς</span> <span class='ocrx_word' id='word_1_81' title='bbox 435 1177 533 1245; x_wconf 88' lang='grc' dir='ltr'>μέν</span> <span class='ocrx_word' id='word_1_82' title='bbox 566 1177 654 1230; x_wconf 76' lang='grc' dir='ltr'>ἐπὶ</span> <span class='ocrx_word' id='word_1_83' title='bbox 694 1176 774 1246; x_wconf 84' lang='grc' dir='ltr'>τῷ</span> <span class='ocrx_word' id='word_1_84' title='bbox 821 1177 1146 1248; x_wconf 82' lang='grc' dir='ltr'>πράγματι,</span> <span class='ocrx_word' id='word_1_85' title='bbox 1184 1177 1523 1248; x_wconf 84' lang='grc' dir='ltr'>λυπούμενος</span> <span class='ocrx_word' id='word_1_86' title='bbox 1567 1175 1624 1228; x_wconf 90' lang='grc' dir='ltr'>δέ</span> <span class='ocrx_word' id='word_1_87' title='bbox 1667 1177 1761 1229; x_wconf 74' lang='grc' dir='ltr'>ἐπὶ</span> <span class='ocrx_word' id='word_1_88' title='bbox 1799 1178 1865 1247; x_wconf 78' lang='grc' dir='ltr'>τῇ</span> 
     </span>
    </p>
   </div>
   <div class='ocr_carea' id='block_1_12' title="bbox 277 1257 1867 1331">
    <p class='ocr_par' dir='ltr' id='par_1_12' title="bbox 277 1257 1867 1331">
     <span class='ocr_line' id='line_1_12' title="bbox 277 1257 1867 1331; baseline 0.001 -22"><span class='ocrx_word' id='word_1_89' title='bbox 277 1257 373 1310; x_wconf 88' lang='grc' dir='ltr'>τοῦ</span> <span class='ocrx_word' id='word_1_90' title='bbox 411 1257 542 1312; x_wconf 85' lang='grc' dir='ltr'>λαοῦ</span> <span class='ocrx_word' id='word_1_91' title='bbox 586 1259 876 1331; x_wconf 70' lang='grc' dir='ltr'>κακουχίᾳ.</span> <span class='ocrx_word' id='word_1_92' title='bbox 925 1261 1188 1331; x_wconf 79' lang='grc' dir='ltr'>Ἑξαυτῆς</span> <span class='ocrx_word' id='word_1_93' title='bbox 1233 1260 1293 1314; x_wconf 90' lang='grc' dir='ltr'>δέ</span> <span class='ocrx_word' id='word_1_94' title='bbox 1333 1277 1418 1323; x_wconf 91' lang='grc' dir='ltr'>τις</span> <span class='ocrx_word' id='word_1_95' title='bbox 1453 1258 1710 1330; x_wconf 79' lang='grc' dir='ltr'>σημαίνει</span> <span class='ocrx_word' id='word_1_96' title='bbox 1757 1259 1867 1312; x_wconf 91' lang='grc' dir='ltr'>τῶν</span> 
     </span>
    </p>
   </div>
   <div class='ocr_carea' id='block_1_13' title="bbox 279 1340 1864 1416">
    <p class='ocr_par' dir='ltr' id='par_1_13' title="bbox 279 1340 1864 1416">
     <span class='ocr_line' id='line_1_13' title="bbox 279 1340 1864 1416; baseline 0 -22"><span class='ocrx_word' id='word_1_97' title='bbox 279 1340 542 1410; x_wconf 86' lang='grc' dir='ltr'>φιλοθέων</span> <span class='ocrx_word' id='word_1_98' title='bbox 573 1342 850 1398; x_wconf 78' lang='grc' dir='ltr'>δυναστῶν</span> <span class='ocrx_word' id='word_1_99' title='bbox 891 1343 968 1414; x_wconf 83' lang='grc' dir='ltr'>τῷ</span> <span class='ocrx_word' id='word_1_100' title='bbox 1033 1345 1255 1416; x_wconf 84' lang='grc' dir='ltr'>Ἰωάννῃ</span> <span class='ocrx_word' id='word_1_101' title='bbox 1280 1359 1294 1374; x_wconf 88' lang='grc'><strong>·</strong></span> <span class='ocrx_word' id='word_1_102' title='bbox 1341 1343 1560 1413; x_wconf 82' lang='grc' dir='ltr'>Ἐπειδὴ</span> <span class='ocrx_word' id='word_1_103' title='bbox 1605 1341 1864 1409; x_wconf 78' lang='grc' dir='ltr'>Λούκιος,</span> 
     </span>
    </p>
   </div>
   <div class='ocr_carea' id='block_1_14' title="bbox 280 1426 1866 1500">
    <p class='ocr_par' dir='ltr' id='par_1_14' title="bbox 280 1426 1866 1500">
     <span class='ocr_line' id='line_1_14' title="bbox 280 1426 1866 1500; baseline 0.001 -23"><span class='ocrx_word' id='word_1_104' title='bbox 280 1426 472 1496; x_wconf 76' lang='grc' dir='ltr'>ἰταμὸς</span> <span class='ocrx_word' id='word_1_105' title='bbox 504 1427 644 1498; x_wconf 80' lang='grc' dir='ltr'>ἀνὴρ</span> <span class='ocrx_word' id='word_1_106' title='bbox 670 1430 763 1480; x_wconf 81' lang='grc' dir='ltr'>καὶ</span> <span class='ocrx_word' id='word_1_107' title='bbox 789 1428 1010 1500; x_wconf 80' lang='grc' dir='ltr'>ἀναιδὴς</span> <span class='ocrx_word' id='word_1_108' title='bbox 1041 1431 1342 1499; x_wconf 84' lang='grc' dir='ltr'>προσώπῳ,</span> <span class='ocrx_word' id='word_1_109' title='bbox 1381 1427 1598 1498; x_wconf 76' lang='grc' dir='ltr'>ἕτοιμός</span> <span class='ocrx_word' id='word_1_110' title='bbox 1632 1428 1776 1481; x_wconf 86' lang='grc' dir='ltr'>ἐστιν</span> <span class='ocrx_word' id='word_1_111' title='bbox 1808 1429 1866 1480; x_wconf 88' lang='grc' dir='ltr'>ἐν</span> 
     </span>
    </p>
   </div>
   <div class='ocr_carea' id='block_1_15' title="bbox 277 1508 1863 1582">
    <p class='ocr_par' dir='ltr' id='par_1_15' title="bbox 277 1508 1863 1582">
     <span class='ocr_line' id='line_1_15' title="bbox 277 1508 1863 1582; baseline 0.001 -21"><span class='ocrx_word' id='word_1_112' title='bbox 277 1508 354 1580; x_wconf 81' lang='grc' dir='ltr'>τῷ</span> <span class='ocrx_word' id='word_1_113' title='bbox 386 1509 630 1580; x_wconf 81' lang='grc' dir='ltr'>δημοσίῳ</span> <span class='ocrx_word' id='word_1_114' title='bbox 651 1509 860 1582; x_wconf 78' lang='grc' dir='ltr'>λουτρῷ</span> <span class='ocrx_word' id='word_1_115' title='bbox 900 1514 998 1565; x_wconf 81' lang='grc' dir='ltr'>σὺν</span> <span class='ocrx_word' id='word_1_116' title='bbox 1026 1515 1138 1574; x_wconf 89' lang='grc' dir='ltr'>τοῖς</span> <span class='ocrx_word' id='word_1_117' title='bbox 1169 1512 1262 1566; x_wconf 78' lang='grc' dir='ltr'>ὑπ’</span> <span class='ocrx_word' id='word_1_118' title='bbox 1286 1512 1449 1564; x_wconf 77' lang='grc' dir='ltr'>αὑτὸν</span> <span class='ocrx_word' id='word_1_119' title='bbox 1479 1508 1863 1580; x_wconf 82' lang='grc' dir='ltr'>στρατιώταις,</span> 
     </span>
    </p>
   </div>
   <div class='ocr_carea' id='block_1_16' title="bbox 277 1591 1865 1667">
    <p class='ocr_par' dir='ltr' id='par_1_16' title="bbox 277 1591 1865 1667">
     <span class='ocr_line' id='line_1_16' title="bbox 277 1591 1865 1667; baseline -0.001 -21"><span class='ocrx_word' id='word_1_120' title='bbox 277 1593 447 1660; x_wconf 82' lang='grc' dir='ltr'>ὅπως,</span> <span class='ocrx_word' id='word_1_121' title='bbox 482 1595 530 1646; x_wconf 80' lang='grc' dir='ltr'>εἰ</span> <span class='ocrx_word' id='word_1_122' title='bbox 559 1594 876 1667; x_wconf 88' lang='grc' dir='ltr'>ἀντείπῃςῆ</span> <span class='ocrx_word' id='word_1_123' title='bbox 913 1594 1211 1666; x_wconf 75' lang='grc' dir='ltr'>ἀναϐάλλῃ,</span> <span class='ocrx_word' id='word_1_124' title='bbox 1250 1595 1346 1647; x_wconf 77' lang='grc' dir='ltr'>καὶ</span> <span class='ocrx_word' id='word_1_125' title='bbox 1377 1594 1579 1649; x_wconf 85' lang='grc' dir='ltr'>ἄκοντά</span> <span class='ocrx_word' id='word_1_126' title='bbox 1611 1610 1671 1646; x_wconf 92' lang='grc' dir='ltr'>σε</span> <span class='ocrx_word' id='word_1_127' title='bbox 1703 1591 1865 1664; x_wconf 90' lang='grc' dir='ltr'>σῦραι</span> 
     </span>
    </p>
   </div>
   <div class='ocr_carea' id='block_1_17' title="bbox 278 1677 1862 1750">
    <p class='ocr_par' dir='ltr' id='par_1_17' title="bbox 278 1677 1862 1750">
     <span class='ocr_line' id='line_1_17' title="bbox 278 1677 1862 1750; baseline -0.001 -18"><span class='ocrx_word' id='word_1_128' title='bbox 278 1679 373 1732; x_wconf 78' lang='grc' dir='ltr'>καὶ</span> <span class='ocrx_word' id='word_1_129' title='bbox 400 1677 654 1742; x_wconf 77' lang='grc' dir='ltr'>ἐξεῶσαι·</span> <span class='ocrx_word' id='word_1_130' title='bbox 684 1678 1132 1750; x_wconf 88' lang='grc' dir='ltr'>περικλονοῦνται</span> <span class='ocrx_word' id='word_1_131' title='bbox 1153 1678 1208 1730; x_wconf 90' lang='grc' dir='ltr'>δέ</span> <span class='ocrx_word' id='word_1_132' title='bbox 1234 1680 1283 1730; x_wconf 89' lang='grc' dir='ltr'>οἱ</span> <span class='ocrx_word' id='word_1_133' title='bbox 1309 1679 1473 1748; x_wconf 80' lang='grc' dir='ltr'>δῆμοι</span> <span class='ocrx_word' id='word_1_134' title='bbox 1507 1679 1605 1747; x_wconf 84' lang='grc' dir='ltr'>τῆς</span> <span class='ocrx_word' id='word_1_135' title='bbox 1633 1678 1862 1742; x_wconf 87' lang='grc' dir='ltr'>πόλεως·</span> 
     </span>
    </p>
   </div>
   <div class='ocr_carea' id='block_1_18' title="bbox 279 1761 1866 1834">
    <p class='ocr_par' dir='ltr' id='par_1_18' title="bbox 279 1761 1866 1834">
     <span class='ocr_line' id='line_1_18' title="bbox 279 1761 1866 1834; baseline 0 -18"><span class='ocrx_word' id='word_1_136' title='bbox 279 1762 582 1816; x_wconf 78' lang='grc' dir='ltr'>σπούδασον</span> <span class='ocrx_word' id='word_1_137' title='bbox 609 1761 843 1827; x_wconf 73' lang='grc' dir='ltr'>ἐξελθεῖν</span> <span class='ocrx_word' id='word_1_138' title='bbox 866 1762 1188 1834; x_wconf 80' lang='grc' dir='ltr'>λεληθότως,</span> <span class='ocrx_word' id='word_1_139' title='bbox 1222 1763 1311 1816; x_wconf 86' lang='grc' dir='ltr'>ἵνα</span> <span class='ocrx_word' id='word_1_140' title='bbox 1339 1765 1410 1832; x_wconf 82' lang='grc' dir='ltr'>μή</span> <span class='ocrx_word' id='word_1_141' title='bbox 1438 1779 1530 1816; x_wconf 93' lang='grc' dir='ltr'>σου</span> <span class='ocrx_word' id='word_1_142' title='bbox 1565 1761 1866 1816; x_wconf 80' lang='grc' dir='ltr'>ἀντιποιού-</span> 
     </span>
    </p>
   </div>
   <div class='ocr_carea' id='block_1_19' title="bbox 281 1846 1861 1919">
    <p class='ocr_par' dir='ltr' id='par_1_19' title="bbox 281 1846 1861 1919">
     <span class='ocr_line' id='line_1_19' title="bbox 281 1846 1861 1919; baseline 0.001 -19"><span class='ocrx_word' id='word_1_143' title='bbox 281 1864 440 1917; x_wconf 90' lang='grc' dir='ltr'>μενος</span> <span class='ocrx_word' id='word_1_144' title='bbox 461 1847 488 1900; x_wconf 91' lang='lat'>6</span> <span class='ocrx_word' id='word_1_145' title='bbox 510 1846 658 1910; x_wconf 68' lang='grc' dir='ltr'>λαὸς,</span> <span class='ocrx_word' id='word_1_146' title='bbox 691 1847 924 1918; x_wconf 86' lang='grc' dir='ltr'>πόλεμον</span> <span class='ocrx_word' id='word_1_147' title='bbox 953 1847 1162 1919; x_wconf 68' lang='grc' dir='ltr'>συνάψῃ</span> <span class='ocrx_word' id='word_1_148' title='bbox 1193 1847 1330 1918; x_wconf 88' lang='grc' dir='ltr'>μετὰ</span> <span class='ocrx_word' id='word_1_149' title='bbox 1355 1846 1463 1899; x_wconf 88' lang='grc' dir='ltr'>τῶν</span> <span class='ocrx_word' id='word_1_150' title='bbox 1491 1846 1861 1917; x_wconf 82' lang='grc' dir='ltr'>στρατιωτῶν.</span> 
     </span>
    </p>
   </div>
   <div class='ocr_carea' id='block_1_20' title="bbox 277 1930 1864 2003">
    <p class='ocr_par' dir='ltr' id='par_1_20' title="bbox 277 1930 1864 2003">
     <span class='ocr_line' id='line_1_20' title="bbox 277 1930 1864 2003; baseline -0.001 -18"><span class='ocrx_word' id='word_1_151' title='bbox 277 1932 412 1986; x_wconf 85' lang='grc' dir='ltr'>Τότε</span> <span class='ocrx_word' id='word_1_152' title='bbox 439 1933 468 1986; x_wconf 89' lang='grc' dir='ltr'>ό</span> <span class='ocrx_word' id='word_1_153' title='bbox 509 1933 758 2003; x_wconf 80' lang='grc' dir='ltr'>Ἰωάννης</span> <span class='ocrx_word' id='word_1_154' title='bbox 789 1933 1170 2002; x_wconf 79' lang='grc' dir='ltr'>καταφιλήσας</span> <span class='ocrx_word' id='word_1_155' title='bbox 1212 1931 1366 1994; x_wconf 75' lang='grc' dir='ltr'>τινὰς</span> <span class='ocrx_word' id='word_1_156' title='bbox 1392 1930 1503 1984; x_wconf 86' lang='grc' dir='ltr'>τῶν</span> <span class='ocrx_word' id='word_1_157' title='bbox 1547 1931 1864 1986; x_wconf 86' lang='grc' dir='ltr'>ἐπισκόπων</span> 
     </span>
    </p>
   </div>
   <div class='ocr_carea' id='block_1_21' title="bbox 279 2014 1864 2088">
    <p class='ocr_par' dir='ltr' id='par_1_21' title="bbox 279 2014 1864 2088">
     <span class='ocr_line' id='line_1_21' title="bbox 279 2014 1864 2088; baseline -0.002 -19"><span class='ocrx_word' id='word_1_158' title='bbox 279 2014 419 2087; x_wconf 87' lang='grc' dir='ltr'>μετά</span> <span class='ocrx_word' id='word_1_159' title='bbox 465 2015 715 2088; x_wconf 75' lang='grc' dir='ltr'>δακρύων</span> <span class='ocrx_word' id='word_1_160' title='bbox 758 2016 921 2084; x_wconf 78' lang='grc' dir='ltr'>(τοὺς</span> <span class='ocrx_word' id='word_1_161' title='bbox 963 2014 1074 2087; x_wconf 81' lang='grc' dir='ltr'>γὰρ</span> <span class='ocrx_word' id='word_1_162' title='bbox 1115 2014 1335 2078; x_wconf 73' lang='grc' dir='ltr'>λοιποὺς</span> <span class='ocrx_word' id='word_1_163' title='bbox 1381 2014 1501 2069; x_wconf 76' lang='grc' dir='ltr'>οὐδὲ</span> <span class='ocrx_word' id='word_1_164' title='bbox 1546 2014 1864 2083; x_wconf 79' lang='grc' dir='ltr'>καταφιλεῖν</span> 
     </span>
    </p>
   </div>
   <div class='ocr_carea' id='block_1_22' title="bbox 277 2099 1864 2172">
    <p class='ocr_par' dir='ltr' id='par_1_22' title="bbox 277 2099 1864 2172">
     <span class='ocr_line' id='line_1_22' title="bbox 277 2099 1864 2172; baseline -0.001 -20"><span class='ocrx_word' id='word_1_165' title='bbox 277 2099 574 2172; x_wconf 83' lang='grc' dir='ltr'>συνεχώρει</span> <span class='ocrx_word' id='word_1_166' title='bbox 596 2101 655 2152; x_wconf 74' lang='lat'>16</span> <span class='ocrx_word' id='word_1_167' title='bbox 684 2099 922 2170; x_wconf 89' lang='grc' dir='ltr'>πάθος),</span> <span class='ocrx_word' id='word_1_168' title='bbox 953 2099 1285 2162; x_wconf 79' lang='grc' dir='ltr'>συνετάξατο</span> <span class='ocrx_word' id='word_1_169' title='bbox 1307 2099 1483 2168; x_wconf 82' lang='grc' dir='ltr'>λέγων</span> <span class='ocrx_word' id='word_1_170' title='bbox 1515 2103 1628 2162; x_wconf 85' lang='grc' dir='ltr'>τοῖς</span> <span class='ocrx_word' id='word_1_171' title='bbox 1656 2099 1864 2162; x_wconf 84' lang='grc' dir='ltr'>λοιποῖς</span> 
     </span>
    </p>
   </div>
   <div class='ocr_carea' id='block_1_23' title="bbox 271 2179 1866 2256">
    <p class='ocr_par' dir='ltr' id='par_1_23' title="bbox 271 2179 1866 2256">
     <span class='ocr_line' id='line_1_23' title="bbox 271 2179 1866 2256; baseline -0.001 -18"><span class='ocrx_word' id='word_1_172' title='bbox 271 2184 424 2240; x_wconf 64' lang='grc' dir='ltr'>ἔνδον</span> <span class='ocrx_word' id='word_1_173' title='bbox 461 2187 520 2239; x_wconf 89' lang='grc' dir='ltr'>ἐν</span> <span class='ocrx_word' id='word_1_174' title='bbox 550 2184 627 2255; x_wconf 82' lang='grc' dir='ltr'>τῷ</span> <span class='ocrx_word' id='word_1_175' title='bbox 659 2185 928 2256; x_wconf 62' lang='grc' dir='ltr'>ἱερατείῳε</span> <span class='ocrx_word' id='word_1_176' title='bbox 980 2185 1219 2238; x_wconf 87' lang='grc' dir='ltr'>Μείνατε</span> <span class='ocrx_word' id='word_1_177' title='bbox 1263 2184 1397 2247; x_wconf 88' lang='grc' dir='ltr'>τέως</span> <span class='ocrx_word' id='word_1_178' title='bbox 1435 2179 1559 2246; x_wconf 79' lang='grc' dir='ltr'>ὦδε,</span> <span class='ocrx_word' id='word_1_179' title='bbox 1589 2184 1677 2238; x_wconf 83' lang='grc' dir='ltr'>ἶνα</span> <span class='ocrx_word' id='word_1_180' title='bbox 1704 2183 1866 2237; x_wconf 87' lang='grc' dir='ltr'>ἀπελ-</span> 
     </span>
    </p>
   </div>
   <div class='ocr_carea' id='block_1_24' title="bbox 276 2267 1862 2342">
    <p class='ocr_par' dir='ltr' id='par_1_24' title="bbox 276 2267 1862 2342">
     <span class='ocr_line' id='line_1_24' title="bbox 276 2267 1862 2342; baseline -0.002 -19"><span class='ocrx_word' id='word_1_181' title='bbox 276 2269 383 2323; x_wconf 85' lang='grc' dir='ltr'>θὼν</span> <span class='ocrx_word' id='word_1_182' title='bbox 417 2269 611 2342; x_wconf 85' lang='grc' dir='ltr'>μικρὸν</span> <span class='ocrx_word' id='word_1_183' title='bbox 638 2269 834 2323; x_wconf 87' lang='grc' dir='ltr'>ἀνεθῶ.</span> <span class='ocrx_word' id='word_1_184' title='bbox 879 2269 1150 2322; x_wconf 78' lang='grc' dir='ltr'>Εἰσελθὼν</span> <span class='ocrx_word' id='word_1_185' title='bbox 1181 2269 1236 2322; x_wconf 83' lang='grc' dir='ltr'>δὲ</span> <span class='ocrx_word' id='word_1_186' title='bbox 1262 2270 1319 2320; x_wconf 86' lang='grc' dir='ltr'>ἐν</span> <span class='ocrx_word' id='word_1_187' title='bbox 1351 2267 1431 2338; x_wconf 83' lang='grc' dir='ltr'>τῷ</span> <span class='ocrx_word' id='word_1_188' title='bbox 1460 2268 1862 2340; x_wconf 86' lang='grc' dir='ltr'>βαπτιστηρίῳ,</span> 
     </span>
    </p>
   </div>
   <div class='ocr_carea' id='block_1_25' title="bbox 269 2346 1864 2424">
    <p class='ocr_par' dir='ltr' id='par_1_25' title="bbox 269 2346 1864 2424">
     <span class='ocr_line' id='line_1_25' title="bbox 269 2346 1864 2424; baseline -0.001 -18"><span class='ocrx_word' id='word_1_189' title='bbox 269 2353 432 2407; x_wconf 81' lang='grc' dir='ltr'>καλεῖ</span> <span class='ocrx_word' id='word_1_190' title='bbox 477 2353 577 2424; x_wconf 81' lang='grc' dir='ltr'>τὴν</span> <span class='ocrx_word' id='word_1_191' title='bbox 622 2353 1002 2424; x_wconf 83' lang='grc' dir='ltr'>Ὀλυμπιάδα,</span> <span class='ocrx_word' id='word_1_192' title='bbox 1059 2351 1479 2407; x_wconf 87' lang='grc' dir='ltr'>ἀναπάλλακτον</span> <span class='ocrx_word' id='word_1_193' title='bbox 1532 2346 1701 2406; x_wconf 81' lang='grc' dir='ltr'>οὖσαν</span> <span class='ocrx_word' id='word_1_194' title='bbox 1763 2351 1864 2423; x_wconf 77' lang='grc' dir='ltr'>τῆς</span> 
     </span>
    </p>
   </div>
   <div class='ocr_carea' id='block_1_26' title="bbox 287 2435 1859 2509">
    <p class='ocr_par' dir='ltr' id='par_1_26' title="bbox 287 2435 1859 2509">
     <span class='ocr_line' id='line_1_26' title="bbox 287 2435 1859 2509; baseline -0.001 -19"><span class='ocrx_word' id='word_1_195' title='bbox 287 2437 610 2509; x_wconf 85' lang='grc' dir='ltr'>Ἐκκλησίας</span> <span class='ocrx_word' id='word_1_196' title='bbox 645 2437 742 2490; x_wconf 74' lang='grc' dir='ltr'>σὺν</span> <span class='ocrx_word' id='word_1_197' title='bbox 768 2437 1036 2508; x_wconf 67' lang='grc' dir='ltr'>Πενταδίᾳ</span> <span class='ocrx_word' id='word_1_198' title='bbox 1062 2437 1159 2490; x_wconf 76' lang='grc' dir='ltr'>καὶ</span> <span class='ocrx_word' id='word_1_199' title='bbox 1183 2437 1401 2508; x_wconf 86' lang='grc' dir='ltr'>Πρόκλῃ</span> <span class='ocrx_word' id='word_1_200' title='bbox 1424 2438 1547 2499; x_wconf 86' lang='grc' dir='ltr'>ταῖς</span> <span class='ocrx_word' id='word_1_201' title='bbox 1571 2435 1859 2500; x_wconf 77' lang='grc' dir='ltr'>διακόνοις,</span> 
     </span>
    </p>
   </div>
   <div class='ocr_carea' id='block_1_27' title="bbox 273 2519 1865 2592">
    <p class='ocr_par' dir='ltr' id='par_1_27' title="bbox 273 2519 1865 2592">
     <span class='ocr_line' id='line_1_27' title="bbox 273 2519 1865 2592; baseline -0.002 -18"><span class='ocrx_word' id='word_1_202' title='bbox 273 2523 368 2575; x_wconf 74' lang='grc' dir='ltr'>καὶ</span> <span class='ocrx_word' id='word_1_203' title='bbox 389 2520 605 2592; x_wconf 81' lang='grc' dir='ltr'>Σιλὸίνῃ</span> <span class='ocrx_word' id='word_1_204' title='bbox 635 2522 702 2592; x_wconf 81' lang='grc' dir='ltr'>τῇ</span> <span class='ocrx_word' id='word_1_205' title='bbox 747 2519 840 2574; x_wconf 89' lang='grc' dir='ltr'>τοῦ</span> <span class='ocrx_word' id='word_1_206' title='bbox 871 2521 1145 2592; x_wconf 73' lang='grc' dir='ltr'>μακαρίου</span> <span class='ocrx_word' id='word_1_207' title='bbox 1183 2519 1470 2591; x_wconf 76' lang='grc' dir='ltr'>Νεεριδίου</span> <span class='ocrx_word' id='word_1_208' title='bbox 1510 2520 1750 2589; x_wconf 69' lang='grc' dir='ltr'>γυναικὶ,</span> <span class='ocrx_word' id='word_1_209' title='bbox 1783 2519 1865 2572; x_wconf 81' lang='grc' dir='ltr'>εὑ-</span> 
     </span>
    </p>
   </div>
   <div class='ocr_carea' id='block_1_28' title="bbox 276 2607 1864 2682">
    <p class='ocr_par' dir='ltr' id='par_1_28' title="bbox 276 2607 1864 2682">
     <span class='ocr_line' id='line_1_28' title="bbox 276 2607 1864 2682; baseline -0.001 -20"><span class='ocrx_word' id='word_1_210' title='bbox 276 2609 502 2682; x_wconf 84' lang='grc' dir='ltr'>σχήμως</span> <span class='ocrx_word' id='word_1_211' title='bbox 556 2607 842 2680; x_wconf 82' lang='grc' dir='ltr'>κοσμούσῃ</span> <span class='ocrx_word' id='word_1_212' title='bbox 883 2609 983 2679; x_wconf 76' lang='grc' dir='ltr'>τὴν</span> <span class='ocrx_word' id='word_1_213' title='bbox 1024 2608 1224 2680; x_wconf 76' lang='grc' dir='ltr'>ἑαυτῆς</span> <span class='ocrx_word' id='word_1_214' title='bbox 1274 2607 1524 2680; x_wconf 80' lang='grc' dir='ltr'>χηρείαν,</span> <span class='ocrx_word' id='word_1_215' title='bbox 1575 2607 1670 2662; x_wconf 77' lang='grc' dir='ltr'>καὶ</span> <span class='ocrx_word' id='word_1_216' title='bbox 1715 2607 1864 2675; x_wconf 90' lang='grc' dir='ltr'>λέγει</span> 
     </span>
    </p>
   </div>
   <div class='ocr_carea' id='block_1_29' title="bbox 273 2685 1865 2764">
    <p class='ocr_par' dir='ltr' id='par_1_29' title="bbox 273 2685 1865 2764">
     <span class='ocr_line' id='line_1_29' title="bbox 273 2685 1865 2764; baseline -0.001 -16"><span class='ocrx_word' id='word_1_217' title='bbox 273 2696 497 2758; x_wconf 72' lang='grc' dir='ltr'>αὑταῖςο</span> <span class='ocrx_word' id='word_1_218' title='bbox 532 2693 698 2748; x_wconf 80' lang='grc' dir='ltr'>Δεῦτε</span> <span class='ocrx_word' id='word_1_219' title='bbox 751 2685 854 2748; x_wconf 82' lang='grc' dir='ltr'>ὦδε</span> <span class='ocrx_word' id='word_1_220' title='bbox 875 2733 890 2757; x_wconf 91' lang='grc'>,</span> <span class='ocrx_word' id='word_1_221' title='bbox 923 2692 1223 2764; x_wconf 80' lang='grc' dir='ltr'>θυγατέρες</span> <span class='ocrx_word' id='word_1_222' title='bbox 1247 2733 1262 2757; x_wconf 92' lang='grc'>,</span> <span class='ocrx_word' id='word_1_223' title='bbox 1293 2692 1566 2746; x_wconf 87' lang='grc' dir='ltr'>ἀκούσατέ</span> <span class='ocrx_word' id='word_1_224' title='bbox 1613 2707 1743 2763; x_wconf 71' lang='grc' dir='ltr'>μου*</span> <span class='ocrx_word' id='word_1_225' title='bbox 1782 2691 1865 2746; x_wconf 80' lang='grc' dir='ltr'>Τὰ</span> 
     </span>
    </p>
   </div>
   <div class='ocr_carea' id='block_1_30' title="bbox 272 2776 1864 2850">
    <p class='ocr_par' dir='ltr' id='par_1_30' title="bbox 272 2776 1864 2850">
     <span class='ocr_line' id='line_1_30' title="bbox 272 2776 1864 2850; baseline -0.003 -16"><span class='ocrx_word' id='word_1_226' title='bbox 272 2781 396 2834; x_wconf 83' lang='grc' dir='ltr'>κατ’</span> <span class='ocrx_word' id='word_1_227' title='bbox 428 2779 525 2844; x_wconf 81' lang='grc' dir='ltr'>ἐμὲ</span> <span class='ocrx_word' id='word_1_228' title='bbox 551 2778 703 2843; x_wconf 89' lang='grc' dir='ltr'>τέλος</span> <span class='ocrx_word' id='word_1_229' title='bbox 751 2777 864 2850; x_wconf 82' lang='grc' dir='ltr'>ἔχει</span> <span class='ocrx_word' id='word_1_230' title='bbox 883 2821 897 2843; x_wconf 89' lang='grc'>,</span> <span class='ocrx_word' id='word_1_231' title='bbox 943 2778 1019 2842; x_wconf 86' lang='grc' dir='ltr'>ὼς</span> <span class='ocrx_word' id='word_1_232' title='bbox 1043 2778 1154 2850; x_wconf 86' lang='grc' dir='ltr'>ὁρῶ</span> <span class='ocrx_word' id='word_1_233' title='bbox 1174 2795 1188 2808; x_wconf 76' lang='grc' dir='ltr'><strong>ο</strong></span> <span class='ocrx_word' id='word_1_234' title='bbox 1216 2777 1308 2831; x_wconf 82' lang='grc' dir='ltr'>τὸν</span> <span class='ocrx_word' id='word_1_235' title='bbox 1340 2777 1537 2848; x_wconf 87' lang='grc' dir='ltr'>δρόμον</span> <span class='ocrx_word' id='word_1_236' title='bbox 1571 2795 1672 2848; x_wconf 89' lang='grc' dir='ltr'>μου</span> <span class='ocrx_word' id='word_1_237' title='bbox 1710 2776 1864 2830; x_wconf 83' lang='grc' dir='ltr'>τετέ-</span> 
     </span>
    </p>
   </div>
   <div class='ocr_carea' id='block_1_31' title="bbox 274 2861 1860 2933">
    <p class='ocr_par' dir='ltr' id='par_1_31' title="bbox 274 2861 1860 2933">
     <span class='ocr_line' id='line_1_31' title="bbox 274 2861 1860 2933; baseline -0.002 -15"><span class='ocrx_word' id='word_1_238' title='bbox 274 2865 432 2924; x_wconf 86' lang='grc' dir='ltr'>λεκα,</span> <span class='ocrx_word' id='word_1_239' title='bbox 481 2865 577 2918; x_wconf 67' lang='grc' dir='ltr'>καὶ</span> <span class='ocrx_word' id='word_1_240' title='bbox 639 2865 769 2928; x_wconf 76' lang='grc' dir='ltr'>ἴσως</span> <span class='ocrx_word' id='word_1_241' title='bbox 815 2865 1001 2916; x_wconf 80' lang='grc' dir='ltr'>οὐκέτι</span> <span class='ocrx_word' id='word_1_242' title='bbox 1047 2862 1247 2933; x_wconf 58' lang='grc' dir='ltr'>ὄψεσθε</span> <span class='ocrx_word' id='word_1_243' title='bbox 1295 2861 1357 2915; x_wconf 83' lang='grc' dir='ltr'>τὸ</span> <span class='ocrx_word' id='word_1_244' title='bbox 1400 2861 1692 2933; x_wconf 84' lang='grc' dir='ltr'>πρόσωπόν</span> <span class='ocrx_word' id='word_1_245' title='bbox 1735 2878 1860 2930; x_wconf 94' lang='grc' dir='ltr'>μου.</span> 
     </span>
    </p>
   </div>
   <div class='ocr_carea' id='block_1_32' title="bbox 275 2947 1860 3020">
    <p class='ocr_par' dir='ltr' id='par_1_32' title="bbox 275 2947 1860 3020">
     <span class='ocr_line' id='line_1_32' title="bbox 275 2947 1860 3020; baseline -0.002 -19"><span class='ocrx_word' id='word_1_246' title='bbox 275 2947 447 3002; x_wconf 79' lang='grc' dir='ltr'>Τοῦτο</span> <span class='ocrx_word' id='word_1_247' title='bbox 485 2949 542 3001; x_wconf 89' lang='grc' dir='ltr'>δέ</span> <span class='ocrx_word' id='word_1_248' title='bbox 585 2951 734 3003; x_wconf 83' lang='grc' dir='ltr'>ἐστιν</span> <span class='ocrx_word' id='word_1_249' title='bbox 771 2947 800 3000; x_wconf 84' lang='grc' dir='ltr'><strong>ὃ</strong></span> <span class='ocrx_word' id='word_1_250' title='bbox 834 2947 1138 3020; x_wconf 78' lang='grc' dir='ltr'>παρακαλῶ</span> <span class='ocrx_word' id='word_1_251' title='bbox 1158 2964 1172 2976; x_wconf 89' lang='grc'>·</span> <span class='ocrx_word' id='word_1_252' title='bbox 1197 2947 1278 3017; x_wconf 87' lang='grc' dir='ltr'>μή</span> <span class='ocrx_word' id='word_1_253' title='bbox 1313 2964 1396 3009; x_wconf 91' lang='grc' dir='ltr'>τις</span> <span class='ocrx_word' id='word_1_254' title='bbox 1426 2947 1579 3017; x_wconf 82' lang='grc' dir='ltr'>ὑμῶν</span> <span class='ocrx_word' id='word_1_255' title='bbox 1612 2947 1860 3016; x_wconf 83' lang='grc' dir='ltr'>ἀνακοπῇ</span> 
     </span>
    </p>
   </div>
   <div class='ocr_carea' id='block_1_33' title="bbox 270 3030 1865 3105">
    <p class='ocr_par' dir='ltr' id='par_1_33' title="bbox 270 3030 1865 3105">
     <span class='ocr_line' id='line_1_33' title="bbox 270 3030 1865 3105; baseline -0.003 -19"><span class='ocrx_word' id='word_1_256' title='bbox 270 3034 372 3105; x_wconf 83' lang='grc' dir='ltr'>τῆς</span> <span class='ocrx_word' id='word_1_257' title='bbox 407 3032 673 3104; x_wconf 87' lang='grc' dir='ltr'>συνήθους</span> <span class='ocrx_word' id='word_1_258' title='bbox 709 3031 922 3094; x_wconf 79' lang='grc' dir='ltr'>εὐνοίας</span> <span class='ocrx_word' id='word_1_259' title='bbox 958 3031 1060 3101; x_wconf 79' lang='grc' dir='ltr'>τῆς</span> <span class='ocrx_word' id='word_1_260' title='bbox 1090 3032 1218 3102; x_wconf 79' lang='grc' dir='ltr'>περὶ</span> <span class='ocrx_word' id='word_1_261' title='bbox 1240 3030 1338 3101; x_wconf 82' lang='grc' dir='ltr'>τὴν</span> <span class='ocrx_word' id='word_1_262' title='bbox 1378 3030 1733 3101; x_wconf 75' lang='grc' dir='ltr'>Ἐκκλησίανο</span> <span class='ocrx_word' id='word_1_263' title='bbox 1769 3031 1865 3083; x_wconf 75' lang='grc' dir='ltr'>καὶ</span> 
     </span>
    </p>
   </div>
   <div class='ocr_carea' id='block_1_34' title="bbox 268 3113 1864 3187">
    <p class='ocr_par' dir='ltr' id='par_1_34' title="bbox 268 3113 1864 3187">
     <span class='ocr_line' id='line_1_34' title="bbox 268 3113 1864 3187; baseline -0.003 -16"><span class='ocrx_word' id='word_1_264' title='bbox 268 3117 332 3180; x_wconf 75' lang='grc' dir='ltr'>ὃς</span> <span class='ocrx_word' id='word_1_265' title='bbox 346 3116 412 3171; x_wconf 80' lang='grc' dir='ltr'>ἂν</span> <span class='ocrx_word' id='word_1_266' title='bbox 434 3116 583 3170; x_wconf 85' lang='grc' dir='ltr'>ἀκων</span> <span class='ocrx_word' id='word_1_267' title='bbox 596 3115 738 3187; x_wconf 83' lang='grc' dir='ltr'>ἀχθῇ</span> <span class='ocrx_word' id='word_1_268' title='bbox 756 3117 850 3169; x_wconf 72' lang='grc' dir='ltr'>ἐπὶ</span> <span class='ocrx_word' id='word_1_269' title='bbox 873 3115 1334 3187; x_wconf 81' lang='grc' dir='ltr'>τὴνχειροτονίαν,</span> <span class='ocrx_word' id='word_1_270' title='bbox 1357 3115 1431 3185; x_wconf 86' lang='grc' dir='ltr'>μὴ</span> <span class='ocrx_word' id='word_1_271' title='bbox 1447 3113 1864 3184; x_wconf 75' lang='grc' dir='ltr'>ἀμφιῦατεύσας</span> 
     </span>
    </p>
   </div>
   <div class='ocr_carea' id='block_1_35' title="bbox 271 3197 1865 3272">
    <p class='ocr_par' dir='ltr' id='par_1_35' title="bbox 271 3197 1865 3272">
     <span class='ocr_line' id='line_1_35' title="bbox 271 3197 1865 3272; baseline -0.002 -19"><span class='ocrx_word' id='word_1_272' title='bbox 271 3201 336 3253; x_wconf 85' lang='grc' dir='ltr'>τὸ</span> <span class='ocrx_word' id='word_1_273' title='bbox 378 3202 610 3272; x_wconf 81' lang='grc' dir='ltr'>πρᾶγμα</span> <span class='ocrx_word' id='word_1_274' title='bbox 637 3239 652 3265; x_wconf 92' lang='grc'>,</span> <span class='ocrx_word' id='word_1_275' title='bbox 690 3198 832 3253; x_wconf 88' lang='grc' dir='ltr'>κατά</span> <span class='ocrx_word' id='word_1_276' title='bbox 867 3199 1173 3252; x_wconf 88' lang='grc' dir='ltr'>συναίνεσιν</span> <span class='ocrx_word' id='word_1_277' title='bbox 1218 3197 1328 3252; x_wconf 88' lang='grc' dir='ltr'>τῶν</span> <span class='ocrx_word' id='word_1_278' title='bbox 1367 3199 1604 3263; x_wconf 87' lang='grc' dir='ltr'>πάντων,</span> <span class='ocrx_word' id='word_1_279' title='bbox 1646 3197 1865 3251; x_wconf 84' lang='grc' dir='ltr'>κλίνατε</span> 
     </span>
    </p>
   </div>
   <div class='ocr_carea' id='block_1_36' title="bbox 236 3284 1867 3359">
    <p class='ocr_par' dir='ltr' id='par_1_36' title="bbox 236 3284 1867 3359">
     <span class='ocr_line' id='line_1_36' title="bbox 236 3284 1867 3359; baseline -0.003 -16"><span class='ocrx_word' id='word_1_280' title='bbox 236 3318 238 3320; x_wconf 94' lang='grc'><strong>-</strong></span> <span class='ocrx_word' id='word_1_281' title='bbox 273 3287 426 3359; x_wconf 77' lang='grc' dir='ltr'>αὐτῷ</span> <span class='ocrx_word' id='word_1_282' title='bbox 449 3287 552 3358; x_wconf 75' lang='grc' dir='ltr'>τὴν</span> <span class='ocrx_word' id='word_1_283' title='bbox 579 3286 825 3357; x_wconf 78' lang='grc' dir='ltr'>κεφαλὴν</span> <span class='ocrx_word' id='word_1_284' title='bbox 849 3286 1006 3358; x_wconf 81' lang='grc' dir='ltr'>ὑμῶν</span> <span class='ocrx_word' id='word_1_285' title='bbox 1025 3287 1109 3350; x_wconf 82' lang='grc' dir='ltr'>ὼς</span> <span class='ocrx_word' id='word_1_286' title='bbox 1133 3285 1358 3359; x_wconf 82' lang='grc' dir='ltr'>Ἰωάννῃ</span> <span class='ocrx_word' id='word_1_287' title='bbox 1375 3302 1387 3314; x_wconf 90' lang='grc'><strong>·</strong></span> <span class='ocrx_word' id='word_1_288' title='bbox 1425 3286 1486 3338; x_wconf 83' lang='grc' dir='ltr'>ού</span> <span class='ocrx_word' id='word_1_289' title='bbox 1512 3285 1734 3338; x_wconf 86' lang='grc' dir='ltr'>δύναται</span> <span class='ocrx_word' id='word_1_290' title='bbox 1757 3284 1867 3357; x_wconf 88' lang='grc' dir='ltr'>γάρ</span> 
     </span>
    </p>
   </div>
   <div class='ocr_carea' id='block_1_37' title="bbox 273 3368 1867 3443">
    <p class='ocr_par' dir='ltr' id='par_1_37' title="bbox 273 3368 1867 3443">
     <span class='ocr_line' id='line_1_37' title="bbox 273 3368 1867 3443; baseline -0.003 -16"><span class='ocrx_word' id='word_1_291' title='bbox 273 3375 308 3443; x_wconf 86' lang='grc' dir='ltr'>ἠ</span> <span class='ocrx_word' id='word_1_292' title='bbox 351 3373 651 3443; x_wconf 67' lang='grc' dir='ltr'>Ἐκκλησία</span> <span class='ocrx_word' id='word_1_293' title='bbox 677 3374 808 3428; x_wconf 79' lang='grc' dir='ltr'>ἄνευ</span> <span class='ocrx_word' id='word_1_294' title='bbox 849 3372 1152 3425; x_wconf 78' lang='grc' dir='ltr'>ἐπισκόπου</span> <span class='ocrx_word' id='word_1_295' title='bbox 1179 3368 1340 3425; x_wconf 85' lang='grc' dir='ltr'>εἶναι.</span> <span class='ocrx_word' id='word_1_296' title='bbox 1372 3371 1482 3425; x_wconf 73' lang='grc' dir='ltr'>Καὶ</span> <span class='ocrx_word' id='word_1_297' title='bbox 1508 3370 1682 3434; x_wconf 77' lang='grc' dir='ltr'>οὕτως</span> <span class='ocrx_word' id='word_1_298' title='bbox 1712 3370 1867 3440; x_wconf 89' lang='grc' dir='ltr'>ἐλεη-</span> 
     </span>
    </p>
   </div>
   <div class='ocr_carea' id='block_1_38' title="bbox 275 3454 1868 3528">
    <p class='ocr_par' dir='ltr' id='par_1_38' title="bbox 275 3454 1868 3528">
     <span class='ocr_line' id='line_1_38' title="bbox 275 3454 1868 3528; baseline 0.003 -22"><span class='ocrx_word' id='word_1_299' title='bbox 275 3457 400 3526; x_wconf 83' lang='grc' dir='ltr'>θῆτε</span> <span class='ocrx_word' id='word_1_300' title='bbox 425 3474 439 3486; x_wconf 91' lang='grc'><strong>·</strong></span> <span class='ocrx_word' id='word_1_301' title='bbox 486 3455 768 3528; x_wconf 87' lang='grc' dir='ltr'>μέμνησθέ</span> <span class='ocrx_word' id='word_1_302' title='bbox 793 3473 898 3527; x_wconf 91' lang='grc' dir='ltr'>μου</span> <span class='ocrx_word' id='word_1_303' title='bbox 927 3456 986 3508; x_wconf 89' lang='grc' dir='ltr'>ἐν</span> <span class='ocrx_word' id='word_1_304' title='bbox 1013 3457 1137 3518; x_wconf 84' lang='grc' dir='ltr'>ταῖς</span> <span class='ocrx_word' id='word_1_305' title='bbox 1167 3459 1497 3526; x_wconf 86' lang='grc' dir='ltr'>προσευχαῖς</span> <span class='ocrx_word' id='word_1_306' title='bbox 1530 3454 1706 3525; x_wconf 85' lang='grc' dir='ltr'>ὑμῶν.</span> <span class='ocrx_word' id='word_1_307' title='bbox 1737 3455 1868 3523; x_wconf 78' lang='grc' dir='ltr'>Συγ-</span> 
     </span>
    </p>
   </div>
   <div class='ocr_carea' id='block_1_39' title="bbox 268 3539 1867 3612">
    <p class='ocr_par' dir='ltr' id='par_1_39' title="bbox 268 3539 1867 3612">
     <span class='ocr_line' id='line_1_39' title="bbox 268 3539 1867 3612; baseline -0.001 -16"><span class='ocrx_word' id='word_1_308' title='bbox 268 3542 522 3612; x_wconf 80' lang='grc' dir='ltr'>χυθεῖσαι</span> <span class='ocrx_word' id='word_1_309' title='bbox 551 3542 609 3596; x_wconf 78' lang='grc' dir='ltr'>δὲ</span> <span class='ocrx_word' id='word_1_310' title='bbox 660 3542 924 3612; x_wconf 85' lang='grc' dir='ltr'>δάκρυσιν</span> <span class='ocrx_word' id='word_1_311' title='bbox 966 3540 1340 3612; x_wconf 76' lang='grc' dir='ltr'>ἐκυλινδοῦντο</span> <span class='ocrx_word' id='word_1_312' title='bbox 1378 3543 1508 3612; x_wconf 81' lang='grc' dir='ltr'>περὶ</span> <span class='ocrx_word' id='word_1_313' title='bbox 1544 3541 1669 3603; x_wconf 81' lang='grc' dir='ltr'>τοὺς</span> <span class='ocrx_word' id='word_1_314' title='bbox 1699 3539 1867 3604; x_wconf 83' lang='grc' dir='ltr'>πόδας</span> 
     </span>
    </p>
   </div>
   <div class='ocr_carea' id='block_1_40' title="bbox 272 3607 1864 3696">
    <p class='ocr_par' dir='ltr' id='par_1_40' title="bbox 272 3607 1864 3696">
     <span class='ocr_line' id='line_1_40' title="bbox 272 3607 1864 3696; baseline -0.003 -16"><span class='ocrx_word' id='word_1_315' title='bbox 272 3627 458 3680; x_wconf 77' lang='grc' dir='ltr'>αὑτοῦ.</span> <span class='ocrx_word' id='word_1_316' title='bbox 504 3627 638 3680; x_wconf 88' lang='grc' dir='ltr'>Τότε</span> <span class='ocrx_word' id='word_1_317' title='bbox 673 3626 873 3690; x_wconf 87' lang='grc' dir='ltr'>νεύσας</span> <span class='ocrx_word' id='word_1_318' title='bbox 917 3607 1027 3679; x_wconf 69' lang='grc' dir='ltr'>τινί</span> <span class='ocrx_word' id='word_1_319' title='bbox 1068 3625 1178 3679; x_wconf 86' lang='grc' dir='ltr'>τῶν</span> <span class='ocrx_word' id='word_1_320' title='bbox 1225 3625 1439 3696; x_wconf 82' lang='grc' dir='ltr'>σεμνῶν</span> <span class='ocrx_word' id='word_1_321' title='bbox 1477 3624 1864 3696; x_wconf 76' lang='grc' dir='ltr'>πρεσϐυτέρων</span> 
     </span>
    </p>
   </div>
   <div class='ocr_carea' id='block_1_41' title="bbox 270 3707 1865 3780">
    <p class='ocr_par' dir='ltr' id='par_1_41' title="bbox 270 3707 1865 3780">
     <span class='ocr_line' id='line_1_41' title="bbox 270 3707 1865 3780; baseline -0.001 -18"><span class='ocrx_word' id='word_1_322' title='bbox 270 3710 424 3779; x_wconf 86' lang='grc' dir='ltr'>λέγει</span> <span class='ocrx_word' id='word_1_323' title='bbox 448 3724 464 3740; x_wconf 88' lang='grc'><strong>·</strong></span> <span class='ocrx_word' id='word_1_324' title='bbox 517 3709 665 3764; x_wconf 80' lang='grc' dir='ltr'>Λάϐε</span> <span class='ocrx_word' id='word_1_325' title='bbox 698 3710 905 3773; x_wconf 87' lang='grc' dir='ltr'>ταύτας</span> <span class='ocrx_word' id='word_1_326' title='bbox 934 3707 1204 3769; x_wconf 84' lang='grc' dir='ltr'>ἐντεῦθεν,</span> <span class='ocrx_word' id='word_1_327' title='bbox 1256 3709 1344 3762; x_wconf 84' lang='grc' dir='ltr'>ἵνα</span> <span class='ocrx_word' id='word_1_328' title='bbox 1389 3707 1466 3780; x_wconf 82' lang='grc' dir='ltr'>μὴ</span> <span class='ocrx_word' id='word_1_329' title='bbox 1509 3709 1636 3771; x_wconf 86' lang='grc' dir='ltr'>τοὺς</span> <span class='ocrx_word' id='word_1_330' title='bbox 1673 3707 1865 3777; x_wconf 76' lang='grc' dir='ltr'>ὄχλους</span> 
     </span>
    </p>
   </div>
   <div class='ocr_carea' id='block_1_42' title="bbox 273 3790 1864 3866">
    <p class='ocr_par' dir='ltr' id='par_1_42' title="bbox 273 3790 1864 3866">
     <span class='ocr_line' id='line_1_42' title="bbox 273 3790 1864 3866; baseline -0.003 -18"><span class='ocrx_word' id='word_1_331' title='bbox 273 3793 598 3866; x_wconf 80' lang='grc' dir='ltr'>ταράξωσιν.</span> <span class='ocrx_word' id='word_1_332' title='bbox 630 3793 817 3858; x_wconf 72' lang='grc' dir='ltr'>Οὕτως</span> <span class='ocrx_word' id='word_1_333' title='bbox 849 3790 944 3848; x_wconf 78' lang='grc' dir='ltr'>οὖν</span> <span class='ocrx_word' id='word_1_334' title='bbox 983 3793 1180 3864; x_wconf 77' lang='grc' dir='ltr'>μικρὸν</span> <span class='ocrx_word' id='word_1_335' title='bbox 1207 3793 1646 3864; x_wconf 76' lang='grc' dir='ltr'>ἐμποδισθεῖται,</span> <span class='ocrx_word' id='word_1_336' title='bbox 1677 3793 1864 3858; x_wconf 77' lang='grc' dir='ltr'>ἔδοξαν</span> 
     </span>
    </p>
   </div>
   <div class='ocr_carea' id='block_1_43' title="bbox 269 3873 1865 3951">
    <p class='ocr_par' dir='ltr' id='par_1_43' title="bbox 269 3873 1865 3951">
     <span class='ocr_line' id='line_1_43' title="bbox 269 3873 1865 3951; baseline -0.004 -19"><span class='ocrx_word' id='word_1_337' title='bbox 269 3879 423 3950; x_wconf 76' lang='grc' dir='ltr'>αὐτῷ</span> <span class='ocrx_word' id='word_1_338' title='bbox 458 3882 786 3951; x_wconf 80' lang='grc' dir='ltr'>συγχωρεῖνί</span> <span class='ocrx_word' id='word_1_339' title='bbox 813 3879 924 3931; x_wconf 71' lang='grc' dir='ltr'>Καὶ</span> <span class='ocrx_word' id='word_1_340' title='bbox 957 3877 1129 3938; x_wconf 73' lang='grc' dir='ltr'>οὕτως</span> <span class='ocrx_word' id='word_1_341' title='bbox 1159 3875 1382 3946; x_wconf 69' lang='grc' dir='ltr'>ἐξῆλθεν</span> <span class='ocrx_word' id='word_1_342' title='bbox 1403 3877 1496 3929; x_wconf 79' lang='grc' dir='ltr'>ἐπὶ</span> <span class='ocrx_word' id='word_1_343' title='bbox 1519 3876 1582 3929; x_wconf 87' lang='lat'>16</span> <span class='ocrx_word' id='word_1_344' title='bbox 1611 3875 1774 3946; x_wconf 90' lang='grc' dir='ltr'>μέρος</span> <span class='ocrx_word' id='word_1_345' title='bbox 1802 3873 1865 3927; x_wconf 86' lang='grc' dir='ltr'>τὸ</span> 
     </span>
    </p>
   </div>
   <div class='ocr_carea' id='block_1_44' title="bbox 270 3958 1861 4034">
    <p class='ocr_par' dir='ltr' id='par_1_44' title="bbox 270 3958 1861 4034">
     <span class='ocr_line' id='line_1_44' title="bbox 270 3958 1861 4034; baseline -0.004 -17"><span class='ocrx_word' id='word_1_346' title='bbox 270 3963 592 4017; x_wconf 77' lang='grc' dir='ltr'>ἀνατολικόν</span> <span class='ocrx_word' id='word_1_347' title='bbox 619 3980 632 3993; x_wconf 90' lang='grc'><strong>·</strong></span> <span class='ocrx_word' id='word_1_348' title='bbox 681 3963 835 4016; x_wconf 75' lang='grc' dir='ltr'>οὐδὲν</span> <span class='ocrx_word' id='word_1_349' title='bbox 884 3963 992 4034; x_wconf 80' lang='grc' dir='ltr'>γάρ</span> <span class='ocrx_word' id='word_1_350' title='bbox 1034 3963 1166 4034; x_wconf 79' lang='grc' dir='ltr'>παρ’</span> <span class='ocrx_word' id='word_1_351' title='bbox 1214 3960 1364 4028; x_wconf 80' lang='grc' dir='ltr'>αύτῷ</span> <span class='ocrx_word' id='word_1_352' title='bbox 1402 3961 1647 4013; x_wconf 84' lang='grc' dir='ltr'>δυτικόν·</span> <span class='ocrx_word' id='word_1_353' title='bbox 1688 3959 1767 4030; x_wconf 81' lang='grc' dir='ltr'>τῷ</span> <span class='ocrx_word' id='word_1_354' title='bbox 1806 3958 1861 4011; x_wconf 83' lang='grc' dir='ltr'>δὲ</span> 
     </span>
    </p>
   </div>
   <div class='ocr_carea' id='block_1_45' title="bbox 275 4043 1862 4118">
    <p class='ocr_par' dir='ltr' id='par_1_45' title="bbox 275 4043 1862 4118">
     <span class='ocr_line' id='line_1_45' title="bbox 275 4043 1862 4118; baseline -0.003 -19"><span class='ocrx_word' id='word_1_355' title='bbox 275 4046 478 4117; x_wconf 79' lang='grc' dir='ltr'>δυτικῷ</span> <span class='ocrx_word' id='word_1_356' title='bbox 521 4047 699 4118; x_wconf 81' lang='grc' dir='ltr'>μέρει,</span> <span class='ocrx_word' id='word_1_357' title='bbox 726 4046 854 4100; x_wconf 83' lang='grc' dir='ltr'>ἔνθα</span> <span class='ocrx_word' id='word_1_358' title='bbox 884 4049 912 4100; x_wconf 85' lang='grc' dir='ltr'><strong>ὁ</strong></span> <span class='ocrx_word' id='word_1_359' title='bbox 946 4047 1043 4116; x_wconf 69' lang='grc' dir='ltr'>τῆς</span> <span class='ocrx_word' id='word_1_360' title='bbox 1071 4045 1370 4117; x_wconf 75' lang='grc' dir='ltr'>ἐκκλησίας</span> <span class='ocrx_word' id='word_1_361' title='bbox 1410 4043 1613 4104; x_wconf 82' lang='grc' dir='ltr'>πυλῶν,</span> <span class='ocrx_word' id='word_1_362' title='bbox 1643 4044 1705 4096; x_wconf 89' lang='grc' dir='ltr'>τὸ</span> <span class='ocrx_word' id='word_1_363' title='bbox 1727 4045 1862 4095; x_wconf 84' lang='grc' dir='ltr'>ὐπο-</span> 
     </span>
    </p>
   </div>
   <div class='ocr_carea' id='block_1_46' title="bbox 275 4128 1865 4201">
    <p class='ocr_par' dir='ltr' id='par_1_46' title="bbox 275 4128 1865 4201">
     <span class='ocr_line' id='line_1_46' title="bbox 275 4128 1865 4201; baseline -0.003 -16"><span class='ocrx_word' id='word_1_364' title='bbox 275 4129 483 4197; x_wconf 78' lang='grc' dir='ltr'>ζύγιον,</span> <span class='ocrx_word' id='word_1_365' title='bbox 512 4133 570 4184; x_wconf 86' lang='grc' dir='ltr'>ἐν</span> <span class='ocrx_word' id='word_1_366' title='bbox 596 4128 641 4199; x_wconf 81' lang='grc' dir='ltr'>ᾧ</span> <span class='ocrx_word' id='word_1_367' title='bbox 684 4131 841 4184; x_wconf 83' lang='grc' dir='ltr'>είωθε</span> <span class='ocrx_word' id='word_1_368' title='bbox 886 4129 1246 4195; x_wconf 85' lang='grc' dir='ltr'>καθέζεσθαι,</span> <span class='ocrx_word' id='word_1_369' title='bbox 1291 4131 1397 4201; x_wconf 78' lang='grc' dir='ltr'>πρὸ</span> <span class='ocrx_word' id='word_1_370' title='bbox 1437 4129 1539 4194; x_wconf 75' lang='grc' dir='ltr'>τῆς</span> <span class='ocrx_word' id='word_1_371' title='bbox 1567 4128 1743 4199; x_wconf 86' lang='grc' dir='ltr'>πύλης</span> <span class='ocrx_word' id='word_1_372' title='bbox 1774 4146 1865 4181; x_wconf 89' lang='grc' dir='ltr'>κε-</span> 
     </span>
    </p>
   </div>
   <div class='ocr_carea' id='block_1_47' title="bbox 165 4212 1864 4286">
    <p class='ocr_par' dir='ltr' id='par_1_47' title="bbox 165 4212 1864 4286">
     <span class='ocr_line' id='line_1_47' title="bbox 165 4212 1864 4286; baseline -0.001 -20"><span class='ocrx_word' id='word_1_373' title='bbox 165 4255 180 4266; x_wconf 61' lang='grc'>,</span> <span class='ocrx_word' id='word_1_374' title='bbox 271 4214 472 4279; x_wconf 80' lang='grc' dir='ltr'>λεύσας</span> <span class='ocrx_word' id='word_1_375' title='bbox 498 4216 693 4286; x_wconf 76' lang='grc' dir='ltr'>στῆναι</span> <span class='ocrx_word' id='word_1_376' title='bbox 718 4217 798 4278; x_wconf 85' lang='grc' dir='ltr'>είς</span> <span class='ocrx_word' id='word_1_377' title='bbox 818 4214 1204 4286; x_wconf 78' lang='grc' dir='ltr'>περισπασμὸν</span> <span class='ocrx_word' id='word_1_378' title='bbox 1230 4213 1338 4265; x_wconf 88' lang='grc' dir='ltr'>τῶν</span> <span class='ocrx_word' id='word_1_379' title='bbox 1364 4212 1508 4266; x_wconf 88' lang='grc' dir='ltr'>λαῶν</span> <span class='ocrx_word' id='word_1_380' title='bbox 1529 4212 1738 4265; x_wconf 82' lang='grc' dir='ltr'>ἐκεῖθεν</span> <span class='ocrx_word' id='word_1_381' title='bbox 1767 4213 1864 4264; x_wconf 79' lang='grc' dir='ltr'>αύ-</span> 
     </span>
    </p>
   </div>
   <div class='ocr_carea' id='block_1_48' title="bbox 273 4297 1861 4370">
    <p class='ocr_par' dir='ltr' id='par_1_48' title="bbox 273 4297 1861 4370">
     <span class='ocr_line' id='line_1_48' title="bbox 273 4297 1861 4370; baseline -0.002 -17"><span class='ocrx_word' id='word_1_382' title='bbox 273 4301 368 4353; x_wconf 77' lang='grc' dir='ltr'>τδν</span> <span class='ocrx_word' id='word_1_383' title='bbox 425 4299 897 4370; x_wconf 85' lang='grc' dir='ltr'>προσδοκούντων,</span> <span class='ocrx_word' id='word_1_384' title='bbox 959 4297 1367 4365; x_wconf 81' lang='grc' dir='ltr'>συνεξελθόντος</span> <span class='ocrx_word' id='word_1_385' title='bbox 1424 4297 1573 4367; x_wconf 83' lang='grc' dir='ltr'>αύτῷ</span> <span class='ocrx_word' id='word_1_386' title='bbox 1621 4297 1717 4350; x_wconf 77' lang='grc' dir='ltr'>καὶ</span> <span class='ocrx_word' id='word_1_387' title='bbox 1767 4297 1861 4350; x_wconf 85' lang='grc' dir='ltr'>τοῦ</span> 
     </span>
    </p>
   </div>
   <div class='ocr_carea' id='block_1_49' title="bbox 267 4380 1861 4455">
    <p class='ocr_par' dir='ltr' id='par_1_49' title="bbox 267 4380 1861 4455">
     <span class='ocr_line' id='line_1_49' title="bbox 267 4380 1861 4455; baseline -0.003 -18"><span class='ocrx_word' id='word_1_388' title='bbox 267 4383 532 4453; x_wconf 78' lang='grc' dir='ltr'>ἀγγέλου,</span> <span class='ocrx_word' id='word_1_389' title='bbox 573 4383 648 4454; x_wconf 80' lang='grc' dir='ltr'>μὴ</span> <span class='ocrx_word' id='word_1_390' title='bbox 680 4384 937 4455; x_wconf 86' lang='grc' dir='ltr'>φέροντος</span> <span class='ocrx_word' id='word_1_391' title='bbox 960 4383 1059 4451; x_wconf 78' lang='grc' dir='ltr'>τὴν</span> <span class='ocrx_word' id='word_1_392' title='bbox 1093 4382 1328 4454; x_wconf 81' lang='grc' dir='ltr'>ἐρημίαν</span> <span class='ocrx_word' id='word_1_393' title='bbox 1360 4381 1463 4452; x_wconf 79' lang='grc' dir='ltr'>τῆς</span> <span class='ocrx_word' id='word_1_394' title='bbox 1509 4380 1861 4452; x_wconf 76' lang='grc' dir='ltr'>Ἐκκλησίας,</span> 
     </span>
    </p>
   </div>
   <div class='ocr_carea' id='block_1_50' title="bbox 274 4465 1862 4540">
    <p class='ocr_par' dir='ltr' id='par_1_50' title="bbox 274 4465 1862 4540">
     <span class='ocr_line' id='line_1_50' title="bbox 274 4465 1862 4540; baseline -0.004 -17"><span class='ocrx_word' id='word_1_395' title='bbox 274 4469 344 4538; x_wconf 79' lang='grc' dir='ltr'>ἢν</span> <span class='ocrx_word' id='word_1_396' title='bbox 373 4468 542 4540; x_wconf 78' lang='grc' dir='ltr'>ἀρχαὶ</span> <span class='ocrx_word' id='word_1_397' title='bbox 571 4469 806 4540; x_wconf 73' lang='grc' dir='ltr'>πονηραὶ</span> <span class='ocrx_word' id='word_1_398' title='bbox 832 4469 927 4520; x_wconf 73' lang='grc' dir='ltr'>καὶ</span> <span class='ocrx_word' id='word_1_399' title='bbox 950 4466 1189 4531; x_wconf 81' lang='grc' dir='ltr'>ἐξουσίαι</span> <span class='ocrx_word' id='word_1_400' title='bbox 1219 4467 1565 4536; x_wconf 77' lang='grc' dir='ltr'>εἰργάσαντο,</span> <span class='ocrx_word' id='word_1_401' title='bbox 1610 4465 1862 4537; x_wconf 85' lang='grc' dir='ltr'>καθάπερ</span> 
     </span>
    </p>
   </div>
   <div class='ocr_carea' id='block_1_51' title="bbox 167 4548 1862 4625">
    <p class='ocr_par' dir='ltr' id='par_1_51' title="bbox 167 4548 1862 4625">
     <span class='ocr_line' id='line_1_51' title="bbox 167 4548 1862 4625; baseline -0.002 -20"><span class='ocrx_word' id='word_1_402' title='bbox 167 4597 175 4605; x_wconf 94' lang='grc'><strong>.</strong></span> <span class='ocrx_word' id='word_1_403' title='bbox 276 4552 659 4625; x_wconf 84' lang='grc' dir='ltr'>θεατρονόμιον</span> <span class='ocrx_word' id='word_1_404' title='bbox 681 4562 699 4581; x_wconf 83' lang='grc'><strong><em>⁵</em></strong></span> <span class='ocrx_word' id='word_1_405' title='bbox 739 4551 1110 4616; x_wconf 79' lang='grc' dir='ltr'>άποδείξασαι.</span> <span class='ocrx_word' id='word_1_406' title='bbox 1158 4551 1246 4614; x_wconf 80' lang='grc' dir='ltr'>Ὠς</span> <span class='ocrx_word' id='word_1_407' title='bbox 1286 4551 1386 4620; x_wconf 80' lang='grc' dir='ltr'>μὲν</span> <span class='ocrx_word' id='word_1_408' title='bbox 1419 4551 1525 4620; x_wconf 76' lang='grc' dir='ltr'>γάρ</span> <span class='ocrx_word' id='word_1_409' title='bbox 1560 4551 1618 4602; x_wconf 91' lang='grc' dir='ltr'>ἐν</span> <span class='ocrx_word' id='word_1_410' title='bbox 1648 4548 1862 4620; x_wconf 83' lang='grc' dir='ltr'>θεάτρῳ</span> 
     </span>
    </p>
   </div>
   <div class='ocr_carea' id='block_1_52' title="bbox 271 4632 1862 4708">
    <p class='ocr_par' dir='ltr' id='par_1_52' title="bbox 271 4632 1862 4708">
     <span class='ocr_line' id='line_1_52' title="bbox 271 4632 1862 4708; baseline -0.003 -18"><span class='ocrx_word' id='word_1_411' title='bbox 271 4636 531 4708; x_wconf 76' lang='grc' dir='ltr'>κλωσμὸς</span> <span class='ocrx_word' id='word_1_412' title='bbox 557 4632 644 4708; x_wconf 82' lang='grc' dir='ltr'>ἦν,</span> <span class='ocrx_word' id='word_1_413' title='bbox 693 4637 1054 4707; x_wconf 86' lang='grc' dir='ltr'>συριττόντων</span> <span class='ocrx_word' id='word_1_414' title='bbox 1090 4633 1200 4688; x_wconf 79' lang='grc' dir='ltr'>τῶν</span> <span class='ocrx_word' id='word_1_415' title='bbox 1230 4633 1444 4688; x_wconf 76' lang='grc' dir='ltr'>ἀσεϐῶν</span> <span class='ocrx_word' id='word_1_416' title='bbox 1476 4632 1570 4686; x_wconf 78' lang='grc' dir='ltr'>καὶ</span> <span class='ocrx_word' id='word_1_417' title='bbox 1608 4649 1862 4702; x_wconf 88' lang='grc' dir='ltr'>καταμω-</span> 
     </span>
    </p>
   </div>
   <div class='ocr_carea' id='block_1_53' title="bbox 272 4717 1863 4792">
    <p class='ocr_par' dir='ltr' id='par_1_53' title="bbox 272 4717 1863 4792">
     <span class='ocr_line' id='line_1_53' title="bbox 272 4717 1863 4792; baseline -0.001 -19"><span class='ocrx_word' id='word_1_418' title='bbox 272 4723 560 4792; x_wconf 79' lang='grc' dir='ltr'>κωμένων,</span> <span class='ocrx_word' id='word_1_419' title='bbox 585 4720 800 4791; x_wconf 86' lang='grc' dir='ltr'>ἀμετρα</span> <span class='ocrx_word' id='word_1_420' title='bbox 824 4719 1188 4790; x_wconf 84' lang='grc' dir='ltr'>διασυρόντων</span> <span class='ocrx_word' id='word_1_421' title='bbox 1224 4718 1491 4772; x_wconf 87' lang='grc' dir='ltr'>Ἰουδαίων</span> <span class='ocrx_word' id='word_1_422' title='bbox 1520 4735 1579 4770; x_wconf 91' lang='grc' dir='ltr'>τε</span> <span class='ocrx_word' id='word_1_423' title='bbox 1612 4717 1709 4769; x_wconf 77' lang='grc' dir='ltr'>καὶ</span> <span class='ocrx_word' id='word_1_424' title='bbox 1749 4717 1863 4771; x_wconf 82' lang='grc' dir='ltr'>Ἐλο</span> 
     </span>
    </p>
   </div>
   <div class='ocr_carea' id='block_1_54' title="bbox 272 4800 1858 4877">
    <p class='ocr_par' dir='ltr' id='par_1_54' title="bbox 272 4800 1858 4877">
     <span class='ocr_line' id='line_1_54' title="bbox 272 4800 1858 4877; baseline -0.001 -20"><span class='ocrx_word' id='word_1_425' title='bbox 272 4805 450 4877; x_wconf 76' lang='grc' dir='ltr'>λήνων</span> <span class='ocrx_word' id='word_1_426' title='bbox 470 4822 484 4835; x_wconf 84' lang='lat'><strong><em>°</em></strong></span> <span class='ocrx_word' id='word_1_427' title='bbox 515 4805 591 4870; x_wconf 85' lang='grc' dir='ltr'>ὼς</span> <span class='ocrx_word' id='word_1_428' title='bbox 632 4805 689 4857; x_wconf 84' lang='grc' dir='ltr'>δὲ</span> <span class='ocrx_word' id='word_1_429' title='bbox 718 4806 777 4856; x_wconf 82' lang='grc' dir='ltr'>ἐν</span> <span class='ocrx_word' id='word_1_430' title='bbox 809 4806 998 4875; x_wconf 73' lang='grc' dir='ltr'>εἱρκτῇ</span> <span class='ocrx_word' id='word_1_431' title='bbox 1019 4845 1033 4868; x_wconf 91' lang='grc'>,</span> <span class='ocrx_word' id='word_1_432' title='bbox 1077 4804 1284 4874; x_wconf 68' lang='grc' dir='ltr'>πληγαὶ</span> <span class='ocrx_word' id='word_1_433' title='bbox 1328 4804 1424 4857; x_wconf 75' lang='grc' dir='ltr'>καὶ</span> <span class='ocrx_word' id='word_1_434' title='bbox 1458 4801 1599 4855; x_wconf 86' lang='grc' dir='ltr'>κατά</span> <span class='ocrx_word' id='word_1_435' title='bbox 1647 4800 1858 4871; x_wconf 82' lang='grc' dir='ltr'>σπλάγ-</span> 
     </span>
    </p>
   </div>
   <div class='ocr_carea' id='block_1_55' title="bbox 274 4888 1860 4961">
    <p class='ocr_par' dir='ltr' id='par_1_55' title="bbox 274 4888 1860 4961">
     <span class='ocr_line' id='line_1_55' title="bbox 274 4888 1860 4961; baseline -0.003 -16"><span class='ocrx_word' id='word_1_436' title='bbox 274 4908 418 4960; x_wconf 84' lang='grc' dir='ltr'>χνων</span> <span class='ocrx_word' id='word_1_437' title='bbox 446 4891 746 4961; x_wconf 78' lang='grc' dir='ltr'>φερόμεναι</span> <span class='ocrx_word' id='word_1_438' title='bbox 774 4889 999 4960; x_wconf 77' lang='grc' dir='ltr'>βάσανοι</span> <span class='ocrx_word' id='word_1_439' title='bbox 1043 4890 1150 4942; x_wconf 80' lang='grc' dir='ltr'>ὑπὸ</span> <span class='ocrx_word' id='word_1_440' title='bbox 1188 4888 1298 4941; x_wconf 87' lang='grc' dir='ltr'>τῶν</span> <span class='ocrx_word' id='word_1_441' title='bbox 1330 4888 1708 4960; x_wconf 59' lang='grc' dir='ltr'>στρατιωτῶν</span> <span class='ocrx_word' id='word_1_442' title='bbox 1761 4905 1860 4940; x_wconf 85' lang='grc' dir='ltr'>κα-</span> 
     </span>
    </p>
   </div>
   <div class='ocr_carea' id='block_1_56' title="bbox 274 4971 1859 5044">
    <p class='ocr_par' dir='ltr' id='par_1_56' title="bbox 274 4971 1859 5044">
     <span class='ocr_line' id='line_1_56' title="bbox 274 4971 1859 5044; baseline -0.003 -15"><span class='ocrx_word' id='word_1_443' title='bbox 274 4974 528 5039; x_wconf 87' lang='grc' dir='ltr'>τατάσεις</span> <span class='ocrx_word' id='word_1_444' title='bbox 555 4974 612 5028; x_wconf 87' lang='grc' dir='ltr'>δὲ</span> <span class='ocrx_word' id='word_1_445' title='bbox 649 4975 748 5044; x_wconf 80' lang='grc' dir='ltr'>τῆς</span> <span class='ocrx_word' id='word_1_446' title='bbox 778 4973 906 5044; x_wconf 80' lang='grc' dir='ltr'>ὅλης</span> <span class='ocrx_word' id='word_1_447' title='bbox 943 4974 1226 5042; x_wconf 88' lang='grc' dir='ltr'>δυνάμεως</span> <span class='ocrx_word' id='word_1_448' title='bbox 1273 4972 1372 5041; x_wconf 82' lang='grc' dir='ltr'>τῆς</span> <span class='ocrx_word' id='word_1_449' title='bbox 1403 4972 1618 5042; x_wconf 70' lang='grc' dir='ltr'>ψυχῆς,</span> <span class='ocrx_word' id='word_1_450' title='bbox 1664 4971 1753 5025; x_wconf 85' lang='grc' dir='ltr'>διά</span> <span class='ocrx_word' id='word_1_451' title='bbox 1799 4989 1859 5025; x_wconf 88' lang='grc' dir='ltr'>τε</span> 
     </span>
    </p>
   </div>
   <div class='ocr_carea' id='block_1_57' title="bbox 275 5055 1860 5131">
    <p class='ocr_par' dir='ltr' id='par_1_57' title="bbox 275 5055 1860 5131">
     <span class='ocr_line' id='line_1_57' title="bbox 275 5055 1860 5131; baseline -0.004 -18"><span class='ocrx_word' id='word_1_452' title='bbox 275 5059 376 5131; x_wconf 83' lang='grc' dir='ltr'>τὴν</span> <span class='ocrx_word' id='word_1_453' title='bbox 411 5057 506 5112; x_wconf 87' lang='grc' dir='ltr'>τοῦ</span> <span class='ocrx_word' id='word_1_454' title='bbox 552 5058 876 5113; x_wconf 85' lang='grc' dir='ltr'>διδασκάλου</span> <span class='ocrx_word' id='word_1_455' title='bbox 925 5058 1237 5127; x_wconf 86' lang='grc' dir='ltr'>ἀφαίρεσιν,</span> <span class='ocrx_word' id='word_1_456' title='bbox 1287 5056 1382 5110; x_wconf 81' lang='grc' dir='ltr'>καὶ</span> <span class='ocrx_word' id='word_1_457' title='bbox 1411 5056 1499 5109; x_wconf 87' lang='grc' dir='ltr'>διὰ</span> <span class='ocrx_word' id='word_1_458' title='bbox 1537 5055 1635 5126; x_wconf 77' lang='grc' dir='ltr'>την</span> <span class='ocrx_word' id='word_1_459' title='bbox 1676 5057 1756 5119; x_wconf 84' lang='grc' dir='ltr'>είς</span> <span class='ocrx_word' id='word_1_460' title='bbox 1798 5055 1860 5108; x_wconf 91' lang='lat'>16</span> 
     </span>
    </p>
   </div>
   <div class='ocr_carea' id='block_1_58' title="bbox 275 5139 1858 5213">
    <p class='ocr_par' dir='ltr' id='par_1_58' title="bbox 275 5139 1858 5213">
     <span class='ocr_line' id='line_1_58' title="bbox 275 5139 1858 5213; baseline -0.003 -17"><span class='ocrx_word' id='word_1_461' title='bbox 275 5142 430 5197; x_wconf 87' lang='grc' dir='ltr'>Θεῖον</span> <span class='ocrx_word' id='word_1_462' title='bbox 463 5141 810 5213; x_wconf 77' lang='grc' dir='ltr'>βλασφημίαν</span> <span class='ocrx_word' id='word_1_463' title='bbox 830 5158 844 5170; x_wconf 74' lang='grc' dir='ltr'><strong>ο</strong></span> <span class='ocrx_word' id='word_1_464' title='bbox 890 5140 1018 5194; x_wconf 73' lang='grc' dir='ltr'>ἔνθα</span> <span class='ocrx_word' id='word_1_465' title='bbox 1058 5143 1168 5212; x_wconf 79' lang='grc' dir='ltr'>γὰρ</span> <span class='ocrx_word' id='word_1_466' title='bbox 1197 5140 1614 5210; x_wconf 81' lang='grc' dir='ltr'>ἁμαρτημάτων</span> <span class='ocrx_word' id='word_1_467' title='bbox 1641 5139 1858 5209; x_wconf 83' lang='grc' dir='ltr'>ἄφεσις,</span> 
     </span>
    </p>
   </div>
   <div class='ocr_carea' id='block_1_59' title="bbox 275 5224 1860 5296">
    <p class='ocr_par' dir='ltr' id='par_1_59' title="bbox 275 5224 1860 5296">
     <span class='ocr_line' id='line_1_59' title="bbox 275 5224 1860 5296; baseline 0 -18"><span class='ocrx_word' id='word_1_468' title='bbox 275 5225 396 5279; x_wconf 81' lang='grc' dir='ltr'>ἐκεῖ</span> <span class='ocrx_word' id='word_1_469' title='bbox 431 5227 678 5296; x_wconf 77' lang='grc' dir='ltr'>αἱμάτων</span> <span class='ocrx_word' id='word_1_470' title='bbox 719 5225 943 5296; x_wconf 78' lang='grc' dir='ltr'>ἔκχυσις</span> <span class='ocrx_word' id='word_1_471' title='bbox 973 5224 1204 5293; x_wconf 85' lang='grc' dir='ltr'>ἐγίνετο.</span> <span class='ocrx_word' id='word_1_472' title='bbox 1249 5226 1404 5278; x_wconf 86' lang='grc' dir='ltr'>Μετά</span> <span class='ocrx_word' id='word_1_473' title='bbox 1440 5225 1497 5277; x_wconf 83' lang='grc' dir='ltr'>δὲ</span> <span class='ocrx_word' id='word_1_474' title='bbox 1533 5224 1624 5277; x_wconf 80' lang='grc' dir='ltr'>τὸν</span> <span class='ocrx_word' id='word_1_475' title='bbox 1652 5224 1860 5294; x_wconf 81' lang='grc' dir='ltr'>ἄφατον</span> 
     </span>
    </p>
   </div>
   <div class='ocr_carea' id='block_1_60' title="bbox 276 5309 1858 5382">
    <p class='ocr_par' dir='ltr' id='par_1_60' title="bbox 276 5309 1858 5382">
     <span class='ocr_line' id='line_1_60' title="bbox 276 5309 1858 5382; baseline -0.002 -19"><span class='ocrx_word' id='word_1_476' title='bbox 276 5311 372 5363; x_wconf 60' lang='grc' dir='ltr'>καί⁵</span> <span class='ocrx_word' id='word_1_477' title='bbox 399 5310 832 5382; x_wconf 85' lang='grc' dir='ltr'>δυσερμήνευτον</span> <span class='ocrx_word' id='word_1_478' title='bbox 874 5312 1083 5364; x_wconf 87' lang='grc' dir='ltr'>ἐκεῖνον</span> <span class='ocrx_word' id='word_1_479' title='bbox 1124 5309 1334 5374; x_wconf 90' lang='grc' dir='ltr'>σκότον,</span> <span class='ocrx_word' id='word_1_480' title='bbox 1381 5309 1514 5379; x_wconf 74' lang='grc' dir='ltr'>φλὸξ</span> <span class='ocrx_word' id='word_1_481' title='bbox 1550 5309 1659 5362; x_wconf 82' lang='grc' dir='ltr'>ἀπὺ</span> <span class='ocrx_word' id='word_1_482' title='bbox 1691 5309 1858 5380; x_wconf 85' lang='grc' dir='ltr'>μέσου</span> 
     </span>
    </p>
   </div>
   <div class='ocr_carea' id='block_1_61' title="bbox 275 5389 1859 5468">
    <p class='ocr_par' dir='ltr' id='par_1_61' title="bbox 275 5389 1859 5468">
     <span class='ocr_line' id='line_1_61' title="bbox 275 5389 1859 5468; baseline -0.001 -20"><span class='ocrx_word' id='word_1_483' title='bbox 275 5395 370 5449; x_wconf 83' lang='grc' dir='ltr'>τοῦ</span> <span class='ocrx_word' id='word_1_484' title='bbox 399 5395 610 5468; x_wconf 81' lang='grc' dir='ltr'>θρόνου,</span> <span class='ocrx_word' id='word_1_485' title='bbox 644 5398 702 5448; x_wconf 90' lang='grc' dir='ltr'>ἐν</span> <span class='ocrx_word' id='word_1_486' title='bbox 725 5389 966 5462; x_wconf 80' lang='grc' dir='ltr'>ᾦείώθει</span> <span class='ocrx_word' id='word_1_487' title='bbox 997 5397 1025 5448; x_wconf 87' lang='lat'>6</span> <span class='ocrx_word' id='word_1_488' title='bbox 1061 5394 1313 5466; x_wconf 89' lang='grc' dir='ltr'>Ἰωάννης</span> <span class='ocrx_word' id='word_1_489' title='bbox 1340 5393 1688 5457; x_wconf 74' lang='grc' dir='ltr'>καθέζεσθαι,</span> <span class='ocrx_word' id='word_1_490' title='bbox 1722 5393 1859 5446; x_wconf 86' lang='grc' dir='ltr'>καθ-</span> 
     </span>
    </p>
   </div>
   <div class='ocr_carea' id='block_1_62' title="bbox 276 5477 1861 5553">
    <p class='ocr_par' dir='ltr' id='par_1_62' title="bbox 276 5477 1861 5553">
     <span class='ocr_line' id='line_1_62' title="bbox 276 5477 1861 5553; baseline -0.003 -19"><span class='ocrx_word' id='word_1_491' title='bbox 276 5481 421 5553; x_wconf 86' lang='grc' dir='ltr'>άπερ</span> <span class='ocrx_word' id='word_1_492' title='bbox 461 5485 520 5537; x_wconf 83' lang='grc' dir='ltr'>ἐν</span> <span class='ocrx_word' id='word_1_493' title='bbox 552 5481 703 5552; x_wconf 83' lang='grc' dir='ltr'>μέσῳ</span> <span class='ocrx_word' id='word_1_494' title='bbox 756 5480 970 5550; x_wconf 84' lang='grc' dir='ltr'>σώματι</span> <span class='ocrx_word' id='word_1_495' title='bbox 999 5479 1226 5550; x_wconf 84' lang='grc' dir='ltr'>κειμένη</span> <span class='ocrx_word' id='word_1_496' title='bbox 1270 5477 1486 5550; x_wconf 81' lang='grc' dir='ltr'>καρδία,</span> <span class='ocrx_word' id='word_1_497' title='bbox 1512 5480 1626 5542; x_wconf 88' lang='grc' dir='ltr'>τοῖς</span> <span class='ocrx_word' id='word_1_498' title='bbox 1656 5478 1861 5542; x_wconf 89' lang='grc' dir='ltr'>λοιποῖς</span> 
     </span>
    </p>
   </div>
   <div class='ocr_carea' id='block_1_63' title="bbox 275 5561 1862 5636">
    <p class='ocr_par' dir='ltr' id='par_1_63' title="bbox 275 5561 1862 5636">
     <span class='ocr_line' id='line_1_63' title="bbox 275 5561 1862 5636; baseline -0.003 -16"><span class='ocrx_word' id='word_1_499' title='bbox 275 5565 593 5636; x_wconf 79' lang='grc' dir='ltr'>ἐξηγεῖσθαι</span> <span class='ocrx_word' id='word_1_500' title='bbox 641 5565 826 5636; x_wconf 85' lang='grc' dir='ltr'>μέλεσι</span> <span class='ocrx_word' id='word_1_501' title='bbox 872 5564 943 5617; x_wconf 75' lang='grc' dir='ltr'>τὰ</span> <span class='ocrx_word' id='word_1_502' title='bbox 996 5565 1091 5617; x_wconf 89' lang='grc' dir='ltr'>τοῦ</span> <span class='ocrx_word' id='word_1_503' title='bbox 1142 5562 1348 5634; x_wconf 80' lang='grc' dir='ltr'>Κυρίου</span> <span class='ocrx_word' id='word_1_504' title='bbox 1391 5561 1578 5631; x_wconf 89' lang='grc' dir='ltr'>λόγια,</span> <span class='ocrx_word' id='word_1_505' title='bbox 1629 5565 1862 5630; x_wconf 81' lang='grc' dir='ltr'>φανεῖσα</span> 
     </span>
    </p>
   </div>
   <div class='ocr_carea' id='block_1_64' title="bbox 278 5644 1859 5720">
    <p class='ocr_par' dir='ltr' id='par_1_64' title="bbox 278 5644 1859 5720">
     <span class='ocr_line' id='line_1_64' title="bbox 278 5644 1859 5720; baseline -0.004 -17"><span class='ocrx_word' id='word_1_506' title='bbox 278 5651 531 5720; x_wconf 78' lang='grc' dir='ltr'>ἐπεζήτει</span> <span class='ocrx_word' id='word_1_507' title='bbox 558 5649 649 5703; x_wconf 83' lang='grc' dir='ltr'>τὸν</span> <span class='ocrx_word' id='word_1_508' title='bbox 680 5649 964 5719; x_wconf 77' lang='grc' dir='ltr'>ὑποφήτην</span> <span class='ocrx_word' id='word_1_509' title='bbox 995 5646 1091 5700; x_wconf 85' lang='grc' dir='ltr'>τοῦ</span> <span class='ocrx_word' id='word_1_510' title='bbox 1139 5647 1330 5714; x_wconf 88' lang='grc' dir='ltr'>λόγου·</span> <span class='ocrx_word' id='word_1_511' title='bbox 1365 5647 1424 5699; x_wconf 86' lang='grc' dir='ltr'>δν</span> <span class='ocrx_word' id='word_1_512' title='bbox 1453 5647 1551 5716; x_wconf 83' lang='grc' dir='ltr'>ούχ</span> <span class='ocrx_word' id='word_1_513' title='bbox 1594 5644 1859 5716; x_wconf 81' lang='grc' dir='ltr'>εὑροῦσα,</span> 
     </span>
    </p>
   </div>
   <div class='ocr_carea' id='block_1_65' title="bbox 278 5729 1863 5804">
    <p class='ocr_par' dir='ltr' id='par_1_65' title="bbox 278 5729 1863 5804">
     <span class='ocr_line' id='line_1_65' title="bbox 278 5729 1863 5804; baseline -0.003 -15"><span class='ocrx_word' id='word_1_514' title='bbox 278 5734 644 5790; x_wconf 81' lang='grc' dir='ltr'>κατεδόσκετο</span> <span class='ocrx_word' id='word_1_515' title='bbox 701 5735 801 5803; x_wconf 77' lang='grc' dir='ltr'>τὴν</span> <span class='ocrx_word' id='word_1_516' title='bbox 858 5733 1186 5804; x_wconf 87' lang='grc' dir='ltr'>σκευωρίαν.</span> <span class='ocrx_word' id='word_1_517' title='bbox 1237 5729 1609 5801; x_wconf 82' lang='grc' dir='ltr'>Δενδρωθεῖσα</span> <span class='ocrx_word' id='word_1_518' title='bbox 1655 5729 1714 5784; x_wconf 84' lang='grc' dir='ltr'>δέ</span> <span class='ocrx_word' id='word_1_519' title='bbox 1782 5731 1863 5794; x_wconf 77' lang='grc' dir='ltr'>εἰς</span> 
     </span>
    </p>
   </div>
   <div class='ocr_carea' id='block_1_66' title="bbox 339 5853 1575 5922">
    <p class='ocr_par' dir='ltr' id='par_1_66' title="bbox 339 5853 1575 5922">
     <span class='ocr_line' id='line_1_66' title="bbox 339 5853 1575 5922; baseline -0.002 -17"><span class='ocrx_word' id='word_1_520' title='bbox 339 5875 368 5905; x_wconf 75' lang='grc' dir='ltr'><strong>ι</strong></span> <span class='ocrx_word' id='word_1_521' title='bbox 389 5858 597 5922; x_wconf 76' lang='lat' dir='ltr'>Conjicil</span> <span class='ocrx_word' id='word_1_522' title='bbox 621 5857 826 5920; x_wconf 78' lang='lat' dir='ltr'>Bigolus</span> <span class='ocrx_word' id='word_1_523' title='bbox 844 5857 1036 5920; x_wconf 80' lang='grc' dir='ltr'>θέατρον</span> <span class='ocrx_word' id='word_1_524' title='bbox 1054 5856 1280 5918; x_wconf 71' lang='grc' dir='ltr'>ἀνομιῶν,</span> <span class='ocrx_word' id='word_1_525' title='bbox 1304 5866 1404 5902; x_wconf 88' lang='lat' dir='ltr'>non</span> <span class='ocrx_word' id='word_1_526' title='bbox 1427 5853 1575 5903; x_wconf 77' lang='lat' dir='ltr'>mle.</span> 
     </span>
    </p>
   </div>
   <div class='ocr_carea' id='block_1_67' title="bbox 601 5937 1341 6000">
    <p class='ocr_par' dir='ltr' id='par_1_67' title="bbox 601 5937 1341 6000">
     <span class='ocr_line' id='line_1_67' title="bbox 601 5937 1341 6000; baseline -0.005 0"><span class='ocrx_word' id='word_1_527' title='bbox 601 5940 878 6000; x_wconf 72' lang='grc' dir='ltr'>ΡΑτιιοι.</span> <span class='ocrx_word' id='word_1_528' title='bbox 925 5941 1042 6000; x_wconf 81' lang='lat' dir='ltr'>Gn.</span> <span class='ocrx_word' id='word_1_529' title='bbox 1095 5939 1143 5999; x_wconf 74' lang='grc' dir='ltr'>Χ</span> <span class='ocrx_word' id='word_1_530' title='bbox 1159 5937 1341 5997; x_wconf 69' lang='grc' dir='ltr'>[ΝΗ.</span> 
     </span>
    </p>
   </div>
   <div class='ocr_carea' id='block_1_68' title="bbox 1979 415 3560 491">
    <p class='ocr_par' dir='ltr' id='par_1_68' title="bbox 1979 415 3560 491">
     <span class='ocr_line' id='line_1_68' title="bbox 1979 415 3560 491; baseline 0.004 -22"><span class='ocrx_word' id='word_1_531' title='bbox 1979 415 2113 486; x_wconf 68' lang='grc' dir='ltr'>ὕψος</span> <span class='ocrx_word' id='word_1_532' title='bbox 2159 415 2314 489; x_wconf 74' lang='grc' dir='ltr'>εἶρψε</span> <span class='ocrx_word' id='word_1_533' title='bbox 2344 418 2433 472; x_wconf 85' lang='grc' dir='ltr'>διά</span> <span class='ocrx_word' id='word_1_534' title='bbox 2461 419 2570 473; x_wconf 89' lang='grc' dir='ltr'>τῶν</span> <span class='ocrx_word' id='word_1_535' title='bbox 2600 418 2842 473; x_wconf 81' lang='grc' dir='ltr'>ἁλύσεων</span> <span class='ocrx_word' id='word_1_536' title='bbox 2871 419 2964 474; x_wconf 79' lang='grc' dir='ltr'>ἐπὶ</span> <span class='ocrx_word' id='word_1_537' title='bbox 2994 419 3094 491; x_wconf 74' lang='grc' dir='ltr'>τὴν</span> <span class='ocrx_word' id='word_1_538' title='bbox 3130 419 3350 488; x_wconf 81' lang='grc' dir='ltr'>στέγην·</span> <span class='ocrx_word' id='word_1_539' title='bbox 3392 419 3560 491; x_wconf 76' lang='grc' dir='ltr'>εχεως</span> 
     </span>
    </p>
   </div>
   <div class='ocr_carea' id='block_1_69' title="bbox 1978 499 3562 575">
    <p class='ocr_par' dir='ltr' id='par_1_69' title="bbox 1978 499 3562 575">
     <span class='ocr_line' id='line_1_69' title="bbox 1978 499 3562 575; baseline 0.004 -23"><span class='ocrx_word' id='word_1_540' title='bbox 1978 499 2033 553; x_wconf 85' lang='grc' dir='ltr'>δὲ</span> <span class='ocrx_word' id='word_1_541' title='bbox 2063 501 2219 572; x_wconf 83' lang='grc' dir='ltr'>δίκην</span> <span class='ocrx_word' id='word_1_542' title='bbox 2252 502 2350 572; x_wconf 83' lang='grc' dir='ltr'>τὴν</span> <span class='ocrx_word' id='word_1_543' title='bbox 2397 503 2642 575; x_wconf 88' lang='grc' dir='ltr'>γαστέρα</span> <span class='ocrx_word' id='word_1_544' title='bbox 2681 503 2952 573; x_wconf 84' lang='grc' dir='ltr'>φαγοῦσα,</span> <span class='ocrx_word' id='word_1_545' title='bbox 2999 504 3091 557; x_wconf 74' lang='grc' dir='ltr'>ἐπὶ</span> <span class='ocrx_word' id='word_1_546' title='bbox 3131 502 3297 556; x_wconf 83' lang='grc' dir='ltr'>νῶτον</span> <span class='ocrx_word' id='word_1_547' title='bbox 3336 503 3562 572; x_wconf 76' lang='grc' dir='ltr'>ἐφέρετο</span> 
     </span>
    </p>
   </div>
   <div class='ocr_carea' id='block_1_70' title="bbox 1970 580 3560 660">
    <p class='ocr_par' dir='ltr' id='par_1_70' title="bbox 1970 580 3560 660">
     <span class='ocr_line' id='line_1_70' title="bbox 1970 580 3560 660; baseline 0.004 -23"><span class='ocrx_word' id='word_1_548' title='bbox 1970 585 2078 638; x_wconf 88' lang='grc' dir='ltr'>τῶν</span> <span class='ocrx_word' id='word_1_549' title='bbox 2125 587 2392 657; x_wconf 90' lang='grc' dir='ltr'>δωμάτων</span> <span class='ocrx_word' id='word_1_550' title='bbox 2440 588 2541 658; x_wconf 81' lang='grc' dir='ltr'>τῆς</span> <span class='ocrx_word' id='word_1_551' title='bbox 2583 589 2919 660; x_wconf 78' lang='grc' dir='ltr'>ἐκκλησίας,</span> <span class='ocrx_word' id='word_1_552' title='bbox 2951 588 3149 660; x_wconf 83' lang='grc' dir='ltr'>μισθὸν</span> <span class='ocrx_word' id='word_1_553' title='bbox 3180 580 3300 657; x_wconf 72' lang='grc' dir='ltr'>¹’τῆς</span> <span class='ocrx_word' id='word_1_554' title='bbox 3346 588 3560 653; x_wconf 83' lang='grc' dir='ltr'>ἀδικίας</span> 
     </span>
    </p>
   </div>
   <div class='ocr_carea' id='block_1_71' title="bbox 1971 669 3563 746">
    <p class='ocr_par' dir='ltr' id='par_1_71' title="bbox 1971 669 3563 746">
     <span class='ocr_line' id='line_1_71' title="bbox 1971 669 3563 746; baseline 0.003 -25"><span class='ocrx_word' id='word_1_555' title='bbox 1971 669 2161 743; x_wconf 87' lang='grc' dir='ltr'>ῶσπερ</span> <span class='ocrx_word' id='word_1_556' title='bbox 2203 670 2302 743; x_wconf 84' lang='grc' dir='ltr'>τὴν</span> <span class='ocrx_word' id='word_1_557' title='bbox 2343 673 2436 725; x_wconf 70' lang='grc' dir='ltr'>ἐπὶ</span> <span class='ocrx_word' id='word_1_558' title='bbox 2479 673 2654 746; x_wconf 89' lang='grc' dir='ltr'>ταύτῃ</span> <span class='ocrx_word' id='word_1_559' title='bbox 2683 672 2999 745; x_wconf 83' lang='grc' dir='ltr'>ὡρισμένην</span> <span class='ocrx_word' id='word_1_560' title='bbox 3032 673 3188 742; x_wconf 88' lang='grc' dir='ltr'>δίκην</span> <span class='ocrx_word' id='word_1_561' title='bbox 3217 673 3563 737; x_wconf 84' lang='grc' dir='ltr'>ἀποδιδόντος</span> 
     </span>
    </p>
   </div>
   <div class='ocr_carea' id='block_1_72' title="bbox 1971 756 3560 830">
    <p class='ocr_par' dir='ltr' id='par_1_72' title="bbox 1971 756 3560 830">
     <span class='ocr_line' id='line_1_72' title="bbox 1971 756 3560 830; baseline 0.002 -21"><span class='ocrx_word' id='word_1_562' title='bbox 1971 756 2129 820; x_wconf 84' lang='grc' dir='ltr'>Θεοῦ,</span> <span class='ocrx_word' id='word_1_563' title='bbox 2159 759 2236 820; x_wconf 83' lang='grc' dir='ltr'>είς</span> <span class='ocrx_word' id='word_1_564' title='bbox 2265 758 2642 830; x_wconf 71' lang='grc' dir='ltr'>σωφρονισμὸν</span> <span class='ocrx_word' id='word_1_565' title='bbox 2668 759 2763 812; x_wconf 70' lang='grc' dir='ltr'>καὶ</span> <span class='ocrx_word' id='word_1_566' title='bbox 2783 758 3064 812; x_wconf 88' lang='grc' dir='ltr'>νουθεσίαν</span> <span class='ocrx_word' id='word_1_567' title='bbox 3092 758 3199 811; x_wconf 86' lang='grc' dir='ltr'>τῶν</span> <span class='ocrx_word' id='word_1_568' title='bbox 3221 759 3324 811; x_wconf 80' lang='grc' dir='ltr'>οὐκ</span> <span class='ocrx_word' id='word_1_569' title='bbox 3343 758 3560 812; x_wconf 72' lang='grc' dir='ltr'>εἰδότων</span> 
     </span>
    </p>
   </div>
   <div class='ocr_carea' id='block_1_73' title="bbox 1971 841 3564 913">
    <p class='ocr_par' dir='ltr' id='par_1_73' title="bbox 1971 841 3564 913">
     <span class='ocr_line' id='line_1_73' title="bbox 1971 841 3564 913; baseline 0.001 -19"><span class='ocrx_word' id='word_1_570' title='bbox 1971 857 2036 908; x_wconf 87' lang='grc' dir='ltr'>γε</span> <span class='ocrx_word' id='word_1_571' title='bbox 2057 841 2428 896; x_wconf 82' lang='grc' dir='ltr'>νουθετεῖσθαι</span> <span class='ocrx_word' id='word_1_572' title='bbox 2449 843 2483 913; x_wconf 79' lang='grc' dir='ltr'><strong>ἢ</strong></span> <span class='ocrx_word' id='word_1_573' title='bbox 2523 841 2612 895; x_wconf 85' lang='grc' dir='ltr'>διὰ</span> <span class='ocrx_word' id='word_1_574' title='bbox 2636 844 2734 912; x_wconf 77' lang='grc' dir='ltr'>τῆς</span> <span class='ocrx_word' id='word_1_575' title='bbox 2751 842 2925 911; x_wconf 66' lang='grc' dir='ltr'>ὅψεως</span> <span class='ocrx_word' id='word_1_576' title='bbox 2949 842 3058 895; x_wconf 87' lang='grc' dir='ltr'>τῶν</span> <span class='ocrx_word' id='word_1_577' title='bbox 3086 843 3342 895; x_wconf 88' lang='grc' dir='ltr'>τοιούτων</span> <span class='ocrx_word' id='word_1_578' title='bbox 3373 841 3564 912; x_wconf 85' lang='grc' dir='ltr'>θεηλά-</span> 
     </span>
    </p>
   </div>
   <div class='ocr_carea' id='block_1_74' title="bbox 1969 925 3562 998">
    <p class='ocr_par' dir='ltr' id='par_1_74' title="bbox 1969 925 3562 998">
     <span class='ocr_line' id='line_1_74' title="bbox 1969 925 3562 998; baseline 0.004 -22"><span class='ocrx_word' id='word_1_579' title='bbox 1969 941 2079 977; x_wconf 91' lang='grc' dir='ltr'>των</span> <span class='ocrx_word' id='word_1_580' title='bbox 2111 926 2317 980; x_wconf 76' lang='grc' dir='ltr'>κακῶψ</span> <span class='ocrx_word' id='word_1_581' title='bbox 2353 926 2415 978; x_wconf 85' lang='grc' dir='ltr'>ού</span> <span class='ocrx_word' id='word_1_582' title='bbox 2449 927 2608 998; x_wconf 88' lang='grc' dir='ltr'>μόνον</span> <span class='ocrx_word' id='word_1_583' title='bbox 2638 928 2693 980; x_wconf 83' lang='grc' dir='ltr'>δὲ</span> <span class='ocrx_word' id='word_1_584' title='bbox 2713 967 2728 990; x_wconf 92' lang='grc'>,</span> <span class='ocrx_word' id='word_1_585' title='bbox 2767 925 2904 979; x_wconf 79' lang='grc' dir='ltr'>ἀλλὰ</span> <span class='ocrx_word' id='word_1_586' title='bbox 2934 926 3027 979; x_wconf 80' lang='grc' dir='ltr'>καὶ</span> <span class='ocrx_word' id='word_1_587' title='bbox 3061 929 3323 998; x_wconf 82' lang='grc' dir='ltr'>μνημεῖον</span> <span class='ocrx_word' id='word_1_588' title='bbox 3354 926 3562 982; x_wconf 84' lang='grc' dir='ltr'>ὑπολεί·</span> 
     </span>
    </p>
   </div>
   <div class='ocr_carea' id='block_1_75' title="bbox 1970 1005 3562 1081">
    <p class='ocr_par' dir='ltr' id='par_1_75' title="bbox 1970 1005 3562 1081">
     <span class='ocr_line' id='line_1_75' title="bbox 1970 1005 3562 1081; baseline -0.008 -8"><span class='ocrx_word' id='word_1_589' title='bbox 1970 1005 2078 1076; x_wconf 63' lang='grc' dir='ltr'>φας</span> <span class='ocrx_word' id='word_1_590' title='bbox 2104 1009 2203 1079; x_wconf 75' lang='grc' dir='ltr'>τῆς</span> <span class='ocrx_word' id='word_1_591' title='bbox 2229 1010 2428 1081; x_wconf 80' lang='grc' dir='ltr'>ἀγρίας</span> <span class='ocrx_word' id='word_1_592' title='bbox 2462 1011 2703 1064; x_wconf 89' lang='grc' dir='ltr'>συνόδου.</span> <span class='ocrx_word' id='word_1_593' title='bbox 2735 1010 2845 1063; x_wconf 80' lang='grc' dir='ltr'>Καὶ</span> <span class='ocrx_word' id='word_1_594' title='bbox 2874 1011 2934 1063; x_wconf 87' lang='grc' dir='ltr'>ού</span> <span class='ocrx_word' id='word_1_595' title='bbox 2961 1009 3277 1080; x_wconf 80' lang='grc' dir='ltr'>θαυμαστὸν</span> <span class='ocrx_word' id='word_1_596' title='bbox 3301 1011 3432 1080; x_wconf 68' lang='grc' dir='ltr'>περὶ</span> <span class='ocrx_word' id='word_1_597' title='bbox 3460 1011 3562 1079; x_wconf 84' lang='grc' dir='ltr'>τῆς</span> 
     </span>
    </p>
   </div>
   <div class='ocr_carea' id='block_1_76' title="bbox 1967 1094 3562 1168">
    <p class='ocr_par' dir='ltr' id='par_1_76' title="bbox 1967 1094 3562 1168">
     <span class='ocr_line' id='line_1_76' title="bbox 1967 1094 3562 1168; baseline 0.001 -22"><span class='ocrx_word' id='word_1_598' title='bbox 1967 1094 2269 1166; x_wconf 81' lang='grc' dir='ltr'>ἐκκλησίας</span> <span class='ocrx_word' id='word_1_599' title='bbox 2293 1135 2308 1159; x_wconf 88' lang='grc'>,</span> <span class='ocrx_word' id='word_1_600' title='bbox 2339 1097 2474 1149; x_wconf 80' lang='grc' dir='ltr'>ὅπου</span> <span class='ocrx_word' id='word_1_601' title='bbox 2521 1113 2586 1164; x_wconf 91' lang='grc' dir='ltr'>γε</span> <span class='ocrx_word' id='word_1_602' title='bbox 2636 1097 2730 1149; x_wconf 74' lang='grc' dir='ltr'>καὶ</span> <span class='ocrx_word' id='word_1_603' title='bbox 2759 1095 2858 1168; x_wconf 79' lang='grc' dir='ltr'>τὴν</span> <span class='ocrx_word' id='word_1_604' title='bbox 2889 1095 3233 1166; x_wconf 86' lang='grc' dir='ltr'>καλουμένην</span> <span class='ocrx_word' id='word_1_605' title='bbox 3266 1095 3419 1166; x_wconf 89' lang='grc' dir='ltr'>παρά</span> <span class='ocrx_word' id='word_1_606' title='bbox 3447 1097 3562 1162; x_wconf 85' lang='grc' dir='ltr'>τοῖς</span> 
     </span>
    </p>
   </div>
   <div class='ocr_carea' id='block_1_77' title="bbox 1969 1179 3562 1252">
    <p class='ocr_par' dir='ltr' id='par_1_77' title="bbox 1969 1179 3562 1252">
     <span class='ocr_line' id='line_1_77' title="bbox 1969 1179 3562 1252; baseline 0.001 -20"><span class='ocrx_word' id='word_1_607' title='bbox 1969 1179 2074 1244; x_wconf 71' lang='grc' dir='ltr'>ἔξω</span> <span class='ocrx_word' id='word_1_608' title='bbox 2101 1181 2422 1250; x_wconf 85' lang='grc' dir='ltr'>σύγκλητον,</span> <span class='ocrx_word' id='word_1_609' title='bbox 2458 1182 2566 1235; x_wconf 80' lang='grc' dir='ltr'>ἀπὸ</span> <span class='ocrx_word' id='word_1_610' title='bbox 2607 1180 2819 1234; x_wconf 86' lang='grc' dir='ltr'>πολλῶν</span> <span class='ocrx_word' id='word_1_611' title='bbox 2847 1180 3107 1252; x_wconf 82' lang='grc' dir='ltr'>βημάτων</span> <span class='ocrx_word' id='word_1_612' title='bbox 3131 1180 3390 1251; x_wconf 82' lang='grc' dir='ltr'>κειμένην</span> <span class='ocrx_word' id='word_1_613' title='bbox 3412 1181 3562 1234; x_wconf 87' lang='grc' dir='ltr'>ἀντι-</span> 
     </span>
    </p>
   </div>
   <div class='ocr_carea' id='block_1_78' title="bbox 1970 1263 3558 1337">
    <p class='ocr_par' dir='ltr' id='par_1_78' title="bbox 1970 1263 3558 1337">
     <span class='ocr_line' id='line_1_78' title="bbox 1970 1263 3558 1337; baseline 0 -21"><span class='ocrx_word' id='word_1_614' title='bbox 1970 1266 2074 1334; x_wconf 77' lang='grc' dir='ltr'>κρὺ</span> <span class='ocrx_word' id='word_1_615' title='bbox 2104 1266 2204 1334; x_wconf 85' lang='grc' dir='ltr'>τῆς</span> <span class='ocrx_word' id='word_1_616' title='bbox 2238 1265 2532 1337; x_wconf 84' lang='grc' dir='ltr'>ἐκκλησίας</span> <span class='ocrx_word' id='word_1_617' title='bbox 2553 1267 2617 1318; x_wconf 86' lang='grc' dir='ltr'>ἐκ</span> <span class='ocrx_word' id='word_1_618' title='bbox 2641 1264 3008 1336; x_wconf 75' lang='grc' dir='ltr'>μεσημϐρίας,</span> <span class='ocrx_word' id='word_1_619' title='bbox 3037 1265 3312 1336; x_wconf 74' lang='grc' dir='ltr'>φρονίμως</span> <span class='ocrx_word' id='word_1_620' title='bbox 3339 1264 3400 1317; x_wconf 93' lang='lat'>16</span> <span class='ocrx_word' id='word_1_621' title='bbox 3425 1263 3558 1335; x_wconf 88' lang='grc' dir='ltr'>πῦρ,</span> 
     </span>
    </p>
   </div>
   <div class='ocr_carea' id='block_1_79' title="bbox 1967 1346 3558 1420">
    <p class='ocr_par' dir='ltr' id='par_1_79' title="bbox 1967 1346 3558 1420">
     <span class='ocr_line' id='line_1_79' title="bbox 1967 1346 3558 1420; baseline 0.001 -21"><span class='ocrx_word' id='word_1_622' title='bbox 1967 1346 2221 1419; x_wconf 83' lang='grc' dir='ltr'>καθάπερ</span> <span class='ocrx_word' id='word_1_623' title='bbox 2253 1350 2500 1420; x_wconf 83' lang='grc' dir='ltr'>γέφυραν</span> <span class='ocrx_word' id='word_1_624' title='bbox 2530 1349 2621 1402; x_wconf 83' lang='grc' dir='ltr'>τὸν</span> <span class='ocrx_word' id='word_1_625' title='bbox 2665 1351 2923 1418; x_wconf 83' lang='grc' dir='ltr'>ἀγοραῖον</span> <span class='ocrx_word' id='word_1_626' title='bbox 2942 1347 3118 1418; x_wconf 85' lang='grc' dir='ltr'>δῆμον</span> <span class='ocrx_word' id='word_1_627' title='bbox 3153 1348 3243 1400; x_wconf 75' lang='grc' dir='ltr'>τὸν</span> <span class='ocrx_word' id='word_1_628' title='bbox 3273 1347 3364 1401; x_wconf 75' lang='grc' dir='ltr'>διὰ</span> <span class='ocrx_word' id='word_1_629' title='bbox 3390 1349 3558 1418; x_wconf 83' lang='grc' dir='ltr'>μέσου</span> 
     </span>
    </p>
   </div>
   <div class='ocr_carea' id='block_1_80' title="bbox 1967 1430 3559 1504">
    <p class='ocr_par' dir='ltr' id='par_1_80' title="bbox 1967 1430 3559 1504">
     <span class='ocr_line' id='line_1_80' title="bbox 1967 1430 3559 1504; baseline 0.003 -22"><span class='ocrx_word' id='word_1_630' title='bbox 1967 1430 2328 1503; x_wconf 81' lang='grc' dir='ltr'>διαπερᾶσαν,</span> <span class='ocrx_word' id='word_1_631' title='bbox 2378 1433 2706 1504; x_wconf 87' lang='grc' dir='ltr'>ἐλυμήνατο,</span> <span class='ocrx_word' id='word_1_632' title='bbox 2741 1432 2801 1485; x_wconf 87' lang='grc' dir='ltr'>ού</span> <span class='ocrx_word' id='word_1_633' title='bbox 2853 1432 3119 1504; x_wconf 79' lang='grc' dir='ltr'>πρότερον</span> <span class='ocrx_word' id='word_1_634' title='bbox 3172 1431 3235 1484; x_wconf 88' lang='lat'>16</span> <span class='ocrx_word' id='word_1_635' title='bbox 3285 1431 3450 1502; x_wconf 82' lang='grc' dir='ltr'>μέρος</span> <span class='ocrx_word' id='word_1_636' title='bbox 3497 1431 3559 1486; x_wconf 89' lang='lat'>16</span> 
     </span>
    </p>
   </div>
   <div class='ocr_carea' id='block_1_81' title="bbox 1968 1514 3558 1588">
    <p class='ocr_par' dir='ltr' id='par_1_81' title="bbox 1968 1514 3558 1588">
     <span class='ocr_line' id='line_1_81' title="bbox 1968 1514 3558 1588; baseline 0.004 -22"><span class='ocrx_word' id='word_1_637' title='bbox 1968 1514 2270 1585; x_wconf 78' lang='grc' dir='ltr'>πλησιάζον</span> <span class='ocrx_word' id='word_1_638' title='bbox 2319 1520 2386 1586; x_wconf 80' lang='grc' dir='ltr'>τῇ</span> <span class='ocrx_word' id='word_1_639' title='bbox 2423 1516 2708 1588; x_wconf 74' lang='grc' dir='ltr'>ἐκκλησία,</span> <span class='ocrx_word' id='word_1_640' title='bbox 2754 1518 2840 1571; x_wconf 79' lang='grc' dir='ltr'>ἵνα</span> <span class='ocrx_word' id='word_1_641' title='bbox 2874 1516 3037 1588; x_wconf 84' lang='grc' dir='ltr'>μὴτὸ</span> <span class='ocrx_word' id='word_1_642' title='bbox 3071 1516 3242 1580; x_wconf 84' lang='grc' dir='ltr'>πάθος</span> <span class='ocrx_word' id='word_1_643' title='bbox 3286 1519 3351 1588; x_wconf 81' lang='grc' dir='ltr'>τῇ</span> <span class='ocrx_word' id='word_1_644' title='bbox 3389 1516 3558 1585; x_wconf 86' lang='grc' dir='ltr'>ἐγγύ-</span> 
     </span>
    </p>
   </div>
   <div class='ocr_carea' id='block_1_82' title="bbox 1964 1601 3559 1673">
    <p class='ocr_par' dir='ltr' id='par_1_82' title="bbox 1964 1601 3559 1673">
     <span class='ocr_line' id='line_1_82' title="bbox 1964 1601 3559 1673; baseline 0.003 -22"><span class='ocrx_word' id='word_1_645' title='bbox 1964 1617 2088 1669; x_wconf 90' lang='grc' dir='ltr'>τητι</span> <span class='ocrx_word' id='word_1_646' title='bbox 2119 1601 2538 1673; x_wconf 78' lang='grc' dir='ltr'>ἐπιγράψωμεν,</span> <span class='ocrx_word' id='word_1_647' title='bbox 2571 1602 2708 1657; x_wconf 88' lang='grc' dir='ltr'>ἀλλά</span> <span class='ocrx_word' id='word_1_648' title='bbox 2747 1603 2808 1656; x_wconf 84' lang='lat'>16</span> <span class='ocrx_word' id='word_1_649' title='bbox 2845 1603 3010 1673; x_wconf 82' lang='grc' dir='ltr'>μέρος</span> <span class='ocrx_word' id='word_1_650' title='bbox 3045 1603 3106 1655; x_wconf 87' lang='lat'>16</span> <span class='ocrx_word' id='word_1_651' title='bbox 3137 1603 3230 1655; x_wconf 82' lang='grc' dir='ltr'>ἐπὶ</span> <span class='ocrx_word' id='word_1_652' title='bbox 3256 1604 3354 1673; x_wconf 80' lang='grc' dir='ltr'>τὴν</span> <span class='ocrx_word' id='word_1_653' title='bbox 3386 1603 3559 1673; x_wconf 79' lang='grc' dir='ltr'>αὐλὴν</span> 
     </span>
    </p>
   </div>
   <div class='ocr_carea' id='block_1_83' title="bbox 1963 1685 3557 1759">
    <p class='ocr_par' dir='ltr' id='par_1_83' title="bbox 1963 1685 3557 1759">
     <span class='ocr_line' id='line_1_83' title="bbox 1963 1685 3557 1759; baseline 0.003 -21"><span class='ocrx_word' id='word_1_654' title='bbox 1963 1685 2073 1738; x_wconf 88' lang='grc' dir='ltr'>τῶν</span> <span class='ocrx_word' id='word_1_655' title='bbox 2102 1685 2387 1757; x_wconf 90' lang='grc' dir='ltr'>βασιλέων,</span> <span class='ocrx_word' id='word_1_656' title='bbox 2421 1688 2507 1741; x_wconf 80' lang='grc' dir='ltr'>ἵνα</span> <span class='ocrx_word' id='word_1_657' title='bbox 2534 1689 2595 1741; x_wconf 87' lang='lat'>16</span> <span class='ocrx_word' id='word_1_658' title='bbox 2623 1687 2806 1758; x_wconf 86' lang='grc' dir='ltr'>θαῦμα</span> <span class='ocrx_word' id='word_1_659' title='bbox 2826 1687 2918 1740; x_wconf 90' lang='grc' dir='ltr'>τοῦ</span> <span class='ocrx_word' id='word_1_660' title='bbox 2947 1688 3270 1759; x_wconf 84' lang='grc' dir='ltr'>πράγματος</span> <span class='ocrx_word' id='word_1_661' title='bbox 3294 1687 3557 1758; x_wconf 76' lang='grc' dir='ltr'>θεήλατον</span> 
     </span>
    </p>
   </div>
   <div class='ocr_carea' id='block_1_84' title="bbox 1967 1770 3557 1842">
    <p class='ocr_par' dir='ltr' id='par_1_84' title="bbox 1967 1770 3557 1842">
     <span class='ocr_line' id='line_1_84' title="bbox 1967 1770 3557 1842; baseline 0.003 -21"><span class='ocrx_word' id='word_1_662' title='bbox 1967 1771 2294 1842; x_wconf 81' lang='grc' dir='ltr'>παραστήσῃ</span> <span class='ocrx_word' id='word_1_663' title='bbox 2332 1772 2394 1823; x_wconf 89' lang='lat'>16</span> <span class='ocrx_word' id='word_1_664' title='bbox 2445 1773 2708 1842; x_wconf 82' lang='grc' dir='ltr'>σόφισμα.</span> <span class='ocrx_word' id='word_1_665' title='bbox 2747 1770 2856 1825; x_wconf 86' lang='grc' dir='ltr'>Ἦν</span> <span class='ocrx_word' id='word_1_666' title='bbox 2889 1770 2997 1840; x_wconf 87' lang='grc' dir='ltr'>γάρ</span> <span class='ocrx_word' id='word_1_667' title='bbox 3034 1772 3162 1824; x_wconf 85' lang='grc' dir='ltr'>ἰδεῖν</span> <span class='ocrx_word' id='word_1_668' title='bbox 3212 1771 3417 1842; x_wconf 77' lang='grc' dir='ltr'>μεταξὺ</span> <span class='ocrx_word' id='word_1_669' title='bbox 3463 1772 3557 1826; x_wconf 92' lang='grc' dir='ltr'>δύο</span> 
     </span>
    </p>
   </div>
   <div class='ocr_carea' id='block_1_85' title="bbox 1964 1855 3556 1929">
    <p class='ocr_par' dir='ltr' id='par_1_85' title="bbox 1964 1855 3556 1929">
     <span class='ocr_line' id='line_1_85' title="bbox 1964 1855 3556 1929; baseline 0.002 -21"><span class='ocrx_word' id='word_1_670' title='bbox 1964 1855 2135 1926; x_wconf 85' lang='grc' dir='ltr'>όρέων</span> <span class='ocrx_word' id='word_1_671' title='bbox 2164 1857 2405 1926; x_wconf 83' lang='grc' dir='ltr'>πυρίνων</span> <span class='ocrx_word' id='word_1_672' title='bbox 2428 1860 2553 1920; x_wconf 84' lang='grc' dir='ltr'>τοὺς</span> <span class='ocrx_word' id='word_1_673' title='bbox 2580 1859 2787 1929; x_wconf 78' lang='grc' dir='ltr'>δήμους</span> <span class='ocrx_word' id='word_1_674' title='bbox 2817 1857 3072 1920; x_wconf 75' lang='grc' dir='ltr'>ἀϐλαϐῶς</span> <span class='ocrx_word' id='word_1_675' title='bbox 3099 1857 3191 1910; x_wconf 76' lang='grc' dir='ltr'>ἐπὶ</span> <span class='ocrx_word' id='word_1_676' title='bbox 3219 1858 3316 1920; x_wconf 87' lang='grc' dir='ltr'>τάς</span> <span class='ocrx_word' id='word_1_677' title='bbox 3345 1855 3556 1921; x_wconf 87' lang='grc' dir='ltr'>οίκείας</span> 
     </span>
    </p>
   </div>
   <div class='ocr_carea' id='block_1_86' title="bbox 1966 1939 3556 2013">
    <p class='ocr_par' dir='ltr' id='par_1_86' title="bbox 1966 1939 3556 2013">
     <span class='ocr_line' id='line_1_86' title="bbox 1966 1939 3556 2013; baseline 0.001 -22"><span class='ocrx_word' id='word_1_678' title='bbox 1966 1939 2153 2009; x_wconf 86' lang='grc' dir='ltr'>χρείας</span> <span class='ocrx_word' id='word_1_679' title='bbox 2179 1939 2334 1992; x_wconf 82' lang='grc' dir='ltr'>διαπε</span> <span class='ocrx_word' id='word_1_680' title='bbox 2347 1942 2577 2011; x_wconf 86' lang='grc' dir='ltr'>ρῶντας.</span> <span class='ocrx_word' id='word_1_681' title='bbox 2629 1939 2786 1994; x_wconf 82' lang='grc' dir='ltr'>υῦτω</span> <span class='ocrx_word' id='word_1_682' title='bbox 2814 1940 2870 1993; x_wconf 89' lang='grc' dir='ltr'>δέ</span> <span class='ocrx_word' id='word_1_683' title='bbox 2896 1940 3322 2012; x_wconf 85' lang='grc' dir='ltr'>περιπετόμενον</span> <span class='ocrx_word' id='word_1_684' title='bbox 3354 1941 3415 1993; x_wconf 87' lang='lat'>16</span> <span class='ocrx_word' id='word_1_685' title='bbox 3444 1940 3556 2013; x_wconf 90' lang='grc' dir='ltr'>πῦρ</span> 
     </span>
    </p>
   </div>
   <div class='ocr_carea' id='block_1_87' title="bbox 1965 2024 3557 2096">
    <p class='ocr_par' dir='ltr' id='par_1_87' title="bbox 1965 2024 3557 2096">
     <span class='ocr_line' id='line_1_87' title="bbox 1965 2024 3557 2096; baseline 0.001 -20"><span class='ocrx_word' id='word_1_686' title='bbox 1965 2025 2059 2076; x_wconf 79' lang='grc' dir='ltr'>καὶ</span> <span class='ocrx_word' id='word_1_687' title='bbox 2088 2027 2352 2096; x_wconf 85' lang='grc' dir='ltr'>κυμαῖνον</span> <span class='ocrx_word' id='word_1_688' title='bbox 2387 2025 2639 2096; x_wconf 87' lang='grc' dir='ltr'>καθάπερ</span> <span class='ocrx_word' id='word_1_689' title='bbox 2671 2026 2913 2080; x_wconf 88' lang='grc' dir='ltr'>θάλασσα</span> <span class='ocrx_word' id='word_1_690' title='bbox 2961 2024 3123 2096; x_wconf 81' lang='grc' dir='ltr'>βιαίῳ</span> <span class='ocrx_word' id='word_1_691' title='bbox 3158 2025 3294 2094; x_wconf 84' lang='grc' dir='ltr'>νότῳ</span> <span class='ocrx_word' id='word_1_692' title='bbox 3345 2025 3557 2096; x_wconf 80' lang='grc' dir='ltr'>ῥιπιζο-</span> 
     </span>
    </p>
   </div>
   <div class='ocr_carea' id='block_1_88' title="bbox 1967 2108 3558 2181">
    <p class='ocr_par' dir='ltr' id='par_1_88' title="bbox 1967 2108 3558 2181">
     <span class='ocr_line' id='line_1_88' title="bbox 1967 2108 3558 2181; baseline 0.001 -21"><span class='ocrx_word' id='word_1_693' title='bbox 1967 2108 2125 2178; x_wconf 72' lang='grc' dir='ltr'>μένη,</span> <span class='ocrx_word' id='word_1_694' title='bbox 2168 2109 2357 2180; x_wconf 86' lang='grc' dir='ltr'>ῶσπερ</span> <span class='ocrx_word' id='word_1_695' title='bbox 2384 2111 2490 2164; x_wconf 75' lang='grc' dir='ltr'>ὑπὸ</span> <span class='ocrx_word' id='word_1_696' title='bbox 2521 2109 2826 2181; x_wconf 80' lang='grc' dir='ltr'>συνθήματι</span> <span class='ocrx_word' id='word_1_697' title='bbox 2862 2108 3099 2179; x_wconf 82' lang='grc' dir='ltr'>βαδίζον,</span> <span class='ocrx_word' id='word_1_698' title='bbox 3127 2109 3362 2179; x_wconf 85' lang='grc' dir='ltr'>ἀφειδῶς</span> <span class='ocrx_word' id='word_1_699' title='bbox 3390 2109 3558 2163; x_wconf 81' lang='grc' dir='ltr'>ἀπτό-</span> 
     </span>
    </p>
   </div>
   <div class='ocr_carea' id='block_1_89' title="bbox 1967 2193 3556 2264">
    <p class='ocr_par' dir='ltr' id='par_1_89' title="bbox 1967 2193 3556 2264">
     <span class='ocr_line' id='line_1_89' title="bbox 1967 2193 3556 2264; baseline 0.003 -21"><span class='ocrx_word' id='word_1_700' title='bbox 1967 2209 2126 2260; x_wconf 89' lang='grc' dir='ltr'>μενον</span> <span class='ocrx_word' id='word_1_701' title='bbox 2154 2193 2262 2245; x_wconf 89' lang='grc' dir='ltr'>τῶν</span> <span class='ocrx_word' id='word_1_702' title='bbox 2292 2194 2476 2258; x_wconf 88' lang='grc' dir='ltr'>κύκλῳ</span> <span class='ocrx_word' id='word_1_703' title='bbox 2500 2194 2793 2263; x_wconf 84' lang='grc' dir='ltr'>δωμάτων,</span> <span class='ocrx_word' id='word_1_704' title='bbox 2830 2195 2991 2264; x_wconf 77' lang='grc' dir='ltr'>μόνου</span> <span class='ocrx_word' id='word_1_705' title='bbox 3026 2193 3306 2264; x_wconf 76' lang='grc' dir='ltr'>ἐφρόντιζε</span> <span class='ocrx_word' id='word_1_706' title='bbox 3340 2193 3434 2246; x_wconf 88' lang='grc' dir='ltr'>τοῦ</span> <span class='ocrx_word' id='word_1_707' title='bbox 3473 2197 3556 2247; x_wconf 70' lang='lat' dir='ltr'>ol-</span> 
     </span>
    </p>
   </div>
   <div class='ocr_carea' id='block_1_90' title="bbox 1963 2271 3554 2346">
    <p class='ocr_par' dir='ltr' id='par_1_90' title="bbox 1963 2271 3554 2346">
     <span class='ocr_line' id='line_1_90' title="bbox 1963 2271 3554 2346; baseline 0.002 -17"><span class='ocrx_word' id='word_1_708' title='bbox 1963 2277 2178 2340; x_wconf 88' lang='grc' dir='ltr'>κίσκου,</span> <span class='ocrx_word' id='word_1_709' title='bbox 2220 2271 2343 2346; x_wconf 77' lang='grc' dir='ltr'>ἐνῷ</span> <span class='ocrx_word' id='word_1_710' title='bbox 2366 2278 2478 2331; x_wconf 88' lang='grc' dir='ltr'>τῶν</span> <span class='ocrx_word' id='word_1_711' title='bbox 2515 2279 2676 2344; x_wconf 86' lang='grc' dir='ltr'>ἱερῶν</span> <span class='ocrx_word' id='word_1_712' title='bbox 2709 2278 2920 2331; x_wconf 89' lang='grc' dir='ltr'>σκευῶν</span> <span class='ocrx_word' id='word_1_713' title='bbox 2953 2279 3211 2331; x_wconf 86' lang='grc' dir='ltr'>ἀπέκειτο</span> <span class='ocrx_word' id='word_1_714' title='bbox 3229 2279 3291 2330; x_wconf 90' lang='lat'>16</span> <span class='ocrx_word' id='word_1_715' title='bbox 3330 2277 3554 2345; x_wconf 76' lang='grc' dir='ltr'>πλῆθος,</span> 
     </span>
    </p>
   </div>
   <div class='ocr_carea' id='block_1_91' title="bbox 1962 2362 3556 2434">
    <p class='ocr_par' dir='ltr' id='par_1_91' title="bbox 1962 2362 3556 2434">
     <span class='ocr_line' id='line_1_91' title="bbox 1962 2362 3556 2434; baseline 0.001 -19"><span class='ocrx_word' id='word_1_716' title='bbox 1962 2363 2023 2415; x_wconf 85' lang='grc' dir='ltr'>ού</span> <span class='ocrx_word' id='word_1_717' title='bbox 2057 2363 2146 2415; x_wconf 76' lang='grc' dir='ltr'>τὸν</span> <span class='ocrx_word' id='word_1_718' title='bbox 2185 2363 2386 2433; x_wconf 79' lang='grc' dir='ltr'>χρυσὸν</span> <span class='ocrx_word' id='word_1_719' title='bbox 2413 2363 2752 2433; x_wconf 86' lang='grc' dir='ltr'>αἰδούμενον,</span> <span class='ocrx_word' id='word_1_720' title='bbox 2777 2363 2810 2434; x_wconf 84' lang='grc' dir='ltr'>ἢ</span> <span class='ocrx_word' id='word_1_721' title='bbox 2845 2362 2943 2433; x_wconf 86' lang='grc' dir='ltr'>τὴν</span> <span class='ocrx_word' id='word_1_722' title='bbox 2971 2362 3163 2433; x_wconf 84' lang='grc' dir='ltr'>λοιπὴν</span> <span class='ocrx_word' id='word_1_723' title='bbox 3185 2362 3279 2415; x_wconf 84' lang='grc' dir='ltr'>τοῦ</span> <span class='ocrx_word' id='word_1_724' title='bbox 3309 2362 3556 2434; x_wconf 85' lang='grc' dir='ltr'>ἀργύρου</span> 
     </span>
    </p>
   </div>
   <div class='ocr_carea' id='block_1_92' title="bbox 1965 2444 3560 2518">
    <p class='ocr_par' dir='ltr' id='par_1_92' title="bbox 1965 2444 3560 2518">
     <span class='ocr_line' id='line_1_92' title="bbox 1965 2444 3560 2518; baseline 0.001 -20"><span class='ocrx_word' id='word_1_725' title='bbox 1965 2444 2118 2517; x_wconf 79' lang='grc' dir='ltr'>ὕλην,</span> <span class='ocrx_word' id='word_1_726' title='bbox 2148 2447 2264 2500; x_wconf 85' lang='grc' dir='ltr'>ἀλλ’</span> <span class='ocrx_word' id='word_1_727' title='bbox 2309 2447 2396 2500; x_wconf 83' lang='grc' dir='ltr'>ἵνα</span> <span class='ocrx_word' id='word_1_728' title='bbox 2432 2447 2506 2517; x_wconf 82' lang='grc' dir='ltr'>μὴ</span> <span class='ocrx_word' id='word_1_729' title='bbox 2542 2449 2654 2510; x_wconf 85' lang='grc' dir='ltr'>τοῖς</span> <span class='ocrx_word' id='word_1_730' title='bbox 2689 2447 3057 2515; x_wconf 85' lang='grc' dir='ltr'>συκοφάνταις</span> <span class='ocrx_word' id='word_1_731' title='bbox 3089 2446 3275 2518; x_wconf 85' lang='grc' dir='ltr'>χώραν</span> <span class='ocrx_word' id='word_1_732' title='bbox 3296 2446 3397 2499; x_wconf 87' lang='grc' dir='ltr'>’τοῦ</span> <span class='ocrx_word' id='word_1_733' title='bbox 3427 2447 3560 2517; x_wconf 78' lang='grc' dir='ltr'>ψεύ-</span> 
     </span>
    </p>
   </div>
   <div class='ocr_carea' id='block_1_93' title="bbox 1961 2529 3558 2604">
    <p class='ocr_par' dir='ltr' id='par_1_93' title="bbox 1961 2529 3558 2604">
     <span class='ocr_line' id='line_1_93' title="bbox 1961 2529 3558 2604; baseline 0 -19"><span class='ocrx_word' id='word_1_734' title='bbox 1961 2531 2087 2593; x_wconf 92' lang='grc' dir='ltr'>δους</span> <span class='ocrx_word' id='word_1_735' title='bbox 2114 2531 2372 2604; x_wconf 88' lang='grc' dir='ltr'>παράσχῃ</span> <span class='ocrx_word' id='word_1_736' title='bbox 2429 2529 2574 2584; x_wconf 87' lang='grc' dir='ltr'>κατά</span> <span class='ocrx_word' id='word_1_737' title='bbox 2599 2530 2696 2584; x_wconf 85' lang='grc' dir='ltr'>τοῦ</span> <span class='ocrx_word' id='word_1_738' title='bbox 2724 2530 2960 2594; x_wconf 88' lang='grc' dir='ltr'>δικαίου,</span> <span class='ocrx_word' id='word_1_739' title='bbox 2999 2531 3078 2595; x_wconf 80' lang='grc' dir='ltr'>ὡς</span> <span class='ocrx_word' id='word_1_740' title='bbox 3111 2529 3275 2584; x_wconf 82' lang='grc' dir='ltr'>αὐτοῦ</span> <span class='ocrx_word' id='word_1_741' title='bbox 3306 2547 3558 2602; x_wconf 84' lang='grc' dir='ltr'>σφετερι-</span> 
     </span>
    </p>
   </div>
   <div class='ocr_carea' id='block_1_94' title="bbox 1964 2604 3560 2686">
    <p class='ocr_par' dir='ltr' id='par_1_94' title="bbox 1964 2604 3560 2686">
     <span class='ocr_line' id='line_1_94' title="bbox 1964 2604 3560 2686; baseline 0.001 -18"><span class='ocrx_word' id='word_1_742' title='bbox 1964 2616 2200 2686; x_wconf 90' lang='grc' dir='ltr'>σαμένου</span> <span class='ocrx_word' id='word_1_743' title='bbox 2255 2634 2308 2669; x_wconf 83' lang='grc' dir='ltr'>τι</span> <span class='ocrx_word' id='word_1_744' title='bbox 2341 2614 2450 2670; x_wconf 88' lang='grc' dir='ltr'>τῶν</span> <span class='ocrx_word' id='word_1_745' title='bbox 2499 2615 2819 2670; x_wconf 89' lang='grc' dir='ltr'>καλλίστων.</span> <span class='ocrx_word' id='word_1_746' title='bbox 2869 2614 3028 2668; x_wconf 87' lang='grc' dir='ltr'>Οῦτω</span> <span class='ocrx_word' id='word_1_747' title='bbox 3083 2615 3138 2668; x_wconf 84' lang='grc' dir='ltr'>δὲ</span> <span class='ocrx_word' id='word_1_748' title='bbox 3191 2604 3466 2669; x_wconf 84' lang='grc' dir='ltr'>διακινοῦν</span> <span class='ocrx_word' id='word_1_749' title='bbox 3494 2617 3560 2670; x_wconf 83' lang='lat'>16</span> 
     </span>
    </p>
   </div>
   <div class='ocr_carea' id='block_1_95' title="bbox 1963 2698 3558 2771">
    <p class='ocr_par' dir='ltr' id='par_1_95' title="bbox 1963 2698 3558 2771">
     <span class='ocr_line' id='line_1_95' title="bbox 1963 2698 3558 2771; baseline 0.001 -19"><span class='ocrx_word' id='word_1_750' title='bbox 1963 2698 2077 2770; x_wconf 84' lang='grc' dir='ltr'>πῦρ</span> <span class='ocrx_word' id='word_1_751' title='bbox 2104 2699 2445 2770; x_wconf 86' lang='grc' dir='ltr'>ἀνεχαίτιζεν</span> <span class='ocrx_word' id='word_1_752' title='bbox 2488 2702 2568 2763; x_wconf 85' lang='grc' dir='ltr'>είς</span> <span class='ocrx_word' id='word_1_753' title='bbox 2601 2699 2862 2762; x_wconf 83' lang='grc' dir='ltr'>τούπίσω,</span> <span class='ocrx_word' id='word_1_754' title='bbox 2896 2699 2987 2753; x_wconf 86' lang='grc' dir='ltr'>τὸν</span> <span class='ocrx_word' id='word_1_755' title='bbox 3024 2699 3218 2770; x_wconf 84' lang='grc' dir='ltr'>φθόνον</span> <span class='ocrx_word' id='word_1_756' title='bbox 3255 2699 3558 2771; x_wconf 79' lang='grc' dir='ltr'>ἐξιχνιάζον</span> 
     </span>
    </p>
   </div>
   <div class='ocr_carea' id='block_1_96' title="bbox 1961 2784 3558 2858">
    <p class='ocr_par' dir='ltr' id='par_1_96' title="bbox 1961 2784 3558 2858">
     <span class='ocr_line' id='line_1_96' title="bbox 1961 2784 3558 2858; baseline 0.001 -21"><span class='ocrx_word' id='word_1_757' title='bbox 1961 2785 2072 2838; x_wconf 90' lang='grc' dir='ltr'>τῶν</span> <span class='ocrx_word' id='word_1_758' title='bbox 2101 2785 2276 2840; x_wconf 89' lang='grc' dir='ltr'>ταῦτα</span> <span class='ocrx_word' id='word_1_759' title='bbox 2301 2786 2643 2857; x_wconf 82' lang='grc' dir='ltr'>πραξάντων,</span> <span class='ocrx_word' id='word_1_760' title='bbox 2679 2786 2759 2849; x_wconf 83' lang='grc' dir='ltr'>είς</span> <span class='ocrx_word' id='word_1_761' title='bbox 2784 2784 3004 2856; x_wconf 80' lang='grc' dir='ltr'>ἔλεγχον</span> <span class='ocrx_word' id='word_1_762' title='bbox 3027 2788 3127 2856; x_wconf 85' lang='grc' dir='ltr'>τῆς</span> <span class='ocrx_word' id='word_1_763' title='bbox 3156 2785 3416 2855; x_wconf 84' lang='grc' dir='ltr'>Θεοφίλου</span> <span class='ocrx_word' id='word_1_764' title='bbox 3450 2803 3558 2858; x_wconf 89' lang='grc' dir='ltr'>μα-</span> 
     </span>
    </p>
   </div>
   <div class='ocr_carea' id='block_1_97' title="bbox 1964 2869 3558 2940">
    <p class='ocr_par' dir='ltr' id='par_1_97' title="bbox 1964 2869 3558 2940">
     <span class='ocr_line' id='line_1_97' title="bbox 1964 2869 3558 2940; baseline 0.002 -18"><span class='ocrx_word' id='word_1_765' title='bbox 1964 2870 2103 2936; x_wconf 88' lang='grc' dir='ltr'>νίας,</span> <span class='ocrx_word' id='word_1_766' title='bbox 2140 2871 2200 2935; x_wconf 86' lang='grc' dir='ltr'>ὃς</span> <span class='ocrx_word' id='word_1_767' title='bbox 2236 2889 2338 2924; x_wconf 87' lang='grc' dir='ltr'>που</span> <span class='ocrx_word' id='word_1_768' title='bbox 2387 2869 2791 2934; x_wconf 80' lang='grc' dir='ltr'>κατασκευάζει</span> <span class='ocrx_word' id='word_1_769' title='bbox 2845 2869 2934 2924; x_wconf 87' lang='grc' dir='ltr'>διά</span> <span class='ocrx_word' id='word_1_770' title='bbox 2965 2869 3035 2922; x_wconf 87' lang='grc' dir='ltr'>τά</span> <span class='ocrx_word' id='word_1_771' title='bbox 3085 2869 3344 2940; x_wconf 78' lang='grc' dir='ltr'>κειμήλια</span> <span class='ocrx_word' id='word_1_772' title='bbox 3394 2870 3558 2925; x_wconf 79' lang='grc' dir='ltr'>αὐτὸν</span> 
     </span>
    </p>
   </div>
   <div class='ocr_carea' id='block_1_98' title="bbox 1964 2953 3560 3026">
    <p class='ocr_par' dir='ltr' id='par_1_98' title="bbox 1964 2953 3560 3026">
     <span class='ocr_line' id='line_1_98' title="bbox 1964 2953 3560 3026; baseline -0.001 -17"><span class='ocrx_word' id='word_1_773' title='bbox 1964 2957 2378 3026; x_wconf 73' lang='grc' dir='ltr'>ἐκϐεϐληκέναι.</span> <span class='ocrx_word' id='word_1_774' title='bbox 2422 2958 2533 3010; x_wconf 76' lang='grc' dir='ltr'>Καὶ</span> <span class='ocrx_word' id='word_1_775' title='bbox 2561 2954 2804 3026; x_wconf 78' lang='grc' dir='ltr'>ἀποϐολὴ</span> <span class='ocrx_word' id='word_1_776' title='bbox 2843 2955 2942 3025; x_wconf 80' lang='grc' dir='ltr'>μὲν</span> <span class='ocrx_word' id='word_1_777' title='bbox 2969 2954 3149 3026; x_wconf 79' lang='grc' dir='ltr'>ψυχῆς</span> <span class='ocrx_word' id='word_1_778' title='bbox 3179 2957 3237 3007; x_wconf 84' lang='grc' dir='ltr'>ἐν</span> <span class='ocrx_word' id='word_1_779' title='bbox 3278 2953 3560 3019; x_wconf 87' lang='grc' dir='ltr'>τοσούτοις</span> 
     </span>
    </p>
   </div>
   <div class='ocr_carea' id='block_1_99' title="bbox 1939 3039 3559 3112">
    <p class='ocr_par' dir='ltr' id='par_1_99' title="bbox 1939 3039 3559 3112">
     <span class='ocr_line' id='line_1_99' title="bbox 1939 3039 3559 3112; baseline -0.001 -18"><span class='ocrx_word' id='word_1_780' title='bbox 1939 3041 2141 3112; x_wconf 79' lang='grc' dir='ltr'>.δχλοις</span> <span class='ocrx_word' id='word_1_781' title='bbox 2168 3041 2274 3095; x_wconf 82' lang='grc' dir='ltr'>ὑπὸ</span> <span class='ocrx_word' id='word_1_782' title='bbox 2308 3042 2478 3112; x_wconf 84' lang='grc' dir='ltr'>πυρὸς</span> <span class='ocrx_word' id='word_1_783' title='bbox 2493 3040 2719 3111; x_wconf 78' lang='grc' dir='ltr'>οὐδεμία</span> <span class='ocrx_word' id='word_1_784' title='bbox 2745 3039 3061 3110; x_wconf 86' lang='grc' dir='ltr'>γεγένηται,</span> <span class='ocrx_word' id='word_1_785' title='bbox 3091 3041 3153 3094; x_wconf 81' lang='grc' dir='ltr'>οὐ</span> <span class='ocrx_word' id='word_1_786' title='bbox 3177 3039 3423 3108; x_wconf 89' lang='grc' dir='ltr'>λογικοῦ,</span> <span class='ocrx_word' id='word_1_787' title='bbox 3455 3040 3559 3094; x_wconf 84' lang='grc' dir='ltr'>ούκ</span> 
     </span>
    </p>
   </div>
   <div class='ocr_carea' id='block_1_100' title="bbox 1965 3123 3559 3196">
    <p class='ocr_par' dir='ltr' id='par_1_100' title="bbox 1965 3123 3559 3196">
     <span class='ocr_line' id='line_1_100' title="bbox 1965 3123 3559 3196; baseline 0 -18"><span class='ocrx_word' id='word_1_788' title='bbox 1965 3125 2183 3193; x_wconf 84' lang='grc' dir='ltr'>ἀλόγου’</span> <span class='ocrx_word' id='word_1_789' title='bbox 2221 3128 2248 3179; x_wconf 90' lang='lat'>6</span> <span class='ocrx_word' id='word_1_790' title='bbox 2266 3126 2322 3178; x_wconf 86' lang='grc' dir='ltr'>δέ</span> <span class='ocrx_word' id='word_1_791' title='bbox 2350 3126 2521 3196; x_wconf 77' lang='grc' dir='ltr'>ῥύπος</span> <span class='ocrx_word' id='word_1_792' title='bbox 2550 3124 2658 3177; x_wconf 88' lang='grc' dir='ltr'>τῶν</span> <span class='ocrx_word' id='word_1_793' title='bbox 2682 3123 2895 3192; x_wconf 86' lang='grc' dir='ltr'>ἐναγῶς</span> <span class='ocrx_word' id='word_1_794' title='bbox 2933 3125 3114 3177; x_wconf 88' lang='grc' dir='ltr'>ἐκεῖσε</span> <span class='ocrx_word' id='word_1_795' title='bbox 3145 3123 3559 3195; x_wconf 83' lang='grc' dir='ltr'>ἀναστρεφομέ-</span> 
     </span>
    </p>
   </div>
   <div class='ocr_carea' id='block_1_101' title="bbox 1965 3207 3561 3282">
    <p class='ocr_par' dir='ltr' id='par_1_101' title="bbox 1965 3207 3561 3282">
     <span class='ocr_line' id='line_1_101' title="bbox 1965 3207 3561 3282; baseline -0.001 -19"><span class='ocrx_word' id='word_1_796' title='bbox 1965 3227 2070 3263; x_wconf 91' lang='grc' dir='ltr'>νων</span> <span class='ocrx_word' id='word_1_797' title='bbox 2103 3213 2169 3282; x_wconf 85' lang='grc' dir='ltr'>τῇ</span> <span class='ocrx_word' id='word_1_798' title='bbox 2205 3208 2302 3263; x_wconf 90' lang='grc' dir='ltr'>τοῦ</span> <span class='ocrx_word' id='word_1_799' title='bbox 2346 3209 2518 3280; x_wconf 81' lang='grc' dir='ltr'>πυρὸς</span> <span class='ocrx_word' id='word_1_800' title='bbox 2560 3207 2902 3262; x_wconf 83' lang='grc' dir='ltr'>ἀπεπλύνετο</span> <span class='ocrx_word' id='word_1_801' title='bbox 2941 3207 3191 3278; x_wconf 84' lang='grc' dir='ltr'>δυνάμει,</span> <span class='ocrx_word' id='word_1_802' title='bbox 3245 3207 3354 3260; x_wconf 86' lang='grc' dir='ltr'>ἀπὸ</span> <span class='ocrx_word' id='word_1_803' title='bbox 3393 3209 3561 3277; x_wconf 75' lang='grc' dir='ltr'>ἕκτης</span> 
     </span>
    </p>
   </div>
   <div class='ocr_carea' id='block_1_102' title="bbox 1965 3291 3560 3368">
    <p class='ocr_par' dir='ltr' id='par_1_102' title="bbox 1965 3291 3560 3368">
     <span class='ocr_line' id='line_1_102' title="bbox 1965 3291 3560 3368; baseline -0.003 -19"><span class='ocrx_word' id='word_1_804' title='bbox 1965 3295 2113 3366; x_wconf 83' lang='grc' dir='ltr'>ὧρας</span> <span class='ocrx_word' id='word_1_805' title='bbox 2147 3296 2341 3368; x_wconf 88' lang='grc' dir='ltr'>μέχρις</span> <span class='ocrx_word' id='word_1_806' title='bbox 2398 3295 2646 3363; x_wconf 86' lang='grc' dir='ltr'>ἐννάτης,</span> <span class='ocrx_word' id='word_1_807' title='bbox 2707 3296 2765 3346; x_wconf 87' lang='grc' dir='ltr'>ἐν</span> <span class='ocrx_word' id='word_1_808' title='bbox 2819 3294 2996 3366; x_wconf 75' lang='grc' dir='ltr'>τρισὶν</span> <span class='ocrx_word' id='word_1_809' title='bbox 3044 3291 3216 3364; x_wconf 80' lang='grc' dir='ltr'>ὥραις</span> <span class='ocrx_word' id='word_1_810' title='bbox 3267 3295 3560 3364; x_wconf 72' lang='grc' dir='ltr'>ἡμεριναίς</span> 
     </span>
    </p>
   </div>
   <div class='ocr_carea' id='block_1_103' title="bbox 1965 3376 2967 3448">
    <p class='ocr_par' dir='ltr' id='par_1_103' title="bbox 1965 3376 2967 3448">
     <span class='ocr_line' id='line_1_103' title="bbox 1965 3376 2967 3448; baseline -0.002 -18"><span class='ocrx_word' id='word_1_811' title='bbox 1965 3378 2322 3448; x_wconf 86' lang='grc' dir='ltr'>πολυχρονίου</span> <span class='ocrx_word' id='word_1_812' title='bbox 2351 3377 2516 3447; x_wconf 80' lang='grc' dir='ltr'>ἔργου</span> <span class='ocrx_word' id='word_1_813' title='bbox 2551 3376 2967 3446; x_wconf 84' lang='grc' dir='ltr'>ἀφανισθέντος.</span> 
     </span>
    </p>
   </div>
   <div class='ocr_carea' id='block_1_104' title="bbox 2037 3457 3558 3531">
    <p class='ocr_par' dir='ltr' id='par_1_104' title="bbox 2037 3457 3558 3531">
     <span class='ocr_line' id='line_1_104' title="bbox 2037 3457 3558 3531; baseline -0.002 -15"><span class='ocrx_word' id='word_1_814' title='bbox 2037 3465 2196 3516; x_wconf 76' lang='grc' dir='ltr'>ΚΕΦ.</span> <span class='ocrx_word' id='word_1_815' title='bbox 2229 3464 2332 3516; x_wconf 83' lang='lat' dir='ltr'>IA&#39;.</span> <span class='ocrx_word' id='word_1_816' title='bbox 2372 3493 2439 3506; x_wconf 84' lang='lat'>-—</span> <span class='ocrx_word' id='word_1_817' title='bbox 2473 3463 2533 3514; x_wconf 84' lang='grc' dir='ltr'>Ὀ</span> <span class='ocrx_word' id='word_1_818' title='bbox 2577 3462 2760 3515; x_wconf 78' lang='grc' dir='ltr'>ΔΙΑΚ.</span> <span class='ocrx_word' id='word_1_819' title='bbox 2800 3457 2953 3522; x_wconf 83' lang='grc' dir='ltr'>Εἶτα,</span> <span class='ocrx_word' id='word_1_820' title='bbox 2993 3460 3196 3531; x_wconf 85' lang='grc' dir='ltr'>Πάτερ,</span> <span class='ocrx_word' id='word_1_821' title='bbox 3228 3460 3433 3514; x_wconf 87' lang='grc' dir='ltr'>τούτων</span> <span class='ocrx_word' id='word_1_822' title='bbox 3465 3461 3558 3514; x_wconf 82' lang='grc' dir='ltr'>οῦ-</span> 
     </span>
    </p>
   </div>
   <div class='ocr_carea' id='block_1_105' title="bbox 1963 3544 3554 3618">
    <p class='ocr_par' dir='ltr' id='par_1_105' title="bbox 1963 3544 3554 3618">
     <span class='ocr_line' id='line_1_105' title="bbox 1963 3544 3554 3618; baseline -0.003 -18"><span class='ocrx_word' id='word_1_823' title='bbox 1963 3565 2072 3611; x_wconf 85' lang='grc' dir='ltr'>τως</span> <span class='ocrx_word' id='word_1_824' title='bbox 2102 3548 2432 3618; x_wconf 81' lang='grc' dir='ltr'>ἀνυομένων,</span> <span class='ocrx_word' id='word_1_825' title='bbox 2477 3545 2581 3600; x_wconf 84' lang='grc' dir='ltr'>ποῦ</span> <span class='ocrx_word' id='word_1_826' title='bbox 2609 3545 2880 3618; x_wconf 74' lang='grc' dir='ltr'>διέτριϐεν</span> <span class='ocrx_word' id='word_1_827' title='bbox 2907 3547 2940 3598; x_wconf 86' lang='lat'>6</span> <span class='ocrx_word' id='word_1_828' title='bbox 2968 3547 3238 3616; x_wconf 86' lang='grc' dir='ltr'>μακάριος</span> <span class='ocrx_word' id='word_1_829' title='bbox 3274 3544 3554 3615; x_wconf 86' lang='grc' dir='ltr'>Ἰωάννης,</span> 
     </span>
    </p>
   </div>
   <div class='ocr_carea' id='block_1_106' title="bbox 1965 3629 3564 3703">
    <p class='ocr_par' dir='ltr' id='par_1_106' title="bbox 1965 3629 3564 3703">
     <span class='ocr_line' id='line_1_106' title="bbox 1965 3629 3564 3703; baseline -0.003 -18"><span class='ocrx_word' id='word_1_830' title='bbox 1965 3633 1999 3703; x_wconf 77' lang='grc' dir='ltr'><strong>ἢ</strong></span> <span class='ocrx_word' id='word_1_831' title='bbox 2034 3634 2082 3685; x_wconf 88' lang='grc' dir='ltr'>οἱ</span> <span class='ocrx_word' id='word_1_832' title='bbox 2109 3631 2285 3684; x_wconf 64' lang='grc' dir='ltr'>λοιποὶ⁹</span> <span class='ocrx_word' id='word_1_833' title='bbox 2317 3631 2424 3684; x_wconf 91' lang='grc' dir='ltr'>τῶν</span> <span class='ocrx_word' id='word_1_834' title='bbox 2455 3629 2810 3696; x_wconf 88' lang='grc' dir='ltr'>ἐπισκόπων;</span> <span class='ocrx_word' id='word_1_835' title='bbox 2857 3630 2915 3682; x_wconf 87' lang='lat'>&#39;0</span> <span class='ocrx_word' id='word_1_836' title='bbox 2948 3630 3202 3683; x_wconf 71' lang='lat' dir='ltr'>’EUIEK.</span> <span class='ocrx_word' id='word_1_837' title='bbox 3238 3629 3302 3682; x_wconf 83' lang='grc' dir='ltr'>Οί</span> <span class='ocrx_word' id='word_1_838' title='bbox 3340 3629 3438 3700; x_wconf 81' lang='grc' dir='ltr'>μὲν</span> <span class='ocrx_word' id='word_1_839' title='bbox 3461 3629 3564 3682; x_wconf 87' lang='grc' dir='ltr'>λοι-</span> 
     </span>
    </p>
   </div>
   <div class='ocr_carea' id='block_1_107' title="bbox 1968 3712 3562 3785">
    <p class='ocr_par' dir='ltr' id='par_1_107' title="bbox 1968 3712 3562 3785">
     <span class='ocr_line' id='line_1_107' title="bbox 1968 3712 3562 3785; baseline -0.003 -15"><span class='ocrx_word' id='word_1_840' title='bbox 1968 3718 2061 3770; x_wconf 78' lang='grc' dir='ltr'>ποὶ</span> <span class='ocrx_word' id='word_1_841' title='bbox 2089 3715 2199 3769; x_wconf 90' lang='grc' dir='ltr'>τῶν</span> <span class='ocrx_word' id='word_1_842' title='bbox 2230 3715 2568 3781; x_wconf 84' lang='grc' dir='ltr'>ἐπισκόπων,</span> <span class='ocrx_word' id='word_1_843' title='bbox 2608 3716 2658 3767; x_wconf 87' lang='grc' dir='ltr'>οἱ</span> <span class='ocrx_word' id='word_1_844' title='bbox 2692 3715 2791 3785; x_wconf 80' lang='grc' dir='ltr'>μὲν</span> <span class='ocrx_word' id='word_1_845' title='bbox 2832 3713 3228 3774; x_wconf 89' lang='grc' dir='ltr'>συνεκλείοντο,</span> <span class='ocrx_word' id='word_1_846' title='bbox 3270 3715 3319 3766; x_wconf 81' lang='grc' dir='ltr'>οἱ</span> <span class='ocrx_word' id='word_1_847' title='bbox 3364 3712 3421 3766; x_wconf 83' lang='grc' dir='ltr'>δὲ</span> <span class='ocrx_word' id='word_1_848' title='bbox 3467 3713 3562 3766; x_wconf 78' lang='grc' dir='ltr'>καὶ</span> 
     </span>
    </p>
   </div>
   <div class='ocr_carea' id='block_1_108' title="bbox 1965 3791 3564 3867">
    <p class='ocr_par' dir='ltr' id='par_1_108' title="bbox 1965 3791 3564 3867">
     <span class='ocr_line' id='line_1_108' title="bbox 1965 3791 3564 3867; baseline -0.003 -18"><span class='ocrx_word' id='word_1_849' title='bbox 1965 3798 2247 3867; x_wconf 85' lang='grc' dir='ltr'>ἐσύροντο,</span> <span class='ocrx_word' id='word_1_850' title='bbox 2285 3794 2435 3850; x_wconf 82' lang='grc' dir='ltr'>ἄλλοι</span> <span class='ocrx_word' id='word_1_851' title='bbox 2471 3797 2529 3849; x_wconf 86' lang='grc' dir='ltr'>δέ</span> <span class='ocrx_word' id='word_1_852' title='bbox 2577 3797 2672 3849; x_wconf 76' lang='grc' dir='ltr'>καὶ</span> <span class='ocrx_word' id='word_1_853' title='bbox 2705 3793 3042 3866; x_wconf 81' lang='grc' dir='ltr'>ἐκρύδησαν·</span> <span class='ocrx_word' id='word_1_854' title='bbox 3092 3794 3346 3861; x_wconf 87' lang='grc' dir='ltr'>Ἰωάννης</span> <span class='ocrx_word' id='word_1_855' title='bbox 3373 3791 3431 3844; x_wconf 86' lang='grc' dir='ltr'>δέ</span> <span class='ocrx_word' id='word_1_856' title='bbox 3461 3795 3564 3844; x_wconf 80' lang='grc' dir='ltr'>σὺν</span> 
     </span>
    </p>
   </div>
   <div class='ocr_carea' id='block_1_109' title="bbox 1968 3875 3561 3953">
    <p class='ocr_par' dir='ltr' id='par_1_109' title="bbox 1968 3875 3561 3953">
     <span class='ocr_line' id='line_1_109' title="bbox 1968 3875 3561 3953; baseline -0.004 -19"><span class='ocrx_word' id='word_1_857' title='bbox 1968 3880 2236 3953; x_wconf 81' lang='grc' dir='ltr'>Κυριακῴ</span> <span class='ocrx_word' id='word_1_858' title='bbox 2256 3882 2350 3934; x_wconf 80' lang='grc' dir='ltr'>καὶ</span> <span class='ocrx_word' id='word_1_859' title='bbox 2367 3880 2615 3950; x_wconf 84' lang='grc' dir='ltr'>Εὐλυσίῳ</span> <span class='ocrx_word' id='word_1_860' title='bbox 2647 3880 2798 3951; x_wconf 78' lang='grc' dir='ltr'>παρὰ</span> <span class='ocrx_word' id='word_1_861' title='bbox 2821 3877 3170 3947; x_wconf 83' lang='grc' dir='ltr'>στρατιωτῶν</span> <span class='ocrx_word' id='word_1_862' title='bbox 3186 3875 3281 3930; x_wconf 85' lang='grc' dir='ltr'>τοῦ</span> <span class='ocrx_word' id='word_1_863' title='bbox 3319 3875 3561 3946; x_wconf 78' lang='grc' dir='ltr'>ἐπάρχου</span> 
     </span>
    </p>
   </div>
   <div class='ocr_carea' id='block_1_110' title="bbox 1965 3959 3560 4035">
    <p class='ocr_par' dir='ltr' id='par_1_110' title="bbox 1965 3959 3560 4035">
     <span class='ocr_line' id='line_1_110' title="bbox 1965 3959 3560 4035; baseline -0.004 -16"><span class='ocrx_word' id='word_1_864' title='bbox 1965 3967 2176 4035; x_wconf 87' lang='grc' dir='ltr'>δέσμιοι</span> <span class='ocrx_word' id='word_1_865' title='bbox 2210 3967 2290 4028; x_wconf 87' lang='grc' dir='ltr'>εἰς</span> <span class='ocrx_word' id='word_1_866' title='bbox 2340 3964 2594 4017; x_wconf 85' lang='grc' dir='ltr'>Βιθυνίαν</span> <span class='ocrx_word' id='word_1_867' title='bbox 2641 3963 2978 4034; x_wconf 86' lang='grc' dir='ltr'>κατείχοντο,</span> <span class='ocrx_word' id='word_1_868' title='bbox 3036 3960 3258 4014; x_wconf 89' lang='grc' dir='ltr'>κόλασιν</span> <span class='ocrx_word' id='word_1_869' title='bbox 3307 3959 3560 4013; x_wconf 79' lang='grc' dir='ltr'>ἀπειλούο</span> 
     </span>
    </p>
   </div>
   <div class='ocr_carea' id='block_1_111' title="bbox 1969 4043 3562 4121">
    <p class='ocr_par' dir='ltr' id='par_1_111' title="bbox 1969 4043 3562 4121">
     <span class='ocr_line' id='line_1_111' title="bbox 1969 4043 3562 4121; baseline -0.004 -18"><span class='ocrx_word' id='word_1_870' title='bbox 1969 4067 2142 4121; x_wconf 88' lang='grc' dir='ltr'>μενοι,</span> <span class='ocrx_word' id='word_1_871' title='bbox 2168 4051 2262 4103; x_wconf 72' lang='grc' dir='ltr'>ἐπὶ</span> <span class='ocrx_word' id='word_1_872' title='bbox 2293 4051 2360 4120; x_wconf 77' lang='grc' dir='ltr'>τῇ</span> <span class='ocrx_word' id='word_1_873' title='bbox 2395 4050 2672 4119; x_wconf 83' lang='grc' dir='ltr'>ἐμπρήσει</span> <span class='ocrx_word' id='word_1_874' title='bbox 2721 4048 2822 4117; x_wconf 81' lang='grc' dir='ltr'>τῆς</span> <span class='ocrx_word' id='word_1_875' title='bbox 2859 4045 3178 4117; x_wconf 84' lang='grc' dir='ltr'>ἐκκλησίας.</span> <span class='ocrx_word' id='word_1_876' title='bbox 3210 4045 3479 4112; x_wconf 83' lang='grc' dir='ltr'>’Υστερον</span> <span class='ocrx_word' id='word_1_877' title='bbox 3503 4043 3562 4097; x_wconf 80' lang='grc' dir='ltr'>δὲ</span> 
     </span>
    </p>
   </div>
   <div class='ocr_carea' id='block_1_112' title="bbox 1964 4128 3563 4206">
    <p class='ocr_par' dir='ltr' id='par_1_112' title="bbox 1964 4128 3563 4206">
     <span class='ocr_line' id='line_1_112' title="bbox 1964 4128 3563 4206; baseline -0.006 -17"><span class='ocrx_word' id='word_1_878' title='bbox 1964 4139 1993 4189; x_wconf 88' lang='grc' dir='ltr'><strong>ὁ</strong></span> <span class='ocrx_word' id='word_1_879' title='bbox 2028 4137 2128 4206; x_wconf 80' lang='grc' dir='ltr'>μὲν</span> <span class='ocrx_word' id='word_1_880' title='bbox 2167 4133 2446 4206; x_wconf 82' lang='grc' dir='ltr'>Κυριακὸς</span> <span class='ocrx_word' id='word_1_881' title='bbox 2481 4133 2574 4186; x_wconf 78' lang='grc' dir='ltr'>καὶ</span> <span class='ocrx_word' id='word_1_882' title='bbox 2622 4131 2884 4195; x_wconf 82' lang='grc' dir='ltr'>Εύλύσιος</span> <span class='ocrx_word' id='word_1_883' title='bbox 2915 4130 3130 4198; x_wconf 88' lang='grc' dir='ltr'>δέσμιοι</span> <span class='ocrx_word' id='word_1_884' title='bbox 3160 4128 3418 4199; x_wconf 85' lang='grc' dir='ltr'>ἀχθέντες</span> <span class='ocrx_word' id='word_1_885' title='bbox 3444 4128 3563 4198; x_wconf 78' lang='grc' dir='ltr'>ἅμα</span> 
     </span>
    </p>
   </div>
   <div class='ocr_carea' id='block_1_113' title="bbox 1964 4213 3558 4290">
    <p class='ocr_par' dir='ltr' id='par_1_113' title="bbox 1964 4213 3558 4290">
     <span class='ocr_line' id='line_1_113' title="bbox 1964 4213 3558 4290; baseline -0.004 -17"><span class='ocrx_word' id='word_1_886' title='bbox 1964 4221 2173 4282; x_wconf 87' lang='grc' dir='ltr'>λοιποῖς</span> <span class='ocrx_word' id='word_1_887' title='bbox 2203 4221 2510 4290; x_wconf 84' lang='grc' dir='ltr'>κληρικοῖς,</span> <span class='ocrx_word' id='word_1_888' title='bbox 2543 4218 2713 4272; x_wconf 84' lang='grc' dir='ltr'>ἀθῶοι</span> <span class='ocrx_word' id='word_1_889' title='bbox 2749 4216 3156 4287; x_wconf 82' lang='grc' dir='ltr'>ἀποφανθέντες</span> <span class='ocrx_word' id='word_1_890' title='bbox 3184 4213 3558 4286; x_wconf 62' lang='grc' dir='ltr'>ἀπελύθησαν</span> 
     </span>
    </p>
   </div>
   <div class='ocr_carea' id='block_1_114' title="bbox 1963 4298 3561 4373">
    <p class='ocr_par' dir='ltr' id='par_1_114' title="bbox 1963 4298 3561 4373">
     <span class='ocr_line' id='line_1_114' title="bbox 1963 4298 3561 4373; baseline -0.006 -15"><span class='ocrx_word' id='word_1_891' title='bbox 1963 4309 1993 4358; x_wconf 90' lang='lat'>6</span> <span class='ocrx_word' id='word_1_892' title='bbox 2027 4307 2085 4358; x_wconf 81' lang='grc' dir='ltr'>δὲ</span> <span class='ocrx_word' id='word_1_893' title='bbox 2119 4305 2273 4373; x_wconf 80' lang='grc' dir='ltr'>ἀγιος</span> <span class='ocrx_word' id='word_1_894' title='bbox 2319 4303 2574 4373; x_wconf 88' lang='grc' dir='ltr'>Ἰωάννης</span> <span class='ocrx_word' id='word_1_895' title='bbox 2603 4303 2741 4373; x_wconf 82' lang='grc' dir='ltr'>πρὸς</span> <span class='ocrx_word' id='word_1_896' title='bbox 2781 4303 2901 4364; x_wconf 85' lang='grc' dir='ltr'>ταῖς</span> <span class='ocrx_word' id='word_1_897' title='bbox 2950 4300 3166 4361; x_wconf 84' lang='grc' dir='ltr'>λοιπαῖς</span> <span class='ocrx_word' id='word_1_898' title='bbox 3226 4298 3561 4368; x_wconf 72' lang='grc' dir='ltr'>παρῤησίαις</span> 
     </span>
    </p>
   </div>
   <div class='ocr_carea' id='block_1_115' title="bbox 1966 4380 3562 4460">
    <p class='ocr_par' dir='ltr' id='par_1_115' title="bbox 1966 4380 3562 4460">
     <span class='ocr_line' id='line_1_115' title="bbox 1966 4380 3562 4460; baseline -0.006 -17"><span class='ocrx_word' id='word_1_899' title='bbox 1966 4390 2058 4443; x_wconf 66' lang='grc' dir='ltr'>καὶ⁵</span> <span class='ocrx_word' id='word_1_900' title='bbox 2093 4389 2297 4460; x_wconf 90' lang='grc' dir='ltr'>ταύτην</span> <span class='ocrx_word' id='word_1_901' title='bbox 2317 4386 2638 4440; x_wconf 85' lang='grc' dir='ltr'>τελευταίαν</span> <span class='ocrx_word' id='word_1_902' title='bbox 2663 4387 2850 4447; x_wconf 77' lang='grc' dir='ltr'>αὐτοῖς</span> <span class='ocrx_word' id='word_1_903' title='bbox 2896 4382 3242 4443; x_wconf 86' lang='grc' dir='ltr'>ἀπέστειλεν,</span> <span class='ocrx_word' id='word_1_904' title='bbox 3279 4380 3468 4435; x_wconf 80' lang='grc' dir='ltr'>εἰπών·</span> <span class='ocrx_word' id='word_1_905' title='bbox 3498 4381 3562 4434; x_wconf 77' lang='lat' dir='ltr'><strong>El</strong></span> 
     </span>
    </p>
   </div>
   <div class='ocr_carea' id='block_1_116' title="bbox 1963 4464 3560 4538">
    <p class='ocr_par' dir='ltr' id='par_1_116' title="bbox 1963 4464 3560 4538">
     <span class='ocr_line' id='line_1_116' title="bbox 1963 4464 3560 4538; baseline -0.004 -12"><span class='ocrx_word' id='word_1_906' title='bbox 1963 4475 2059 4526; x_wconf 77' lang='grc' dir='ltr'>καὶ</span> <span class='ocrx_word' id='word_1_907' title='bbox 2091 4475 2149 4526; x_wconf 87' lang='grc' dir='ltr'>ἐν</span> <span class='ocrx_word' id='word_1_908' title='bbox 2176 4474 2289 4535; x_wconf 81' lang='grc' dir='ltr'>τοῖς</span> <span class='ocrx_word' id='word_1_909' title='bbox 2315 4470 2497 4534; x_wconf 84' lang='grc' dir='ltr'>ἄλλοις</span> <span class='ocrx_word' id='word_1_910' title='bbox 2521 4471 2581 4522; x_wconf 85' lang='grc' dir='ltr'>ού</span> <span class='ocrx_word' id='word_1_911' title='bbox 2604 4468 2876 4523; x_wconf 80' lang='grc' dir='ltr'>δεδώκατέ</span> <span class='ocrx_word' id='word_1_912' title='bbox 2913 4485 3004 4538; x_wconf 91' lang='grc' dir='ltr'>μοι</span> <span class='ocrx_word' id='word_1_913' title='bbox 3035 4466 3219 4538; x_wconf 81' lang='grc' dir='ltr'>χώραν</span> <span class='ocrx_word' id='word_1_914' title='bbox 3241 4464 3560 4533; x_wconf 86' lang='grc' dir='ltr'>ἀπολογίας,</span> 
     </span>
    </p>
   </div>
   <div class='ocr_carea' id='block_1_117' title="bbox 1965 4547 3562 4625">
    <p class='ocr_par' dir='ltr' id='par_1_117' title="bbox 1965 4547 3562 4625">
     <span class='ocr_line' id='line_1_117' title="bbox 1965 4547 3562 4625; baseline -0.005 -17"><span class='ocrx_word' id='word_1_915' title='bbox 1965 4555 2066 4609; x_wconf 79' lang='grc' dir='ltr'>κᾶν</span> <span class='ocrx_word' id='word_1_916' title='bbox 2104 4555 2235 4625; x_wconf 88' lang='grc' dir='ltr'>γοῦν</span> <span class='ocrx_word' id='word_1_917' title='bbox 2255 4557 2338 4618; x_wconf 80' lang='grc' dir='ltr'>είς</span> <span class='ocrx_word' id='word_1_918' title='bbox 2376 4553 2446 4607; x_wconf 83' lang='grc' dir='ltr'>τά</span> <span class='ocrx_word' id='word_1_919' title='bbox 2469 4553 2611 4608; x_wconf 85' lang='grc' dir='ltr'>κατά</span> <span class='ocrx_word' id='word_1_920' title='bbox 2636 4551 2735 4623; x_wconf 80' lang='grc' dir='ltr'>τὴν</span> <span class='ocrx_word' id='word_1_921' title='bbox 2763 4549 3063 4620; x_wconf 83' lang='grc' dir='ltr'>ἐκκλησίαν</span> <span class='ocrx_word' id='word_1_922' title='bbox 3098 4547 3374 4612; x_wconf 87' lang='grc' dir='ltr'>ἀκουσθῶ,</span> <span class='ocrx_word' id='word_1_923' title='bbox 3415 4549 3469 4602; x_wconf 80' lang='grc' dir='ltr'>εἴ</span> <span class='ocrx_word' id='word_1_924' title='bbox 3496 4565 3562 4617; x_wconf 67' lang='grc' dir='ltr'>γε</span> 
     </span>
    </p>
   </div>
   <div class='ocr_carea' id='block_1_118' title="bbox 1963 4631 3564 4708">
    <p class='ocr_par' dir='ltr' id='par_1_118' title="bbox 1963 4631 3564 4708">
     <span class='ocr_line' id='line_1_118' title="bbox 1963 4631 3564 4708; baseline -0.006 -15"><span class='ocrx_word' id='word_1_925' title='bbox 1963 4642 2156 4705; x_wconf 78' lang='grc' dir='ltr'>αἴτιος,</span> <span class='ocrx_word' id='word_1_926' title='bbox 2193 4639 2270 4702; x_wconf 86' lang='grc' dir='ltr'>ὥς</span> <span class='ocrx_word' id='word_1_927' title='bbox 2296 4655 2458 4708; x_wconf 90' lang='grc' dir='ltr'>φατε,</span> <span class='ocrx_word' id='word_1_928' title='bbox 2482 4638 2682 4706; x_wconf 83' lang='grc' dir='ltr'>γέγονα</span> <span class='ocrx_word' id='word_1_929' title='bbox 2711 4636 2810 4707; x_wconf 79' lang='grc' dir='ltr'>τῆς</span> <span class='ocrx_word' id='word_1_930' title='bbox 2844 4633 3114 4698; x_wconf 78' lang='grc' dir='ltr'>καύσεως.</span> <span class='ocrx_word' id='word_1_931' title='bbox 3146 4631 3306 4686; x_wconf 77' lang='grc' dir='ltr'>Οὕτω</span> <span class='ocrx_word' id='word_1_932' title='bbox 3343 4631 3465 4703; x_wconf 80' lang='grc' dir='ltr'>μηδ’</span> <span class='ocrx_word' id='word_1_933' title='bbox 3504 4633 3564 4684; x_wconf 88' lang='grc' dir='ltr'>ἐν</span> 
     </span>
    </p>
   </div>
   <div class='ocr_carea' id='block_1_119' title="bbox 1960 4717 3562 4793">
    <p class='ocr_par' dir='ltr' id='par_1_119' title="bbox 1960 4717 3562 4793">
     <span class='ocr_line' id='line_1_119' title="bbox 1960 4717 3562 4793; baseline -0.006 -16"><span class='ocrx_word' id='word_1_934' title='bbox 1960 4723 2137 4793; x_wconf 84' lang='grc' dir='ltr'>τούτῳ</span> <span class='ocrx_word' id='word_1_935' title='bbox 2169 4722 2476 4785; x_wconf 77' lang='grc' dir='ltr'>ἀκουσθεὶς,</span> <span class='ocrx_word' id='word_1_936' title='bbox 2513 4718 2899 4792; x_wconf 89' lang='grc' dir='ltr'>πέμπεταιδιά</span> <span class='ocrx_word' id='word_1_937' title='bbox 2932 4717 3284 4788; x_wconf 85' lang='grc' dir='ltr'>στρατιωτῶν</span> <span class='ocrx_word' id='word_1_938' title='bbox 3319 4719 3400 4781; x_wconf 83' lang='grc' dir='ltr'>εἰς</span> <span class='ocrx_word' id='word_1_939' title='bbox 3430 4717 3562 4788; x_wconf 84' lang='grc' dir='ltr'>ἐρη-</span> 
     </span>
    </p>
   </div>
   <div class='ocr_carea' id='block_1_120' title="bbox 1962 4799 3559 4879">
    <p class='ocr_par' dir='ltr' id='par_1_120' title="bbox 1962 4799 3559 4879">
     <span class='ocr_line' id='line_1_120' title="bbox 1962 4799 3559 4879; baseline -0.005 -19"><span class='ocrx_word' id='word_1_940' title='bbox 1962 4808 2206 4879; x_wconf 87' lang='grc' dir='ltr'>μοτάτην</span> <span class='ocrx_word' id='word_1_941' title='bbox 2260 4806 2522 4877; x_wconf 86' lang='grc' dir='ltr'>πολίχνην</span> <span class='ocrx_word' id='word_1_942' title='bbox 2579 4805 2676 4876; x_wconf 84' lang='grc' dir='ltr'>τῆς</span> <span class='ocrx_word' id='word_1_943' title='bbox 2719 4802 3035 4875; x_wconf 80' lang='grc' dir='ltr'>Ἀρμενίας,</span> <span class='ocrx_word' id='word_1_944' title='bbox 3071 4801 3288 4874; x_wconf 88' lang='grc' dir='ltr'>νύκτωρ</span> <span class='ocrx_word' id='word_1_945' title='bbox 3319 4801 3413 4854; x_wconf 78' lang='grc' dir='ltr'>καὶ</span> <span class='ocrx_word' id='word_1_946' title='bbox 3441 4799 3559 4871; x_wconf 77' lang='grc' dir='ltr'>μεθ’</span> 
     </span>
    </p>
   </div>
   <div class='ocr_carea' id='block_1_121' title="bbox 1960 4884 3564 4963">
    <p class='ocr_par' dir='ltr' id='par_1_121' title="bbox 1960 4884 3564 4963">
     <span class='ocr_line' id='line_1_121' title="bbox 1960 4884 3564 4963; baseline -0.006 -18"><span class='ocrx_word' id='word_1_947' title='bbox 1960 4893 2176 4963; x_wconf 83' lang='grc' dir='ltr'>ἡμέραν</span> <span class='ocrx_word' id='word_1_948' title='bbox 2212 4889 2677 4962; x_wconf 84' lang='grc' dir='ltr'>πολιορκουμένην</span> <span class='ocrx_word' id='word_1_949' title='bbox 2716 4889 2820 4941; x_wconf 77' lang='grc' dir='ltr'>ὑπὸ</span> <span class='ocrx_word' id='word_1_950' title='bbox 2871 4886 2981 4941; x_wconf 87' lang='grc' dir='ltr'>τῶν</span> <span class='ocrx_word' id='word_1_951' title='bbox 3033 4887 3328 4956; x_wconf 89' lang='grc' dir='ltr'>Ἰσαύρων,</span> <span class='ocrx_word' id='word_1_952' title='bbox 3367 4884 3461 4938; x_wconf 76' lang='grc' dir='ltr'>ἐπὶ</span> <span class='ocrx_word' id='word_1_953' title='bbox 3499 4884 3564 4936; x_wconf 84' lang='grc' dir='ltr'>τὸ</span> 
     </span>
    </p>
   </div>
   <div class='ocr_carea' id='block_1_122' title="bbox 1963 4967 3563 5045">
    <p class='ocr_par' dir='ltr' id='par_1_122' title="bbox 1963 4967 3563 5045">
     <span class='ocr_line' id='line_1_122' title="bbox 1963 4967 3563 5045; baseline -0.008 -14"><span class='ocrx_word' id='word_1_954' title='bbox 1963 4979 2257 5045; x_wconf 80' lang='grc' dir='ltr'>σφαγῆναι·</span> <span class='ocrx_word' id='word_1_955' title='bbox 2293 4975 2604 5038; x_wconf 82' lang='grc' dir='ltr'>Κουκουσὺς</span> <span class='ocrx_word' id='word_1_956' title='bbox 2647 4973 2706 5027; x_wconf 89' lang='grc' dir='ltr'>δέ</span> <span class='ocrx_word' id='word_1_957' title='bbox 2739 4975 2888 5026; x_wconf 87' lang='grc' dir='ltr'>ἐστιν</span> <span class='ocrx_word' id='word_1_958' title='bbox 2925 4971 3084 5042; x_wconf 81' lang='grc' dir='ltr'>αῦτη.</span> <span class='ocrx_word' id='word_1_959' title='bbox 3131 4970 3422 5043; x_wconf 79' lang='grc' dir='ltr'>Ἀρσάκιος</span> <span class='ocrx_word' id='word_1_960' title='bbox 3447 4967 3502 5020; x_wconf 85' lang='grc' dir='ltr'>δέ</span> <span class='ocrx_word' id='word_1_961' title='bbox 3533 4969 3563 5020; x_wconf 90' lang='lat'>6</span> 
     </span>
    </p>
   </div>
   <div class='ocr_carea' id='block_1_123' title="bbox 1961 5052 3558 5132">
    <p class='ocr_par' dir='ltr' id='par_1_123' title="bbox 1961 5052 3558 5132">
     <span class='ocr_line' id='line_1_123' title="bbox 1961 5052 3558 5132; baseline -0.007 -17"><span class='ocrx_word' id='word_1_962' title='bbox 1961 5061 2189 5130; x_wconf 79' lang='grc' dir='ltr'>ἀδελφὸς</span> <span class='ocrx_word' id='word_1_963' title='bbox 2213 5061 2306 5114; x_wconf 87' lang='grc' dir='ltr'>τοῦ</span> <span class='ocrx_word' id='word_1_964' title='bbox 2352 5059 2625 5132; x_wconf 89' lang='grc' dir='ltr'>μακαρίου</span> <span class='ocrx_word' id='word_1_965' title='bbox 2679 5057 3011 5128; x_wconf 83' lang='grc' dir='ltr'>Νεκταρίου,</span> <span class='ocrx_word' id='word_1_966' title='bbox 3068 5057 3423 5124; x_wconf 78' lang='grc' dir='ltr'>ἀντεισήγετο</span> <span class='ocrx_word' id='word_1_967' title='bbox 3477 5052 3558 5124; x_wconf 83' lang='grc' dir='ltr'>τῷ</span> 
     </span>
    </p>
   </div>
   <div class='ocr_carea' id='block_1_124' title="bbox 1960 5137 3562 5216">
    <p class='ocr_par' dir='ltr' id='par_1_124' title="bbox 1960 5137 3562 5216">
     <span class='ocr_line' id='line_1_124' title="bbox 1960 5137 3562 5216; baseline -0.006 -18"><span class='ocrx_word' id='word_1_968' title='bbox 1960 5147 2112 5216; x_wconf 84' lang='grc' dir='ltr'>τόπῳ</span> <span class='ocrx_word' id='word_1_969' title='bbox 2162 5145 2257 5198; x_wconf 90' lang='grc' dir='ltr'>τοῦ</span> <span class='ocrx_word' id='word_1_970' title='bbox 2304 5146 2581 5207; x_wconf 83' lang='grc' dir='ltr'>Ἰωάννου,</span> <span class='ocrx_word' id='word_1_971' title='bbox 2635 5142 2832 5213; x_wconf 79' lang='grc' dir='ltr'>ἀνδρὸς</span> <span class='ocrx_word' id='word_1_972' title='bbox 2887 5141 3230 5212; x_wconf 82' lang='grc' dir='ltr'>ἱεροφάντου,</span> <span class='ocrx_word' id='word_1_973' title='bbox 3273 5137 3562 5208; x_wconf 77' lang='grc' dir='ltr'>ἄνθρωπος</span> 
     </span>
    </p>
   </div>
   <div class='ocr_carea' id='block_1_125' title="bbox 1965 5223 3563 5302">
    <p class='ocr_par' dir='ltr' id='par_1_125' title="bbox 1965 5223 3563 5302">
     <span class='ocr_line' id='line_1_125' title="bbox 1965 5223 3563 5302; baseline -0.008 -17"><span class='ocrx_word' id='word_1_974' title='bbox 1965 5231 2146 5302; x_wconf 86' lang='grc' dir='ltr'>ἰχθύος</span> <span class='ocrx_word' id='word_1_975' title='bbox 2173 5230 2534 5302; x_wconf 84' lang='grc' dir='ltr'>ἀφωνότερος,</span> <span class='ocrx_word' id='word_1_976' title='bbox 2559 5228 2651 5283; x_wconf 69' lang='grc' dir='ltr'>καὶ</span> <span class='ocrx_word' id='word_1_977' title='bbox 2685 5227 2955 5298; x_wconf 87' lang='grc' dir='ltr'>βατράχου</span> <span class='ocrx_word' id='word_1_978' title='bbox 2977 5223 3373 5296; x_wconf 86' lang='grc' dir='ltr'>ἀπραγότερος.</span> <span class='ocrx_word' id='word_1_979' title='bbox 3405 5223 3563 5275; x_wconf 81' lang='grc' dir='ltr'>Ἐστι</span> 
     </span>
    </p>
   </div>
   <div class='ocr_carea' id='block_1_126' title="bbox 1961 5305 3564 5386">
    <p class='ocr_par' dir='ltr' id='par_1_126' title="bbox 1961 5305 3564 5386">
     <span class='ocr_line' id='line_1_126' title="bbox 1961 5305 3564 5386; baseline -0.007 -18"><span class='ocrx_word' id='word_1_980' title='bbox 1961 5316 2072 5386; x_wconf 83' lang='grc' dir='ltr'>γὰρ</span> <span class='ocrx_word' id='word_1_981' title='bbox 2110 5316 2198 5368; x_wconf 82' lang='grc' dir='ltr'>ὅτε</span> <span class='ocrx_word' id='word_1_982' title='bbox 2227 5315 2322 5368; x_wconf 78' lang='grc' dir='ltr'>καὶ</span> <span class='ocrx_word' id='word_1_983' title='bbox 2344 5313 2544 5385; x_wconf 84' lang='grc' dir='ltr'>πρᾶξις</span> <span class='ocrx_word' id='word_1_984' title='bbox 2574 5312 2749 5376; x_wconf 88' lang='grc' dir='ltr'>λαλεῖ,</span> <span class='ocrx_word' id='word_1_985' title='bbox 2785 5310 3025 5382; x_wconf 87' lang='grc' dir='ltr'>μάλιστα</span> <span class='ocrx_word' id='word_1_986' title='bbox 3057 5309 3187 5361; x_wconf 86' lang='grc' dir='ltr'>ὅταν</span> <span class='ocrx_word' id='word_1_987' title='bbox 3223 5307 3290 5360; x_wconf 84' lang='grc' dir='ltr'>δι’</span> <span class='ocrx_word' id='word_1_988' title='bbox 3317 5305 3452 5359; x_wconf 81' lang='grc' dir='ltr'>αὐτὸ</span> <span class='ocrx_word' id='word_1_989' title='bbox 3473 5305 3564 5374; x_wconf 72' lang='grc' dir='ltr'>γέο</span> 
     </span>
    </p>
   </div>
   <div class='ocr_carea' id='block_1_127' title="bbox 1961 5389 3565 5471">
    <p class='ocr_par' dir='ltr' id='par_1_127' title="bbox 1961 5389 3565 5471">
     <span class='ocr_line' id='line_1_127' title="bbox 1961 5389 3565 5471; baseline -0.007 -15"><span class='ocrx_word' id='word_1_990' title='bbox 1961 5417 2121 5471; x_wconf 88' lang='grc' dir='ltr'>νηται</span> <span class='ocrx_word' id='word_1_991' title='bbox 2153 5400 2214 5454; x_wconf 89' lang='lat'>16</span> <span class='ocrx_word' id='word_1_992' title='bbox 2255 5398 2442 5453; x_wconf 90' lang='grc' dir='ltr'>καλόν.</span> <span class='ocrx_word' id='word_1_993' title='bbox 2476 5396 2862 5468; x_wconf 81' lang='grc' dir='ltr'>Διακρατήσας</span> <span class='ocrx_word' id='word_1_994' title='bbox 2885 5393 2944 5448; x_wconf 82' lang='grc' dir='ltr'>δὲ</span> <span class='ocrx_word' id='word_1_995' title='bbox 2974 5393 3037 5446; x_wconf 89' lang='lat'>16</span> <span class='ocrx_word' id='word_1_996' title='bbox 3057 5392 3158 5464; x_wconf 76' lang='grc' dir='ltr'>ζῇν</span> <span class='ocrx_word' id='word_1_997' title='bbox 3185 5389 3380 5446; x_wconf 85' lang='grc' dir='ltr'>ἐαυτοῦ</span> <span class='ocrx_word' id='word_1_998' title='bbox 3403 5390 3565 5444; x_wconf 88' lang='grc' dir='ltr'>δεκα-</span> 
     </span>
    </p>
   </div>
   <div class='ocr_carea' id='block_1_128' title="bbox 1963 5479 3564 5562">
    <p class='ocr_par' dir='ltr' id='par_1_128' title="bbox 1963 5479 3564 5562">
     <span class='ocr_line' id='line_1_128' title="bbox 1963 5479 3564 5562; baseline -0.008 -17"><span class='ocrx_word' id='word_1_999' title='bbox 1963 5492 2239 5562; x_wconf 84' lang='grc' dir='ltr'>τέσσαρας</span> <span class='ocrx_word' id='word_1_1000' title='bbox 2277 5488 2472 5560; x_wconf 83' lang='grc' dir='ltr'>μῆνας,</span> <span class='ocrx_word' id='word_1_1001' title='bbox 2503 5485 2859 5556; x_wconf 84' lang='grc' dir='ltr'>ἀποθνήσκει,</span> <span class='ocrx_word' id='word_1_1002' title='bbox 2888 5483 2966 5545; x_wconf 83' lang='grc' dir='ltr'>εἰς</span> <span class='ocrx_word' id='word_1_1003' title='bbox 2987 5482 3057 5534; x_wconf 76' lang='grc' dir='ltr'>τά</span> <span class='ocrx_word' id='word_1_1004' title='bbox 3074 5479 3385 5555; x_wconf 73' lang='grc' dir='ltr'>Εύαγγέλια</span> <span class='ocrx_word' id='word_1_1005' title='bbox 3418 5495 3564 5549; x_wconf 78' lang='grc' dir='ltr'>παρ-</span> 
     </span>
    </p>
   </div>
   <div class='ocr_carea' id='block_1_129' title="bbox 1963 5567 3562 5650">
    <p class='ocr_par' dir='ltr' id='par_1_129' title="bbox 1963 5567 3562 5650">
     <span class='ocr_line' id='line_1_129' title="bbox 1963 5567 3562 5650; baseline -0.009 -18"><span class='ocrx_word' id='word_1_1006' title='bbox 1963 5579 2234 5650; x_wconf 87' lang='grc' dir='ltr'>ορκήσας·</span> <span class='ocrx_word' id='word_1_1007' title='bbox 2269 5578 2402 5630; x_wconf 85' lang='grc' dir='ltr'>ὅπου</span> <span class='ocrx_word' id='word_1_1008' title='bbox 2455 5574 2639 5646; x_wconf 79' lang='grc' dir='ltr'>ὤμοσε</span> <span class='ocrx_word' id='word_1_1009' title='bbox 2695 5571 2774 5643; x_wconf 83' lang='grc' dir='ltr'>τῷ</span> <span class='ocrx_word' id='word_1_1010' title='bbox 2807 5569 3024 5641; x_wconf 76' lang='grc' dir='ltr'>ἀδελφῷ</span> <span class='ocrx_word' id='word_1_1011' title='bbox 3072 5569 3365 5640; x_wconf 86' lang='grc' dir='ltr'>Νεκταρίῳ</span> <span class='ocrx_word' id='word_1_1012' title='bbox 3395 5567 3562 5638; x_wconf 82' lang='grc' dir='ltr'>μηδέ-</span> 
     </span>
    </p>
   </div>
   <div class='ocr_carea' id='block_1_130' title="bbox 1965 5657 3566 5733">
    <p class='ocr_par' dir='ltr' id='par_1_130' title="bbox 1965 5657 3566 5733">
     <span class='ocr_line' id='line_1_130' title="bbox 1965 5657 3566 5733; baseline -0.006 -12"><span class='ocrx_word' id='word_1_1013' title='bbox 1965 5685 2096 5722; x_wconf 90' lang='grc' dir='ltr'>ποτε</span> <span class='ocrx_word' id='word_1_1014' title='bbox 2156 5663 2545 5731; x_wconf 78' lang='grc' dir='ltr'>καταδέξεσθαι</span> <span class='ocrx_word' id='word_1_1015' title='bbox 2605 5662 2913 5733; x_wconf 80' lang='grc' dir='ltr'>ἐπισκοπῆς</span> <span class='ocrx_word' id='word_1_1016' title='bbox 2973 5658 3340 5731; x_wconf 87' lang='grc' dir='ltr'>χειροτονίαν,</span> <span class='ocrx_word' id='word_1_1017' title='bbox 3399 5657 3566 5727; x_wconf 76' lang='grc' dir='ltr'>ἡνίκα</span> 
     </span>
    </p>
   </div>
   <div class='ocr_carea' id='block_1_131' title="bbox 1964 5745 3561 5827">
    <p class='ocr_par' dir='ltr' id='par_1_131' title="bbox 1964 5745 3561 5827">
     <span class='ocr_line' id='line_1_131' title="bbox 1964 5745 3561 5827; baseline -0.007 -16"><span class='ocrx_word' id='word_1_1018' title='bbox 1964 5757 2238 5812; x_wconf 78' lang='grc' dir='ltr'>ὠνείδισεν</span> <span class='ocrx_word' id='word_1_1019' title='bbox 2261 5755 2412 5826; x_wconf 80' lang='grc' dir='ltr'>αύτῷ</span> <span class='ocrx_word' id='word_1_1020' title='bbox 2463 5756 2538 5827; x_wconf 83' lang='grc' dir='ltr'>μὴ</span> <span class='ocrx_word' id='word_1_1021' title='bbox 2576 5752 2888 5825; x_wconf 81' lang='grc' dir='ltr'>βουληθέντι</span> <span class='ocrx_word' id='word_1_1022' title='bbox 2931 5748 3188 5820; x_wconf 88' lang='grc' dir='ltr'>γενέσθαι</span> <span class='ocrx_word' id='word_1_1023' title='bbox 3242 5749 3298 5802; x_wconf 89' lang='grc' dir='ltr'>ἐν</span> <span class='ocrx_word' id='word_1_1024' title='bbox 3335 5745 3561 5818; x_wconf 77' lang='grc' dir='ltr'>Ταρσῷ,</span> 
     </span>
    </p>
   </div>
   <div class='ocr_carea' id='block_1_132' title="bbox 1967 5837 3562 5914">
    <p class='ocr_par' dir='ltr' id='par_1_132' title="bbox 1967 5837 3562 5914">
     <span class='ocr_line' id='line_1_132' title="bbox 1967 5837 3562 5914; baseline -0.006 -12"><span class='ocrx_word' id='word_1_1025' title='bbox 1967 5850 2042 5913; x_wconf 83' lang='grc' dir='ltr'>ὼς</span> <span class='ocrx_word' id='word_1_1026' title='bbox 2074 5847 2164 5902; x_wconf 75' lang='grc' dir='ltr'>τὸν</span> <span class='ocrx_word' id='word_1_1027' title='bbox 2195 5844 2360 5902; x_wconf 78' lang='grc' dir='ltr'>αὐτοῦ</span> <span class='ocrx_word' id='word_1_1028' title='bbox 2388 5842 2846 5914; x_wconf 84' lang='grc' dir='ltr'>καιροσκοποῦντι</span> <span class='ocrx_word' id='word_1_1029' title='bbox 2889 5840 3141 5896; x_wconf 87' lang='grc' dir='ltr'>θάνατον.</span> <span class='ocrx_word' id='word_1_1030' title='bbox 3180 5837 3472 5908; x_wconf 83' lang='grc' dir='ltr'>Γεγένηται</span> <span class='ocrx_word' id='word_1_1031' title='bbox 3513 5837 3562 5892; x_wconf 72' lang='grc' dir='ltr'>δ’</span> 
     </span>
    </p>
   </div>
   <div class='ocr_carea' id='block_1_133' title="bbox 3150 5923 3189 5983">
    <p class='ocr_par' dir='ltr' id='par_1_133' title="bbox 3150 5923 3189 5983">
     <span class='ocr_line' id='line_1_133' title="bbox 3150 5923 3189 5983; baseline 0 0"><span class='ocrx_word' id='word_1_1032' title='bbox 3150 5923 3189 5983; x_wconf 82' lang='grc'>6</span> 
     </span>
    </p>
   </div>
  </div>
