4114 6392
563 257 631 314 57
1780 247 2012 310 TPA’LLA
2022 253 2111 310 Dll
2147 253 2161 308 1

2264 247 2494 310 LO’GUS
3757 253 3827 309 38

561 378 712 451 αὑτῷ
733 377 832 451 τῆς
865 371 1150 452 ἐπιορκίας
1177 370 1325 434 αἲτία
1366 378 1426 434 τὸ
1462 379 1560 450 μὶν
1583 377 1709 450 πρὶν
1727 389 1752 418 ι
1777 379 1809 448 ἠ
1845 375 2138 441 κενοδοξία,

563 465 627 518 δι’
655 465 721 536 ῆν
751 464 1135 534 ἐμνηστεύετο,
1159 464 1234 528 ὡς
1266 465 1332 519 ἂν
1361 463 1504 517 είποι
1529 479 1634 526 τις,
1667 460 1764 532 τὴν
1801 464 2031 529 γυναῖκα
2049 459 2143 513 τοῦ

562 546 814 616 ἀδελφοῦ·
851 548 1146 618 μετέπειτα
1176 547 1233 600 δέ
1268 549 1302 618 ή
1337 547 1588 616 αἰσχύνη,
1655 543 2008 615 προφητικῶς
2034 543 2144 595 τῶν

563 631 799 701 ἐλέγχων
831 630 981 700 αὑτῷ
1004 630 1156 702 παρά
1189 630 1283 684 τοῦ
1305 629 1535 698 ἀδελφοῦ
1569 628 1933 698 ἐπαχθέντων.
1963 627 2148 696 Τούτῳ

560 715 640 786 τῷ
678 717 949 788 Ἀρσακίῳ
979 715 1220 778 Ἀττικὸς
1238 713 1621 782 ἀντεισάγεται
1648 715 1713 765 ἐκ
1760 711 1868 766 τῶν
1911 711 2150 782 πρεσϐυο

562 800 756 873 τέρων,
798 799 977 869 πάσης
1019 799 1266 870 μηχανῆς
1302 797 1554 868 τεχνίτης
1587 797 1728 851 κατά
1753 795 1846 850 τοῦ
1877 797 2144 849 Ἰωάννου·

561 883 621 946 ὃς
649 882 981 952 θεασάμενος
1025 882 1228 953 μηδένα
1259 881 1367 934 τῶν
1393 879 1728 934 ἀνατολικῶν
1761 878 1908 950 αὑτῷ
1932 879 2151 932 ἐπισκό-

565 982 684 1020 πων
703 965 1085 1030 κοινωνοῦντα,
1115 965 1253 1036 μήτε
1280 965 1386 1036 μὴν
1412 963 1505 1017 τοῦ
1527 963 1624 1034 τῆς
1653 962 1860 1028 πόλεως
1888 963 2042 1026 λαοῦ,
2065 961 2152 1015 διὰ

563 1048 632 1101 τά
656 1045 828 1111 οὕτως
859 1049 1079 1118 ἀνόμως
1128 1045 1692 1119 παρακολουθήσαντα
1731 1048 1826 1099 καὶ
1872 1046 2147 1115 ἀθέσμως,

567 1131 999 1202 παρασκευάζει,
1039 1131 1266 1202 ἄπειρος
1302 1128 1377 1183 ὢν
1409 1129 1518 1183 τῶν
1565 1129 1720 1182 θείων
1749 1129 2000 1201 Γραφῶν,
2031 1130 2152 1190 ταῖς

567 1216 931 1286 ἀντιγραφαῖς
959 1215 1470 1283 καταναγκάζεσθαι
1496 1215 1621 1276 τοὺς
1645 1215 1719 1284 μὴ
1741 1211 2146 1272 κοινωνοῦντας.

567 1295 694 1370 Εἶχε
719 1298 830 1368 δέή
875 1299 974 1369 μὲν
1002 1299 1143 1352 κατά
1179 1297 1288 1351 τῶν
1332 1297 1644 1350 ἐπισκόπων
1688 1296 1996 1367 ἀντιγραφή
2052 1295 2151 1366 τὴν

565 1381 794 1452 ἀπειλὴν
821 1380 1041 1451 ταύτην·
1071 1381 1144 1435 ΕΣ
1169 1398 1260 1444 τις
1278 1381 1350 1434 οὐ
1371 1378 1647 1433 κοινωνεῖ
1672 1378 1789 1432 τῶν
1808 1379 2154 1432 ἐπισκόπων

561 1468 832 1536 ’Θεοφίλῳ
861 1464 959 1519 καὶ
987 1465 1299 1533 Πορφυρίφ
1337 1463 1435 1516 καὶ
1458 1461 1708 1528 Ἀττικῷ,
1743 1461 1853 1530 τῆς
1878 1462 1991 1530 μὲν
2018 1461 2153 1514 Ἐκ-

567 1551 821 1618 κλησίας
864 1549 1225 1611 ἐκϐαλέσθω,
1252 1546 1359 1613 τῆς
1377 1546 1445 1600 δὲ
1471 1547 1625 1612 ιδίας
1642 1545 1761 1598 τῶν
1800 1544 2155 1614 πραγμάτων

567 1636 786 1700 οὐσίας
799 1631 1126 1701 ῥιπτέσθω.
1153 1630 1430 1684 Ἐντεῦθεν
1457 1631 1507 1682 οί
1533 1631 1630 1701 μὲν
1656 1628 2152 1700 καταϐαρυνόμενοι

569 1716 645 1786 τῷ
665 1717 771 1768 τῶν
797 1715 1136 1787 πραγμάτων
1171 1715 1394 1785 φορτίῳ,
1418 1713 1513 1767 καὶ
1539 1713 1760 1776 ἄκοντες
1787 1712 2150 1766 κοινωνοῦσιν·

551 1802 616 1852 ὀί
674 1799 731 1852 δὲ
783 1799 1098 1868 πενέστεροι
1129 1801 1222 1851 καὶ
1277 1799 1358 1860 εἰς
1387 1798 1568 1850 πίστιν
1612 1796 1740 1866 ὑγιῆ
1781 1795 2156 1868 ἀσθενέστεροι

569 1884 892 1955 ὑποσχέσεσι
931 1882 1118 1954 δώρων
1144 1883 1310 1935 τινῶν
1337 1881 1694 1952 συνεσύροντο
1722 1883 1801 1944 είς
1843 1881 2147 1936 κοινωνίαν·

567 1970 613 2018 οἱ
631 1967 689 2020 δὲ
719 1967 927 2034 γένους,
963 1966 1056 2018 καὶ
1073 1967 1436 2036 πραγμάτων,
1470 1965 1560 2017 καὶ
1579 1964 1852 2035 πατρίδος,
1879 1965 1971 2017 καὶ
1991 1962 2148 2032 δόξης

461 2093 468 2100 .
571 2051 839 2121 φθαρτῆς,
877 2049 971 2103 καὶ
991 2048 1220 2118 θλίψεως
1258 2049 1573 2119 σωματικῆς
1604 2047 1962 2120 ὑπεριδόντες.
2008 2049 2152 2118 φυγῇ

567 2136 668 2205 τήν
703 2135 802 2205 τῆς
833 2133 1011 2205 ψυχῆς
1034 2133 1310 2201 εὐγένειαν
1332 2131 1697 2202 διεφύλαττον,
1721 2133 1779 2184 τὸ
1803 2131 2157 2201 εὑαγγελικὸν

577 2217 666 2271 διά
718 2218 938 2286 μνήμης
973 2215 1185 2286 ἔχοντες
1241 2215 1438 2283 λόγιον·
1484 2215 1624 2270 Ἐὰν
1659 2216 1958 2270 διώκωσιν
2002 2215 2159 2286 ὑμᾶς

569 2301 638 2354 ἐν
671 2297 747 2368 τῇ
788 2300 962 2353 πόλει
1005 2300 1214 2367 ταύτῃ,
1261 2300 1508 2368 φεύγετε
1534 2301 1620 2364 είς
1660 2298 1775 2366 τὴν
1805 2298 2024 2366 ἄλλην·
2063 2300 2158 2352 καὶ

568 2383 629 2434 τὸ
652 2383 751 2452 τῆς
777 2382 1084 2454 Παροιμίας
1119 2382 1336 2444 ἑαυτοῖς
1368 2382 1728 2451 ἐπιλέγοντες·
1773 2384 1895 2435 Οὐκ
1926 2381 2158 2452 ὠφελή-

567 2482 792 2520 σουσιν
825 2465 1173 2533 ὑπάρχοντα
1217 2465 1287 2518 ὲν
1315 2465 1502 2535 ἡμέρᾳ
1552 2465 1761 2532 θυμοῦ.
1794 2465 2060 2534 Ἕφθανον
2101 2466 2160 2519 δέ

570 2551 619 2602 οί
644 2550 742 2619 μὲν
772 2549 830 2600 ἐν
871 2551 939 2619 τῇ
993 2549 1200 2620 Ῥώμῃ,
1249 2551 1300 2602 οἱ
1332 2550 1388 2602 δέ
1435 2552 1492 2603 ἐν
1517 2552 1629 2613 τοῖς
1667 2549 1872 2620 ὄρεσιν,
1903 2549 2078 2620 ἕτεροι
2105 2550 2162 2604 δέ

573 2637 630 2684 ὲν
669 2636 781 2696 τοῖς
813 2632 922 2685 τῶν
955 2633 1213 2702 ἀσκητῶν
1245 2635 1679 2704 φροντιστηρίοις
1729 2633 2044 2698 διεσώζοντο
2096 2636 2161 2687 ἐκ

571 2717 669 2785 τῆς
715 2715 1013 2784 Ἰουδαϊκῆς
1065 2717 1351 2787 πονηρίας.
1413 2717 1477 2769 Ἡ
1519 2716 1576 2768 δέ
1615 2717 1757 2771 κατά
1797 2715 1906 2770 τῶν
1956 2717 2161 2771 λαῖκῶν

572 2799 878 2870 ἀντιγραφή
900 2803 1162 2870 περιεῖχε·
1202 2799 1347 2865 Τοὺς
1369 2799 1487 2870 μὲν
1513 2800 1584 2853 ἐν
1622 2799 1965 2869 ἀξιώμασιν
1995 2801 2161 2854 ἐκπί-

573 2897 744 2937 πτειν
767 2882 878 2950 τῆς
907 2883 1058 2936 κατὰ
1090 2883 1196 2948 τὰς
1243 2884 1434 2952 ἀρχὰς
1466 2883 1666 2950 ἀξίας,
1702 2885 1845 2950 τοὺς
1881 2883 1950 2938 δὲ
1975 2900 2158 2953 στραο

573 2965 780 3033 τιώτας
821 2965 929 3032 τὰς
970 2965 1154 3032 ζώνας
1193 2967 1550 3034 ἀπολλύειν,
1602 2969 1744 3035 τοὺς
1794 2969 1862 3021 δὲ
1908 2969 2160 3036 λοιποὺς

573 3049 802 3118 δήμους
825 3049 924 3102 καὶ
956 3051 1335 3118 χειροτέχνας
1368 3053 1601 3120 χρυσίῳ
1627 3052 1964 3106 πολυολκεῖ
1979 3068 2164 3122 προσ-

575 3133 943 3203 τιμηθέντας,
979 3133 1433 3190 ῠποϐἁλλεσθαι
1457 3135 1682 3206 ἐξορίᾳ.
1715 3136 1862 3208 Πλὴν
1895 3137 2044 3208 ὅμως
2070 3139 2164 3192 καὶ

573 3215 747 3272 ταῦτα
793 3217 1116 3288 ἐπράττετο,
1147 3219 1239 3272 καὶ
1267 3219 1323 3271 αί
1350 3220 1652 3290 προσευχαὶ
1699 3218 1807 3272 τῶν
1859 3221 2164 3275 σπουδαίων

575 3303 633 3352 ἐν
661 3297 736 3371 τῷ
766 3300 1017 3370 ὑπαίθρῳ
1049 3301 1399 3354 ἐπετελοῦντο
1439 3302 1577 3372 μετά
1614 3302 1816 3372 πολλῆς
1861 3303 1959 3374 τῆς
1998 3321 2164 3357 κακο-

577 3383 829 3444 παθείας,
865 3382 1018 3454 φιλίᾳ
1051 3386 1118 3454 τῇ
1169 3385 1306 3453 πρὸς
1336 3385 1428 3439 τὸν
1464 3387 1691 3456 Σωτῆρα
1743 3385 1833 3438 τὸν
1883 3387 2160 3457 εἰρηκότα·

589 3465 734 3532 Ὲτώ
761 3469 878 3536 ειμι
905 3469 942 3534 ἠ
989 3467 1128 3533 όδὸς
1157 3469 1255 3522 καὶ
1285 3471 1324 3537 ἡ
1367 3468 1634 3536 ἀλήθεια·
1669 3469 1761 3522 καὶ
1790 3470 1970 3533 πάλιν,
2020 3472 2164 3539 Θαρ-

578 3551 759 3615 σεῖτε,
797 3549 913 3618 ἐγὼ
941 3551 1230 3619 νενίκηκα
1255 3553 1362 3606 τὸν
1383 3555 1636 3622 κόσμον.
1671 3555 1780 3607 Καὶ
1801 3557 1828 3607 ό
1854 3556 1950 3624 μέν
1983 3555 2162 3624 μακά-

579 3649 693 3702 ριος
741 3633 996 3703 Ἰωάννης
1035 3635 1262 3704 οἰκήσας
1290 3635 1387 3706 τὴν
1418 3635 1728 3689 Κουκουσὸν
1759 3636 1876 3699 ἔτος
1905 3636 1984 3698 ἐν,
2009 3637 2162 3689 πλεί-

577 3733 736 3779 στους
770 3715 1068 3786 διαθρέψας
1089 3717 1329 3789 πένητας
1361 3719 1459 3791 τῆς
1494 3719 1786 3790 Ἀρμενίας
1810 3720 1870 3773 οὑ
1909 3720 2163 3775 τοσοῦτον

579 3801 728 3871 σίτῳ,
759 3801 881 3852 ὅσον
915 3799 1078 3871 λόγῳ·
1106 3801 1309 3870 ἔφθασε
1359 3801 1469 3874 γάρ
1501 3804 1622 3856 κατ’
1651 3805 1829 3856 ἐκεῖνο
1850 3802 2040 3874 καιροῦ
2069 3805 2165 3874 μέο

579 3901 678 3952 τας
706 3883 862 3953 λιμὸς
891 3882 988 3954 τὴν
1016 3882 1200 3955 χώραν
1230 3886 1470 3956 ἐκείνην.
1502 3886 1882 3956 Βασκήναντες
1920 3885 1976 3939 δὲ
2016 3885 2166 3958 αὑτῷ

544 3970 670 4021 -καὶ
736 3969 828 4020 ἐπὶ
865 3965 1039 4038 τούτῳ
1086 3970 1134 4020 οί
1181 3967 1580 4036 άδελφοκτόνοι,
1641 3971 2041 4042 μεταφέρουσιν
2087 3973 2165 4033 είς

592 4050 933 4122 Ἀραϐισσὸν,
963 4051 1240 4122 διαφόροις
1260 4051 1652 4117 ὑποϐάλλοντες
1696 4055 2039 4124 κακουχίαις,
2078 4054 2166 4108 ἵνα

513 4149 518 4154 ‘
579 4137 639 4190 τὸ
667 4133 766 4205 ζῇν
796 4134 1058 4206 ἀπολίπῃ·
1103 4135 1265 4188 κάκεῖ
1309 4135 1470 4191 πάλιν
1509 4137 1570 4188 οὐ
1619 4137 1829 4208 μικρῶς
1856 4137 2167 4209 διαλάμψας

577 4221 698 4281 ταῖς
716 4217 934 4288 ἀρεταῖς
961 4218 1040 4288 (ού
1069 4216 1292 4271 δύναται
1332 4219 1441 4290 γάρ
1496 4219 1649 4284 πόλις
1689 4219 1961 4290 κρυϐῆναι
1981 4222 2169 4275 ἐπάνω

573 4301 737 4368 ὄρους
760 4301 1006 4370 κειμένη,
1027 4301 1147 4354 οὑδέ
1175 4301 1365 4372 λύχνος
1395 4302 1636 4374 φαιδρῶς
1652 4303 1942 4373 καιόμενος
1973 4301 2169 4374 ξυλίνῳ

570 4383 951 4454 -σκεπασθῆναι
995 4384 1203 4454 μοδίῳ)-
1233 4385 1484 4456 ἐξήγειρε
1508 4387 1616 4457 γάρ
1650 4385 1898 4457 καθάπερ
1919 4386 1978 4450 ἐξ
2000 4386 2168 4440 ὕπνου

581 4465 678 4537 τῆς
728 4466 950 4534 ἀγνοίας
993 4467 1147 4536 πρὸς·
1177 4466 1276 4538 τὴν
1307 4467 1402 4520 τοῦ
1445 4468 1604 4536 λόγου
1656 4470 1850 4522 ἀκτῖνα
1881 4471 1945 4521 ἐκ
1988 4471 2170 4540 πάσης

587 4547 894 4620 περιχώρου
938 4549 1066 4613 τοὺς
1113 4551 1252 4617 ἄγαν
1311 4551 1730 4622 κεκαρωμένους
1791 4554 1858 4623 τῇ
1912 4553 2166 4624 ἀπιστίᾳ.

586 4633 948 4704 Σφοδρότερον
970 4632 1028 4686 δέ
1047 4635 1112 4704 τῇ
1147 4633 1305 4702 φλογὶ
1332 4637 1432 4706 τῆς
1459 4634 1764 4706 βασκανίας
1793 4636 2167 4708 κατακαιόμε-

550 4739 554 4742 ·
585 4735 662 4769 τοι
676 4717 724 4768 oi
744 4715 871 4785 περὶ
886 4716 1230 4786 Σευηριανὸν,
1249 4717 1344 4771 καί⁵
1360 4717 1688 4788 Πορφύριον,
1708 4719 1799 4772 καὶ
1823 4719 2000 4786 ἕτεροί
2027 4737 2172 4783 τινες

584 4801 681 4866 τῆς
697 4797 903 4869 Συρίας
929 4797 1234 4862 ἐπίσκοποι,
1253 4801 1765 4870 παρασκευάζουσιν
1794 4802 1957 4856 αὑτὸν
1987 4805 2174 4857 κάκεῖ-

586 4881 676 4933 θεν
701 4882 1112 4951 μετενεχθῆναι·
1149 4882 1326 4954 βαρὺς
1355 4883 1464 4954 γὰρ
1496 4886 1680 4949 αὑτοῖς
1717 4881 1784 4956 ἦν
1810 4887 1871 4939 οὑ
1909 4887 2067 4958 μόνον
2115 4891 2173 4942 ἐν

585 4968 707 5028 ταῖς
756 4965 1140 5036 νομιζομέναις
1173 4968 1514 5038 εὐημερίαις,
1550 4969 1686 5023 ἀλλά
1720 4969 1900 5039 πολλῷ
1929 4971 2086 5024 πλέον
2117 4974 2173 5024 ἐν

587 5053 705 5112 ταῖς
737 5049 1121 5121 δυσημερίαις,
1168 5049 1356 5119 ἀφυῶς
1385 5051 1750 5122 διακειμένοις
1796 5055 1926 5123 περὶ
1955 5055 2054 5125 τὴν
2083 5055 2177 5122 φύ-

592 5148 674 5184 σιν
701 5132 808 5184 τῶν
847 5133 1190 5202 πειρασμῶν,
1225 5133 1288 5185 οὑ
1345 5135 1713 5205 μεμνημένοις
1751 5134 1844 5190 τοῦ
1889 5135 2024 5206 πρὸς
2085 5137 2176 5190 τὸν

603 5215 923 5268 Ἀπόστολον
945 5216 1092 5269 θείου
1128 5217 1378 5288 χρησμοῦ
1409 5219 1466 5271 ἐν
1489 5221 1607 5282 ταῖς
1627 5218 1836 5288 θλίψεσι
1864 5221 2172 5287 γενόμενον,

591 5299 672 5361 1:6,
716 5298 910 5366 Ἀρκεῖ
931 5316 1029 5354 σοι
1060 5301 1096 5367 ἡ
1121 5299 1293 5369 χάρις
1324 5315 1464 5370 μου·
1496 5301 1533 5368 ἡ
1566 5302 1674 5372 γίφ
1702 5301 1955 5372 δύναμίς
1969 5321 2088 5372 μου
2109 5303 2179 5356 ἐν

591 5383 874 5448 ἀσθενείᾳ
899 5383 1250 5437 τελειοῦται.
1271 5383 1610 5455 Θεασάμενοι
1637 5384 1744 5456 γάρ
1769 5388 2178 5456 μεταναστᾶσαν

591 5469 691 5540 τὴν
731 5467 1049 5535 Ἀντιοχέων
1091 5466 1186 5520 ἐπὶ
1206 5466 1305 5540 τὴν
1349 5467 1666 5539 Ἀρμενίων,
1711 5468 1965 5522 κάκεῖθεν
2017 5470 2178 5525 πάλιν

593 5557 686 5608 ἐπὶ
729 5555 828 5625 τὴν
869 5554 1190 5625 Ἀντιοχέων
1229 5557 1330 5625 τὴν
1384 5556 1631 5611 Ἰωάννου
1675 5557 1995 5630 εὐχάριστον
2034 5559 2182 5627 φιλο-

595 5638 786 5706 σοφίαν
839 5636 1386 5710 ᾁδομένην,ηὑχοντο
1441 5641 1536 5694 καὶ
1589 5639 1652 5694 τὸ
1689 5640 1789 5712 ζῇν
1844 5641 2177 5714 ἀπορρῆξαι,

656 5780 686 5810 ⁸
708 5777 810 5840 3143,
836 5790 925 5842 pro
950 5779 1005 5831 τὸ
1029 5777 1111 5843 μὲν
1135 5780 1352 5843 πρῶτον.

2247 374 2498 446 καθάπερ
2525 371 2629 426 ὑπὸ
2653 371 2933 443 μαστίγων
2957 371 3065 426 τῶν
3079 363 3242 444 ’διηγη
3254 365 3438 443 μάτων
3471 369 3829 442 βασανιζόμε-

2244 476 2323 512 νοι
2353 456 2613 527 (τοιοῦτον
2643 457 2750 529 γάρ
2773 459 2800 509 6
2833 457 3126 526 μισόκαλος
3149 455 3383 525 φθόνος)·
3402 455 3478 519 ὡς
3503 457 3630 519 τοὺς
3657 456 3826 526 ὁρῶνο

2244 560 2342 607 τας
2371 541 2478 595 τῶν
2507 542 2785 612 ἑπομένων
2810 543 2992 604 αὐτοῖς
3015 540 3291 610 κληρικῶν
3320 538 3700 610 θαυμάζοντας
3739 539 3830 593 λέ-

2246 644 2382 696 γειν·
2418 627 2586 680 Ἴδετε
2631 627 2822 698 νεκρὸν
2871 626 3120 695 φοϐερὸν,
3167 626 3291 687 τοὺς
3325 621 3533 687 ζῶντας
3566 625 3660 676 καὶ
3693 639 3832 694 κρα-

2246 711 2471 773 τοῦντας
2497 709 2876 772 διαπτοοῦντα,
2927 709 3180 778 καθάπερ
3212 709 3339 770 τοὺς
3371 707 3567 770 παῖδας
3607 706 3674 759 τά
3701 724 3832 778 μορ-

2251 796 2530 867 μολυκεῖα.
2580 794 2779 848 Βαϐαίί
2814 794 2864 846 οἱ
2913 793 3012 856 τὰς
3049 791 3322 862 κοσμικὰς
3363 790 3680 854 δυναστείας
3738 803 3834 846 και

2246 880 2336 932 τὸν
2369 877 2821 947 ἐκκλησιαστικὸν
2841 875 3134 947 ἐνημμένοι
3161 873 3389 928 πλοῦτον
3423 875 3538 944 μετ’
3561 874 3829 940 ἐξουσίας.

2251 961 2388 1033 μετά
2417 961 2511 1016 καὶ
2539 962 2640 1031 τῆς
2663 962 2772 1013 τῶν
2808 961 3148 1032 πραγμάτων
3186 961 3381 1030 ἀρχῆς,
3409 957 3500 1011 τὸν
3535 959 3706 1030 ἱερέα,
3742 959 3838 1013 τὸν

2252 1046 2430 1117 μόνον,
2458 1046 2546 1098 τὸν
2577 1045 2790 1109 ἄπολιν,
2823 1046 2916 1097 τὸν
2949 1042 3152 1112 ἀσθενῆ
3189 1046 3254 1112 τῇ
3311 1042 3493 1111 σαρκὶ,
3523 1041 3612 1094 τὸν
3659 1042 3834 1115 ἐξόρι-

2251 1146 2374 1183 στον
2415 1128 2666 1191 δεδιότες,
2725 1128 2969 1198 ὠχριῶσι
3037 1126 3418 1194 σφαδάζοντες.
3489 1127 3702 1196 Μηκέτι
3741 1122 3835 1180 οὖν

2251 1214 2688 1284 καρτερήσαντες
2710 1215 2775 1282 τῇ
2802 1214 2972 1282 σκηνῇ
3003 1210 3269 1282 κρύπτειν
3290 1209 3380 1262 τὸν
3402 1209 3550 1278 ὅφιν.
3581 1207 3836 1264 ἀποστείο

2250 1296 2438 1360 λαντες
2471 1297 2550 1357 είς
2578 1296 2637 1348 τὸ
2669 1295 3053 1367 στρατόπεδον,
3095 1293 3446 1364 ἐκπορίζουσι
3481 1293 3642 1346 πάλιν
3688 1293 3836 1345 ἀντι-

2251 1382 2466 1454 γραφὴν
2516 1380 2879 1452 σφοδροτέραν
2911 1378 3051 1451 μετά
3086 1378 3408 1450 προστίμου·
3445 1376 3597 1440 ἐντὸς
3643 1375 3836 1445 στενῆς

2251 1465 2586 1537 προθεσμίας
2617 1463 3002 1535 μετενεχθῆναι
3031 1463 3192 1516 αὑτὸν
3221 1463 3300 1524 είς
3324 1459 3644 1522 Πιτυοῦντα,
3671 1460 3836 1512 τόπον

2252 1549 2566 1620 πανέρημον
2602 1548 2710 1601 τῶν
2744 1547 2985 1612 Τζάνων,
3031 1547 3381 1616 ἐπικείμενον
3432 1548 3498 1616 τῇ
3549 1544 3685 1615 ὄχθῃ
3737 1545 3836 1615 τῆς

2253 1633 2521 1702 Ποντικῆς
2564 1631 2858 1701 θαλάσσης.
2890 1633 2953 1683 OE
2982 1631 3036 1684 δέ
3074 1631 3350 1698 διάγοντες
3378 1629 3539 1682 αὑτὸν
3566 1628 3837 1700 στρατιῶ-

2251 1735 2341 1772 ται
2373 1717 2465 1771 τοῦ
2494 1716 2737 1787 ἐπάρχου
2759 1715 2868 1768 τῶν
2897 1713 3269 1784 πραιτωρίων,
3317 1713 3412 1766 ἐπὶ
3440 1711 3692 1766 τοσοῦτον
3717 1727 3839 1765 κατ·

2254 1805 2479 1872 ἡπειγον
2507 1799 2597 1854 διὰ
2629 1801 2726 1870 τῆς
2778 1797 2921 1861 ὁδοῦ,
2964 1797 3215 1866 λέγοντες
3257 1795 3514 1859 τοιαύτας
3549 1794 3694 1866 ἔχειν
3737 1795 3839 1858 τὰς

2255 1887 2494 1949 ἐντολὰς,
2528 1885 2626 1947 ὠς,
2675 1885 2722 1936 εί
2758 1881 3018 1936 ἀποθάνοι
3060 1880 3200 1934 κατά
3237 1881 3334 1951 τὴν
3385 1880 3523 1944 ὀδόν,
3577 1878 3840 1949 μειζόνων

2257 1963 2648 2042 ἀξιωθήσονται
2675 1967 2781 2019 τῶν
2817 1966 3057 2036 βαθμῶν.
3093 1965 3203 2018 Καὶ
3237 1967 3265 2018 6
3310 1966 3408 2035 μὲν
3443 1959 3524 2028 εἷς
3545 1965 3603 2030 ἐξ
3635 1964 3838 2028 αὑτῶν,

2257 2055 2475 2108 ἔλαττον
2513 2051 2806 2124 φροντίσας
2853 2051 2952 2118 τῆς
2986 2048 3265 2120 παρούσης
3313 2048 3625 2120 στρατείας,
3655 2048 3839 2116 φιλανο

2258 2136 2502 2209 θρωπίαν
2531 2134 2651 2188 τινὰ
2696 2133 2876 2196 ποσῶς
2909 2131 3244 2185 διακλέπτων
3278 2131 3608 2184 ἐνεδείκνυτο
3643 2132 3691 2170 ι’·
3727 2133 3754 2185 6
3792 2131 3838 2184 δ’

2259 2223 2448 2294 ἕτερος
2476 2221 2569 2274 ἐπὶ
2597 2218 2847 2272 τοσοῦτον
2870 2213 2936 2288 ἦν
2967 2215 3178 2288 ἀπηνὴς
3212 2215 3307 2269 καὶ
3336 2214 3611 2279 δύσκολος,
3642 2215 3716 2278 ὡς
3740 2215 3840 2279 τὰς

2259 2309 2337 2370 είς
2375 2306 2533 2358 αὑτὸν
2560 2303 2850 2373 γινομένας
2867 2300 3150 2364 κολακείας
3180 2299 3330 2372 παρὰ
3359 2301 3467 2352 τῶν
3500 2315 3840 2370 προστυγχα-

2261 2392 2458 2443 νόντων
2482 2390 2574 2441 ἐπὶ
2606 2385 2778 2456 φειδοῖ
2803 2385 2897 2438 τοῦ
2943 2385 3095 2452 ἁγίου
3128 2381 3315 2454 ὑϐρεις
3341 2382 3606 2452 νομίζειν,
3647 2383 3840 2435 τούτου

2261 2474 2420 2546 μόνον
2452 2471 2750 2542 φροντίζων
2781 2471 2871 2522 τὸν
2917 2467 3167 2538 Ἰωάννην
3191 2466 3611 2535 δυσθανατῆσαι.
3650 2464 3838 2518 ’Υετοῦ

2263 2559 2359 2628 μὲν
2402 2555 2511 2625 γὰρ
2540 2553 2743 2624 λάϐρου
2785 2553 2957 2614 ὄντος,
3012 2549 3383 2620 ἀφροντίστως
3415 2548 3582 2619 ἐξῄει,
3627 2549 3702 2611 ῶς
3751 2548 3842 2601 διά

2259 2640 2426 2692 νώτου
2458 2638 2550 2692 καὶ
2577 2636 2814 2708 στέρνων
2839 2633 3100 2705 φέρεσθαι
3123 2634 3222 2696 τάς
3246 2633 3355 2685 τῶν
3377 2631 3581 2685 ὑδάτων
3597 2631 3838 2694 λιϐάδας.

2261 2722 2494 2794 Σφοδρὸν
2522 2721 2578 2773 δὲ
2631 2719 2792 2772 πάλιν
2821 2717 3008 2787 καῦμα
3035 2716 3186 2787 ήλίου
3241 2716 3362 2769 ἀντὶ
3394 2718 3605 2786 τρυφῆς
3633 2717 3838 2786 ἡγεῖτο,

2261 2805 2416 2868 είδὼς
2445 2807 2504 2856 ἐν
2537 2801 2713 2872 τούτῳ
2732 2802 3021 2870 δυσφορεῖν
3053 2800 3114 2852 τὸ
3140 2799 3480 2851 Ἐλισσαῖκὸν
3505 2799 3724 2869 κρανίον
3743 2797 3842 2851 τοῦ

2263 2888 2554 2960 μακαρίου.
2586 2886 2678 2948 Et;
2702 2885 2853 2937 πόλιν
2879 2884 2934 2936 δὲ
2961 2882 3229 2954 ῆκώμην,
3262 2883 3393 2937 ἔνθα
3414 2883 3638 2954 λουτροῦ
3662 2901 3842 2955 παρα-

2265 2971 2431 3043 μυθία
2457 2967 2545 3042 ἦν,
2584 2969 2704 3022 οὑδὲ
2737 2968 2972 3039 στιγμὴν
2997 2971 3025 3020 6
3044 2966 3302 3038 δύστηνος
3323 2967 3618 3038 συνεχώρει
3643 2969 3837 3022 ποιεῖν.

2263 3057 2371 3109 Καὶ
2409 3056 2468 3107 ἐν
2515 3053 2724 3114 τούτοις
2763 3053 2928 3104 πᾶσιν
2960 3051 3050 3102 ἐπὶ
3076 3049 3339 3120 τρίμηνον
3367 3049 3466 3121 τὴν
3494 3051 3843 3120 ἀργαλεωτά·

2259 3156 2359 3209 την
2385 3138 2599 3206 ἐκείνην
2639 3135 2869 3207 βαδίζων
2900 3135 3038 3200 ὁδὸν,
3083 3133 3276 3205 ἔμενεν
3300 3136 3328 3187 6
3359 3135 3512 3202 διγιος
3539 3135 3613 3198 ὡς
3666 3135 3845 3207 ἀστὴρ

2242 3222 2606 3285 .διαστίλϐων,
2659 3221 2797 3292 ἔχων
2845 3221 2904 3274 τὸ
2952 3220 3223 3290 σωμάτιον
3262 3219 3513 3292 καθάπερ
3559 3220 3724 3290 μῆλον
3756 3222 3842 3274 ἐπ’

2261 3307 2451 3379 ἄκρων
2479 3305 2692 3359 κλάδων
2745 3303 3296 3374 ἠλιοφοινισσόμενον.
3339 3303 3750 3373 Πλησιάσαντες
3784 3303 3843 3356 δὲ

2260 3394 2327 3463 τῇ
2359 3391 2583 3459 Κομάνη
2608 3387 2858 3458 καθάπερ
2903 3387 3150 3456 γέφυραν
3187 3386 3358 3456 αὑτὴν
3385 3385 3682 3456 παρῆλθον,
3739 3385 3847 3452 ἐξω

2263 3473 2353 3526 τοῦ
2383 3472 2594 3542 τείχους
2623 3473 2679 3524 ὲν
2729 3470 2805 3540 τῷ
2837 3469 3120 3557 μαρτυρίω
3149 3469 3429 3540 μείναντες
3462 3471 3568 3522 ἀπὸ
3617 3470 3775 3524 πέντε
3808 3469 3844 3540 ῆ

2263 3555 2324 3620 ἒξ
2352 3555 2612 3626 σημείων.
2653 3554 2788 3606 Κατ’
2823 3553 2994 3622 αὑτήν
3025 3553 3208 3623 δὲ’τὴν
3228 3553 3399 3606 νύκτα
3428 3553 3671 3624 παρέστη
3697 3554 3846 3623 αὑτῷ

2264 3642 2292 3692 6
2313 3639 2408 3693 τοῦ
2439 3639 2603 3692 τόπου
2626 3638 2834 3690 ἐκείνου
2872 3637 3100 3707 μάρτυς,
3137 3636 3456 3700 Βασιλίσκος
3481 3637 3651 3706 ὄνομα
3674 3637 3843 3707 αὑτῷ,

2265 3724 2324 3788 ὃς
2351 3725 2639 3794 μαρτυρεῖ,
2671 3721 2968 3784 ἐπίσκοπος
2996 3720 3070 3773 ὣν
3116 3719 3407 3792 Κομανῶν,
3433 3723 3490 3773 ἐν
3513 3720 3848 3792 Νικομηδείᾳ

2264 3807 2358 3859 ἐπὶ
2391 3803 2760 3876 Μαξιμιανοῦ,
2792 3805 2908 3874 ἅμα
2939 3804 3221 3874 Λουκιανῷ
3253 3803 3332 3874 τῷ
3369 3806 3426 3857 ἐν
3459 3805 3681 3876 Βιθυνίᾳ
3709 3821 3844 3876 πρε-

2267 3891 2512 3962 σϐυτέρῳ
2559 3889 2671 3942 ὄντι
2723 3887 3072 3957 Ἀντιοχείας,
3131 3888 3312 3958 φήσας
3344 3903 3357 3917 ·
3390 3888 3616 3958 Θάρσει,
3649 3888 3846 3959 ἀδελφὲ

2279 3975 2496 4044 Ἰωάννη
2521 3989 2533 4002 ·
2562 3971 2750 4042 αὔριον
2777 3972 2886 4041 γὰρ
2927 3971 3044 4041 ἃμα
3079 3971 3336 4041 ἐσόμεθα.
3365 3972 3503 4024 Φασὶ
3537 3971 3615 4037 δὲ,
3656 3989 3844 4043 προει-

2270 4058 2424 4128 ρήκει
2458 4055 2553 4109 καὶ
2585 4055 2954 4124 παραμένοντι
2988 4055 3367 4125 πρεσϐυτέρῳ·
3408 4055 3728 4125 Ἑτοίμασον
3755 4055 3846 4108 τὸν

2266 4140 2428 4192 τόπον
2462 4137 2540 4208 τῷ
2595 4135 2806 4206 ἀδελφῷ
2839 4137 3063 4208 Ἰωάννῃ
3094 4153 3107 4166 ·
3139 4137 3356 4207 ἔρχεται
3389 4137 3518 4208 γάρ.
3563 4138 3742 4208 Ἔχων
3790 4137 3846 4190 δέ

2269 4221 2474 4285 πιστῶς
2525 4221 2615 4274 τὸν
2675 4221 2924 4293 χρησμὸν
2956 4223 2984 4273 6
3053 4222 3326 4291 Ἰωάννης.
3366 4221 3459 4275 ἐπὶ
3513 4221 3613 4291 τὴν
3657 4220 3849 4294 αὔριον

2271 4305 2570 4377 παρεκάλει
2605 4306 2799 4367 αὑτοὺς
2823 4306 2929 4368 ἕως
2957 4304 3216 4375 πέμπτης
3243 4305 3392 4376 ὥρας
3430 4307 3547 4359 ἐκεῖ
3575 4309 3855 4377 παραμεῖ-

2271 4407 2377 4445 ναι,
2409 4391 2473 4443 οι
2504 4389 2558 4442 δὲ
2589 4389 2661 4458 μὴ
2691 4388 3024 4451 πεισθέντες,
3051 4387 3364 4458 ἐξήλαυνον·
3407 4388 3653 4453 ἐλθόντες
3683 4390 3739 4443 δὲ
3773 4389 3851 4455 ὡς

2275 4473 2524 4535 σταδίους
2571 4474 2888 4543 τριάκοντα,
2943 4472 3105 4524 πάλιν
3160 4473 3588 4544 ὑποστρέφουσιν
3634 4475 3714 4536 είς
3758 4474 3851 4526 τὸν

2271 4558 2434 4610 τόπον
2460 4555 2554 4608 τοῦ
2586 4557 2911 4628 μαρτυρίου,
2937 4557 3028 4626 ἀφ’
3068 4548 3129 4609 οὗ
3172 4557 3410 4627 ἀπῆραν,
3443 4557 3653 4626 ἔχοντος
3683 4556 3853 4611 αὑτοῦ

2271 4639 2458 4704 ὀξέως.
2487 4637 2672 4702 Οὕτως
2722 4635 2818 4691 οὖν
2852 4639 3044 4699 ἐλθὼν.
3094 4639 3434 4711 ἐπιζητεῖτά
3467 4639 3591 4703 ἀξια
3611 4639 3705 4691 τοῦ
3737 4638 3850 4709 βίου

2273 4722 2500 4793 λαμπρά
2539 4722 2749 4792 ἱμάτια,
2800 4723 2892 4775 καὶ
2928 4723 3334 4793 ἀποδυσάμενος
3372 4722 3442 4776 τά
3472 4723 3732 4793 πρότερα,
3763 4724 3850 4775 ἐν-

2274 4804 2505 4858 εδύσατο
2534 4806 2741 4874 νήφων,
2772 4804 3002 4870 ἀλλάξας
3029 4805 3132 4869 ’έως
3162 4806 3542 4877 ὑποδημάτων·
3578 4806 3646 4859 τὰ
3693 4805 3855 4859 λοιπά

2277 4889 2335 4942 δέ
2384 4889 2618 4959 διένειμε
2663 4892 2778 4954 τοῖς
2804 4889 3090 4962 παροῦσιν.
3130 4892 3238 4944 Καὶ
3266 4892 3598 4960 κοινωνήσας
3626 4890 3732 4942 τῶν
3761 4893 3850 4942 Δε-

2281 4973 2553 5025 σποτικῶν
2591 4973 2893 5042 συμϐόλων,
2923 4977 3066 5027 ποιεῖ
3097 4973 3195 5044 τὴν
3247 4973 3560 5026 τελευταίαν
3602 4974 3695 5027 ἐπὶ
3746 4972 3854 5025 τῶν

2277 5057 2558 5128 παρόντων
2594 5058 2919 5130 προσευχὴν,
2942 5060 3110 5112 εἰπὼν
3137 5061 3198 5113 τὸ
3225 5058 3285 5123 ἐξ
3316 5057 3472 5122 ἔθους
3500 5058 3670 5128 ῥῆμα·
3700 5057 3855 5122 Δόξα

2278 5140 2356 5206 τῷ
2380 5141 2502 5206 Θεῷ
2534 5139 2776 5194 πάντων
2828 5142 3059 5196 ἕνεκεν·
3119 5141 3656 5212 ἐπισφραγισάμενός
3701 5159 3761 5195 τε
3795 5142 3855 5193 τὸ

2279 5223 2501 5294 ὕστερον
2535 5223 2701 5293 ἀμὴν,
2746 5223 2905 5294 ἐξῆρε
2933 5226 3059 5287 τοὺς
3100 5226 3287 5288 πόδας,
3321 5227 3448 5288 τοὺς
3487 5225 3705 5295 ὼραίως
3727 5225 3855 5293 δρα-

2282 5307 2478 5377 μόντας
2525 5309 2617 5359 ἐπί
2671 5307 2914 5379 σωτηρίᾳ
2949 5309 3058 5360 τῶν
3081 5307 3180 5379 τὴν
3223 5309 3512 5379 μετάνοιαν
3552 5308 3851 5380 ἐλαμένων,

2279 5390 2375 5443 καὶ
2408 5390 2613 5461 ἐλέγχῳ
2635 5389 2744 5442 τῶν
2771 5391 2869 5459 τὴν
2916 5391 3186 5461 ἁμαρτίαν
3217 5391 3486 5456 πλουσίως
3509 5393 3858 5464 γεωργησάν-

2279 5490 2406 5528 των.
2456 5474 2518 5527 Εἰ
2563 5472 2620 5526 δέ
2661 5473 2814 5526 οὑδέν
2841 5471 3058 5543 ὤνησαν
3092 5475 3141 5528 οί
3194 5475 3406 5545 ἔλεγχοι
3439 5477 3564 5538 τοὺς
3596 5475 3856 5543 φαύλους,

2278 5555 2437 5610 τοῦτο
2464 5557 2564 5610 οὑκ
2597 5557 2782 5608 ἀτονία
2807 5555 2900 5609 τοῦ
2937 5559 3483 5628 παρρησιασαμένου,
3515 5555 3630 5611 ἀλλ’
3670 5560 3860 5629 ἰταμό-

2279 5657 2379 5710 της
2403 5639 2510 5693 τῶν
2550 5639 2625 5711 μὴ
2651 5640 3058 5711 ἀνασχομένων.
3091 5641 3422 5714 Προστεθεὶς
3446 5642 3582 5715 πρὸς
3610 5644 3736 5708 τοὺς
3759 5659 3864 5698 πα-

2347 5778 2376 5822 h
2400 5779 2688 5846 Legendum
2715 5780 3024 5831 ἐπεδείκνυτο.
