4114 6392
327 412 394 472 87
1312 403 1399 459 DE
1435 400 1596 456 VITA
1632 399 1689 454 S.
1729 391 2006 452 JOANNIS
2043 390 2528 448 CHRYSOSTOML
3530 392 3596 447 δε

325 541 469 590 eam,
494 525 702 593 nuptias
734 523 913 578 uxoris
943 521 1119 577 fratris
1144 519 1257 585 sui;
1306 518 1499 573 deinde
1528 514 1698 585 pudor
1728 512 1902 566 incre-

326 618 595 686 pationum
628 616 725 685 ipsi
755 630 785 669 a
813 616 973 669 fratre
998 611 1305 686 prophetice
1334 609 1611 663 factarum.
1644 605 1776 660 Huic
1803 606 1906 657 Ar-

323 708 469 761 sacio
490 706 749 761 sufficitur
776 706 982 760 Atticus
1009 720 1039 758 e
1071 702 1416 774 presbyteris,
1445 700 1682 755 omnium
1710 697 1902 751 adver-

322 814 414 854 sus
461 799 719 855 Joannem
770 798 1101 852 molitionum
1152 794 1369 849 artifex.
1420 792 1519 860 Qui
1550 806 1670 845 cum
1700 789 1903 843 videret

323 892 592 947 neminem
619 892 956 946 orientalium
987 890 1357 961 episc0porum
1386 902 1566 941 secum
1606 882 1901 939 communi-

321 1000 466 1049 care,
496 992 552 1039 ct
576 1000 642 1039 ne
670 984 902 1039 civitatis
926 984 1141 1054 quidem
1168 982 1441 1052 populum,
1461 988 1677 1049 prapter
1700 992 1758 1032 ea
1783 991 1901 1045 quae

323 1086 430 1129 tam
461 1074 662 1129 nefarie
707 1084 866 1147 atque
912 1075 1103 1144 injuste
1152 1074 1203 1127 in
1252 1073 1511 1128 Joannem
1542 1071 1609 1124 ab
1640 1070 1755 1139 ipso
1783 1076 1901 1122 acta

325 1175 469 1221 erant
496 1184 507 1218 :
536 1180 728 1235 expers
749 1181 869 1219 cum
891 1175 1034 1220 esset
1053 1180 1319 1220 sacrarum
1344 1163 1756 1232 Scripturarum,
1780 1175 1902 1230 per-

320 1257 445 1313 fecit
471 1268 529 1312 ut
554 1259 913 1329 imperialibus
958 1257 1228 1328 rescriptis
1256 1264 1571 1326 cogerentur
1602 1254 1635 1308 ii
1659 1255 1749 1325 qui
1777 1269 1899 1308 cum

324 1353 438 1419 ipso
482 1366 589 1405 non
628 1350 1109 1404 communicabant.
1145 1349 1476 1418 llescriptum
1507 1356 1685 1401 autem
1714 1355 1899 1400 contra

320 1442 625 1511 episcopos,
657 1442 792 1495 tales
838 1442 1007 1494 minas
1038 1439 1300 1493 habebat:
1330 1438 1391 1494 Si
1415 1439 1525 1508 quis
1553 1438 1900 1507 episc0porum

321 1548 423 1586 non
449 1535 783 1585 communicat
808 1530 1111 1601 Theophila,
1144 1529 1455 1601 Porphyrio,
1484 1539 1531 1583 et
1569 1529 1753 1593 Attico,
1799 1527 1902 1582 Ec-

321 1622 475 1677 clesia
501 1624 700 1690 quidem
730 1624 980 1694 ejiciatur,
1009 1632 1055 1675 et
1076 1639 1109 1675 a
1134 1623 1353 1693 prOpriis
1382 1619 1706 1690 facultatibus
1728 1620 1904 1689 abiga—

325 1726 425 1769 tnr.
460 1716 592 1769 Hinc
618 1716 703 1769 alii
735 1716 823 1785 qui
867 1715 1127 1769 bonorum
1171 1728 1335 1768 onere
1367 1713 1679 1783 przegravati
1724 1722 1898 1777 erant,

322 1807 483 1859 etiam
513 1806 659 1859 inviti
684 1820 805 1859 eum
832 1806 947 1875 ipso
965 1804 1350 1858 communicant
1389 1820 1402 1856 :
1433 1803 1521 1857 alii
1549 1818 1676 1858 vero
1702 1818 1903 1873 paupe-

324 1898 492 1952 riores
521 1908 573 1951 et
599 1897 652 1951 in
683 1896 787 1951 ﬁde
823 1913 950 1951 sana
989 1895 1329 1958 infirmiores,
1362 1895 1622 1950 donorum
1650 1910 1902 1964 quorum-

321 1987 442 2040 dam
471 1987 939 2057 pollicitationibus
988 1987 1055 2041 ad
1099 1987 1527 2042 communionem
1564 1986 1902 2041 adduceban-

324 2088 446 2133 tur:
475 2078 562 2133 alii
593 2094 790 2147 gcnere
819 2089 871 2132 et
901 2078 1328 2148 possessionibus
1355 2087 1409 2133 et
1435 2078 1601 2148 patria
1632 2086 1685 2132 et
1717 2093 1903 2132 eorru-

323 2170 498 2240 ptibili
523 2169 690 2239 gloria
720 2180 878 2238 atque
904 2184 1187 2238 corporum
1209 2170 1488 2223 vexatione
1515 2167 1732 2237 insuper
1753 2167 1902 2221 habi-

321 2263 410 2329 tis,
434 2262 594 2315 animi
618 2261 947 2316 nobilitatem
974 2261 1096 2332 fuga
1124 2260 1511 2326 custodiebant,
1535 2261 1898 2331 evangelicum

320 2354 451 2410 illud
474 2356 525 2409 in
551 2355 806 2409 memoria
835 2354 1114 2419 habentes,
1148 2355 1209 2409 Si
1233 2370 1321 2408 vos
1345 2355 1397 2407 in
1441 2354 1535 2407 hac
1562 2355 1758 2407 civitate
1788 2370 1903 2423 per-

317 2460 609 2515 sequantur,
644 2450 802 2520 fugite
844 2450 898 2502 in
942 2450 1096 2503 aliam
1142 2448 1352 2521 (Matth.
1402 2448 1489 2505 10.
1533 2448 1625 2520 25)
1652 2468 1663 2502 :
1688 2457 1743 2504 et
1770 2448 1899 2503 illud

319 2540 726 2595 Proverbiorum
749 2541 848 2595 sibi
874 2540 1131 2607 dicentes,
1161 2539 1283 2593 Non
1312 2540 1585 2610 proderunt
1610 2539 1902 2593 substantia

314 2632 372 2685 in
400 2633 480 2685 die
504 2633 595 2686 irae
625 2631 806 2703 (Prov.
831 2633 917 2687 li.
942 2630 1017 2704 4).
1048 2632 1278 2687 Profecti
1302 2631 1390 2684 alii
1410 2630 1623 2700 quidem
1649 2630 1896 2697 Romam,

311 2725 407 2777 alii
442 2722 507 2778 ad
541 2736 771 2791 montes,
817 2725 903 2779 alii
939 2733 1116 2779 autem
1149 2725 1198 2778 in
1228 2734 1523 2779 ascetarum
1553 2724 1896 2791 monasteria,

310 2831 344 2869 a
370 2816 586 2872 Judaica
610 2818 885 2887 iniquitate
908 2816 1272 2872 servabantur.
1300 2817 1542 2871 Edictum
1566 2832 1691 2871 vero
1712 2817 1902 2871 adver-

309 2922 409 2962 sus
440 2907 603 2963 laicos
648 2908 763 2963 haec
807 2910 1143 2964 continebat:
1176 2908 1277 2975 Qui
1303 2911 1356 2962 in
1383 2908 1707 2978 dignitatibus
1737 2918 1900 2963 essent

308 3000 599 3067 constituti,
631 3016 722 3054 suo
766 3000 955 3055 honore
1000 3011 1047 3054 et
1089 2984 1334 3072 dignitate
1361 3000 1673 3065 excederent,
1717 3000 1901 3053 milites

307 3092 576 3163 cingulum
602 3092 920 3146 amitterent:
940 3091 1134 3160 reliqua
1177 3092 1313 3162 plebs
1341 3102 1489 3161 atque
1530 3091 1733 3161 api/ices
1760 3091 1901 3159 gravi

304 3184 436 3237 auri
462 3184 684 3254 pondere
710 3184 927 3248 multati,
958 3183 1272 3249 subiacerent
1312 3182 1512 3237 exsilio.
1552 3180 1814 3237 Cteterum
1843 3188 1901 3235 et

302 3276 434 3331 htec
474 3277 700 3341 fiebant;
730 3284 784 3331 et
825 3291 1011 3347 preces
1034 3292 1065 3331 a
1096 3276 1247 3330 bonis
1275 3285 1330 3331 et
1358 3275 1537 3345 probis
1560 3290 1749 3345 magna
1776 3287 1899 3329 cum

298 3367 661 3423 amictatione
688 3369 787 3424 sub
813 3369 902 3423 dio
928 3368 1336 3439 peragebantur,
1367 3383 1396 3422 a
1423 3383 1571 3423 more
1598 3367 1897 3424 Servatoris

296 3464 403 3535 qui
435 3462 588 3528 dixit,
616 3461 729 3532 Ego
758 3480 870 3517 sum
896 3464 976 3515 eia
1004 3472 1051 3516 et
1079 3463 1292 3527 veritas;
1322 3470 1375 3516 et
1400 3476 1601 3525 rursus,
1626 3460 1897 3530 Con/idite:

293 3574 402 3629 ego
456 3556 551 3610 vici
596 3556 838 3609 mundum
866 3554 1042 3626 (Joan.
1072 3557 1160 3610 M.
1188 3555 1242 3610 6.
1270 3565 1315 3608 et
1348 3553 1434 3609 16.
1462 3554 1576 3624 35).
1608 3557 1684 3610 Ac
1710 3556 1898 3611 beatus

292 3648 531 3720 quidem
559 3647 789 3703 Joannes
818 3647 1008 3701 Cucusi
1038 3655 1277 3701 moratus
1300 3662 1495 3700 annum
1525 3662 1706 3712 unum,
1736 3647 1899 3716 pluri-

292 3755 433 3795 mos
472 3739 741 3793 Armenia:
772 3752 1034 3807 pauperes
1064 3737 1225 3807 pavit,
1268 3752 1372 3791 non
1400 3745 1509 3792 tam
1554 3752 1710 3805 pane,
1739 3752 1895 3807 quam

290 3831 517 3887 verbo:
547 3830 813 3884 invaserat
841 3831 983 3884 enim
1020 3844 1115 3898 per
1162 3828 1214 3882 id
1254 3837 1463 3898 tempus
1512 3843 1700 3897 magna
1730 3828 1899 3882 fames

285 3924 589 3994 regionem
634 3922 796 3975 illam.
828 3922 961 3976 Cum
1000 3930 1177 3976 autem
1208 3930 1263 3976 et
1290 3921 1359 3976 ob
1387 3921 1438 3975 id
1470 3921 1567 3991 ipsi
1603 3919 1900 3975 inviderent

284 4015 373 4069 illi
434 4012 743 4078 fratricidze,
790 4011 1099 4066 Arabissum
1151 4027 1274 4067 eum
1325 4011 1681 4075 transferunt,
1736 4013 1899 4066 variis

282 4101 688 4160 vexationibus
725 4102 1088 4172 Subjicientes,
1119 4112 1178 4156 ut
1204 4104 1363 4156 vitam
1393 4102 1604 4156 tandem
1632 4102 1902 4172 relinque-

280 4204 404 4252 ret.
445 4194 522 4249 Et
548 4192 656 4248 illic
682 4208 865 4248 rursus
892 4208 997 4246 non
1039 4192 1382 4247 mediocriter
1407 4192 1690 4247 virtutibus
1719 4194 1897 4262 Splen-

274 4292 546 4347 descrns
566 4287 693 4357 (non
726 4294 898 4355 potest
912 4285 1056 4339 enim
1081 4285 1266 4339 civitas
1291 4284 1543 4338 abscondi
1571 4299 1729 4354 supra
1748 4298 1901 4338 mon-

274 4394 404 4439 rem
432 4380 642 4452 posita,
663 4394 833 4449 neque
856 4380 1069 4433 lucerna
1097 4376 1374 4446 Splendide
1392 4378 1763 4446 lucensligneo
1784 4392 1901 4430 mo-

270 4478 378 4534 dio
408 4471 663 4541 contegi)
689 4470 964 4534 excitavit,
993 4469 1155 4524 veluti
1183 4484 1249 4523 ex
1274 4468 1582 4537 ignorantia:
1602 4483 1812 4531 somno,
1831 4467 1898 4521 ad

268 4564 581 4624 sermonis
610 4561 773 4616 divini
799 4561 968 4615 lucem
998 4576 1065 4615 ex
1091 4560 1237 4614 omni
1266 4560 1438 4613 vicina
1464 4559 1680 4628 regione
1699 4574 1792 4612 eos
1808 4558 1899 4628 qui

264 4657 447 4733 gravi
480 4652 820 4709 infidelitatis
846 4667 1037 4722 sopore
1071 4651 1310 4721 oppressi
1339 4658 1509 4704 erant.
1543 4650 1711 4704 Porro
1739 4648 1902 4703 vehe-

265 4747 551 4807 mentius
596 4742 807 4797 invidia:
848 4741 1060 4797 ﬂamma
1097 4742 1306 4796 accensi
1344 4742 1661 4797 Severianus
1687 4749 1741 4796 et
1769 4741 1902 4796 Por-

266 4839 545 4917 phyrius
573 4850 635 4888 ac
659 4835 871 4905 quidam
911 4834 999 4888 alii
1026 4835 1258 4905 episcopi
1288 4833 1477 4905 Syrim,
1513 4842 1573 4887 ut
1609 4834 1723 4903 ipse
1756 4833 1901 4889 illinc

267 4944 532 5008 quoque
577 4928 974 4992 transferretur,
1020 4929 1354 4982 moliuntur:
1385 4942 1507 4981 nam
1557 4928 1732 4998 gravis
1773 4929 1899 4998 ipsis

261 5038 404 5087 erat
430 5036 561 5079 non
590 5020 762 5075 solum
793 5020 844 5074 in
875 5020 1144 5090 prosperis
1169 5035 1287 5090 quae
1319 5029 1567 5089 putantur
1595 5020 1769 5084 rebus,
1804 5019 1900 5074 scd

260 5121 470 5181 multo
502 5114 687 5184 magis
716 5114 768 5168 in
798 5112 1053 5168 adversis.
1088 5112 1403 5183 lgnorabant
1428 5113 1629 5167 scilicet
1657 5112 1903 5167 tentatio—

258 5231 415 5275 num
448 5218 740 5271 naturam,
769 5222 939 5277 neque
960 5207 1309 5260 meminerant
1333 5204 1494 5259 divini
1517 5204 1582 5258 ad
1603 5206 1900 5274 aposmlum

260 5316 322 5369 in
361 5301 786 5365 afﬂictionibus
806 5300 1005 5355 oraculi
1028 5318 1041 5353 :
1067 5298 1262 5369 Sufﬁcit
1283 5298 1370 5351 tibi
1394 5300 1555 5369 gratio
1578 5314 1719 5363 mea;
1746 5298 1903 5350 virtus

257 5406 419 5463 enim
453 5411 590 5453 mea
614 5394 667 5446 in
688 5393 982 5461 infirmitate
1002 5391 1258 5463 perﬁcitur
1275 5390 1331 5463 (τε).
1352 5389 1468 5443 Cor.
1487 5390 1574 5443 12.
1600 5388 1678 5460 9).
1712 5388 1905 5443 Viden-

260 5511 357 5556 tes
409 5490 587 5549 enim
624 5483 1009 5539 Antiochenam
1050 5468 1343 5537 Ecclesiam
1376 5482 1425 5535 in
1470 5480 1774 5536 Armeniam
1806 5480 1906 5532 mi-

258 5600 504 5664 grasse,
529 5588 595 5634 et
621 5576 769 5629 illinc
787 5591 969 5629 rursus
987 5571 1726 5643 Antiochiaajucundissimam
1746 5569 1908 5624 Joan-

261 5662 360 5741 ἰῆς
380 5668 811 5750 philosophiam
830 5666 1127 5737 praedicari,
1146 5665 1401 5735 optabant
1415 5664 1497 5719 vel
1518 5665 1676 5717 vitam
1693 5662 1909 5717 abrum-

261 5788 446 5850 pere,
485 5766 586 5822 his
619 5762 1009 5815 narrationibus
1033 5760 1195 5816 veluti
1223 5758 1398 5829 ﬂagris
1419 5758 1574 5813 torti:
1605 5755 1906 5826 hujusmodi

260 5846 433 5926 ξηλω
479 5865 579 5916 est
615 5852 876 5907 bonorum
916 5851 1083 5908 hostis
1110 5850 1338 5906 invidia:
1370 5848 1505 5907 adeo
1533 5859 1589 5905 ut
1611 5847 1789 5905 clerici
1816 5846 1907 5918 qui

2019 520 2113 560 eos
2129 507 2505 576 sequebantur,
2529 521 2647 559 cum
2668 504 2716 559 id
2734 508 2992 571 viderent,
3009 506 3304 561 mirabundi
3322 504 3590 561 dicerent:

2016 596 2202 652 Videte
2226 608 2490 651 mortuum
2520 598 2830 664 terribilem,
2857 600 3008 654 vivos
3031 599 3363 670 victoresque
3390 610 3593 656 terren-

2014 698 2141 755 tem,
2183 698 2239 742 ut
2262 704 2454 759 pueros
2482 700 2683 744 terrent
2711 690 2891 745 larvas.
2922 691 3109 761 Papae!
3142 692 3177 746 ii
3204 693 3295 762 qui
3326 694 3595 749 saeculari-

2015 779 2113 832 bus
2141 779 2486 849 potestatibus
2525 791 2683 851 atque
2708 781 3083 837 ecclesiasticis
3111 785 3299 852 Opibus
3338 786 3594 840 succincti

2010 880 2136 924 sunt
2164 885 2282 925 cum
2318 882 2578 942 potestate
2607 884 2659 928 et
2701 889 2821 927 eum
2861 890 3037 929 rerum
3067 874 3311 944 imperio,
3346 877 3593 930 sacerdo-

2015 968 2142 1027 tem,
2176 962 2365 1026 solum,
2414 972 2704 1029 extorrem,
2751 978 2976 1034 corpore
3019 966 3304 1029 infirmum,
3353 967 3593 1022 exsulem

2013 1050 2203 1105 timent
2229 1062 2285 1107 et
2308 1053 2503 1123 pallent
2543 1055 2848 1110 titubantes.
2888 1054 3020 1110 Cum
3054 1057 3211 1127 igitur
3240 1074 3343 1113 non
3378 1072 3597 1127 possent

2010 1153 2237 1222 amplius
2268 1163 2569 1222 serpentem
2602 1168 2722 1207 casa
2751 1153 3017 1207 conditum
3042 1154 3293 1218 retinere,
3323 1155 3597 1211 mittentes

2010 1243 2076 1297 ad
2102 1242 2441 1310 Comitatum,
2474 1261 2657 1300 rursus
2686 1246 2999 1316 rescriptum
3021 1248 3193 1301 acrius
3211 1248 3450 1304 obtinent
3470 1265 3594 1304 cum

2013 1334 2245 1389 mulcta:
2271 1336 2409 1390 intra
2439 1337 2600 1391 breve
2631 1346 2838 1406 tempus
2878 1347 2936 1392 ut
2963 1338 3339 1394 transferretur
3376 1326 3599 1411 Pityuno

2012 1438 2139 1494 tem,
2184 1429 2359 1485 locum
2404 1431 2636 1500 regionis
2685 1432 2983 1486 'l‘zanorum
3031 1432 3482 1500 desertissimum,
3527 1437 3596 1489 ad

2009 1519 2135 1576 litus
2161 1522 2363 1577 Pontici
2393 1524 2554 1578 maris
2582 1525 2761 1577 situm.
2793 1523 2984 1578 Milites
3008 1533 3185 1578 autem
3204 1525 3436 1594 prmfeeti
3458 1542 3595 1595 pne-

2012 1614 2148 1667 torio
2176 1615 2264 1683 qui
2295 1630 2415 1668 eum
2445 1614 2730 1680 ducebant,
2758 1629 2852 1684 per
2876 1614 3012 1668 viam
3039 1631 3159 1668 eum
3184 1616 3411 1669 maxime
3440 1631 3596 1686 urge-

2012 1706 2158 1769 bant,
2191 1705 2425 1761 dicentes
2458 1706 2509 1760 id
2541 1705 2736 1762 habere
2764 1722 2822 1761 se
2847 1707 2898 1761 in
2922 1708 3211 1773 mandatis;
3238 1718 3526 1779 tamquam,
3546 1710 3593 1765 si

2010 1806 2253 1849 mortuus
2278 1806 2421 1851 esset
2445 1797 2498 1850 in
2519 1798 2727 1863 itinere,
2755 1798 2821 1851 ad
2849 1798 3075 1867 majores
3096 1800 3289 1869 gradus
3309 1800 3595 1857 cvehcndi.

2012 1888 2083 1942 Et
2109 1904 2245 1943 unus
2269 1891 2480 1960 quidem
2508 1907 2573 1946 ex
2602 1893 2666 1946 iis
2687 1892 2755 1948 de
2780 1894 3027 1963 praesenti
3068 1895 3250 1948 militia
3282 1896 3456 1951 minus
3486 1898 3596 1951 sol-

2010 1982 2225 2063 licitus,
2282 1986 2524 2040 nonnihil
2571 1986 2913 2041 humanitatis
2962 1988 3353 2057 quodammodo
3410 1990 3589 2055 furtim

2011 2075 2359 2130 ostendebat:
2384 2077 2521 2132 alter
2556 2088 2731 2132 autem
2760 2093 2926 2148 usque
2953 2078 3086 2133 adeo
3113 2081 3342 2134 crudelis
3366 2093 3479 2135 erat
3504 2092 3591 2136 at-

2009 2180 2113 2234 que
2141 2177 2316 2232 atrox,
2347 2176 2401 2221 ut
2432 2168 2710 2222 blanditias
2731 2185 2849 2239 qua:
2874 2169 2975 2224 sibi
2998 2170 3064 2223 ab
3081 2173 3483 2226 occurrentibus
3501 2175 3594 2227 fte-

2008 2256 2156 2325 bant,
2180 2269 2235 2313 ut
2251 2270 2436 2313 sancto
2459 2272 2718 2330 parceret,
2741 2262 2959 2331 injurias
2972 2273 3259 2331 reputaret,
3278 2264 3404 2318 illud
3428 2282 3589 2321 unum

2008 2365 2199 2404 curans
2221 2361 2279 2405 ut
2302 2352 2437 2406 mala
2468 2363 2638 2408 morte
2658 2354 2888 2409 Joannes
2916 2366 3249 2411 enecaretur.
3278 2357 3411 2411 Cum
3446 2360 3588 2412 enim

2009 2441 2180 2496 imber
2207 2452 2350 2497 esset
2372 2443 2680 2507 vehemens,
2720 2445 2849 2499 nihil
2870 2461 3061 2501 curans
3087 2447 3474 2517 egrediebatur,
3518 2451 3589 2505 ita

2010 2541 2140 2587 utet
2173 2549 2267 2603 per
2290 2535 2505 2589 dorsum
2531 2547 2585 2590 et
2615 2552 2711 2606 per
2736 2547 2918 2607 pectus
2956 2553 3211 2607 aquarum
3258 2541 3354 2593 rivi
3400 2542 3590 2598 decur-

2008 2637 2208 2680 rerent.
2243 2627 2517 2698 Ingentem
2544 2644 2729 2684 rursus
2754 2630 2883 2685 solis
2907 2643 3092 2685 mstum
3128 2648 3225 2701 pro
3262 2634 3466 2688 deliciis
3493 2636 3588 2687 ha-

2007 2718 2186 2782 bebat,
2221 2735 2341 2775 cum
2372 2732 2554 2777 nosset
2577 2738 2641 2778 eo
2667 2724 2807 2779 beati
2837 2723 3059 2779 Joannis
3086 2736 3263 2794 caput,
3298 2727 3476 2782 Elisaei
3507 2730 3588 2781 in—

2006 2825 2119 2869 smr
2138 2814 2368 2881 calvum,
2400 2817 2602 2871 vexari.
2647 2817 2910 2871 Craterum
2940 2819 2991 2872 in
3038 2820 3166 2873 urbe
3206 2829 3297 2874 aut
3342 2823 3457 2874 vico
3497 2822 3583 2875 ubi

2007 2908 2315 2962 balneorum
2342 2908 2588 2963 solatium
2615 2919 2749 2976 erat,
2774 2925 2841 2963 ne
2863 2920 3134 2966 momento
3163 2912 3374 2979 quidem
3403 2911 3589 2968 infelix

2007 2998 2098 3054 ille
2124 3001 2463 3070 permittebat
2489 3011 2728 3056 sanctum
2769 3003 2986 3057 morari.
3034 3003 3089 3058 In
3119 3003 3203 3058 bis
3241 3005 3488 3060 omnibus
3517 3006 3586 3061 ad

2007 3106 2218 3146 menses
2248 3100 2357 3146 tres
2382 3092 2751 3147 difficillimum
2795 3094 2921 3149 illud
2973 3095 3072 3149 iter
3106 3094 3305 3151 faciens
3346 3106 3584 3165 sanctus,

2006 3183 2170 3237 veluti
2212 3184 2362 3238 sidus
2406 3199 2693 3240 coruscans
2725 3187 3016 3255 perstabat,
3049 3187 3251 3242 habens
3290 3204 3584 3259 corpuscu-

2006 3275 2115 3330 lum
2147 3285 2203 3329 ut
2231 3292 2445 3345 pomum
2472 3277 2525 3330 in
2556 3278 2817 3347 supremis
2842 3280 3005 3332 ramis
3023 3294 3052 3332 a
3075 3280 3185 3333 sole
3207 3281 3422 3336 rubens.
3449 3282 3584 3337 Cum

2006 3378 2184 3423 autem
2214 3366 2464 3423 Comanis
2514 3370 3049 3439 appropinquassent,
3096 3372 3273 3439 pontis
3315 3372 3479 3427 instar
3521 3390 3585 3430 ea

2007 3460 2392 3529 praetergressi,
2424 3469 2572 3514 extra
2602 3475 2782 3514 muros
2829 3466 2884 3515 in
2925 3462 3179 3533 martyrio
3218 3464 3452 3533 quinque
3491 3475 3586 3519 aut

2005 3564 2101 3602 sex
2128 3549 2362 3603 millibus
2378 3549 2566 3603 dissito
2584 3559 2914 3604 manserunt.
2945 3551 3144 3606 Eadem
3174 3554 3286 3623 ipsa
3312 3566 3467 3609 nocte
3490 3570 3587 3626 ap-

2005 3640 2182 3708 paruit
2224 3642 2275 3694 ei
2322 3639 2425 3693 loci
2467 3641 2609 3694 illius
2638 3651 2859 3713 martyr,
2903 3644 3120 3698 nomine
3162 3644 3467 3711 Basiliscus,
3493 3648 3585 3714 qui

2005 3730 2288 3799 episcopus
2314 3728 2671 3785 Comanorum
2703 3746 2821 3785 cum
2848 3745 3011 3797 esset,
3059 3736 3369 3806 martyrium
3398 3752 3584 3805 passus

2005 3833 2087 3877 est
2113 3822 2431 3878 Nicomediae
2460 3825 2513 3879 in
2542 3825 2785 3896 Bithynia
2831 3827 2929 3881 sub
2969 3828 3275 3896 Maximino,
3329 3847 3431 3886 una
3460 3848 3585 3887 cum

2005 3916 2238 3972 Luciano
2263 3919 2577 3989 presbytero
2592 3919 2943 3986 Antiochenn,
2963 3920 3146 3977 dicens
3166 3923 3362 3979 :Maete
3381 3925 3581 3990 animo,

2006 4006 2171 4063 frater
2203 4008 2436 4063 Joannes
2462 4027 2472 4061 :
2504 4010 2733 4064 crastina
2760 4012 2899 4065 enim
2930 4011 3017 4066 die
3050 4029 3154 4068 una
3195 4015 3413 4069 erimus.
3444 4016 3588 4071 Prax-

2007 4098 2217 4153 dixerat
2241 4114 2474 4169 quoque,
2507 4108 2564 4154 ut
2592 4106 2758 4167 aiunt,
2789 4110 2843 4156 et
2872 4102 2945 4156 ibi
2993 4107 3325 4172 permanenti
3368 4110 3586 4179 presby-

2009 4191 2315 4246 tero-.Para
2342 4193 2515 4247 locum
2559 4192 2707 4247 fratri
2750 4193 2970 4260 Joanni;
3000 4196 3142 4249 venit
3167 4199 3329 4251 enim.
3358 4200 3588 4255 Oraculo

2009 4285 2176 4340 ﬁdens
2202 4285 2460 4351 Joannes,
2485 4287 2725 4356 sequenti
2752 4286 2840 4342 die
2879 4288 3051 4341 oravit
3088 4290 3284 4344 milites
3311 4300 3366 4344 ut
3395 4292 3459 4345 ad
3491 4292 3591 4347 ho-

2006 4392 2119 4430 ram
2147 4378 2383 4447 quintam
2414 4393 2578 4447 usque
2606 4379 2675 4432 ibi
2699 4390 3090 4447 permanerent.
3115 4381 3191 4435 llli
3219 4399 3346 4437 vero
3372 4401 3476 4438 non
3494 4402 3588 4439 au-

2006 4468 2130 4524 ditis
2145 4469 2259 4539 ejus
2284 4470 2551 4538 precibus,
2572 4470 2694 4524 inde
2710 4468 3107 4526 abscesserunt:
3127 4473 3380 4530 confectis
3406 4489 3586 4533 autem

2006 4561 2218 4615 circiter
2264 4561 2475 4629 triginta
2516 4560 2723 4627 stadiis,
2765 4576 2951 4615 rursus
2981 4562 3045 4615 ad
3088 4566 3397 4635 martyrium
3447 4568 3588 4623 unde

2006 4650 2362 4705 discesserant
2382 4651 2671 4717 redierunt,
2696 4667 2815 4704 cum
2838 4654 3068 4721 graviter
3089 4654 3176 4709 ille
3201 4670 3318 4711 sese
3346 4657 3588 4714 haberet.

2009 4742 2098 4797 Sic
2128 4743 2287 4811 igitur
2312 4757 2578 4807 reversus,
2607 4742 2860 4797 candidas
2882 4754 3079 4809 vestes,
3108 4746 3212 4799 vita
3238 4762 3395 4816 quam
3423 4748 3591 4804 duxe—

2009 4844 2093 4889 rat
2114 4834 2323 4904 dignas,
2351 4834 2608 4903 requirit;
2638 4842 2933 4904 exutusque
2963 4837 3248 4905 prioribus,
3272 4853 3363 4892 eas
3390 4840 3489 4893 sibi
3507 4842 3590 4911 je-

2003 4926 2166 4996 junus
2192 4925 2380 4990 induit,
2408 4925 2654 4979 omnibus
2678 4924 2745 4978 ad
2775 4925 3132 4982 calceamenta
3162 4945 3326 4999 usque
3351 4934 3589 4997 mutatis;

2010 5029 2169 5087 atque
2187 5018 2418 5085 reliquas
2442 5017 2796 5086 praesentibus
2822 5016 3111 5073 distribuit.
3145 5020 3211 5074 Et
3228 5025 3453 5092 sumptis
3484 5025 3588 5079 Do-

2012 5108 2221 5162 minicis
2252 5108 2528 5178 symbolis,
2556 5123 2732 5161 coram
2763 5108 3096 5177 adstantibus
3124 5112 3363 5166 ultimam
3394 5117 3595 5170 oratio-

2013 5217 2135 5255 nem
2166 5200 2323 5255 facit:
2356 5211 2409 5253 et
2433 5216 2551 5253 cum
2578 5200 2802 5255 dixisset
2823 5217 2971 5256 more
2991 5218 3109 5267 suo,
3144 5202 3321 5258 Gloria
3346 5204 3453 5260 Dec
3474 5224 3595 5277 pro.

2018 5302 2126 5362 pter
2150 5292 2337 5356 omnia,
2367 5300 2421 5345 et
2458 5291 2699 5345 ultimum
2742 5294 2913 5347 Amen
2957 5293 3309 5364 obsignasset,
3356 5297 3596 5352 extendit

2013 5383 2283 5453 Speciosos
2312 5382 2495 5453 pedes,
2528 5383 2618 5452 qui
2643 5392 2992 5438 cucurrerunt
3037 5385 3103 5439 ad
3146 5387 3369 5441 salutem
3409 5403 3594 5443 eorum

2015 5476 2102 5546 qui
2131 5476 2403 5546 elegerant
2434 5476 2824 5545 paenitentiam,
2855 5486 2910 5531 et
2934 5477 2999 5533 ad
3028 5479 3496 5548 reprehensionem
3532 5482 3595 5534 il-

2015 5568 2186 5621 lorum
2210 5566 2297 5636 qui
2329 5576 2542 5635 peccata
2569 5568 2785 5636 copiose
2822 5569 3183 5624 exeoluerant.
3226 5571 3376 5638 Quod
3406 5573 3451 5626 si
3480 5574 3598 5641 ejus

2016 5658 2461 5728 reprehensiones
2490 5658 2623 5712 nihil
2650 5659 2907 5730 improbis
2935 5661 3268 5731 profuerunt,
3302 5677 3459 5717 causa
3492 5680 3599 5718 non

2017 5761 2100 5805 est
2124 5749 2459 5804 imbecillitas
2484 5749 2721 5805 doctoris
2761 5750 2926 5808 libere
2967 5752 3252 5821 loquentis,
3298 5754 3391 5808 sed
3420 5755 3598 5825 impun

2020 5842 2199 5900 demia
2232 5842 2526 5908 hominum,
2555 5840 2643 5912 qui
2672 5855 2765 5897 eas
2793 5856 2899 5900 non
2934 5843 3317 5900 sustinuerunt.
3368 5847 3597 5917 Apposi-
