4114 6392
567 311 632 366 ι.»
1760 284 2076 342 PALLADll
2116 280 2452 342 DIALOGUS
3745 284 3813 338 to

568 433 650 478 tus
677 419 742 474 ad
771 429 944 489 patres
972 431 1120 479 suos,
1150 424 1202 471 et
1225 412 1431 483 abjecto
1473 409 1710 480 pulvere,
1746 403 1812 458 ad
1853 400 2120 457 Christum

569 513 799 576 transiit.
827 521 884 564 ut
905 510 1155 578 scriptum
1181 513 1265 560 est
1289 524 1301 557 :
1331 501 1508 558 Venies
1547 509 1712 552 autem
1752 494 1820 548 ad
1849 493 2133 562 sepulcrum

569 613 726 664 tuum,
754 611 1004 670 tamquam
1031 599 1333 668 frumentum
1355 600 1625 653 maturum,
1653 586 1783 657 quod
1809 595 2026 650 tempore
2043 596 2134 634 suo

572 689 1087 756 metitur:impiorum
1113 695 1279 738 autem
1320 681 1503 736 animas
1535 681 1815 731 immatura:
1865 680 2136 726 morientur

581 783 718 852 (Job.
735 783 788 838 Β.
809 781 926 852 26).
952 780 1119 833 Tanta
1149 785 1323 831 autem
1341 770 1632 828 multitudo
1647 769 1929 838 virginum,
1955 777 2137 818 monac

573 875 816 936 chorum,
831 883 885 926 et
903 871 992 940 qui
1017 867 1308 924 sanctitatis
1322 861 1679 919 testimonium
1708 857 1989 918 habebant,
2012 853 2138 907 ade-

565 975 654 1020 rat
681 981 710 1018 e
730 963 900 1034 Syria,
921 957 1124 1026 Cilicia,
1149 958 1316 1013 Ponto
1341 964 1499 1024 atque
1517 949 1786 1014 Armenia,
1818 954 1878 1001 ut
1904 944 2140 1034 plerique

575 1053 984 1126 putarentquasi
1001 1050 1124 1104 dato
1141 1048 1292 1118 signo
1312 1061 1405 1101 eos
1430 1043 1726 1098 advenisse.
1754 1033 2142 1102 Pollinctusigi-

575 1159 660 1202 tur
680 1147 743 1201 ad
774 1143 1119 1215 sepulturam,
1143 1150 1197 1196 et
1217 1139 1349 1194 festa
1371 1135 1679 1192 celebritate
1700 1131 2032 1192 honestatus,
2054 1139 2144 1179 ve-

573 1237 648 1292 lut
677 1238 845 1290 victor
872 1235 1091 1299 athleta,
1121 1247 1221 1286 una
1250 1244 1377 1284 cum
1420 1227 1672 1282 Basilisco
1695 1221 1948 1290 sepelitur
1974 1219 2024 1272 in
2053 1231 2144 1271 eo-

577 1331 698 1386 dem
729 1328 1000 1399 martyrio.

644 1421 772 1478 CAP.
814 1439 902 1475 xu.
931 1449 1001 1461 —
1027 1417 1104 1473 Ad
1138 1417 1251 1471 hinc
1279 1412 1592 1470 Theodorus
1633 1407 1872 1472 miratus,
1919 1404 2144 1458 interro-

577 1518 752 1587 gabat,
780 1515 1065 1584 Scriptura:
1093 1510 1268 1564 verbis
1297 1522 1423 1562 usus
1449 1525 1460 1558 :
1488 1505 1616 1559 Clun
1644 1503 1897 1570 scriptum
1925 1499 2012 1561 sit,
2043 1498 2147 1550 aie-

581 1611 688 1672 bat,
717 1605 838 1661 Non
867 1603 1118 1659 aberrabis
1141 1618 1174 1656 a
1200 1599 1486 1654 narratione
1507 1597 1759 1652 seniorum
1781 1611 1799 1658 ;
1838 1608 1952 1644 nam
1980 1601 2024 1644 et
2052 1590 2150 1657 ipsi

579 1719 612 1754 a
640 1700 864 1771 patribus
893 1697 1168 1750 didicerunt
1195 1692 1380 1762 (Eccli.
1407 1690 1463 1753 8,
1494 1687 1549 1759 9)
1581 1707 1593 1741 :
1622 1687 1705 1740 dic
1733 1685 1882 1739 nobis
1911 1683 2152 1737 lubenter

583 1806 701 1859 quae
725 1803 884 1844 causa
917 1786 1096 1849 fuerit,
1127 1799 1221 1839 cur
1244 1783 1388 1838 solus
1416 1781 1500 1834 ille
1520 1779 1696 1834 cibum
1727 1782 1982 1839 sumeret,
2009 1781 2062 1827 et
2085 1786 2152 1824 an

585 1894 709 1934 vere
734 1879 897 1942 solus,
939 1887 995 1931 ut
1021 1875 1190 1940 aiunt,
1219 1873 1416 1928 ederet.
1450 1871 1623 1948 Ertsc.
1659 1868 1712 1921 ln
1755 1866 1996 1921 confesso
2039 1863 2154 1933 qni-

584 1969 706 2024 dem
734 1977 813 2023 est
849 1965 990 2036 quod
1033 1965 1177 2019 solus
1201 1963 1419 2018 ederet:
1450 1960 1542 2014 sed
1582 1957 1797 2023 nollem,
1831 1954 2155 2025 lepidissime

585 2057 883 2122 Theodore,
914 2070 1032 2126 qua:
1058 2063 1182 2109 sunt
1211 2054 1516 2123 gulosorutn
1547 2047 1820 2102 infantium
1847 2045 2158 2116 quaesivisse

589 2164 660 2206 te.
684 2150 779 2207 Vir
802 2149 942 2204 enim
967 2163 1085 2203 cum
1112 2147 1206 2212 sis,
1247 2143 1479 2198 virorum
1516 2143 1735 2195 virtutes
1763 2138 2039 2207 exquirere
2065 2135 2158 2189 de-

588 2243 684 2297 bes
709 2259 723 2294 :
753 2238 1197 2312 quemadmodum
1225 2244 1368 2291 esset
1395 2232 1709 2302 intrepidus,
1738 2230 1907 2300 qualis
1937 2238 2077 2283 esset
2105 2227 2156 2280 in

590 2332 842 2403 pecuniis,
875 2331 927 2385 in
959 2327 1328 2399 temperantia,
1353 2325 1406 2380 in
1435 2321 1840 2379 mansuetudine
1869 2317 2156 2388 etjustitia,

587 2425 642 2480 in
683 2425 1042 2494 eleemosyna,
1075 2418 1352 2491 prudentia
1382 2426 1541 2488 atque
1568 2413 1895 2475 fortitudine,
1934 2412 1988 2465 in
2027 2409 2157 2464 obli-

587 2515 745 2570 vione
785 2513 870 2568 vel
909 2511 1182 2566 memoria.
1223 2507 1338 2564 Non
1381 2508 1522 2562 enim
1551 2505 1703 2560 cibus
1742 2505 1848 2558 Deo
1888 2517 1983 2556 nos
2011 2515 2159 2555 com-

590 2604 823 2668 mendat,
854 2619 1026 2674 neque
1067 2602 1110 2656 si
1137 2599 1427 2666 ederimus,
1469 2613 1642 2668 neque
1667 2597 1711 2650 si
1739 2613 1842 2650 non
1871 2595 2160 2657 ederimus,

591 2697 685 2754 sed
726 2697 957 2768 cognitio
985 2709 1105 2750 cum
1149 2693 1358 2747 actione
1400 2704 1645 2761 operans.
1696 2688 1812 2757 Ipse
1849 2701 1978 2741 vero
2019 2685 2165 2740 solus

583 2788 802 2853 edebat,
825 2793 884 2842 ut
901 2801 968 2841 ex
1002 2795 1152 2856 parte
1173 2784 1315 2849 novi,
1344 2782 1440 2836 has
1459 2781 1527 2836 ob
1553 2794 1760 2835 causas.
1791 2778 2022 2833 Primum
2047 2775 2166 2845 qni-

587 2879 714 2934 dem
736 2881 913 2932 vinum
941 2891 1044 2932 non
1073 2875 1285 2930 bibebat
1309 2872 1379 2927 ob
1403 2871 1590 2942 capitis
1617 2870 1868 2932 calorem,
1903 2868 2002 2922 nisi
2029 2866 2167 2920 forte

595 2986 690 3041 per
719 2979 902 3024 :nstum
944 2981 1163 3024 rosaceo
1203 2972 1476 3021 uteretur:
1507 2961 1759 3025 secundo,
1803 2960 1924 3030 quia
1965 2967 2166 3013 stoma-

591 3061 728 3118 chus
753 3061 867 3130 ejus
887 3059 956 3114 ob
980 3057 1259 3130 quamdam
1288 3055 1646 3110 infirmitatem
1679 3051 2006 3107 inordinatus
2032 3059 2166 3113 erat,

599 3154 673 3208 ita
703 3159 763 3206 ut
788 3151 961 3206 edulia
1001 3149 1134 3204 bene
1160 3155 1451 3218 praeparata
1491 3145 1590 3212 ipsi
1620 3143 1901 3214 injucunda
1929 3141 2172 3196 videren-

599 3255 705 3309 tur,
752 3252 807 3297 et
847 3242 1141 3312 requireret
1189 3239 1290 3293 alia
1339 3253 1457 3307 qua:
1505 3252 1609 3290 non
1655 3236 1921 3290 adessent.
1974 3232 2173 3287 Deinde

602 3331 889 3403 aliquando
927 3331 1087 3386 edere
1115 3329 1547 3390 obliviscebatur,
1589 3325 1656 3380 ad
1692 3341 1966 3396 vesperam
2009 3339 2174 3394 usque

600 3425 886 3488 differens;
919 3423 1107 3494 partim
1135 3421 1276 3475 curis
1310 3418 1683 3474 ecclesiasticis
1711 3426 2014 3487 occupatus,
2051 3431 2173 3485 par-

601 3516 697 3570 tim
725 3513 926 3568 divinis
959 3508 1494 3578 contemplationibus
1523 3507 1840 3561 abstractus.
1869 3504 2174 3560 Contende-

608 3606 697 3659 bat
730 3605 871 3659 enim
913 3612 973 3658 ut
1013 3601 1142 3656 nihil
1171 3601 1462 3653 divinarum
1491 3597 1884 3666 Scripturarum
1927 3596 2026 3650 sibi
2075 3597 2174 3649 iiu-

605 3694 844 3764 pervium
881 3700 1024 3748 esset
1051 3708 1066 3745 :
1093 3690 1216 3745 talia
1261 3696 1437 3743 autem
1473 3695 1562 3740 aut
1599 3686 1849 3750 inediam,
1894 3695 1984 3739 aut
2008 3686 2178 3741 levem

610 3787 786 3841 cibum
831 3792 1028 3839 amant.
1081 3782 1249 3836 Porro
1283 3795 1398 3850 mos
1452 3787 1535 3834 est
1578 3779 1858 3843 convivis,
1910 3779 2011 3832 nisi
2060 3779 2181 3847 quis

612 3893 734 3932 cum
790 3877 918 3947 ipsis
961 3875 1152 3940 sudet,
1195 3882 1285 3927 aut
1337 3870 1570 3936 sorbeat,
1618 3879 1711 3924 aut
1757 3870 2022 3925 indecenti
2071 3872 2183 3925 risu

612 3968 976 4030 cachinnetur,
1034 3965 1255 4019 summis
1298 3962 1476 4034 digitis
1529 3961 1761 4031 tepidum
1808 3961 2052 4030 poculum
2089 3977 2185 4031 ge-

617 4071 797 4125 stans,
849 4073 1047 4113 meusze
1101 4056 1403 4111 comitatem
1462 4053 1514 4108 in
1562 4053 1901 4108 maledictum
1955 4065 2182 4109 vertere.

619 4151 700 4206 Ad
731 4164 988 4205 summam
1024 4156 1201 4203 autem
1224 4187 1239 4210 ,
1277 4155 1335 4202 ut
1360 4154 1485 4216 puto
1504 4187 1518 4209 ,
1543 4153 1598 4200 et
1620 4143 1794 4198 verius
1817 4185 1833 4212 ,
1860 4144 2015 4200 valde
2061 4160 2187 4214 par-

615 4257 711 4296 cus
757 4249 872 4295 erat
907 4253 1032 4309 erga
1063 4238 1312 4292 convivas
1341 4235 1638 4290 luxuriosos
1667 4276 1682 4300 ,
1731 4235 2066 4305 sacrilegium
2099 4251 2188 4290 ra-

617 4339 700 4385 tus
742 4339 983 4398 sumptus
1013 4329 1099 4398 qui
1149 4328 1202 4381 in
1231 4326 1361 4382 tales
1390 4325 1576 4380 fierent
1599 4343 1612 4379 :
1635 4326 1788 4380 simul
1821 4335 1873 4380 ct
1901 4327 2192 4381 (nconomis

624 4421 829 4476 furandi
857 4420 1163 4474 occasiones
1200 4416 1512 4487 praecidens,
1543 4431 1610 4471 ne
1644 4416 1984 4486 decuplarent
2026 4417 2192 4486 pretia

623 4513 967 4569 obsoniorum
1005 4510 1059 4564 in
1087 4509 1354 4573 brevibus,
1386 4509 1731 4563 neceSsitates
1759 4524 2052 4578 pauperum
2092 4509 2192 4562 sibi

624 4603 974 4658 vindicantes.
1004 4601 1262 4654 Praeterea
1289 4599 1515 4653 civitatis
1538 4598 1924 4652 multitudinem
1950 4599 2196 4654 conside-

625 4710 774 4760 rans,
819 4692 1051 4758 videbat,
1098 4700 1190 4745 ant
1231 4705 1421 4745 omnes
1448 4690 1735 4745 honoratos
1777 4691 1973 4746 debere
2007 4707 2066 4746 se
2107 4692 2195 4746 tali

630 4786 832 4840 honore
867 4783 1093 4854 dignari,
1136 4791 1189 4836 ut
1219 4779 1415 4836 Christi
1455 4782 1894 4850 dispensatorem,
1939 4792 2030 4838 aut
2068 4785 2199 4839 nulli

629 4892 742 4931 rem
769 4876 911 4930 illam
948 4873 1202 4942 praebere.
1233 4871 1543 4942 Respiciens
1568 4888 1775 4943 quoque
1817 4886 1869 4928 et
1899 4875 1963 4928 ad
2003 4891 2199 4930 mensm

633 4968 885 5024 tumultus
906 4975 962 5021 et
978 4966 1042 5019 ad
1065 4965 1476 5035 magnitudinem
1503 4967 1859 5036 impensarum
1888 4982 2197 5037 pauperum,

636 5058 910 5115 exhorruit
955 5074 1065 5112 rem
1121 5057 1287 5122 illam,
1330 5058 1542 5127 longum
1591 5059 1890 5113 valedicens
1945 5061 2206 5128 ejusmodi

641 5149 967 5214 maledictis;
1000 5147 1128 5202 illud
1165 5147 1234 5202 de
1258 5149 1872 5218 ActibusApostolorum
1905 5152 2003 5206 sibi
2032 5154 2205 5206 succi-

641 5261 812 5302 nens:
853 5243 958 5296 Viri
985 5248 1186 5313 fratres,
1227 5260 1327 5296 non
1368 5244 1481 5298 licet
1521 5244 1662 5298 nobis
1690 5245 1973 5299 nutristrare
2005 5249 2204 5313 mensis,

645 5337 728 5390 sed
753 5336 1112 5391 constituamus
1140 5335 1270 5388 uiros
1295 5335 1554 5406 religiosos
1582 5336 1649 5388 ad
1673 5336 1766 5388 hoc
1793 5352 1950 5406 Opus;
1979 5353 2069 5390 nos
2097 5353 2211 5390 vero

647 5445 872 5483 uocemus
899 5427 1244 5499 prtzdicationi
1265 5436 1312 5480 et
1339 5427 1552 5480 orationi
1577 5427 1711 5497 (Act.
1742 5429 1794 5482 6.
1823 5428 1876 5480 2.
1913 5427 1990 5498 4).
2015 5429 2213 5496 Quem-

642 5521 925 5575 admodum
963 5520 1107 5575 enim
1135 5532 1304 5587 equus
1328 5519 1602 5579 circensis,
1635 5519 1722 5589 qui
1762 5521 1987 5574 stadium
2015 5521 2214 5576 decur-

645 5628 765 5667 rere
790 5613 1014 5681 amplius
1041 5625 1144 5666 non
1176 5620 1369 5680 potest,
1410 5610 1475 5665 ad
1505 5614 1699 5667 molam
1730 5615 2010 5682 relegatur,
2045 5616 2218 5671 inlini-

643 5718 756 5762 tutu
805 5703 1059 5760 circulum
1105 5717 1300 5772 gyrans
1328 5719 1352 5755 ο.
1368 5703 1445 5756 sic
1489 5702 1555 5758 ad
1599 5705 1807 5762 virtutis
1847 5720 2122 5762 sermones
2151 5713 2220 5780 pi-

2241 415 2490 471 grescens
2533 400 2718 456 doctor
2757 415 2994 456 mensam
3035 400 3190 472 quasi
3241 401 3370 453 retia
3414 400 3478 453 ad
3522 402 3814 470 captaudon

2242 491 2484 546 homines
2505 493 2785 562 prmtendit
2809 512 2822 547 :
2846 503 3003 563 atque
3029 493 3225 547 utinam
3247 490 3433 545 saltem
3455 491 3813 546 esurientibus

2240 592 2294 636 et
2319 584 2528 652 egenis!
2561 583 2701 638 unde
2731 584 2855 639 licet
2885 583 3307 638 benedictionem
3338 583 3548 637 Domini
3579 582 3771 636 lucrari
3798 601 3811 636 :

2244 671 2476 737 Esurivi,
2513 683 2556 726 et
2604 675 2822 728 satiastis
2862 676 2979 746 me(
3016 672 3202 729 Matth.
3229 673 3321 740 25,
3349 673 3462 742 55)
3506 691 3518 726 :
3569 673 3661 727 sed
3688 672 3817 727 solis

2243 767 2614 832 divitibus,-ut
2645 768 2782 822 bene
2819 768 3035 830 audiat,
3078 776 3167 821 aut
3205 767 3584 821 marcescibilis
3631 767 3814 836 gloria:

2244 872 2424 919 causa,
2468 865 2559 911 aut
2587 865 2644 910 ut
2674 857 2904 911 vicissim
2947 857 3014 911 ab
3056 857 3158 910 illis
3184 857 3449 920 invitetur,
3492 866 3584 910 aut
3614 858 3657 911 si
3687 857 3817 911 nihil

2246 949 2487 1014 istorum,
2518 957 2700 1003 utnon
2724 949 2860 1002 male
2883 949 3095 1014 audiat;
3125 950 3408 1003 immemor
3433 949 3820 1003 maledictionis

2247 1041 2456 1094 Domini
2505 1040 2774 1096 dicentis:
2817 1039 2902 1093 νω
2943 1040 3096 1107 vobis,
3140 1055 3257 1094 cum
3299 1041 3434 1094 vobis
3479 1041 3821 1095 benedixerint

2249 1140 2417 1178 omnes
2474 1125 2698 1178 homines
2743 1123 2892 1194 (Luc.
2926 1125 2977 1178 6.
3008 1123 3121 1192 26).
3167 1124 3280 1177 Νοη
3321 1124 3474 1184 dixit,
3533 1124 3818 1193 Pauperes,

2249 1217 2364 1283 sed,
2401 1216 2662 1271 Homines.
2695 1218 2939 1272 Similiter
2965 1219 3093 1271 enim
3123 1217 3372 1286 faciebant
3400 1217 3544 1288 falsis
3570 1218 3824 1287 prophetis

2252 1322 2416 1380 putres
2443 1326 2635 1363 eorum.
2677 1309 2790 1363 Non
2835 1323 3134 1378 quasi-amns
3176 1309 3334 1377 igitur
3373 1320 3430 1363 ut
3470 1324 3616 1363 vana:
3640 1309 3824 1379 gloria:

2251 1401 2450 1469 cupidi,
2493 1417 2526 1454 ο
2563 1400 2861 1465 Theodore,
2912 1399 3025 1454 falsi
3073 1399 3340 1469 prophetae
3383 1400 3626 1470 gloriam.
3680 1399 3825 1454 Venit

2253 1495 2385 1546 enint
2411 1493 2655 1554 Joannes,
2690 1509 2844 1563 neque
2886 1491 3197 1546 manducans
3239 1509 3395 1562 neque
3430 1493 3616 1552 bibens.
3651 1494 3715 1572 jn
3742 1494 3824 1548 via

2248 1585 2500 1656 justitiaz;
2525 1595 2570 1639 et
2599 1585 2790 1650 dicunt,
2826 1585 3142 1639 Dtemonium
3162 1585 3327 1640 habet.
3368 1585 3510 1640 Venit
3537 1587 3703 1642 Filius
3732 1590 3826 1641 Ito-

2255 1679 2404 1731 tninis
2431 1677 2742 1732 manducans
2783 1689 2829 1733 et
2857 1679 3045 1744 bibens,
3085 1690 3132 1732 et
3172 1679 3383 1732 dicunt:
3412 1678 3542 1733 Ecce
3567 1681 3715 1734 homo
3745 1697 3830 1735 uo-

2245 1785 2370 1846 rax,
2417 1779 2463 1822 et
2487 1769 2587 1822 vini
2615 1779 2780 1838 potor,
2814 1769 3191 1840 publicanorum
3222 1771 3413 1825 amicus
3442 1783 3487 1824 et
3513 1782 3830 1843 peccatorum
3908 1779 3917 1789 '

2242 1859 2470 1927 '(Matth.
2501 1862 2587 1915 Η.
2619 1862 2704 1916 18.
2732 1861 2841 1931 19).
2869 1862 3018 1916 Duc.
3050 1861 3163 1916 Non
3192 1872 3246 1916 ut
3272 1863 3487 1916 omnino
3516 1865 3828 1931 vitupercm,

2258 1951 2458 2021 optime
2487 1948 2663 2016 Pater,
2705 1962 2795 2005 aut
2833 1953 3065 2007 insecter
3109 1953 3264 2007 talem
3307 1955 3428 2007 vitae
3472 1954 3829 2018 severitatem,

2260 2043 2396 2099 hanc
2445 2045 2912 2114 interrogationem
2964 2046 3252 2116 interposui
3297 2056 3497 2102 exacta:
3544 2048 3832 2104 narrationi

2263 2145 2402 2190 tuin:
2436 2137 2667 2191 sciebam
2711 2121 2852 2192 enim
2895 2147 2947 2192 et
2979 2153 3046 2193 ex
3086 2139 3196 2208 ipsa
3238 2139 3372 2193 fama
3421 2151 3474 2193 et
3515 2156 3580 2194 ex
3624 2141 3834 2210 scriptis

2261 2227 2379 2296 ejus
2403 2244 2519 2297 qua:
2556 2227 2620 2281 ad
2652 2243 2747 2281 nos
2773 2215 3150 2298 pervenerun't,
3182 2241 3234 2283 et
3260 2246 3322 2284 ex
3355 2229 3584 2285 homiliis
3611 2242 3702 2285 aut
3725 2233 3836 2298 epi-

2263 2319 2434 2380 stolis,
2477 2318 2574 2372 viri
2615 2319 2756 2372 illius
2801 2320 3126 2389 propositum
3158 2321 3286 2375 :sed
3323 2329 3379 2374 ut
3421 2321 3536 2388 ejus
3569 2323 3836 2391 proposito

2263 2421 2561 2480 comperto,
2586 2427 2696 2466 rem
2721 2411 2861 2465 illam
2889 2415 3188 2467 azmularer.
3220 2413 3348 2479 Quis
3369 2415 3508 2468 enim
3537 2415 3671 2469 adeo
3691 2416 3836 2470 omni

2266 2518 2328 2555 ex
2353 2511 2498 2570 parte
2525 2501 2750 2556 stolidus
2771 2511 2871 2568 est,
2902 2513 2959 2556 ut
2989 2503 3193 2573 ignoret
3215 2505 3385 2572 majus
3406 2520 3524 2559 esse
3549 2505 3839 2560 detrimen-

2267 2599 2376 2646 tum
2408 2609 2470 2645 ex
2499 2607 2678 2646 mensa
2703 2608 2859 2663 quam
2883 2593 3108 2661 lucrum,
3143 2594 3240 2648 nisi
3271 2610 3405 2664 opus
3433 2597 3501 2650 sit
3524 2597 3574 2650 in
3607 2597 3838 2652 necessiv

2269 2690 2376 2736 tate
2395 2690 2604 2736 sanctos
2629 2683 2856 2753 hospitio
2875 2685 3159 2756 excipere?
3182 2685 3353 2740 EPISC.
3379 2686 3500 2741 Hinc
3516 2698 3570 2742 et
3590 2702 3688 2758 ego
3708 2687 3835 2753 dixi,

2269 2775 2505 2829 veritatis
2533 2775 2895 2830 amantissime
2924 2776 3222 2842 Theodore,
3269 2791 3372 2831 non
3415 2789 3708 2833 extenuans
3734 2781 3839 2834 vir-

2271 2873 2435 2920 tutem
2468 2876 2672 2934 patrum
2703 2876 3028 2933 nostrorum,
3069 2871 3296 2922 maxime
3343 2869 3732 2937 hoSpitalitatis.
3766 2871 3842 2925 Ex

2273 2957 2555 3011 virtutibus
2587 2958 2730 3012 enim
2761 2960 2968 3014 caeteris
2989 2976 3105 3029 quae
3131 2959 3196 3013 ad
3222 2961 3471 3030 pietatem
3511 2962 3752 3028 tendunt,
3780 2978 3843 3018 ea

2273 3063 2376 3101 una
2413 3057 2495 3104 est
2534 3064 2628 3118 per
2649 3065 2805 3119 quam
2847 3049 3045 3104 domini
3089 3051 3424 3122 patriarchm,
3471 3053 3610 3109 alius
3631 3055 3844 3125 qualem

2273 3139 2608 3195 Servatorem
2639 3141 2800 3194 Deum
2828 3142 3100 3196 convivam
3125 3153 3310 3197 nactus
3338 3153 3439 3208 est,
3472 3144 3607 3199 alter
3631 3146 3847 3214 angelos

2275 3229 2511 3299 hospites
2551 3232 2763 3298 habuit;
2810 3233 2945 3287 alius
2986 3235 3197 3302 quidem
3238 3235 3400 3288 tilium
3460 3235 3510 3288 iu
3551 3243 3843 3302 senectute,

2278 3327 2414 3380 alter
2438 3341 2564 3380 vero
2591 3326 2812 3381 salutem
2838 3341 2868 3380 e
2891 3325 3137 3380 Sodomis
3163 3342 3282 3381 cum
3314 3327 3519 3382 filiabus
3549 3328 3846 3383 mercedem

2279 3417 2416 3471 nacti
2443 3435 2455 3470 :
2482 3416 2547 3471 de
2576 3417 2768 3486 quibus
2813 3427 2867 3472 et
2908 3419 3178 3486 apostolus
3221 3421 3313 3482 ait,
3361 3421 3596 3474 excitans
3645 3435 3742 3476 nos
3784 3421 3849 3476 ad

2281 3507 2652 3574 imitationem,
2687 3506 3061 3577 Hospitalitatis
3090 3525 3154 3563 ne
3188 3509 3550 3564 obliviscamini
3584 3527 3601 3564 :
3625 3529 3714 3580 per
3740 3528 3851 3565 eam

2282 3602 2414 3652 enim
2441 3598 2647 3669 quidam
2675 3600 2879 3671 angelos
2915 3600 3129 3670 hospitio
3157 3612 3448 3667 receperunt
3475 3603 3551 3656 vel
3583 3603 3852 3656 nescientes

2285 3689 2467 3760 (Hebr.
2498 3692 2584 3746 l3.
2616 3691 2692 3763 2).
2721 3692 2940 3762 Oportet
2981 3702 3152 3747 autem
3200 3692 3462 3762 hospitum
3494 3703 3853 3763 susceptorem

2284 3797 2340 3843 et
2361 3785 2690 3857 prudentiam
2735 3787 2996 3853 serpentis
3023 3785 3218 3841 habere
3257 3795 3310 3840 et
3349 3786 3738 3856 simplicitatem
3765 3801 3858 3841 co-

2286 3881 2499 3946 lumbae,
2527 3879 2732 3934 duobus
2763 3879 2970 3932 Domini
3005 3878 3158 3932 dictis
3187 3877 3642 3949 obtemperantem
3668 3894 3681 3930 :
3714 3878 3856 3943 huic,

2291 3971 2443 4026 Omni
2485 3971 2666 4039 petenti
2709 3979 2757 4024 te
2798 3971 2957 4023 tribue
2992 3970 3138 4041 (Luc.
3181 3969 3234 4024 6.
3284 3969 3412 4037 30);
3458 3977 3512 4023 et
3546 3969 3688 4034 huic,
3739 3967 3861 4022 Non

2289 4080 2486 4117 onmem
2514 4064 2762 4116 hominem
2789 4062 3018 4115 introduc
3057 4062 3110 4114 in
3151 4062 3354 4116 domum
3385 4073 3523 4116 tuam
3550 4059 3738 4133 (Eccli.
3767 4061 3857 4126 il,

2290 4155 2406 4224 5|),
2451 4169 2519 4208 ne
2556 4153 2738 4224 lupum
2783 4169 2878 4221 pro
2917 4167 3015 4207 ove
3056 4152 3362 4217 admittens,
3413 4161 3504 4207 aut
3545 4167 3726 4207 ursum
3767 4166 3866 4220 pro

2293 4245 2449 4309 bove,
2481 4245 2677 4299 damno
2704 4244 2905 4298 lucrum
2934 4254 3221 4314 permutes.
3264 4244 3442 4299 Primo
3483 4255 3659 4300 autem
3692 4247 3864 4302 locum

2295 4335 2520 4406 probare
2548 4333 2728 4402 debet,
2775 4335 2829 4388 in
2857 4349 2962 4405 quo
2995 4334 3315 4392 constitutus
3345 4346 3448 4400 est,
3489 4352 3556 4391 an
3601 4337 3864 4404 desertus,

2295 4443 2361 4481 an
2385 4426 2665 4498 frequens;
2689 4427 2880 4482 deinde
2905 4428 3171 4498 ingenium
3201 4444 3377 4495 suum,
3405 4444 3470 4482 an
3494 4430 3659 4498 possit
3681 4430 3871 4484 absur-

2297 4518 2396 4572 dos
2441 4534 2617 4573 mores
2663 4520 2923 4585 tolerare;
2965 4529 3091 4575 tunc
3129 4518 3442 4590 dignoscere
3483 4521 3572 4590 qui
3612 4521 3872 4577 beneficio

2300 4611 2438 4666 afﬁci
2467 4611 2643 4675 debet,
2686 4627 2751 4665 an
2779 4612 2925 4667 dives
2952 4613 3019 4666 sit
3043 4629 3108 4665 an
3151 4628 3369 4682 pauper,
3399 4630 3465 4667 an
3499 4629 3659 4668 sanus
3687 4629 3754 4668 an
3785 4615 3871 4668 in-

2302 4704 2502 4766 firnms,
2528 4719 2593 4756 an
2616 4703 2734 4757 cibo
2757 4713 2909 4772 egeat
2935 4720 3000 4757 an
3027 4705 3296 4759 vestibus:
3321 4706 3370 4758 in
3396 4706 3475 4759 his
3495 4706 3636 4760 enim
3659 4716 3872 4762 actuosa

2304 4794 2664 4848 misericordia
2707 4805 3013 4863 occupatur.
3057 4795 3248 4850 Beatus
3280 4798 3419 4850 enim
3461 4796 3728 4850 Abraham
3769 4812 3877 4851 non

2305 4887 2570 4949 consules,
2614 4902 2720 4941 non
2749 4888 2930 4954 duces,
2963 4903 3068 4942 non
3098 4889 3459 4956 praecellentes
3489 4890 3644 4957 hujus
3683 4890 3876 4943 terreni

2309 4978 2486 5032 szeculi
2516 4979 2656 5030 viros
2691 4979 2897 5047 excepit
2923 4977 3173 5050 hospitio,
3221 4979 3358 5048 apud
3388 4997 3521 5050 quos
3551 4990 3732 5035 essent
3761 4983 3881 5050 equi

2310 5084 2463 5122 camo
2503 5077 2591 5121 aut
2645 5067 2795 5122 freno
2836 5079 3196 5132 coruscantes,
3234 5081 3325 5123 aut
3362 5078 3609 5124 sarabara
3654 5088 3760 5127 azre
3791 5088 3882 5127 so—

2313 5161 2489 5213 nantia
2522 5159 2783 5231 superbize
2825 5161 3100 5230 strepitum
3143 5162 3209 5216 de
3247 5162 3401 5231 longe
3430 5165 3760 5228 eructantia;
3790 5163 3884 5220 sed

2313 5253 2580 5308 desertum
2625 5253 2865 5309 habitans
2906 5256 3099 5320 locum,
3131 5271 3196 5310 eo
3233 5257 3612 5316 convenientes
3651 5257 3884 5325 excipie-

2317 5345 2425 5399 bat.
2458 5344 2559 5411 Qui
2583 5355 2757 5399 autem
2789 5345 3053 5400 desertum
3086 5347 3399 5411 transibant,
3427 5359 3517 5400 aut
3540 5357 3753 5417 propter
3778 5348 3888 5402 vir-

2320 5445 2485 5490 tutem
2516 5437 2730 5490 adibant
2756 5437 2821 5490 ad
2860 5436 3228 5506 patriarcham,
3270 5448 3362 5490 aut
3386 5448 3603 5507 propter
3630 5437 3890 5492 mendici-

2321 5529 2560 5591 citatem,
2604 5543 2722 5597 quae
2761 5529 2944 5581 ultima
2991 5539 3270 5598 paupertas
3299 5540 3401 5582 est.
3433 5529 3721 5598 Paupertas
3750 5530 3892 5584 enim

2326 5621 2558 5676 medium
2602 5627 2685 5673 est
2728 5620 2867 5674 inter
2892 5634 3168 5674 excessum
3197 5629 3251 5674 et
3279 5619 3540 5675 defectum
3575 5636 3893 5676 :escessnm

2325 5711 2537 5783 quidem
2564 5711 2887 5778 divitiarum,
2935 5709 3197 5767 defectum
3226 5726 3352 5766 vero
3395 5711 3768 5769 mendicitatis.
3817 5715 3890 5767 Si-
