4114 6392
307 414 379 472 89
1313 409 1402 465 DE
1439 404 1604 466 VITA
1645 406 1702 464 S.
1741 407 2030 464 JOANNIS
2065 408 2576 469 CHRYSOSTOMI.
3511 414 3574 470 ιο

309 542 472 614 τέρας
491 539 678 601 αὑτοῦ,
711 538 1447 612 τὴνκόνιν-ἀπομαξάμενος,
1480 537 1574 592 καὶ
1604 536 1740 606 πρὸς
1764 537 1898 607 Χρι-

311 629 437 680 στὸν
482 625 834 696 διαπεράσας,
866 625 942 689 ὡς
967 624 1299 694 γέγραπται*
1339 622 1537 687 Ἦξεις
1570 619 1638 674 δὲ
1675 621 1764 684 είς
1794 618 1899 672 τόν

309 708 502 778 τάφον
534 724 650 762 σου
679 707 882 777 ὥσπερ
924 709 1094 774 σῖτος
1125 705 1339 775 ὥριμος
1375 707 1525 759 κατὰ
1561 703 1774 772 καιρὸν
1801 705 1898 755 θε-

303 791 626 862 ριζόμενος·
656 793 1016 861 παρανόμων
1035 791 1104 845 δὲ
1126 792 1314 861 ψυχαί
1335 790 1509 858 ἆωροι
1530 785 1900 843 ἀποθανοῦν-

309 893 422 930 ται.
455 875 720 940 Τοσοῢτος
751 876 806 929 δὲ
838 876 1005 947 ἐσμὸς
1049 876 1339 947 παρθένων
1378 875 1473 929 καὶ
1507 873 1766 945 ἀσκητῶν
1802 871 1898 923 καὶ⁸

307 961 418 1013 τῶν
439 962 531 1014 ἐπὶ
560 960 849 1032 σεμνότητι
893 960 1008 1031 βίου
1064 959 1527 1032 μαρτυρουμένων
1567 957 1752 1028 παρῆν
1785 954 1895 1008 ἀπό

305 1061 366 1098 τε
399 1043 598 1114 Συρίας
623 1046 718 1097 καὶ
765 1043 1021 1108 Κιλικίας
1063 1046 1159 1097 καὶ
1194 1044 1398 1096 Πόντου
1441 1041 1537 1096 καὶ
1577 1039 1896 1110 Ἀρμενίας,

305 1128 382 1192 ὡς
435 1129 564 1192 τοὺς
606 1128 836 1192 πολλοὺς
885 1128 1104 1196 νομίσαι
1153 1127 1263 1184 ἀπὸ
1317 1125 1661 1197 συνθήματος
1697 1123 1898 1186 αὐτοὺς

308 1214 736 1282 παραγενέσθαι.
804 1212 1217 1282 Ἐνταφιασθεὶς
1275 1211 1332 1264 δὲ
1398 1212 1495 1264 καὶ
1555 1206 1894 1280 ὲορτασθεὶς,

308 1298 562 1369 καθάπερ
599 1296 836 1368 ἀθλητὴς
865 1297 1160 1368 νικηφόρος
1200 1296 1260 1349 τὺ
1294 1295 1598 1365 σωμάτιον,
1628 1293 1899 1350 θάπτεται

309 1383 448 1452 μετά
477 1381 572 1435 τού
603 1381 928 1436 Βασιλίσκου
965 1383 1023 1433 ὲν
1046 1379 1125 1449 τῷ
1158 1379 1306 1450 αὐτῷ
1335 1379 1642 1451 μαρτυρίῳ.

377 1467 533 1520 ΚΕΦ.
571 1465 672 1520 lB'.
703 1495 775 1506 —
809 1465 952 1537 Πρὸς
973 1464 1182 1526 τούτοις
1216 1467 1244 1518 6
1277 1463 1554 1540 Θεόδωρος
1584 1461 1897 1532 ἐπιθαυμά-

309 1566 406 1614 σας
442 1552 624 1621 ῆρετο,
662 1551 836 1619 λέγων
867 1551 927 1603 τὸ
951 1550 1238 1620 γραφικόν·
1291 1547 1509 1620 Ἐπειδὴ
1560 1547 1892 1625 γέγραπται,

305 1635 404 1702 Μὴ
447 1634 812 1704 ’ἀστοχήσῃς
859 1633 1222 1704 διηγήματος
1278 1635 1594 1700 γερόντων·
1649 1631 1746 1684 καί
1786 1631 1897 1704 γὰρ

306 1720 403 1772 καὶ
427 1718 595 1772 αὐτοὶ
625 1719 785 1786 παρὰ
803 1711 922 1772 τῶν
942 1717 1214 1787 πατέρων
1242 1719 1484 1787 ἔμαθονο
1514 1717 1723 1780 ἀόκνως
1763 1717 1898 1786 φρά-

309 1819 400 1857 σον
444 1805 573 1874 ῆμῖν
616 1802 698 1866 τίς
732 1803 938 1873 ήαίτία
967 1802 1060 1854 τοῦ
1114 1801 1276 1872 μόνον
1316 1801 1477 1853 αὑτὸν
1521 1799 1746 1861 ἐσθίειν,
1799 1801 1896 1854 καὶ

307 1889 356 1939 εί
399 1885 614 1957 άληθῶς
667 1886 848 1956 μόνος,
896 1885 972 1949 ὠς
999 1885 1270 1952 λέγουσιν,
1314 1883 1599 1957 ῆσθιεν.⁹υ
1643 1885 1890 1940 ἘΠΙΣΚ.

320 1970 676 2041 Ὤμολόγηται
728 1970 846 2040 μὲν,
874 1971 956 2023 ὅτι
1005 1970 1164 2040 μόνος
1208 1967 1412 2041 ῆσθιεν·
1461 1969 1562 2022 οὐκ
1596 1967 1897 2040 ἐϐουλόμην

306 2052 364 2106 δέ
428 2071 505 2108 σε,
563 2054 804 2126 Θεόδωρε
843 2053 1238 2125 ἐμμελέστατε,
1291 2053 1360 2107 τά
1407 2052 1516 2106 τῶν
1546 2053 1896 2124 γαστριμάρ-

308 2155 421 2205 γων
481 2138 690 2207 νηπίων
738 2139 1022 2210 διερωτᾷν.
1098 2138 1264 2210 Ἀνὴρ
1314 2138 1424 2210 γάρ
1479 2138 1766 2210 ὑπάρχων,
1797 2137 1897 2201 τὰς

307 2221 518 2289 ἀνδρῶν
546 2221 748 2292 ἀρετάς
798 2221 1079 2293 ἐπιζητεῖν
1129 2221 1384 2291 ὀφείλεις,
1432 2222 1550 2284 πῶς
1599 2215 1713 2292 εἷχε
1766 2222 1897 2291 περὶ

307 2303 558 2374 ἀφοϐίας,
605 2306 731 2374 περὶ
770 2307 1089 2378 χρημάτων,
1142 2306 1272 2378 περ)⁸
1313 2304 1690 2375 σωφροσύνης,
1721 2304 1896 2375 πραΰ-

309 2390 471 2460 τητός
509 2406 568 2442 τε
622 2392 717 2444 καὶ
743 2390 1112 2461 δικαιοσύνης,
1150 2389 1541 2461 ὲλεημοσύνης,
1574 2387 1892 2460 φρονήσεώς

308 2489 369 2526 τε
400 2474 494 2527 καὶ
521 2475 794 2546 ἀνδρείας,
839 2477 935 2529 καὶ
961 2474 1131 2546 λήθης
1158 2476 1192 2546 ἢ
1256 2476 1496 2546 μνήμης.
1552 2472 1758 2546 Βρῶμα
1788 2473 1896 2545 γάρ

308 2559 458 2628 ἡμεῖς
482 2559 542 2611 ού
575 2559 872 2631 παρίστησι
902 2558 978 2630 τῷ
1010 2557 1149 2628 Θεῷ,
1175 2557 1300 2612 οὔτε
1323 2559 1416 2612 ὲάν
1450 2557 1735 2626 φάγωμεν,
1770 2555 1896 2610 οὔτε

309 2643 408 2696 ἐάν
441 2643 516 2715 μὴ
551 2644 836 2714 φάγωμεν,
873 2643 1010 2697 ἀλλά
1042 2642 1245 2712 γνῶσις
1281 2641 1418 2714 μετά
1465 2641 1718 2712 πράξεως
1745 2641 1900 2712 ἑνερο

313 2730 578 2802 γουμένη.
621 2729 796 2792 Αὐτὸς
847 2729 905 2782 δὲ
937 2728 1093 2800 ῆσθιε
1132 2728 1311 2799 μόνος,
1353 2726 1429 2789 ὡς
1461 2728 1525 2779 ὲκ
1559 2725 1760 2797 μέρους
1809 2742 1899 2794 γι-

311 2812 526 2874 νώσκω,
570 2814 659 2868 διὰ
703 2813 907 2877 ταύτας
950 2812 1049 2875 τὰς
1091 2812 1291 2875 αἰτίαςο
1344 2811 1568 2882 Πρῶτον
1617 2811 1716 2881 μὲν
1757 2806 1897 2864 οἶνον

311 2898 411 2950 οὐκ
440 2897 589 2951 ἔπινε
617 2899 706 2952 διὰ
751 2897 850 2968 τὴν
891 2900 990 2969 τῆς
1039 2895 1284 2966 κεφαλῆς
1322 2894 1554 2965 θέρμην,
1591 2896 1639 2946 εί
1689 2894 1761 2964 μή
1791 2910 1894 2946 που

313 2984 372 3036 ἂν
399 2985 510 3048 τοῖς
552 2982 798 3054 καύμασι
841 2982 920 3054 τῷ
965 2981 1055 3036 διὰ
1111 2981 1276 3052 ῥόδων
1327 2980 1562 3050 ἐχρῆτο·
1618 2978 1892 3050 δεύτερον,

311 3067 394 3120 ὃτι
412 3065 566 3132 τάξιν
593 3070 621 3120 ό
651 3067 920 3138 στόμαχος
949 3064 1114 3118 αὐτοῦ
1143 3065 1244 3118 οὐκ
1271 3059 1415 3133 εἶχεν
1437 3063 1545 3116 ἀπό
1563 3079 1708 3126 τινος
1732 3064 1894 3116 ἀσθε-

311 3151 480 3217 νείας,
501 3152 592 3223 ⁸ῶς
627 3151 886 3221 πολλάκις
918 3150 986 3204 τά
1007 3147 1435 3220 εὐτρεπισθέντα
1468 3147 1608 3218 ἀηδῆ
1635 3147 1894 3217 φανῆναι,

312 3238 409 3291 καὶ
437 3237 714 3309 ἐπιζητεῖν
739 3237 809 3290 τά
845 3235 920 3307 μὴ
940 3235 1203 3306 παρόντα.
1236 3229 1370 3286 Εἶτα
1397 3229 1465 3304 ῆν
1484 3233 1574 3286 ὅτε
1601 3233 1695 3286 καὶ
1723 3231 1897 3303 λήθην

311 3319 584 3391 ἐλάμϐανε
614 3320 722 3374 τῶν
749 3319 1080 3390 βρωμάτων,
1121 3317 1468 3388 παρατείνων
1492 3316 1596 3380 ἓως
1627 3316 1894 3385 ἑσπέρας,

311 3403 472 3459 τοῦτο
504 3406 602 3476 μὲν
629 3407 752 3468 ταῖς
780 3404 1264 3474 ἐκκλησιαστικαῖς
1303 3400 1682 3472 διασπώμενος
1727 3418 1895 3473 φρον-

311 3491 443 3554 τίσι,
476 3490 633 3544 τοῦτο
652 3491 708 3543 δὲ
729 3492 851 3552 ταῖς
883 3489 1282 3558 πνευματικαῖς
1313 3484 1732 3558 περισπώμενος
1757 3485 1895 3539 θεω-

316 3575 486 3641 ρίαις·
523 3572 822 3644 ἠγωνίζετο
854 3574 960 3642 γὰρ
989 3573 1155 3642 μηδὲν
1184 3573 1413 3642 ἀπορεῖν
1439 3569 1546 3624 τῶν
1568 3571 1729 3624 θείων
1756 3570 1897 3640 Γρα-

313 3657 431 3728 φῶν
451 3673 465 3686 ·
498 3657 644 3728 φιλεῖ
669 3657 726 3709 δέ
757 3674 876 3720 πως
905 3656 974 3708 τά
1003 3653 1229 3708 τοιαῦτα
1262 3654 1295 3726 ἢ
1323 3654 1422 3726 τὴν
1463 3653 1702 3716 ἀσιτίαν,
1738 3653 1770 3723 ἢ
1798 3653 1898 3720 τὴν

313 3741 685 3812 κουφοσιτίαν.
712 3740 874 3804 Ἐθος
898 3740 954 3792 δὲ
972 3742 1082 3803 τοῖς
1111 3739 1450 3809 δαιτυμόσιν,
1485 3738 1580 3792 ἐὰν
1613 3737 1690 3808 μῆ
1712 3737 1896 3800 αὐτοῖς

312 3842 398 3889 τις
445 3824 750 3897 συνιδρώσῃ
774 3837 798 3864 α
829 3826 862 3895 ἦ
905 3823 1315 3894 συμϐροχθήσῃ,
1347 3822 1380 3892 ἢ
1418 3823 1780 3892 συγκαγχάσῃ
1807 3822 1899 3888 γέ-

313 3909 444 3962 λωτι
487 3909 706 3980 ἀσήμῳ,
757 3909 846 3960 ἐπ’
879 3908 1064 3978 ἄκρων
1115 3906 1394 3959 δακτύλων
1441 3906 1671 3977 χλιαράν
1718 3907 1899 3976 φέρων

312 3995 412 4064 τήν
455 3992 650 4048 κύλικα
669 4036 683 4057 ,
715 3994 795 4055 είς
831 3991 1168 4063 κακηγορίαν
1195 3992 1346 4058 ἄγειν
1372 3991 1471 4061 τὴν
1493 3990 1594 4060 τῆς
1619 3989 1897 4062 τραπέζης

315 4077 824 4149 φιλοφροσύνην.Τδ
853 4077 897 4129 δ’
924 4075 1065 4134 ὅλον,
1088 4075 1164 4138 ὡς
1186 4070 1359 4144 οἶμαι,
1385 4075 1481 4128 καὶ
1508 4073 1895 4146 ἀληθέστερον,

315 4161 570 4230 φειδωλὸς
595 4157 669 4232 ῆν
696 4161 921 4227 εἰσάγαν
959 4157 1094 4229 πρὸς
1125 4158 1253 4221 τοὺς
1289 4156 1388 4226 τῆς
1416 4158 1648 4228 τρυφῆς.
1685 4158 1899 4228 ἱεροσυ-

313 4245 432 4299 λίαν
477 4245 711 4316 νομίζων
750 4245 848 4315 τὴν
886 4247 965 4306 είς
990 4245 1117 4306 τοὺς
1144 4242 1420 4304 τοιούτους
1447 4241 1694 4312 δαπάνην
1719 4257 1730 4268 ·
1758 4241 1896 4311 δμοῦ

314 4330 410 4383 καὶ
450 4329 557 4383 τῶν
587 4329 887 4398 οἰκονόμων
913 4328 1008 4390 τὰς
1036 4327 1132 4396 τῆς
1157 4325 1367 4395 κλοπῆς
1398 4323 1654 4396 ἀφορμάς
1680 4325 1903 4394 περικό-

314 4432 486 4474 πτων,
518 4415 604 4467 ἵνα
654 4415 726 4485 μὴ
760 4412 1238 4466 δεκαπλασιάσωσι
1285 4411 1383 4472 τὰς
1416 4408 1584 4479 τιμάς
1612 4408 1720 4461 τῶν
1753 4408 1900 4476 όψως-

313 4499 442 4552 νίων
473 4500 530 4550 ὲν
584 4501 694 4560 τοῖς
742 4496 999 4567 βρεϐίοις,
1029 4494 1127 4557 τὰς
1160 4493 1267 4547 τῶν
1295 4494 1540 4563 πενήτων
1576 4492 1900 4561 σφετερισά·

319 4601 468 4655 μενοι
502 4583 712 4653 χρείας.
760 4582 902 4651 Πρὸς
938 4579 1148 4642 τούτοις
1182 4578 1241 4630 τὸ
1284 4577 1485 4648 πλῆθος
1509 4575 1664 4645 ὶ’τῆς
1694 4575 1900 4638 πόλεως
1959 4627 1964 4633 ,

315 4667 531 4728 ἐννοῶν,
561 4666 805 4727 ἐσκόπει,
843 4665 924 4717 ὅτι
966 4664 999 4734 ἢ
1035 4663 1144 4715 πᾶν
1187 4659 1404 4730 ἀξίωμα
1445 4658 1648 4728 ὀφείλει
1698 4658 1900 4729 ταύτης

312 4751 412 4822 τῆς
445 4749 612 4819 τιμῆς
642 4747 870 4812 ἀξιῶσαι
901 4748 977 4810 ὡς
1020 4743 1256 4816 Χριστοῦ
1289 4744 1594 4813 οἰκονόμος,
1631 4744 1667 4814 ἢ·
1713 4742 1916 4814 μηδενὶ.Δ

315 4836 618 4906 παρασχεῖν
653 4833 715 4886 τὺ
752 4832 1010 4902 πρᾶγμα.
1072 4826 1413 4895 Ἀποϐλέοζνας
1449 4827 1505 4880 δὲ
1557 4826 1636 4890 είς
1669 4843 1724 4879 τε
1775 4827 1902 4888 τοὺς

312 4921 412 4988 τῆς
445 4917 723 4988 τραπέζης
749 4913 1038 4983 θορύϐους,
1068 4913 1161 4966 καὶ
1193 4913 1271 4973 είς
1301 4911 1362 4962 τὸ
1398 4909 1600 4981 πλῆθος
1630 4909 1738 4962 τῶν
1766 4910 1900 4962 ἀνα-

315 5004 586 5074 λωμάτων
619 5002 728 5055 τῶν
767 4999 1082 5070 πτωχικῶν,
1133 4997 1419 5068 ἐφρικίασε
1471 4996 1608 5065 πρὸς
1655 4996 1716 5049 τὸ
1761 4997 1902 5068 πρά-

315 5111 451 5164 γμα,
509 5092 728 5164 μακράν
764 5091 976 5162 χαίρειν
1011 5087 1181 5142 εἰπὼν
1217 5090 1337 5150 ταῖς
1367 5086 1647 5150 τοιαύταις
1673 5087 1901 5139 κακολο-

317 5185 485 5250 γίαις,
527 5182 706 5236 καὶτὸ
741 5179 850 5232 τῶν
889 5176 1150 5250 Πράξεων
1179 5174 1358 5246 ἐαυτῷ
1396 5175 1716 5246 κατεπᾴδων
1737 5193 1750 5204 ·
1775 5176 1902 5228 Ἀν-

314 5271 452 5338 δρες
486 5269 758 5337 ἀδελφοί,
811 5270 922 5322 οὐκ
969 5265 1114 5330 ἐξὸν
1150 5264 1296 5335 ἡμῖν
1349 5263 1660 5338 τραπέζαις
1701 5262 1903 5316 διακο-

315 5361 466 5423 νεῖν,
498 5360 662 5416 ἀλλὰ
695 5355 1175 5424 καταστήσωμεν
1204 5354 1429 5423 ἄνδρας
1475 5351 1752 5417 εὐλαϐεῖς
1799 5351 1900 5406 ἐπὶ

317 5448 428 5518 τῆς
456 5449 694 5519 χρείας·
725 5446 899 5517 ἡμεῖς
941 5443 1010 5497 δὲ
1059 5443 1466 5512 σχολάσωμεν
1494 5441 1574 5506 τῷ
1604 5443 1764 5510 λόγῳ
1801 5439 1900 5492 καὶ

316 5536 391 5606 τῇ
421 5535 756 5606 προσευχῇ.
789 5536 1000 5604 Ὥσπερ
1033 5532 1143 5602 γὰρ
1169 5531 1478 5603 ἀγωνιστής
1498 5531 1664 5593 ἵππος
1696 5529 1903 5582 σταδιο-

316 5625 537 5697 δρομεῖν
570 5625 753 5679 οὐκέτι
795 5623 1116 5694 δυνάμενος,
1153 5621 1362 5692 μύλωνι
1409 5619 1901 5689 ἐγκατατάσσεται.

381 5802 410 5832 ⁸
435 5799 539 5849 Non
583 5801 724 5849 locus
762 5802 843 5848 est
868 5797 951 5846 hic
976 5790 1165 5844 sudori.
1210 5792 1367 5857 Lege,
1394 5792 1524 5843 facili
1571 5791 1903 5851 correctione,

323 5865 608 5926 συμόρώρῃ,
635 5869 688 5926 el
703 5874 824 5926 mox
850 5858 1192 5926 ayMpoﬁﬁaq.

382 5919 411 5967 ὗ
429 5919 602 5977 A'mbr';
622 5925 675 5973 τὸ
699 5923 825 5984 ἦθος.
853 5919 1032 5982 Georg.
1059 5919 1114 5966 τὸ
1135 5919 1324 5978 πλῆθος.

2003 525 2286 580 ἀτέλεστον
2321 527 2518 582 κύκλον
2554 526 2835 598 γυρεύων·
2871 525 3044 592 οὕτως
3095 527 3413 598 ἀποκνήσας
3437 527 3582 584 διδά-

2003 610 2197 673 σκαλος
2241 611 2378 682 πρὸς
2416 612 2544 674 τοὺς
2588 611 2685 681 τῆς
2736 611 2938 682 ἀρετῆς
2981 611 3194 680 λόγους,
3244 610 3344 683 τήν
3369 612 3435 664 ὲκ
3482 612 3582 682 τῆς

1998 694 2283 764 τραπέζης
2335 693 2700 764 προϐάλλεται
2751 693 2960 768 θήραν
3007 695 3104 747 καὶ
3156 694 3269 748 εἴθε
3316 694 3420 748 κᾶν
3468 697 3581 759 τοῖς

2000 778 2227 831 πεινῶσι
2273 779 2366 830 καὶ
2397 776 2695 848 δεομένοις,
2724 776 2846 831 ὅθεν
2875 777 3050 831 ἔνεστι
3085 778 3179 831 καί
3208 777 3462 852 κερδᾶναι
3490 783 3583 832 τὸν

2003 861 2352 932 μακαρισμὸν
2381 860 2474 914 τοῦ
2506 861 2800 926 Δεσπότου,
2829 861 2912 925 τὸ,
2953 861 3264 925 Ἐπεί-νων,
3289 862 3386 915 καί
3413 863 3584 932 ἐχορ-

1997 945 2221 1000 τάσατέ
2241 963 2318 1014 με
2339 963 2350 976 ·
2377 945 2492 998 ἀλλ’
2519 947 2553 1016 ἢ
2593 945 2782 1016 μόνοις
2803 945 3078 1010 πλουσίοις
3101 945 3180 1014 τῷ
3213 957 3236 985 °
3269 941 3330 999 εὖ
3352 945 3586 1002 ἀκοῦσαι

1999 1031 2236 1102 χάριν,ῆ
2271 1030 2430 1100 δόξης
2464 1031 2894 1102 μαραινομένης,
2921 1031 2954 1102 ἢ
2990 1030 3066 1102 τῷ
3095 1030 3295 1102 ὁμοίως
3327 1029 3585 1102 ἀντικλη-

2000 1113 2160 1185 θῆναι
2178 1132 2190 1143 ·
2229 1115 2262 1184 ἢ
2301 1115 2350 1166 εί
2376 1111 2580 1167 τούτων
2618 1114 2792 1176 οὐδὲν,
2821 1115 2908 1167 ἵνα
2945 1113 3019 1185 μὴ
3043 1113 3230 1178 κακῶς
3255 1112 3494 1188 ἀκούσῐγ
3521 1114 3584 1167 οὐ

2002 1199 2350 1270 μεμνημένος
2380 1197 2477 1250 τοῦ
2522 1197 2860 1268 ταλανισμοῦ
2908 1196 3002 1251 τοῦ
3047 1197 3253 1269 Κυρίου
3299 1192 3584 1266 λέγοντος·

1993 1283 2139 1336 Οὐαὶ
2185 1281 2356 1352 ὑμῖν,
2398 1281 2548 1336 ὅταν
2587 1281 2790 1348 καλῶς
2821 1281 2967 1351 ὑμῖν
3002 1282 3218 1336 ετπωσι
3259 1281 3485 1349 πάντες
3531 1285 3587 1336 οι

1999 1366 2320 1434 ἅνθρωποι.
2356 1365 2469 1419 Ούκ
2499 1362 2675 1429 εἶπεν,
2723 1367 2796 1422 0E.-
2817 1365 3050 1437 πτωχοὶ,
3092 1365 3230 1429 ἀλλ’,
3271 1369 3326 1421 οί
3355 1364 3582 1434 ἄνθρω⁹

1999 1465 2120 1504 ποι.
2148 1449 2310 1504 Κατὰ
2340 1449 2562 1503 ταυτὸν
2587 1449 2698 1517 γὰρ
2727 1450 2979 1506 ἐποίουν
3011 1449 3138 1516 τοῖς
3166 1448 3591 1518 ψευδοπροφή-

1997 1550 2129 1598 ταις
2151 1536 2205 1588 οἱ
2238 1532 2491 1603 πατέρες
2514 1531 2733 1588 αὐτῶν.
2767 1533 2858 1605 Μὴ
2899 1533 3152 1605 ζητῶμεν
3181 1530 3275 1588 οὖν
3307 1535 3383 1598 ὡς
3413 1536 3460 1588 οἱ
3490 1551 3585 1587 κε-

1998 1617 2218 1682 νόδοξοι,
2269 1610 2314 1669 ὦ
2348 1617 2626 1688 Θεόδωρε,
2671 1617 3117 1689 ψευδοπροφήτου
3168 1617 3344 1684 δόξαν.
3393 1613 3586 1672 Ἦλθε

2000 1700 2109 1771 γὰρ
2147 1699 2442 1769 Ἰωάινης,
2467 1701 2622 1771 μήτε
2649 1701 2897 1766 ἐσθίων,
2919 1699 3074 1770 μήτε
3112 1702 3324 1764 πίνων,
3372 1701 3429 1753 ἐν
3481 1699 3588 1769 6δῴ

1997 1783 2341 1854 δικαιοσύνης
2359 1803 2373 1815 ο
2405 1783 2505 1837 καί
2550 1783 2842 1853 λέγουσιν
2871 1800 2884 1816 ο
2907 1783 3225 1852 Δαιμόνιον
3252 1782 3398 1852 ἔχει.
3431 1778 3582 1839 Ἦλ-

1998 1871 2102 1922 θεν
2131 1871 2162 1923 ό
2200 1867 2333 1934 Υἱὸς
2358 1866 2466 1922 τοῦ
2499 1867 2816 1936 ἀνθρώπου
2851 1868 3072 1922 ἐσθίων
3100 1866 3198 1920 καὶ
3225 1868 3419 1920 πίνων
3441 1883 3453 1896 ·
3485 1867 3583 1920 καί

1998 1951 2291 2022 λέγουσιν
2316 1969 2329 1982 ·
2371 1951 2526 2007 Ἰδοὺ
2555 1952 2869 2020 ἅνθρωπος
2892 1951 3084 2021 φάγος
3117 1951 3214 2006 καὶ
3241 1951 3585 2018 οἰνοπότης,

2000 2035 2276 2091 τελωνῶν
2301 2035 2480 2105 φίλος
2501 2037 2598 2090 καὶ
2625 2033 3011 2106 ἁμαρτωλῶν.
3052 2037 3109 2088 '0
3141 2035 3323 2088 ΔΙΑΚ.
3356 2036 3429 2089 Οὐ
3452 2035 3586 2088 πάν-

2001 2137 2131 2182 τως,
2186 2112 2232 2173 ὦ
2279 2118 2470 2191 ἄριστε
2518 2119 2724 2190 Πάτερ,
2767 2117 2936 2190 ψέξας
2976 2119 3012 2191 ἢ
3063 2117 3430 2189 καταδραμὼν
3489 2119 3588 2190 τῆς

2000 2204 2261 2275 τοιαύτης
2301 2204 2607 2273 ἀσκήσεως,
2657 2204 2757 2274 τὴν
2791 2201 2984 2256 πεῦσιν
3021 2203 3372 2272 προσήγαγον
3401 2205 3467 2273 τῇ
3517 2205 3584 2272 σῇ

1999 2286 2386 2358 ἀκριϐολογίαο
2435 2286 2583 2357 ⁴ᾔδειν
2631 2285 2743 2358 γάρ
2770 2287 2864 2339 καὶ
2911 2284 2972 2350 ἐξ
3009 2285 3178 2355 αὐτῆς
3218 2287 3318 2357 τῆς
3370 2288 3583 2357 φήμης,

1999 2373 2094 2425 καὶ
2126 2373 2190 2424 ὲκ
2217 2371 2323 2423 τῶν
2363 2372 2443 2432 εἰς
2472 2371 2619 2440 ἡμᾶς
2661 2371 2984 2440 φθασάντων
3013 2371 3178 2424 αὑτοῦ
3213 2372 3586 2444 συγγραμμά-

1997 2471 2128 2521 των,
2179 2453 2492 2526 ῆόμιλιῶν,
2539 2453 2572 2524 ἢ
2615 2452 2936 2519 ἐπιστολῶν,
2966 2452 3065 2525 τήν
3111 2452 3206 2506 τοῦ
3249 2455 3442 2527 ἀνδρὸς
3473 2455 3588 2509 διάο

1998 2555 2174 2592 νοιαν⁹
2210 2537 2326 2590 ἀλλ’
2359 2537 2448 2591 ἵνα
2475 2537 2565 2590 τὸν
2601 2537 2802 2590 σκοπὸν
2837 2536 3046 2607 μαθὼν,
3087 2535 3324 2608 ζηλὼσω
3343 2540 3405 2593 τὸ
3443 2541 3586 2612 πρᾶ-

1998 2639 2136 2694 γμα.
2167 2621 2263 2685 Τίς
2291 2620 2401 2692 γάρ
2431 2619 2607 2683 οὕτως
2637 2622 2718 2683 είς
2756 2619 2902 2674 άπαν
2939 2618 3169 2689 ήλίθιος,
3213 2621 3303 2676 ἵνα
3337 2623 3587 2696 ἀγνοήσῃ

1999 2707 2080 2759 ὅτι
2112 2705 2313 2777 μείζων
2346 2706 2379 2776 ή
2410 2703 2584 2775 ζημία
2615 2703 2707 2757 τοῦ
2742 2705 2806 2756 ὲκ
2839 2703 3120 2775 τραπέζης
3149 2705 3395 2776 κέρδους,
3429 2709 3477 2761 εί
3511 2709 3586 2779 μή

2002 2808 2102 2842 που
2156 2788 2316 2860 χρεία
2369 2788 2596 2859 γένηται
2640 2788 2698 2840 ὲν
2729 2787 2945 2859 ἀνάγκη
2997 2787 3204 2854 ξενίσαι
3255 2789 3483 2859 ἀγίους;
3527 2791 3590 2845 ’0

2011 2874 2259 2926 ἘΠΙΣΚ.
2287 2873 2476 2928 Ταῦτα
2497 2868 2650 2926 εἷπον
2665 2871 2842 2941 κάγὼ,
2863 2872 3299 2943 φιλαληθέστατε
3316 2874 3587 2950 Θεόδωρε,

1999 2959 2100 3012 ούκ
2132 2957 2484 3022 ὲξευτελίζων
2509 2956 2609 3027 τὴν
2637 2955 2911 3026 πατρικήν
2943 2956 3168 3028 ἀρετὴν,
3207 2957 3446 3028 μάλιστα
3490 2959 3592 3030 τῆς

2002 3042 2325 3113 φιλοξενίας.
2376 3040 2493 3096 Μία
2525 3041 2634 3112 γάρ
2669 3042 2786 3094 ἐστι
2829 3039 2940 3094 τῶν
2985 3039 3189 3094 λοιπῶν
3231 3041 3445 3112 ἀρετῶν
3479 3043 3583 3096 τῶν

1999 3129 2081 3190 είς
2108 3125 2392 3179 εὐσέϐειαν
2425 3123 2840 3189 συντεινουσῶν,
2867 3123 2934 3178 δι’
2960 3117 3036 3178 ὧν
3065 3126 3160 3179 καὶ
3197 3128 3244 3180 οἱ
3272 3126 3454 3200 κύριοι
3482 3145 3590 3182 πα-

1999 3209 2280 3280 τριάρχαι,
2315 3211 2343 3262 ό
2369 3209 2468 3278 μὲν
2506 3209 2597 3261 τὸν
2629 3209 2858 3279 Σωτῆρα
2891 3208 3024 3262 Θεὸν
3051 3212 3118 3281 τῇ
3151 3209 3406 3282 τραπέζῃ
3458 3209 3587 3282 ἐθή-

2001 3310 2215 3364 ρευσεν,
2246 3295 2274 3346 ό
2301 3292 2356 3344 δὲ
2394 3294 2519 3354 τοὺς
2566 3292 2832 3361 ἀγγέλους
2881 3291 3119 3357 ἐξένισεν
3143 3308 3156 3320 ·
3198 3295 3227 3346 ό
3259 3294 3357 3364 μὲν
3389 3294 3503 3346 υἱὸν
3534 3297 3593 3348 ἐν

2001 3378 2182 3447 γήρει,
2217 3378 2246 3429 ό
2281 3375 2339 3428 δὲ
2387 3375 2664 3446 σωτηρίαν
2710 3375 2808 3446 τήν
2845 3379 2910 3430 ἐκ
2950 3376 3199 3447 Σοδόμων
3249 3376 3443 3447 μισθὸν
3491 3377 3592 3432 σὺν

1999 3463 2116 3524 ταῖς
2150 3459 2484 3530 θυγατράσιν
2518 3460 2810 3531 εὑράμενοι
2832 3477 2845 3490 ·
2880 3463 3010 3533 περὶ
3028 3455 3104 3515 ὧν
3135 3462 3230 3515 καὶ
3259 3463 3290 3514 6
3335 3463 3592 3517 ’Δπόστο-

2000 3544 2090 3609 λος
2135 3544 2304 3612 λέγει,
2346 3543 2650 3615 παρορμῶν
2679 3545 2827 3615 ἡμᾶς
2852 3547 2933 3608 είς
2966 3545 3026 3598 τὸ
3061 3544 3312 3617 μίμημα,
3350 3543 3466 3614 Τῆς
3492 3564 3592 3615 φι-

1997 3626 2300 3693 λοξενίας,
2329 3627 2522 3694 λέγων,
2548 3627 2635 3697 μὴ
2673 3627 3183 3684 ἐπιλανθάνεσθε·
3226 3628 3325 3683 διὰ
3368 3631 3592 3700 ταύτης

2002 3714 2112 3782 γὰρ
2153 3713 2376 3766 ἔλαθόν
2438 3729 2598 3778 τινες
2645 3711 3006 3778 ξενίσαντες
3039 3712 3353 3784 ἀγγέλους.
3409 3716 3502 3767 Δεῖ
3529 3714 3590 3771 δὲ

2001 3797 2091 3849 τὸν
2121 3795 2394 3866 ξενοδόχον
2423 3795 2482 3848 τὸ
2511 3795 2612 3866 μὲν
2633 3796 2896 3866 φρόνιμον
2927 3796 3070 3866 ἔχειν
3102 3796 3197 3850 τοῦ
3227 3796 3422 3866 ὄφεως,
3450 3797 3512 3850 τὸ
3535 3797 3593 3850 δὲ

2001 3881 2260 3951 ἀκέραιον
2277 3880 2376 3950 τῆς
2397 3880 2752 3950 περιστεράς,
2782 3878 3108 3950 πειθόμενον
3127 3883 3239 3944 τοῖς
3254 3879 3348 3934 δύο
3367 3880 3590 3949 λογίοις.

2004 3967 2097 4018 καὶ
2141 3965 2241 4036 τῷ,
2279 3965 2464 4018 Παντὶ
2499 3962 2577 4028 τῷ
2606 3964 2878 4018 αἰτοῦντί
2905 3980 2979 4018 σε
3012 3964 3208 4029 δίδου,
3239 3966 3332 4018 καὶ
3364 3965 3464 4036 τῷ,
3493 3965 3590 4032 Μὴ

2002 4048 2202 4102 πάντα
2232 4047 2553 4116 ἄνθρωπον
2575 4045 2863 4118 εἰσάγαγε
2895 4050 2982 4114 είς
3010 4049 3118 4102 τὸν
3141 4045 3311 4103 οἶκόν
3342 4065 3480 4115 σου,
3506 4049 3594 4104 ἴνα

2006 4133 2081 4203 μὴ
2119 4132 2283 4185 λύκον
2330 4132 2452 4184 ἀντὶ
2486 4130 2763 4202 προϐάτου
2811 4131 3132 4204 δεξάμενος,
3165 4133 3199 4204 ἦ
3235 4133 3439 4205 ἄρκτον
3471 4135 3593 4189 ἀντὶ

2005 4217 2145 4287 βοὸς,
2173 4219 2240 4287 τῇ
2285 4213 2458 4288 ζημίᾳ
2493 4217 2556 4268 τὸ
2595 4215 2790 4287 κέρδος
2823 4216 3214 4291 ἀπεμπολήσῃ.
3270 4216 3594 4290 Δοκιμάζειν

2001 4301 2058 4356 δὲ
2088 4300 2302 4372 πρῶτον
2331 4303 2424 4353 τὸν
2454 4300 2870 4370 τόπονλόφείλει,
2896 4305 2953 4355 ἐν
2975 4294 3020 4370 ᾧ
3049 4320 3133 4364 τις
3163 4301 3357 4374 ὲτάγη,
3389 4304 3437 4356 εί
3468 4301 3596 4375 ἔρη-

2007 4402 2126 4456 μος,
2157 4387 2189 4456 ἢ
2227 4383 2539 4456 πολύοχλος,
2575 4382 2694 4439 εἶτα
2723 4387 2822 4456 τήν
2854 4386 3050 4440 ἑαυτοῦ
3083 4387 3514 4457 ἐπιτηδειότητα.
3545 4390 3595 4442 εί

2003 4465 2112 4532 οἷός
2138 4469 2198 4522 τέ
2241 4469 2683 4524 ὲστιν.ἁλλόκοτα
2714 4469 3006 4540 βαστάζειν
3048 4470 3154 4541 ῆθη
3177 4487 3189 4500 ·
3237 4471 3356 4524 τότε
3384 4470 3593 4542 διακρί-

2003 4569 2116 4605 νειν
2165 4553 2254 4604 τὸν
2307 4548 2365 4605 εὖ
2407 4552 2692 4620 ὀφείλοντα
2744 4552 2962 4616 παθεῖν,
2999 4555 3048 4606 εἰ
3082 4552 3340 4617 πλούσιός
3383 4555 3591 4624 ὲστινή

2005 4635 2197 4706 πένης,
2232 4635 2517 4708 ήὺγιήςή
2552 4635 2858 4707 ἄρρωστος,
2891 4638 2924 4708 ή
2973 4637 3281 4710 βρωμάτων
3323 4637 3594 4691 ἐπιδέεται

2005 4721 2038 4792 ἢ
2071 4720 2388 4791 ἐνδυμάτων
2408 4737 2420 4749 ·
2458 4721 2516 4772 εν
2555 4718 2768 4783 τούτοις
2810 4720 2919 4793 γὰρ
2956 4723 2984 4774 ό
3012 4721 3318 4792 πρακτικὸς
3344 4721 3490 4785 ἔλεος
3516 4721 3594 4774 δι-

2005 4803 2246 4857 ανύεται.
2279 4802 2336 4855 Ὀ
2362 4801 2472 4872 γάρ
2488 4803 2758 4874 μακάριος
2792 4803 3046 4875 Ἀϐραὰμ
3071 4806 3168 4870 οὐχ
3194 4804 3595 4870 ὑπάτους,οὺδε

2006 4887 2368 4957 στρατηγοὺς,
2404 4885 2528 4939 οὐδὲ
2555 4887 2680 4950 τοὺς
2732 4888 2819 4940 ἐπ’
2856 4887 3052 4959 ὲξοχῆς
3081 4887 3282 4959 ἄνδρας
3309 4888 3405 4941 τοῦ
3436 4905 3595 4961 περι-

2003 4973 2154 5041 γείου
2183 4971 2390 5042 κόσμου
2417 4970 2676 5038 ἐξένισεν,
2705 4973 2836 5044 παρ’
2858 4967 2941 5037 οἷς
2967 4973 3124 5027 ἵπποι
3146 4973 3362 5046 κημῷῆ
3393 4971 3596 5045 χαλινῷ

2003 5057 2447 5120 ἀποστίλϐοντες,
2493 5056 2526 5128 ἦ
2559 5057 2850 5127 σαράϐαρα
2888 5057 3346 5129 χαλκοτύμπανα,
3377 5058 3597 5131 πόρρω-

2004 5141 2096 5194 θεν
2118 5142 2218 5213 τῆς
2247 5140 2627 5212 ὑπερηφανίας
2653 5142 2744 5194 τὸν
2773 5141 2979 5196 κτύπον
3003 5143 3452 5214 ἀπερευγόμενα·
3480 5141 3596 5195 ἀλλ’

2005 5225 2211 5299 ἔρημον
2242 5225 2408 5280 οἰκῶν
2449 5226 2636 5288 τόπον,
2670 5228 2798 5289 τοὺς
2829 5228 2948 5281 ἐκεῖ
2975 5227 3277 5297 φθάνοντας
3305 5227 3591 5294 ἐδεξιοῦτο.

2003 5313 2068 5364 Οἱ
2091 5311 2148 5365 δὲ
2167 5311 2266 5382 τὴν
2297 5310 2506 5382 ἔρημον
2537 5310 2934 5376 διαϐαίνοντες,
2956 5311 2990 5381 ἢ
3015 5311 3084 5364 δι’
3113 5312 3316 5384 ἀρετὴν
3345 5311 3597 5383 ἀπῄεσαν

2003 5396 2142 5467 πρὸς
2181 5394 2273 5449 τὸν
2318 5395 2687 5466 πατριάρχην,
2723 5395 2757 5466 ἦ
2785 5394 2875 5448 διὰ
2904 5395 3180 5464 πτωχείαν
3215 5394 3314 5466 τήν
3347 5397 3596 5451 ἐπιτετα-

2006 5479 2176 5550 μένην
2198 5478 2294 5532 καὶ
2314 5477 2526 5532 πενίαν.
2553 5479 2722 5532 Πενία
2746 5479 2855 5550 γάρ
2881 5479 2999 5533 ἐστι
3028 5479 3265 5549 μεσότης
3285 5477 3596 5549 ὑπερϐολῆς

2005 5564 2098 5617 καί⁸
2143 5562 2452 5632 ἐλλείψεως,
2488 5562 2794 5636 ὑπερϐολῆς
2846 5561 2946 5633 μὲν
3000 5562 3256 5627 πλούτου,
3303 5563 3596 5634 ἐλλείψεως

2003 5648 2061 5702 δὲ
2094 5647 2364 5718 πτωχείας
2390 5645 2438 5701 ά.
2483 5647 2717 5720 Ὁμοίως
2747 5649 2805 5702 δὲ
2833 5648 2930 5702 καὶ
2979 5651 3007 5702 ὁ
3049 5649 3172 5702 Λὼτ
3223 5649 3446 5721 χείρονα
3495 5649 3594 5722 τῆς

2070 5785 2094 5848 εἴ
2120 5783 2255 5848 Lege
2278 5782 2382 5833 τοῦ.

2071 5846 2394 5920 άῐῐενίαχάρ
2418 5847 2742 5920 κυπτωχείας.
2789 5849 2906 5905 HEC
2945 5852 3248 5905 sententiam
3294 5847 3600 5914 impediunt...

2009 5910 2294 5975 glossemau
2319 5909 2586 5963 simillima.
