4114 6392
502 411 566 472 ΙΙ
1780 411 2102 469 ΡΑιιΑυη

2212 411 2503 471 ῑΑιοουε
3723 407 3796 465 82

505 530 710 600 ἑρήμου
739 524 893 581 πόλιν
935 526 1121 592 οἰκῶν,
1153 526 1378 591 εἰκότως
1415 524 1687 594 ἐδεξιοῦτο
1721 528 1846 592 τοὺς
1888 528 2095 599 ἐπιχω-

504 611 789 681 ριάζοντας
821 609 1010 678 ξένους
1044 609 1133 664 διά
1165 611 1257 664 τὸν
1284 611 1489 684 τρόπον
1516 611 1627 665 τῶν
1657 609 2087 664 κατοικούντων.

510 694 569 748 El
588 694 647 750 δέ
677 711 762 759 τις
790 694 944 748 πόλιν
970 694 1135 748 οίκῶν
1166 695 1575 767 εὑνομωτάτην,
1603 693 1694 749 οἶα
1726 695 1760 765 ή
1793 694 2091 747 Κώνσταν-

498 780 668 846 τίνου,
698 781 755 833 ὲν
851 778 1055 844 πάντες
1077 780 1186 833 εἰσὶ
1212 778 1501 849 ξενοδόχοι,
1538 777 1820 851 περισσῶς
1842 777 1988 850 τάχα
2009 793 2095 842 τις

501 863 610 917 τῶν
652 862 1045 936 πρεσϐυτέρων
1088 863 1189 935 τὴν
1216 863 1313 917 τοῦ
1346 862 1508 932 λόγου
1548 861 1887 933 καταλείψας
1908 862 2096 915 διακο-

502 949 643 1013 νίαν,
721 947 960 1019 βρεϐίοις
1009 946 1282 1020 σχολάζων
1330 946 1609 1016 ὀψωνίων,
1660 942 1816 1011 οὗτος
1869 945 2097 1018 λέληθεν

502 1030 718 1092 ἑαυτὸν.
748 1030 995 1103 κάπηλον
1021 1032 1143 1085 ἀντὶ
1170 1030 1494 1085 διδασκάλου
1520 1029 1778 1101 νομίζων,
1801 1031 1869 1101 τῇ
1898 1029 2094 1101 ύδαρό-

500 1133 627 1189 τητι
654 1115 763 1169 τῶν
790 1115 1066 1187 λογισμῶν
1094 1116 1195 1187 τὴν
1229 1115 1468 1188 άκρατον
1499 1114 1840 1184 ἐξαφανίζων
1867 1112 2093 1183 γνῶσιν,

502 1200 594 1253 τὸν
627 1198 965 1269 προφητικὸν
996 1198 1381 1271 καρπούμενος
1429 1199 1672 1252 δνειδον·
1714 1201 1779 1253 οι
1823 1196 2091 1264 κάπηλοι

502 1298 621 1339 σου
642 1285 937 1354 μίσγουσι
968 1283 1078 1339 τὸν
1102 1281 1273 1338 οἶνον
1293 1284 1488 1339 ὕδατι.
1522 1284 1689 1338 Ὅσον
1711 1282 1823 1354 γάρ
1845 1282 2098 1353 διαφέρει

502 1373 616 1433 τοῖς
645 1369 924 1423 ἀτονοῦσιν
958 1366 1155 1432 ὓδατος
1179 1371 1209 1423 6
1255 1364 1421 1434 οἶνος,
1454 1367 1709 1422 τοσοῦτον
1758 1366 2094 1439 ὑπερϐάλλει

505 1452 807 1525 ξενοδοχίας
832 1451 1175 1508 διδασκαλία.
1225 1453 1291 1506 Ἦ
1322 1452 1423 1523 μὲν
1448 1451 1561 1524 γὰρ
1587 1450 1791 1521 ὠφελεῖ
1815 1452 1947 1514 τοὺς
1967 1449 2092 1504 κατ’

502 1538 685 1602 αὐτὸν,
704 1538 809 1609 ἠδὲ
842 1538 936 1592 καὶ
958 1539 1086 1602 τοὺς
1121 1540 1237 1608 μετ’
1261 1538 1425 1592 αὐτόν
1444 1555 1458 1568 ·
1488 1539 1582 1592 καὶ
1602 1540 1636 1610 ή
1668 1536 1768 1608 μὲν
1799 1536 1928 1599 τοὺς
1954 1552 2099 1607 παρ-

502 1622 663 1686 όντας
702 1634 729 1663 ι
764 1621 926 1692 μόνον
980 1622 1276 1693 κερδαίνει,
1335 1624 1370 1694 ή
1405 1621 1466 1675 δὲ
1520 1622 1617 1675 καὶ
1655 1620 1785 1684 τοὺς
1831 1618 2095 1682 ἀπόντας·

500 1708 630 1770 τοὺς
665 1705 942 1777 παρόντας
987 1706 1084 1776 μὲν
1117 1706 1209 1761 διὰ
1244 1706 1344 1778 τῆς
1378 1704 1656 1776 γλώσσης,
1707 1703 1834 1768 τοὺς
1861 1703 2101 1767 ἀπόντας

501 1791 558 1844 δὲ
588 1789 678 1843 διά
707 1788 816 1843 τῶν
845 1792 1236 1862 γραφομένων.
1278 1784 1405 1853 υἷος
1432 1784 1507 1861 ἦν
1534 1790 1595 1841 ὲν
1627 1788 1792 1860 σαρκὶ
1822 1789 1851 1840 6
1885 1787 2098 1858 Σωτὴρ,

505 1873 711 1945 θρέψας
745 1873 843 1944 μὲν
870 1877 985 1937 τοῖς
1024 1873 1212 1945 ἄρτοις
1248 1872 1749 1943 πεντακισχιλίους,
1789 1870 1891 1925 οὐκ
1921 1872 1979 1923 έν
2004 1870 2102 1922 πό-

504 1957 606 2023 λει,
652 1957 767 2011 ἀλλ’
812 1958 871 2011 ὲν
904 1958 1118 2030 ἐρήμῳ,
1153 1956 1374 2023 διδάξας
1415 1958 1474 2011 δὲ
1509 1958 1604 2011 καὶ
1641 1956 1769 2021 τοὺς
1821 1955 2102 2025 παρόντας

503 2043 594 2096 διὰ
618 2045 718 2115 τῆς
757 2041 1032 2113 γλώσσης,
1065 2041 1247 2106 σώσας
1285 2043 1343 2097 δὲ
1374 2042 1474 2113 τὴν
1507 2041 1835 2113 οἰκουμένην
1864 2040 1956 2094 διά
1991 2040 2102 2093 τῶν

505 2126 908 2199 γεγραμμένων
926 2126 1298 2195 Εὐαγγελίων.
1329 2125 1583 2180 Τοιοῦτον
1613 2125 1724 2198 γάρ
1752 2126 1802 2179 οἱ
1822 2124 1971 2193 λόγοι
2000 2124 2102 2194 μά-

504 2208 663 2265 λιστα
691 2209 800 2263 τῶν
836 2209 1322 2281 πνευματοφόρων.
1349 2210 1462 2262 Καὶ
1494 2209 1569 2281 μὴ
1612 2208 1925 2283 θαυμάσῃς,
1964 2207 2097 2261 Θεό-

503 2294 669 2365 δωρε,
706 2294 759 2347 ετ
783 2310 868 2356 τις
900 2292 1173 2347 πεινῶντα
1220 2292 1530 2366 βρωμάτων
1557 2292 1839 2366 ἐμπλήσῃ,
1888 2291 2006 2346 ἀλλ’
2050 2291 2108 2344 εί

505 2378 590 2441 τίς
634 2394 783 2441 τινος
828 2376 1055 2445 ἀγνοίας
1084 2374 1184 2445 τὴν
1211 2376 1392 2447 ψυχὴν
1429 2374 1736 2448 ἀπαλλάξῃ.
1775 2376 1836 2430 '0
1866 2371 1965 2446 μὲν
1995 2374 2102 2446 γὰρ

503 2464 606 2536 τὴν
659 2461 909 2531 γαστέρα
953 2460 1237 2532 χορτάζων
1261 2461 1295 2531 ἢ
1325 2462 1527 2532 δωρεᾷ,
1575 2460 1609 2532 ἢ
1644 2459 1936 2531 ἀργυρίου,
1964 2458 1998 2530 ἢ
2030 2458 2100 2511 δι’

504 2549 695 2620 ἄρτου,
726 2548 760 2618 ἦ
791 2547 880 2600 διά
899 2545 1175 2617 λαχάνων,
1194 2545 1437 2611 εὐκόλως
1454 2546 1774 2617 εὑρίσκεται
1790 2544 1891 2617 τὴν
1911 2543 2102 2616 χρείαν

506 2632 764 2703 παρέχων
785 2647 805 2662 ·
832 2632 860 2684 6
887 2629 944 2684 δὲ
976 2627 1072 2683 τοῦ
1102 2628 1264 2698 λόγου
1292 2630 1529 2701 τροφεὺς
1559 2628 1808 2692 σπανίως
1834 2629 1934 2699 μὲν
1961 2629 2105 2700 ευρί⁶

509 2731 721 2778 σκεται,
764 2712 1009 2786 εὑρεθεὶς
1051 2712 1129 2777 δὲ,
1177 2712 1211 2784 ἢ
1247 2713 1311 2766 οὐ
1341 2711 1680 2780 πιστεύεται,
1724 2712 1760 2783 ἢ
1812 2711 1971 2783 μόλις
2020 2729 2105 2765 πι-

508 2797 779 2861 στεύεται,
810 2797 921 2850 τῶν
949 2794 1202 2868 πονηρῶν
1234 2797 1563 2868 πνευμάτων
1589 2796 1679 2851 ἀεὶ
1709 2796 2103 2868 ἀντιπραττόν-

488 2898 615 2935 πων
642 2884 709 2952 τῇ
737 2880 845 2934 τῶν
877 2879 1067 2951 ψυχῶν
1103 2879 1369 2951 σωτηρία.
1418 2879 1620 2933 Τοῦτον
1665 2879 1758 2934 τὸν
1796 2879 1890 2933 τοῦ
1937 2878 2100 2947 λόγου

506 2967 606 3038 τῆς
650 2964 1001 3030 διδασκαλίας
1053 2964 1213 3035 λιμὸν
1264 2970 1323 3018 έν
1364 2965 1497 3019 εῖδει
1535 2964 1811 3037 τιμωρίας
1860 2965 2103 3019 ἀπειλῶν

507 3049 737 3121 ἐπάγειν
753 3051 781 3103 6
798 3050 1076 3121 Δεσπότης
1094 3049 1251 3113 Θεὸς,
1273 3048 1429 3119 ἔλεγε
1445 3048 1525 3120 τῷ
1544 3051 1824 3122 προφήτῃ·
1867 3048 2105 3116 Ἐπάξω

507 3135 602 3188 ἐπ’
645 3134 871 3201 αὐτοὺς
915 3134 1118 3203 λιμὸν,
1171 3136 1245 3187 οὐ
1273 3134 1457 3203 λιμὸν
1499 3132 1686 3202 ἄρτου
1714 3135 1813 3188 καὶ
1857 3134 2101 3201 ὓδατος,

507 3218 670 3274 ἀλλὰ
695 3218 878 3288 λιμόν
912 3216 1021 3271 τοῦ
1055 3217 1319 3272 ἀκοῦσαι
1347 3218 1537 3286 λόγον
1558 3218 1808 3287 Κυρίου.
1836 3218 1948 3272 Καὶ
1974 3220 2104 3290 περὶ

512 3305 611 3373 μὲν
643 3301 739 3355 τοῦ
779 3299 1042 3372 αἰσθητοῦ
1084 3300 1273 3372 λιμοῦ.
1305 3300 1453 3354 ἔστιν
1483 3301 1958 3371 ὲγκαταλείψαντα
2002 3303 2102 3373 τὴν

511 3387 832 3459 ἐνδεομένην
860 3386 1017 3440 πόλιν
1042 3386 1076 3457 ἢ
1106 3385 1313 3458 χώραν,
1355 3387 1413 3438 έν
1442 3385 1577 3459 άλλῃ
1605 3384 1846 3457 σωθῆναι
1871 3402 1884 3416 ·
1909 3384 2103 3458 ῶσπερ

507 3475 559 3527 οἱ
586 3472 730 3540 ἅγιοι
756 3472 1101 3542 πατριάρχαι
1136 3471 1246 3523 ἀπὸ
1298 3468 1666 3542 Παλαιστίνης
1694 3473 1777 3534 είς
1823 3469 2102 3540 Αἴγυπτον

510 3556 819 3619 κατιόντες·
851 3555 981 3625 περὶ
1014 3554 1073 3607 δὲ
1105 3552 1202 3607 τοῦ
1241 3553 1391 3608 κατά
1420 3553 1548 3607 νοῦν
1579 3554 1764 3626 λιμοῦ.
1791 3554 1852 3618 6;
1881 3555 1981 3608 οὒκ
2015 3555 2105 3610 ἀλ-

507 3640 663 3696 λοθεν
688 3639 1069 3711 ὲπισυμϐαίνει
1099 3641 1222 3703 ταῖς
1268 3638 1623 3709 Ἐκκλησίαις
1662 3638 1696 3709 ἢ
1747 3637 1816 3691 δι’
1865 3640 2104 3710 ἀπορίαν

507 3724 619 3778 τῶν
665 3724 1038 3790 διδασκάλων,
1087 3722 1253 3776 πάλιν
1299 3721 1488 3791 ἔλεγεν
1532 3720 1722 3794 ἔτερος
1778 3723 2099 3795 προφήτης·

510 3807 1019 3878 Περιδραμοῦνται
1056 3805 1176 3862 ἀπὸ
1208 3805 1532 3862 ἀνατολῶν
1574 3804 1689 3872 ἕως
1713 3805 1963 3875 δυσμῶν
2011 3805 2105 3875 (no

509 3894 759 3959 τοῦγτες
786 3894 893 3946 τὸν
926 3894 1114 3963 λόγον
1145 3893 1253 3947 τοῦ
1284 3892 1531 3961 Κυρίου,
1566 3890 1668 3945 καὶ
1700 3892 1773 3945 οὐ
1798 3891 1887 3960 μὴ
1918 3890 2102 3959 εὑρή-

511 3993 725 4032 σωσιν.
761 3976 826 4028 Τί
852 3976 963 4050 γὰρ
1004 3975 1209 4046 ἀγαθὸν
1238 3978 1297 4030 οὗ
1334 3976 1530 4047 φύεται
1572 3975 1683 4029 ἀπὸ
1718 3975 2102 4041 διδασκαλίας;

510 4063 655 4116 τίδὲ
684 4064 908 4132 ἄκαιρον
941 4063 1043 4116 οὐκ
1068 4062 1456 4134 ὲφευρίσκεται
1485 4062 1593 4117 ἀπὸ
1634 4062 1873 4133 ἀκαίρου
1899 4063 2106 4133 τροφῆς

508 4147 544 4218 ἢ
576 4148 914 4218 συμποσίου;
955 4147 1123 4211 νόσοι,
1157 4147 1349 4217 μάχαι,
1375 4146 1565 4220 ὕϐρεις
1599 4148 1657 4200 αί
1698 4146 1805 4199 61:6
1839 4146 2103 4217 γαστέρα,

511 4233 607 4285 καὶ
625 4232 693 4285 τά
713 4231 919 4285 τούτων
948 4230 1094 4302 ἑξῆς.
1116 4230 1253 4283 Πότε
1274 4232 1311 4302 ή
1327 4229 1440 4284 Εὔα
1461 4228 1789 4301 ὲκϐέϐληται
1808 4228 1903 4283 τοῦ
1929 4247 2107 4302 παρα-

509 4318 724 4381 δείσου;
753 4318 853 4387 οὐχ
897 4317 987 4370 ὅτε
1026 4315 1122 4370 τοῦ
1154 4317 1332 4386 ὸφεως
1361 4316 1565 4387 ἤκουσε
1595 4313 1849 4385 φαγοῦσα
1874 4314 1970 4368 τοῦ
2018 4314 2108 4379 ξύ-

510 4401 628 4465 λου,
663 4399 736 4471 μὴ
760 4401 1095 4472 ἀρκεσθεῖσα
1125 4402 1193 4472 τῇ
1217 4400 1533 4472 τεταγμένῃ
1559 4402 1767 4472 τροφῇ;
1800 4400 1939 4453 Πότε
1965 4401 2108 4454 Κάῖν

510 4485 572 4538 τὸ
599 4486 697 4557 τῆς
716 4483 1133 4553 ἀδελφοκτονίας
1160 4484 1459 4554 εἰργάσατο
1488 4485 1707 4556 μίασμα
1726 4502 1743 4550 ;
1762 4484 1863 4556 οὐχ
1883 4486 1974 4538 ὅτε
1999 4485 2108 4539 τῶν

509 4570 776 4641 ἀπαρχῶν
810 4566 1156 4635 ἀπεγεύσατο
1194 4568 1435 4641 πρῶτος,
1464 4573 1532 4641 τῇ
1565 4568 1760 4623 ἑαυτοῦ
1796 4569 2107 4643 λαιμαργία

512 4654 581 4706 τά
629 4653 879 4723 πρωτεῖα
922 4652 1203 4721 φυλάξας;
1250 4652 1390 4706 Πότε
1416 4653 1488 4707 τά
1511 4653 1682 4707 τέκνα
1707 4652 1803 4707 τοῦ
1856 4652 1977 4707 Ἰὼϐ
2009 4655 2109 4708 αὑ-

510 4736 791 4809 τοσχέδιον
836 4736 1011 4807 τάφον
1064 4737 1164 4808 τὴν
1217 4737 1502 4810 τράπεζαν
1546 4737 1817 4809 εὖραντο;
1871 4738 1971 4809 οὐχ
2016 4739 2105 4792 ὅτε

514 4821 703 4891 ἤσθιον
729 4819 825 4874 καὶ
848 4819 1067 4884 έπινονς
1097 4821 1237 4875 Πότε
1258 4823 1288 4875 6
1322 4820 1495 4875 Ἡσαῦ
1526 4821 1779 4891 εύλογίας
1810 4821 2104 4888 ὲξέπεσεν;

512 4906 611 4974 ούχ
632 4906 722 4958 ὅτε
753 4907 819 4976 τῇ
851 4903 1032 4978 κοιλίᾳ
1056 4904 1370 4960 ἐδούλευσεν
1400 4906 1706 4978 ἀπατηθεὶς
1726 4906 1806 4977 τῷ
1826 4907 2067 4978 τροφείῳ
2089 4926 2104 4973 ;

515 4988 654 5040 Πότε
681 4987 857 5042 Σαοὺλ
879 4988 982 5059 τῆς
1016 4989 1295 5060 βασιλείας
1324 4988 1586 5056 ἐξέπεσεν
1610 5006 1624 5055 ;
1659 4990 1758 5061 ούχ
1775 4991 1864 5044 ὅτε
1886 4991 1955 5045 τά
1980 4992 2110 5046 κά).-

514 5072 675 5125 λιστα
709 5071 819 5125 τῶν
848 5073 1141 5144 προϐάτων
1180 5073 1332 5147 παρά
1359 5074 1454 5127 τὸν
1479 5073 1646 5147 νόμον
1680 5074 1918 5144 ἔφαγενς
1966 5076 2107 5129 Πότε

511 5157 568 5210 δὲ
608 5157 638 5209 ὁ
670 5156 801 5220 λαὸς
828 5156 923 5211 τοῦ
967 5157 1185 5230 Ἰσραὴλ
1210 5159 1305 5213 τὸν
1334 5158 1468 5213 Θεὸν
1498 5158 1857 5231 παρώξυνεν;
1886 5161 1985 5231 οὐχ
2017 5162 2107 5214 ὅτε

508 5245 612 5311 τῆς
635 5241 1021 5312 Αἰγυπτιακῆς
1046 5240 1314 5314 ἐπεθύμει
1342 5241 1644 5314 τραπέζης,
1669 5242 1812 5314 κρέα
1836 5244 1932 5297 καὶ
1954 5242 2110 5314 λέϐη-

511 5341 610 5388 τας
635 5326 915 5396 ἐπιζητῶν
938 5328 1091 5402 παρά
1112 5326 1207 5381 τοῦ
1231 5327 1556 5383 διδασκάλου
1577 5345 1591 5393 ;
1622 5327 1778 5397 Ὀφνῖ
1801 5329 1895 5382 καὶ
1920 5329 2109 5393 Φινεὲς

510 5412 561 5463 οἱ
593 5411 700 5463 υἱοὶ
740 5409 835 5464 τοῦ
867 5411 990 5465 Ἠλὶ
1019 5409 1107 5464 διά
1134 5410 1187 5465 τί
1221 5410 1645 5484 ἐθανατώθησαν
1675 5413 1735 5465 ὲν
1761 5410 1882 5486 ῶρᾳ
1913 5414 2014 5485 μιᾷ
2049 5415 2109 5467 ὲν

511 5495 591 5566 τῷ
612 5496 836 5568 πολέμῳ
855 5512 870 5561 ;
895 5496 995 5568 οὐχ
1016 5497 1099 5550 ὄτι
1121 5496 1373 5569 ἥρπαζον
1393 5500 1516 5562 ταῖς
1532 5498 1837 5571 κρεάγραις
1858 5498 1968 5554 ἀπὸ
1998 5498 2108 5552 τῶν

511 5579 758 5652 λεϐήτων
784 5579 852 5634 τά
879 5580 1087 5650 κρέατα
1109 5581 1179 5634 τά
1208 5580 1340 5634 ὄντα
1364 5584 1466 5653 τῆς
1499 5581 1722 5647 θυσίας;
1773 5583 1969 5636 Ἰακὼϐ
1998 5584 2054 5636 δὲ
2080 5584 2109 5635 6

509 5663 836 5733 ψεκτὸς,διά
847 5664 899 5718 τί
920 5664 1311 5731 ἀπελάκτισεν;
1327 5668 1430 5719 οὐκ
1445 5665 1632 5737 ἐπειδὴ
1656 5665 1987 5738 ἐνεπλήσθη,
2013 5667 2109 5721 καὶ

512 5749 799 5817 ἐλιπάνθη,
817 5749 913 5805 καὶ
940 5748 1243 5821 ἐπαχύνθη,
1275 5750 1369 5805 καὶ
1392 5750 1742 5823 ἑπλατύνθη;
1774 5752 1916 5806 Πότε
1932 5752 1990 5806 δὲ
2011 5754 2107 5808 Σο-

577 5885 604 5915 '
630 5883 682 5956 [n
712 5885 966 5957 Bigoﬁana
996 5886 1120 5957 edit,
1143 5887 1223 5935 hic
1248 5887 1471 5957 quaedam
1504 5888 1893 5957 Graecaggesunt.
1923 5903 2034 5951 quae
2056 5892 2105 5941 in

512 5950 743 5997 Versione
770 5950 939 6000 Latina
964 5950 1329 6012 exprimuntur,
1353 5955 1405 6002 ct
1431 5963 1492 5999 ex
1516 5965 1606 6002 ms.
1631 5950 1795 6004 addita
1819 5950 1951 6003 sunt;

2203 527 2417 598 δομῖται
2463 526 2615 599 παρά
2652 526 2815 596 φύσιν
2841 525 3237 598 ὲξοίστρησαν;
3275 522 3374 594 οὔχ
3417 521 3507 576 ὅτε
3548 521 3798 594 συνεχέσι

2203 609 2527 680 συμποσίοις
2559 609 2659 683 τήν
2684 609 2913 682 γνώμην
2942 607 3342 681 παρέφθειραν,
3373 604 3479 659 ὑπὸ
3500 604 3597 658 τοῦ
3640 604 3796 669 Ἑζε-

2203 694 2328 768 κιηλ
2351 696 2437 765 ἐφ’
2460 694 2614 767 ὕϐρει
2644 692 3113 766 μνημονευόμενοι
3146 690 3397 759 λέγοντος
3429 705 3443 719 ·
3489 689 3595 744 Ἐν
3618 690 3801 758 εὐθη-

2204 779 2302 847 νίᾳ
2344 779 2515 834 οινου
2560 778 2661 833 καὶ
2688 774 3021 846 πλησμονῇ
3049 776 3234 844 ἄρτου
3281 771 3652 829 ἐσπατάλων
3682 774 3791 827 ab.

2203 864 2292 919 τοι
2324 865 2375 926 b,
2406 862 2684 919 τουτέστιν
2710 865 2744 935 ή
2773 862 2948 926 πόλις,
2977 860 3076 915 καί
3109 864 3169 914 αι
3214 856 3537 929 θυγατέρες
3574 856 3792 925 αὐτῆς,

2202 949 2483 1004 τουτέστιν
2508 951 2563 1003 αἱ
2598 948 2808 1020 κῶμαι,
2846 946 2939 1000 τὸν
2972 946 3139 1017 νόμον
3160 945 3248 999 ἀεὶ
3277 944 3377 1016 τῆς
3403 943 3617 1006 πόλεως
3645 941 3795 1013 έχου-

2206 1052 2299 1089 σαι
2331 1047 2353 1074 ο
2377 1051 2393 1101 ;
2425 1035 2486 1089 '0
2517 1034 2620 1106 τῆς
2648 1032 3006 1105 σωφροσύνης
3029 1031 3088 1085 δὲ
3115 1029 3380 1101 λογισμὸς
3404 1028 3536 1081 πότε
3559 1026 3800 1099 παρείθη

2204 1117 2300 1172 τοῦ
2336 1117 2570 1171 παλαιοῦ
2608 1116 2778 1181 λαοῦ;
2812 1117 2914 1187 οὐχ
2939 1116 3030 1170 ὅτε
3061 1114 3263 1186 ὁμοίως
3293 1112 3683 1183 κατεγήρασαν
3705 1110 3801 1163 ἐπὶ

2206 1203 2509 1267 στιϐάδωνς
2541 1201 2641 1256 τοῦ
2670 1203 2955 1274 προφήτου
2987 1198 3396 1272 σχετλιάζοντος
3416 1214 3429 1227 ·
3468 1200 3533 1251 Oi
3565 1196 3799 1252 ἐσθίον-

2204 1304 2304 1353 τες
2333 1288 2582 1357 ἐρίφους
2606 1287 2678 1341 ἐκ
2703 1288 3017 1355 ⁸ποιμνίων,
3049 1283 3150 1339 καί
3168 1284 3449 1353 μόσχους
3475 1281 3547 1335 ἐκ
3570 1281 3799 1345 ,βουκο-

2204 1374 2355 1427 λίων
2386 1370 2789 1443 γαλαθηνοὺς,
2823 1371 3106 1436 πίνοντες
3134 1368 3245 1423 τόν
3287 1366 3682 1437 διυλισμένον
3713 1365 3799 1419 οἷ-

2206 1473 2317 1510 νον
2345 1456 2446 1510 καὶ
2503 1454 2577 1510 τὰ
2609 1453 2814 1524 πρῶτα
2860 1455 3024 1524 μύρα
3055 1453 3381 1523 χριόμενοι,
3413 1464 3801 1505 κατασπατα-

2204 1540 2433 1606 ,ζῶντες
2476 1538 2576 1594 ἐπὶ
2624 1538 2755 1605 ταῖς
2799 1536 3140 1607 στρωμναῖς
3187 1533 3409 1598 αὐτῶν,
3460 1533 3562 1587 καί
3616 1530 3803 1587 οὐδὲν

2206 1625 2484 1693 ἔπασχον
2505 1621 2710 1691 ἐπὶ,τῇ
2731 1619 3027 1690 συντριϐῇ
3074 1618 3312 1688 Ἰωσήφ.
3349 1618 3471 1671 Τίσι
3502 1616 3595 1671 τὸν
3630 1616 3799 1671 ταλα-

2208 1708 2398 1780 νισμὸν
2426 1709 2462 1761 6
2493 1706 2721 1770 Ἡσαΐας
2744 1707 3059 1777 ἐπήγαγεν;
3088 1704 3218 1775 οὐχὶ
3242 1705 3354 1768 τοῖς
3376 1705 3433 1756 έν
3465 1702 3796 1774 συμποσίοις

2208 1792 2580 1865 ὀρθρίζουσινς
2615 1790 2789 1856 οὕτως
2823 1791 3022 1859 λέγων·
3044 1789 3221 1853 Οὐαὶ,
3257 1792 3311 1843 οί
3344 1788 3708 1859 ἐγειρόμενοι
3732 1786 3802 1840 τὸ

2209 1878 2381 1946 πρωῒ,
2419 1876 2517 1930 καὶ
2564 1875 2630 1930 τὸ
2662 1876 2876 1945 σίκερα
2918 1874 3260 1939 διώκοντες,
3303 1876 3359 1927 οι
3378 1873 3672 1944 μένοντες
3731 1872 3802 1926 τὸ

2210 1962 2354 2032 ὀψέ·
2392 1965 2425 2017 ό
2459 1961 2567 2032 γὰρ
2602 1956 2766 2027 οἶνος
2815 1960 3157 2029 συγκαύσει
3203 1960 3458 2024 αὐτούς·
3508 1958 3664 2029 μετὰ
3689 1957 3803 2029 γὰρ

2209 2045 2457 2114 κιθάρας
2502 2045 2601 2099 καὶ
2652 2046 2995 2114 ψαλτηρίου
3052 2043 3166 2096 τὸν
3202 2038 3373 2096 οἶνον
3404 2041 3677 2107 πίνουσι,
3727 2040 3803 2095 τὰ

2209 2129 2278 2184 δὲ
2316 2131 2461 2199 ἔργα
2501 2131 2726 2198 Κυρίου
2764 2132 2876 2184 οὐκ
2905 2127 3334 2197 ἐμϐλέπουσιν.
3378 2126 3516 2182 Πότε
3547 2128 3597 2179 οί
3635 2126 3804 2198 ἱερεῖς

2208 2214 2306 2268 τοῦ
2354 2214 2465 2285 Βὴλ
2497 2214 2604 2268 61:6
2631 2213 2726 2267 τοῦ
2770 2212 2972 2284 Δανιὴλ
3016 2210 3510 2284 κατῃσχύνθησανς
3559 2210 3658 2280 οὐχ
3710 2210 3804 2263 ὅτε

2211 2302 2246 2372 ή
2300 2296 2498 2363 σποδὸς
2547 2299 2748 2362 αὐτοὺς
2801 2296 2998 2369 ήλεγξε
3049 2297 3139 2351 διὸ.
3172 2296 3478 2368 βρωμάτων
3526 2293 3560 2365 ἢ
3613 2292 3800 2365 πομά-

2210 2400 2317 2437 των
2372 2380 2727 2454 θηρεύσασα;
2770 2381 2882 2434 Καὶ
2930 2381 2986 2435 τί
3027 2380 3111 2434 δεῖ
3162 2397 3230 2451 με
3281 2379 3461 2448 λέγειν
3514 2379 3645 2451 περὶ
3693 2375 3805 2431 τῶν

2210 2467 2309 2541 τήν
2360 2467 2622 2521 πλατεῖαν
2681 2465 2918 2537 βαδίζειν
2972 2466 3288 2538 ὲλαμένων,
3352 2464 3452 2518 καὶ
3507 2463 3606 2535 τὴν
3676 2478 3800 2517 στε-

2210 2553 2309 2624 νήν
2361 2550 2786 2623 λοιδορούντων;
2842 2551 3031 2624 ’Δρκεῖ
3090 2567 3183 2621 μοι
3228 2552 3257 2604 6
3319 2550 3590 2623 σωτήριος
3649 2546 3808 2616 λόγος

2212 2636 2349 2709 πρὸς
2380 2635 2602 2705 ἔλεγχον
2640 2634 2749 2688 τῶν
2780 2634 3217 2689 κνισσοδιωκτῶν
3237 2648 3252 2663 ³
3288 2633 3425 2687 ὃπου
3462 2632 3555 2686 τὸν
3589 2629 3799 2685 ἀνώνυ-

2215 2738 2314 2793 μον
2358 2719 2632 2785 πλούσιον,
2662 2719 2935 2791 λαμπρῶς
2958 2718 3079 2774 καθ’
3109 2718 3323 2790 ἡμέραν
3365 2715 3799 2789 εὐφραινόμενον

2212 2809 2271 2860 ἐν
2300 2806 2378 2877 τῷ
2411 2806 2644 2878 παρόντι
2677 2805 2800 2877 βίῳ,
2834 2805 3076 2859 δείκνυσι
3112 2804 3311 2875 ψιχίων
3345 2802 3440 2855 καὶ
3463 2800 3679 2873 ρανίδος
3710 2798 3805 2853 τοῦ

2212 2891 2445 2962 πένητος
2474 2890 2735 2962 Λαζάρου
2769 2889 3137 2945 ὲπιποθοῦντα
3169 2889 3265 2944 καὶ
3290 2885 3642 2958 ἀστοχοῦντα.
3662 2884 3809 2938 Ἰδω-

2216 2995 2315 3049 μεν
2355 2977 2411 3030 δὲ
2450 2976 2665 3030 καὶτὸν
2694 2976 2856 3048 χορὸν
2895 2974 3004 3028 τῶν
3048 2974 3217 3029 πάλαι
3256 2973 3458 3043 ἀγίων,
3501 2972 3596 3026 καὶ
3629 2969 3809 3042 μάθω-

2216 3078 2314 3131 μεν
2365 3060 2503 3123 ὅλως
2563 3059 2702 3129 ποίῳ
2754 3058 3062 3130 χαρακτῆρι
3108 3057 3209 3127 τῆς
3254 3056 3604 3119 διδασκαλίας
3643 3054 3808 3127 ὲχρήο

2217 3163 2400 3211 σαντο,
2433 3144 2512 3216 τῷ
2528 3145 2617 3199 διά
2637 3143 2753 3215 βίου
2773 3141 2973 3215 σεμνοῦ
3005 3143 3101 3196 καὶ
3123 3142 3284 3212 λόγου
3313 3140 3525 3205 εύθοῦς,
3557 3140 3592 3212 ἢ
3615 3138 3692 3210 τῷ
3719 3138 3808 3191 διὰ

2215 3230 2533 3301 συμποσίων
2582 3229 2679 3282 καὶ¹
2729 3227 2980 3298 εὐωχίας.
3041 3226 3264 3298 Πρῶτος
3321 3229 3351 3281 6
3401 3224 3574 3296 Ἑνὼχ
3624 3224 3807 3276 πίστει

2215 3314 2501 3387 μετετέθη,
2548 3313 2582 3385 ἢ
2629 3312 2955 3383 συμποσίῳ;
2993 3308 3128 3365 Εἶτα
3175 3313 3204 3365 6
3232 3310 3358 3364 Νῶε
3391 3311 3452 3365 τὸ
3486 3310 3591 3381 τῆς
3626 3310 3808 3361 οἰκου-

2216 3401 2387 3471 μένης
2412 3399 2571 3468 γένος
2609 3398 2791 3451 πίστει
2822 3396 3085 3451 διέσωσεν
3121 3398 3179 3449 ὲν
3227 3395 3306 3467 τῷ
3340 3394 3502 3466 ξύλῳ,
3533 3395 3622 3448 ὅτε
3651 3394 3680 3446 6
3707 3408 3807 3446 πε·-

2215 3485 2417 3557 ρίγειος
2446 3481 2807 3553 ὲκαθαρίζετο
2838 3481 3044 3553 κόσμος
3069 3482 3178 3535 ἀπὸ
3205 3482 3307 3553 τῆς
3336 3481 3446 3535 τῶν
3489 3478 3807 3550 συμποσίων

2214 3568 2306 3621 καὶ
2347 3565 2676 3636 ἀκαθάρτων
2710 3565 2890 3637 ἔργων
2936 3564 3242 3636 συνεχείας,
3275 3566 3309 3636 ἢ
3354 3566 3419 3636 τῇ
3451 3562 3677 3635 νηστείᾳ
3711 3560 3807 3615 καὶ

2213 3652 2584 3722 προσευχαῖς;
2623 3650 2722 3721 ούχ
2758 3650 2846 3703 ἶνα
2887 3649 3082 3722 μικρὸν
3112 3650 3221 3704 ἀπὸ
3259 3648 3355 3703 τοῦ
3387 3646 3643 3703 τοσούτου
3673 3644 3806 3700 κλύ-

2212 3735 2378 3798 δωνος
2424 3734 2633 3805 πόματι
2678 3733 2866 3805 ἀνεθῇ,
2909 3732 3299 3805 ἀσχημοσύνην
3345 3731 3511 3787 αὑτοῦ
3537 3772 3553 3797 ,
3601 3730 3697 3784 καὶ
3743 3729 3806 3782 ού

2214 3819 2393 3884 κλέος.
2416 3818 2788 3891 κηρύσσουσιν
2817 3821 2872 3874 αί
2900 3819 3146 3890 Γραφαίς
3181 3820 3239 3871 Ὀ
3269 3818 3535 3890 μακάριος
3556 3813 3807 3886 Ἀϐραὰμ

2214 3903 2324 3956 τῶν
2383 3903 2545 3956 πέντε
2594 3901 2858 3973 βασιλέων
2916 3904 3026 3958 τῶν
3082 3905 3141 3957 ἐν
3189 3902 3445 3973 Σοδόμοις
3497 3899 3680 3953 πίστει
3713 3898 3807 3951 καὶ

2213 3984 2530 4059 δικαιοσύνῃ
2563 3986 2931 4058 περιεγένετο,
2959 3986 2993 4059 ἦ
3033 3985 3286 4059 βρώμασι
3328 3985 3424 4039 καὶ
3450 3983 3681 4055 πόμασι.
3714 3981 3806 4034 τὸν

2216 4069 2340 4124 Λὼτ
2371 4070 2886 4143 ἀνακαλεσάμενος;
2924 4072 3035 4124 Καὶ
3055 4074 3083 4125 6
3112 4071 3389 4141 Θεόδωρος
3412 4065 3587 4122 εἶπεν·
3628 4067 3692 4120 El
3714 4065 3807 4119 τὸν

2216 4154 2468 4226 Ἀϐραάμ
2508 4156 2662 4225 ἄγεις
2701 4157 2783 4219 είς
2836 4155 3022 4226 μέσον,
3057 4156 3255 4210 οὐκοῦν
3294 4154 3525 4209 ἄκουσον
3555 4153 3651 4207 καὶ
3675 4150 3805 4223 παρ’

2219 4239 2371 4310 ἐμοῦ·
2406 4239 2548 4306 λέξει
2580 4256 2662 4293 σοι
2703 4239 2813 4310 γὰρ
2845 4240 2874 4292 6
2916 4238 3119 4310 τυχὼν,
3162 4239 3245 4292 ὅτι
3272 4237 3367 4291 τοῦ
3417 4236 3518 4308 μὲν
3564 4234 3803 4307 πολέμου

2216 4323 2398 4376 πίστει
2441 4324 2787 4393 περιεγένετο
2807 4364 2822 4385 .
2859 4323 2953 4377 τὸν
2992 4324 3048 4378 δὲ
3078 4324 3212 4378 Θεὸν
3241 4322 3333 4377 διά
3358 4321 3639 4394 τραπέζης
3681 4320 3807 4388 ἐθή-

2219 4422 2445 4477 ρευσεν,
2484 4407 2562 4470 ὼς
2602 4405 2893 4478 προλαϐὼν
2933 4406 3101 4470 αὐτὸς
3137 4407 3426 4478 ύφηγήσω.
3471 4404 3802 4458 ’θἘΠΙΣΚ.

2216 4490 2389 4545 Βαϐαί
2413 4492 2426 4545 !
2454 4492 2579 4545 ἐπεὶ
2618 4494 2647 4545 6
2685 4490 2940 4564 ’Δϐραάμ
2986 4491 3237 4564 τραπέζῃ
3282 4490 3372 4544 τὸν
3402 4490 3537 4544 Θεὸν
3577 4488 3806 4560 ἐθήρευ-

2219 4591 2331 4638 σεν,
2370 4574 2568 4629 οὐκοῦν
2594 4575 2795 4638 πάντες
2823 4573 3253 4644 καταλείψαντες
3272 4575 3374 4645 τὴν
3396 4572 3579 4626 πίστιν
3600 4571 3805 4634 καὶτὰς

2217 4657 2411 4722 λοιπάς
2442 4657 2666 4729 ἀρετάς,
2693 4660 2763 4711 τά
2802 4658 3083 4729 συμπόσια
3128 4657 3610 4729 φιλοκαλήσωμενς
3652 4656 3805 4710 οὐδὲν

2216 4741 2567 4813 διαφέροντες
2593 4742 2860 4812 καπήλων
2895 4741 2929 4813 ἢ
2966 4740 3274 4811 πανδοχέων
3303 4741 3413 4793 τῶν
3453 4741 3552 4804 τάς
3595 4740 3801 4808 λεωφό-

2218 4842 2344 4896 ρους
2372 4825 2440 4879 δι’
2488 4824 2619 4878 αὐτὸ
2661 4824 2818 4879 τοῦτο
2861 4825 3310 4896 ὲπιτειχισάντων
3356 4825 3521 4877 ἕνεκα
3555 4821 3801 4893 κέρδους.

2217 4909 2330 4963 Καὶ
2355 4910 2411 4964 αί
2435 4909 2692 4981 παρθένοι
2728 4910 2906 4964 τοίνυν
2938 4910 2995 4964 αἱ
3027 4908 3427 4980 ἀγωνιζόμεναι
3472 4908 3625 4975 ἀγιαι
3663 4900 3802 4958 εἶναι

2219 4991 2431 5062 σώματι
2465 4993 2560 5046 καὶ
2581 4993 2851 5065 πνεύματι
2889 4994 2969 5058 εἰς
2995 4992 3155 5059 δόξαν
3197 4990 3356 5057 Θεοῦ,
3388 4988 3579 5061 ἐπειδὴ
3613 4989 3804 5060 Μαρία

2216 5075 2307 5129 τὸν
2340 5077 2576 5149 Χριστὸν
2604 5078 2889 5151 ἐγέννησε.
2928 5078 3024 5131 καίΙ
3057 5072 3217 5132 αῦται
3254 5075 3676 5145 γεννησάτωσαν
3697 5090 3711 5103 ·
3754 5074 3802 5124 εἰ

2217 5160 2327 5231 γάρ
2347 5159 2521 5225 οὕτως
2546 5160 2885 5233 ποιήσουσιν,
2909 5160 3061 5215 οὐδὲν
3100 5160 3210 5213 τῶν
3241 5158 3527 5231 ἑταιρίδων
3554 5155 3805 5210 διαλλάσ-

2219 5259 2419 5298 σουσιν.
2447 5244 2511 5298 Εἰ
2534 5245 2644 5317 γὰρ
2676 5246 2726 5298 οἱ
2760 5244 3073 5299 διδάσκαλοι
3109 5242 3200 5303 διά
3217 5242 3309 5297 τὸν
3330 5241 3588 5314 ’Δϐραάμ
3606 5240 3676 5294 τά
3695 5239 3804 5293 τῶν

2215 5326 2507 5399 τραπεζῶν
2560 5328 2996 5399 εὐτρεπίζουσιν,
3055 5327 3151 5381 καὶ
3203 5328 3257 5380 αἱ
3281 5324 3543 5398 παρθένοι
3586 5324 3676 5379 διά
3705 5324 3804 5394 τήν

2216 5410 2440 5483 Μαρίαν
2477 5411 2845 5481 γεννάτωσαν.
2882 5413 3121 5479 Ἄπαγε,
3160 5410 3488 5482 τιμιώτατε,
3527 5408 3595 5462 τά
3625 5407 3806 5470 καλῶς

2218 5496 2357 5551 κατά
2380 5498 2472 5552 τὸν
2507 5498 2706 5552 οἰκεῖον
2741 5496 2934 5569 καιρὸν
2977 5495 3321 5567 γεγενημένα
3360 5496 3394 5566 ἢ
3426 5492 3685 5564 γινόμενα
3730 5492 3805 5563 μὴ

2217 5581 2563 5655 ὑϐρίζωμεν·
2605 5582 2840 5636 ἑκάστου
2865 5582 2975 5654 γάρ
3013 5581 3074 5635 τὸ
3119 5579 3360 5642 συνειδὸς
3397 5579 3493 5632 ὲάν
3524 5577 3805 5647 βούληται,

2214 5666 2276 5719 τὸ
2321 5666 2599 5739 συμφέρον
2638 5665 2991 5739 ὑπαγορεύει.
3037 5660 3172 5719 Εἶτα
3199 5667 3229 5719 6
3269 5663 3573 5733 παλαιστὴς
3604 5659 3803 5715 Ἰακὼϐ

2215 5752 2450 5823 ἀσκήσει
2486 5750 2555 5806 τά
2575 5749 2669 5804 τοῦ
2700 5750 2885 5805 Λάϐαν
2918 5748 3175 5819 ἀφείλατο
3218 5748 3250 5820 ἢ
3296 5745 3742 5820 συμποσιαρχίᾳῖ
3770 5745 3801 5799 ὁ

2277 5890 2305 5931 In
2329 5889 2449 5940 LXX
2475 5893 2594 5949 αὕτη

2280 5956 2301 5985 ⁶
2332 5952 2421 6004 his.
2457 5954 2676 6019 ἐχούσης.
