4114 6392
348 401 405 456 Η
1219 396 1308 453 DE
1346 398 1503 452 VlTA
1533 397 1590 454 S.
1631 398 1909 453 JOANNIS
1945 398 2437 455 CIIRYSOSTOMI.
3532 409 3597 463 «52

344 516 541 570 militer
565 528 691 570 vero
728 522 780 569 et
807 511 907 567 Lot
930 512 1246 566 deteriorem
1273 512 1456 581 quovis
1484 511 1697 565 deserto
1726 515 1911 566 urbem

347 606 610 670 habitans,
636 607 757 676 jure
775 605 1071 673 excipiebat-
1093 604 1437 658 adventantes
1461 602 1696 673 hospites
1722 604 1789 656 ob
1816 604 1917 656 im-

347 700 542 767 probos
594 713 771 753 mores
826 697 1139 751 incolarum.
1191 696 1356 751 Porro
1406 696 1451 750 si
1491 698 1608 765 quis
1653 696 1916 752 civitatem

343 791 543 859 optime
565 800 823 844 moratam
847 788 1108 852 habitans,
1138 787 1310 856 qualis
1327 785 1830 855 Constantinopolis.
1864 787 1916 839 in

343 894 447 947 qua
494 894 680 932 omnes
734 888 860 931 sunt
911 877 1176 946 hospitum
1228 885 1596 944 susceptores,
1652 875 1917 947 superﬂuo

344 974 482 1026 forte
510 972 628 1041 quis
669 986 700 1026 e
741 970 1087 1042 presbyteris,
1128 969 1316 1024 relicto
1342 969 1737 1038 praedicationis
1765 969 1919 1021 mini-

344 1062 526 1125 sterio,
556 1060 921 1115 examinandis
948 1058 1291 1116 obsoniorum
1312 1058 1561 1112 brevibus
1580 1066 1809 1120 vacaret,
1833 1056 1921 1112 hic

344 1155 540 1208 oblitus
588 1155 705 1218 sui,
750 1168 1045 1222 cauponem
1100 1167 1194 1221 pro
1263 1151 1481 1206 doctore
1532 1165 1591 1204 se
1641 1157 1913 1220 reputans,

343 1254 399 1299 et
439 1246 650 1314 aquosis
678 1244 1085 1315 cogitationibus
1119 1258 1305 1312 puram
1333 1250 1397 1296 et-
1426 1256 1628 1295 meram
1658 1241 1916 1311 cognitio-

344 1352 467 1391 nem
521 1336 741 1391 abolens
783 1352 902 1390 cum
953 1335 1299 1405 acquisitione
1349 1334 1644 1403 prophetici
1691 1334 1911 1402 probri:

345 1427 608 1497 Caupones
647 1428 718 1482 tui
752 1428 956 1481 miscent
997 1428 1169 1481 uinum
1209 1440 1352 1492 aqua:
1375 1423 1528 1493 (Isai.
1558 1425 1610 1477 i.
1638 1423 1752 1493 ‘22).
1784 1422 1915 1477 Nam

342 1527 540 1585 quanto
579 1517 745 1585 magis
784 1516 1007 1569 inlirmis
1031 1515 1213 1569 vinum
1254 1529 1387 1584 aqua
1434 1514 1769 1583 prmstantius
1806 1522 1911 1578 est,

344 1615 491 1663 tanto
511 1607 749 1661 doctrina
775 1606 1189 1676 hospitalitatem
1212 1615 1427 1674 superat
1458 1622 1471 1658 :
1503 1603 1617 1659 hmo
1642 1603 1782 1659 enim
1816 1604 1916 1658 ho-

343 1704 573 1760 minibus
610 1705 689 1758 sui
728 1704 980 1775 temporis
1006 1704 1241 1774 prodest,
1274 1704 1365 1758 illa
1395 1718 1525 1759 vero
1564 1712 1616 1758 et
1641 1704 1911 1773 posteris:

343 1804 397 1849 et
435 1794 549 1849 hzec
588 1795 799 1863 quidem
832 1804 1122 1865 praesentes
1163 1794 1500 1850 solummodo
1529 1794 1783 1858 lucratur,
1830 1793 1913 1846 illa

344 1900 474 1939 vero
495 1894 547 1939 et
574 1886 852 1941 absentes;
877 1895 1169 1955 praesentes
1198 1884 1412 1954 quidem
1439 1885 1635 1953 lingua,
1663 1884 1915 1939 absentes

341 1990 469 2028 vero
504 1990 599 2044 per
626 1977 842 2045 scripta.
873 1976 1019 2030 Talis
1058 1976 1156 2030 fuit
1204 1978 1256 2029 in
1299 1991 1460 2030 carne
1508 1975 1779 2039 Servator,
1824 1975 1913 2043 qui

341 2068 564 2137 panibus
592 2069 822 2137 quinque
860 2068 1129 2123 hominum
1160 2068 1322 2122 millia
1349 2068 1509 2138 pavit,
1554 2084 1660 2122 nou
1698 2069 1748 2121 in
1778 2067 1912 2121 civi-

340 2165 468 2221 tate,
510 2158 601 2213 sed
629 2159 680 2212 in
708 2159 920 2214 deserto
948 2177 959 2211 :
987 2160 1074 2229 qui
1106 2159 1278 2229 lingua
1307 2159 1516 2229 quidem
1545 2168 1598 2215 et
1626 2169 1914 2227 prmsentcs

337 2247 536 2313 docuit,
590 2250 771 2303 orbem
826 2265 951 2304 vero
1000 2258 1259 2304 terrarum
1311 2250 1532 2303 salvavit
1580 2266 1674 2319 per
1718 2251 1910 2319 scripta

338 2334 822 2408 Evangelia.Tales
837 2339 979 2395 enim
1015 2349 1138 2394 sunt
1166 2354 1439 2395 sermones
1473 2356 1654 2395 eorum
1685 2340 1912 2399 maxime

340 2428 430 2497 qui
456 2426 650 2497 Spiritu
689 2438 872 2485 sancto
901 2430 1041 2498 pleni
1082 2440 1223 2486 sunt.
1250 2430 1430 2501 Neque
1470 2432 1698 2493 mireris,
1738 2431 1910 2486 Theo-

338 2519 488 2584 dore,
518 2521 561 2573 si
592 2520 708 2588 quis
736 2520 1057 2575 esurientem
1083 2521 1217 2577 cibis
1247 2522 1563 2590 impleverit,
1593 2522 1686 2577 sed
1724 2522 1768 2576 si
1793 2522 1911 2591 quis

339 2614 407 2665 ab
459 2612 633 2683 aliqua
696 2614 991 2681 ignorantia
1035 2615 1267 2668 animum
1316 2614 1607 2683 cujuspiam
1658 2614 1907 2669 liberarit.

339 2706 438 2773 Qui
462 2706 604 2760 enim
635 2698 871 2761 ventrem
912 2707 1145 2761 alienum
1174 2717 1355 2777 pascat
1390 2716 1481 2762 aut
1504 2708 1668 2777 gratis
1693 2716 1784 2761 aut
1820 2722 1912 2776 pe-

338 2797 512 2863 cunia,
559 2806 650 2851 aut
691 2812 826 2866 pane
868 2807 956 2851 aut
997 2798 1249 2864 oleribus,
1294 2798 1445 2852 facile
1496 2799 1911 2868 inv'eniturzqui

338 2896 512 2940 autem
542 2888 700 2941 verbo
739 2889 968 2942 animam
1013 2891 1227 2955 nutriat,
1274 2890 1318 2943 is
1344 2890 1555 2944 difﬁcile
1584 2890 1794 2959 quidem
1829 2892 1911 2945 in-

339 2978 578 3044 venitur;
620 2979 865 3034 inventus
910 2990 1106 3046 autem,
1152 2992 1243 3036 aut
1272 2997 1375 3036 nou
1414 2983 1665 3050 creditur,
1708 2992 1801 3038 aut
1826 2985 1911 3039 vix

338 3067 589 3132 creditur,
643 3070 798 3125 malis
849 3072 1120 3140 spiritibus
1158 3088 1372 3142 semper
1416 3075 1707 3128 animarum
1752 3076 1911 3130 saluti

337 3160 731 3217 obsistentibus.
775 3163 922 3218 Hanc
948 3164 1097 3218 verbi
1135 3164 1387 3219 doctrinm
1431 3165 1621 3221 famem
1666 3169 1909 3238 supplicii

338 3252 455 3307 loco
494 3254 779 3311 immittere
819 3258 1068 3310 minitans
1108 3257 1362 3311 Dominus
1408 3258 1567 3323 Deus,
1618 3258 1752 3314 dixit
1787 3276 1911 3329 pro-

337 3346 514 3415 phette
543 3366 555 3401 :
586 3348 835 3402 lnducam
871 3366 1022 3419 super
1064 3366 1147 3403 eos
1187 3350 1390 3419 famem,
1423 3366 1523 3404 non
1551 3356 1735 3421 famem
1765 3355 1910 3421 panis

337 3435 415 3489 vel
439 3453 600 3507 aqua,
631 3439 719 3493 sed
744 3443 928 3509 famem
952 3439 1190 3493 audiendi
1208 3438 1409 3493 verbum
1436 3438 1643 3494 Domini
1664 3439 1835 3510 (Amos
1851 3441 1907 3498 8.

336 3525 448 3597 Η).
478 3529 544 3581 Ει
569 3529 619 3583 in
649 3529 884 3583 sensibili
909 3529 1121 3599 quidem
1148 3528 1306 3597 fame,
1339 3531 1460 3584 licet
1490 3531 1671 3585 relicta
1697 3532 1910 3587 civitate

334 3628 422 3671 aut
449 3619 664 3688 regione
691 3635 809 3690 quae
842 3620 979 3674 fame
1007 3636 1258 3690 oppressa
1287 3630 1386 3687 est,
1421 3624 1471 3676 in
1502 3623 1657 3677 aliam
1687 3626 1866 3693 fugere
1893 3644 1904 3677 :

334 3709 471 3763 sicut
528 3712 694 3765 sancti
738 3712 1050 3780 patriarcha:
1107 3728 1137 3767 e
1188 3712 1465 3767 Palmstina
1510 3714 1561 3768 in
1616 3713 1905 3785 Egyptum

334 3800 723 3855 descenderunt
764 3820 778 3855 :
824 3802 889 3856 de
938 3803 1130 3857 mentis
1177 3813 1353 3857 autem
1403 3802 1580 3870 fame,
1631 3821 1749 3874 qua:
1801 3820 1906 3858 non

334 3894 544 3949 aliunde
572 3895 824 3951 Ecclesiis
848 3900 1153 3967 supervenit
1181 3915 1336 3968 quam
1368 3901 1584 3970 penuria
1606 3901 1904 3966 doctorum,

336 3999 520 4038 rursus
557 3986 690 4039 alius
736 3987 989 4058 propheta
1029 3989 1199 4043 dixit:
1233 3989 1570 4045 Circumibunt
1614 3992 1675 4044 ab
1722 3993 1908 4047 oriente

333 4078 400 4130 ad
427 4078 729 4132 occidentem
755 4090 1026 4146 quaerentes
1052 4082 1251 4133 verbum
1284 4079 1507 4146 Domini,
1545 4092 1591 4136 et
1621 4083 1906 4137 nullatenus

333 4167 577 4245 invenient
611 4167 716 4240 (Ib.
743 4184 789 4223 υ.
826 4169 937 4241 12).
964 4170 1115 4235 Quod
1154 4181 1326 4226 autem
1368 4172 1565 4227 bonum
1608 4188 1636 4225 a
1667 4174 1906 4228 doctrina

334 4273 438 4312 non
469 4259 746 4327 provenit?
770 4261 895 4330 quid
928 4276 1051 4316 vero
1091 4278 1196 4316 non
1242 4264 1522 4318 molestum
1553 4267 1619 4318 ab
1648 4267 1906 4335 intempe-

331 4349 467 4403 stivo
494 4350 613 4404 cibo
640 4359 731 4405 aut
767 4352 1014 4406 convivio
1056 4367 1161 4406 non
1207 4355 1485 4409 exoritur?
1515 4356 1704 4423 morbi,
1753 4356 1899 4422 rixae,

329 4443 662 4497 contumeliae
728 4444 997 4507 libidinis,
1060 4454 1113 4499 et
1167 4462 1285 4515 qua:
1345 4448 1430 4501 illa
1488 4450 1900 4519 subsequuntur.

330 4532 553 4597 Quando
582 4534 689 4588 Eva
715 4535 880 4604 ejecta
925 4536 1021 4590 fuit
1066 4552 1134 4590 ex
1163 4537 1447 4607 paradiso?
1491 4554 1667 4593 nonne
1692 4540 1902 4608 quando

329 4625 494 4677 audiit
521 4638 841 4694 serpentem,
886 4638 940 4683 et
965 4630 1193 4684 comedit
1219 4647 1284 4683 ex
1319 4631 1481 4700 ligno,
1510 4647 1617 4685 non
1656 4642 1902 4687 coatenta

328 4716 598 4770 ordinario
639 4718 795 4772 cibo?
846 4718 1071 4786 Quando
1120 4719 1249 4774 Cain
1308 4720 1580 4775 lratricidii
1636 4723 1899 4791 piaculum

328 4808 633 4860 commisit?
661 4824 833 4862 nonne
861 4812 1071 4878 quando
1101 4828 1129 4865 e
1158 4813 1401 4881 primitiis
1424 4814 1652 4882 gustavit
1676 4815 1895 4882 primus,

328 4897 464 4967 gula:
490 4914 600 4952 suae
630 4902 891 4969 praecipua
917 4906 1229 4957 reservans?
1258 4904 1478 4971 Quando
1508 4905 1597 4959 ﬁlii
1626 4905 1725 4960 Job
1752 4923 1901 4961 men-

325 5003 438 5041 sam
482 4993 839 5058 extemporale
880 4994 1176 5061 sepulcrum
1209 4997 1346 5048 nacti
1390 4996 1544 5049 sunt?
1574 5012 1748 5051 nonne
1779 5012 1898 5051 cum

325 5080 684 5135 comedissent
707 5092 760 5135 et
786 5082 1073 5137 bibissent?
1102 5085 1333 5151 Quando.
1362 5086 1502 5140 Esau
1532 5086 1899 5143 benedictione

324 5171 559 5241 privatus
588 5173 708 5226 est?
734 5187 908 5227 nonne
933 5190 1052 5227 cum
1078 5174 1195 5228 cibo
1235 5176 1497 5239 inescatus
1520 5178 1737 5230 servivit
1766 5194 1892 5232 ven-

320 5261 424 5316 tri?
452 5260 672 5328 Quando
692 5262 813 5317 Sail!
836 5278 998 5333 regno
1024 5265 1212 5321 excidit
1231 5265 1446 5320 ?~nonne
1465 5282 1583 5321 cum
1605 5267 1901 5336 pulcherri-

325 5365 435 5410 mas
463 5368 595 5415 oves
620 5364 814 5424 praeter
844 5355 1010 5425 legem
1052 5358 1318 5410 comedit?
1346 5357 1569 5423 Quando
1593 5370 1767 5414 autem
1804 5376 1897 5428 po-

328 5447 480 5515 pulus
516 5447 675 5501 lsrael
702 5448 869 5502 Deum
908 5449 1171 5502 irritavit?
1216 5465 1392 5505 nonne
1430 5466 1550 5505 cum
1590 5451 1895 5521 IEgyptiam

322 5538 728 5608 concupiscebat
756 5554 1014 5601 mensam,
1055 5554 1241 5594 carnes
1286 5550 1340 5595 et
1379 5542 1581 5597 lebetes
1621 5558 1650 5595 a
1680 5544 1897 5598 doctore

321 5629 634 5697 requirens?
658 5628 828 5697 Ophni
860 5638 912 5683 et
935 5629 1164 5685 Phinees
1194 5630 1282 5684 lilii
1312 5631 1421 5686 lleli
1448 5647 1610 5701 quare
1635 5648 1736 5687 una
1764 5634 1892 5688 hora

320 5720 477 5774 occisi
522 5730 645 5774 sunt
689 5721 739 5774 in
789 5720 966 5775 bello?
999 5734 1177 5776 nonne
1215 5724 1335 5792 quia
1378 5724 1648 5793 rapiebant
1681 5726 1897 5779 fuscinis

317 5820 504 5864 carnes
529 5808 766 5865 sacrificii
796 5824 825 5865 e
855 5809 1150 5867 lebetibus?
1176 5812 1336 5869 Jacob
1364 5830 1487 5871 vero
1517 5814 1603 5869 ille
1629 5815 1894 5885 vitupera-

2022 510 2146 567 bilis
2173 512 2383 581 quando
2412 514 2796 568 recalcitravit?
2824 530 3001 571 nonne
3019 532 3136 570 cum
3170 517 3413 585 impletus
3450 534 3585 580 erat.

2024 603 2398 673 impinguatus,
2431 605 2751 661 incrassatus
2776 614 2827 661 et
2852 605 3101 663 dilatatus
3120 610 3143 659 2
3162 607 3383 675 Quando
3409 620 3584 664 autem

2022 691 2307 747 Sodomita:
2339 704 2531 763 prmter
2571 704 2807 749 naturam
2838 696 3050 751 libidine
3081 697 3237 752 veluti
3282 707 3447 753 (nstro
3473 715 3591 768 per-

2021 782 2109 836 citi
2155 784 2313 841 sunt?
2371 801 2547 839 nonne
2588 801 2706 839 cum
2753 789 3016 841 continuis
3057 790 3311 843 conviviis
3358 800 3587 845 mentem

2021 877 2399 943 corruperant?
2441 879 2528 947 qui
2582 891 2941 933 memorantur
2979 896 3073 949 per
3115 880 3483 935 contumeliam
3524 884 3591 934 ab

2022 965 2299 1021 Ezechiele
2348 965 2558 1022 dicente
2600 986 2611 1019 :
2657 967 2722 1022 In
2763 969 3070 1023 abundantia
3123 973 3224 1024 vini
3270 981 3316 1025 et
3366 973 3592 1025 satietate

2022 1059 2165 1123 panis
2209 1056 2527 1111 lasciviebant
2568 1059 2666 1127 ipsi
2704 1058 2916 1129 (Ezech.
2949 1061 3171 1131 16.49),
3218 1062 3270 1116 id
3315 1069 3414 1126 est,
3461 1063 3589 1117 civi-

2022 1154 2130 1209 tas;
2163 1155 2207 1199 et
2228 1148 2351 1213 ﬁlia:
2368 1149 2497 1218 ejus,
2531 1148 2580 1201 id
2603 1157 2702 1213 est,
2731 1149 2830 1203 vici
2857 1150 2959 1218 qui,
2979 1165 3189 1221 semper
3214 1152 3439 1206 civitatis
3458 1167 3588 1206 con-

2021 1239 2353 1294 suetudinem
2378 1249 2689 1310 sequuntur.
2723 1241 3107 1310 Teinperautim
3133 1253 3308 1299 autem
3346 1244 3593 1313 cOgitatio

2019 1329 2233 1398 quando
2275 1346 2305 1384 a
2350 1333 2543 1400 populo
2568 1333 2659 1386 illo
2689 1344 2867 1387 vetere
2903 1333 3137 1389 defecit?
3179 1351 3357 1391 uoune
3384 1336 3593 1405 Quando

2025 1422 2077 1474 in
2134 1423 2390 1477 accubitis
2435 1438 2846 1489 consenuerunt,
2906 1428 3158 1495 propheta
3204 1427 3592 1497 exprobrante:

2025 1510 2124 1577 Qui
2149 1514 2412 1566 comedunt
2441 1514 2699 1569 hedosde
2718 1516 2967 1586 gregibus,
2990 1527 3038 1571 et
3062 1518 3242 1571 vitulos
3279 1518 3342 1571 de
3368 1530 3593 1574 armento

2022 1600 2279 1665 lacteolos,
2313 1603 2530 1658 bibentes
2553 1608 2865 1674 percolatum
2890 1606 3078 1672 vinum,
3124 1608 3300 1679 primis
3328 1612 3594 1681 unguentis

2021 1690 2247 1756 delibuti,
2291 1695 2695 1751 lasciuientesin
2737 1697 2982 1753 cubilibus
3023 1701 3147 1766 suis,
3188 1711 3231 1754 et
3259 1702 3386 1755 nihil
3414 1702 3592 1771 aﬁicie~

2021 1781 2202 1835 bantur
2225 1799 2380 1851 super
2425 1785 2717 1841 contritione
2742 1785 2934 1859 Ioseph
2965 1790 3139 1860 (Amos
3168 1791 3219 1844 6.
3251 1790 3412 1861 4-6)?
3450 1792 3593 1859 Quos

2020 1873 2256 1928 infelices
2282 1876 2443 1931 Isaias
2470 1879 2857 1946 pronuntiavit?
2888 1896 3061 1934 nonne
3086 1884 3172 1952 qui
3200 1883 3262 1935 ad
3291 1886 3590 1939 convivium

2018 1964 2250 2020 diluculo
2279 1969 2597 2036 surgebant?
2624 1970 2693 2022 ita
2728 1970 2945 2025 dicens:
2979 1970 3065 2026 Va:
3088 1975 3173 2041 qui
3198 1975 3400 2043 surgitis
3425 1992 3590 2036 mane,

2019 2066 2065 2108 et
2093 2058 2305 2110 siceram
2334 2060 2612 2123 sectamini,
2644 2063 2731 2130 qui
2762 2064 2973 2117 manetis
3000 2064 3065 2115 ad
3092 2080 3346 2132 vesperam
3382 2081 3395 2117 :
3424 2066 3591 2120 vinum

2018 2149 2149 2202 enim
2175 2151 2425 2204 comburet
2450 2169 2533 2206 eos
2554 2169 2573 2205 :
2598 2169 2715 2206 nam
2741 2170 2856 2207 cum
2883 2155 3076 2208 cithara
3099 2164 3143 2209 et
3170 2156 3404 2225 psalterio
3424 2158 3591 2216 vinum

2018 2240 2230 2304 bibunt;
2269 2258 2422 2307 Opera
2463 2253 2629 2297 autem
2666 2243 2871 2298 Domini
2896 2262 2997 2299 non
3038 2248 3307 2316 respiciunt
3354 2248 3505 2319 (lsai.
3536 2249 3591 2303 5.

2020 2330 2107 2385 il.
2148 2331 2257 2399 12).
2303 2332 2524 2397 Quando
2567 2334 2867 2389 sacerdotes
2902 2334 3016 2391 Beli
3053 2351 3097 2390 a.
3128 2337 3341 2393 Daniele
3380 2337 3589 2393 confusi

2017 2421 2180 2475 sunt?
2224 2437 2399 2477 nonne
2426 2437 2547 2477 cum
2576 2422 2711 2481 cinis
2749 2424 2893 2494 ipsos
2921 2441 3013 2495 per
3048 2428 3195 2482 cibos
3234 2438 3286 2483 et
3314 2437 3469 2498 potus
3497 2430 3592 2484 ἀε-

2018 2511 2313 2579 prehensos
2339 2514 2623 2583 coarguit?
2648 2515 2713 2568 Et
2739 2515 2862 2585 quid
2892 2518 3079 2572 attinet
3104 2534 3188 2573 me
3218 2518 3396 2575 dicere
3432 2520 3498 2574 dc
3530 2521 3592 2573 iis

2018 2606 2109 2673 qui
2150 2604 2309 2659 latam
2336 2606 2474 2661 viam
2510 2606 2711 2676 ingredi
2755 2607 3050 2678 elegerunt,
3085 2619 3138 2664 et
3160 2621 3435 2681 augustam
3464 2614 3592 2666 νὶιιιη

2018 2696 2243 2764 perant?
2271 2696 2465 2751 sufﬁcit
2486 2698 2626 2752 ‘mihi
2649 2695 2942 2755 Servatoris
2962 2715 3135 2754 sermo
3155 2702 3219 2756 ad
3250 2703 3591 2758 revictioiiem

2018 2801 2203 2841 eorum
2232 2789 2321 2857 qui
2351 2788 2565 2844 nidores
2593 2800 2897 2844 sectantur:
2927 2791 3017 2861 qui
3046 2792 3427 2848 innominatum
3454 2794 3591 2848 divi-

2018 2885 2145 2942 tem,
2175 2878 2451 2947 splendide
2477 2880 2712 2947 quotidie
2731 2880 3031 2950 epulantem
3059 2882 3108 2935 in
3142 2883 3239 2937 hac
3269 2885 3392 2950 vita,
3416 2896 3591 2939 osten-

2016 2969 2095 3025 dit
2130 2972 2295 3025 micas
2320 2983 2375 3027 et
2398 2980 2572 3041 guttas
2601 2973 2848 3043 pauperis
2882 2972 3064 3027 Lazari
3107 2975 3591 3047 concupiscentem,

2018 3077 2114 3117 nec
2140 3062 2204 3117 iis
2224 3061 2505 3118 fruentem.
2529 3062 2872 3133 Inspiciamus
2898 3075 3072 3119 autem
3093 3074 3147 3120 et
3180 3075 3360 3120 aestum
3387 3078 3592 3122 sancto-

2016 3170 2134 3207 rum
2164 3164 2422 3221 veterum,
2451 3165 2504 3210 et
2534 3157 2745 3210 tandem
2774 3157 3040 3212 discamus
3064 3174 3168 3228 quo
3192 3158 3446 3214 doctrina:
3468 3160 3593 3215 cha-

2015 3256 2222 3301 ractere
2242 3247 2321 3300 usi
2345 3256 2489 3312 sunt,
2512 3263 2577 3302 an
2610 3248 2731 3302 vitae
2758 3250 3120 3304 sanctimonia:
3141 3258 3190 3304 et
3212 3260 3370 3305 recta:
3392 3250 3594 3306 doctri-

2016 3355 2120 3406 ηαξ,
2158 3354 2225 3395 an
2263 3341 2623 3397 conviviorum
2650 3352 2704 3397 et
2729 3344 3021 3413 epularum.
3048 3343 3254 3398 Primus
3279 3343 3459 3399 Enoch
3489 3344 3594 3401 ﬁde

2017 3433 2297 3490 translatus
2324 3443 2426 3499 est,
2459 3451 2525 3489 an
2562 3436 2840 3490 convivio?
2871 3436 3069 3490 Deinde
3104 3435 3215 3491 Noe
3244 3438 3388 3490 orbis
3423 3446 3591 3492 terra-

2015 3541 2130 3580 rum
2158 3541 2325 3595 genus
2353 3527 2456 3582 ﬁde
2481 3528 2710 3581 servavit
2734 3528 2785 3581 in
2812 3527 2972 3597 ligno,
2994 3528 3204 3597 quando
3235 3536 3478 3583 terrenus
3504 3529 3591 3583 hic

2014 3618 2242 3673 mundus
2304 3619 2643 3688 purgabatur,
2702 3634 2769 3672 an
2829 3619 2896 3673 ab
2951 3619 3177 3674 assiduis
3237 3620 3497 3675 conviviis
3539 3630 3592 3675 et

2014 3712 2238 3781 impuris
2287 3712 2554 3782 operibus,
2617 3729 2685 3766 an
2741 3712 2942 3782 jejunio
2998 3722 3051 3767 et
3096 3714 3370 3768 oratione?
3416 3729 3591 3768 nonne

2012 3812 2072 3857 ut
2118 3818 2300 3873 parum
2353 3818 2381 3856 a
2433 3804 2519 3857 tali
2566 3811 2877 3873 tempestate
2916 3804 3221 3872 poculorum
3269 3808 3586 3874 quiesceret,

2013 3894 2354 3964 ignominiam
2385 3894 2524 3949 illius
2547 3902 2601 3949 et
2628 3910 2729 3948 non
2759 3894 2921 3949 decus
2952 3897 3232 3963 prazdicaut
3265 3897 3590 3967 Scripturm‘!

2012 3986 2203 4040 Beatus
2226 3985 2487 4040 Abraham
2509 3986 2738 4055 quinque
2761 4001 2910 4055 reges
2931 3986 3279 4040 Sodomorum
3298 3990 3585 4056 superavit,

2011 4093 2077 4132 an
2107 4079 2226 4133 cibo
2254 4086 2309 4132 et
2324 4088 2447 4147 potu
2468 4121 2482 4141 ,
2506 4087 2817 4147 recuperato
2845 4080 3003 4134 etiam
3028 4078 3165 4134 Lot?
3188 4081 3250 4134 Et
3279 4080 3589 4136 Theodorus

2011 4170 2085 4222 ait
2117 4187 2130 4222 :
2177 4168 2231 4224 Si
2260 4169 2617 4223 Abrahamqu
2660 4169 2877 4224 adducis
2913 4171 2963 4224 in
2994 4172 3244 4230 medium.
3278 4171 3460 4226 audias
3489 4173 3589 4242 igi-

2010 4271 2098 4314 tur
2126 4270 2179 4315 et
2218 4261 2344 4315 illud
2388 4276 2416 4314 a
2455 4278 2559 4315 me.
2590 4262 2738 4315 Dicet
2763 4262 2903 4315 enim
2946 4262 3037 4317 tibi
3081 4262 3272 4331 quivis,
3316 4263 3455 4334 quod
3487 4264 3588 4320 lide

2009 4351 2222 4421 quidem
2274 4352 2477 4406 hostem
2514 4353 2656 4417 vicit,
2713 4353 2885 4405 Deum
2915 4361 3090 4408 autem
3121 4370 3300 4408 mensa
3331 4357 3490 4424 cepit,
3531 4366 3587 4413 ut

2007 4445 2156 4514 prius
2202 4445 2313 4514 ipse
2351 4444 2659 4512 expositisti.
2707 4443 2881 4498 Emsc.
2927 4444 3110 4512 Papam
3156 4445 3293 4502 ouod
3321 4445 3584 4501 Abraham

2010 4537 2175 4590 Deum
2203 4552 2383 4591 mensa
2413 4537 2572 4605 cepit,
2602 4550 2775 4589 nonne
2804 4551 2993 4590 omnes
3011 4538 3190 4592 relicta
3211 4536 3317 4592 ﬁde
3336 4549 3390 4593 et
3415 4540 3583 4593 virtu-

2011 4629 2151 4681 tibus
2177 4628 2355 4681 cmteri
2382 4628 2618 4681 convivia
2665 4626 2903 4681 studiose
2923 4628 3277 4681 sectabimur?
3295 4628 3435 4682 nihil
3466 4628 3579 4683 dis-

2007 4726 2285 4787 crepantes
2331 4731 2361 4770 a
2401 4717 2728 4784 cauponibus
2776 4726 2868 4771 aut
2920 4718 3252 4781 stabulariis,
3304 4718 3390 4787 qui
3444 4718 3579 4773 lucri

2007 4824 2163 4864 causa
2186 4810 2254 4862 ob
2284 4808 2333 4863 id
2375 4809 2543 4877 ipsum
2572 4808 2832 4877 publicam
2864 4809 3000 4862 viam
3032 4809 3292 4863 obsident.
3326 4808 3578 4878 Et»virgi-

2008 4916 2103 4953 nes
2131 4901 2304 4969 igitur,
2336 4916 2451 4968 qua:
2480 4909 2533 4952 et
2561 4914 2785 4967 corpore
2812 4909 2865 4953 et
2887 4899 3071 4967 spiritu
3102 4910 3295 4953 sancta:
3321 4914 3439 4953 esse
3464 4910 3579 4954 slu-

2006 4992 2134 5046 dent
2156 4991 2219 5045 ad
2240 4992 2461 5060 gloriam
2490 4991 2600 5055 Dei,
2633 4991 2886 5058 quoniam
2905 4991 3063 5045 Maria
3084 4991 3350 5045 Christum
3374 4997 3576 5062 genuit,

2007 5094 2061 5138 et
2084 5087 2209 5154 ipsa:
2239 5085 2438 5152 pariant
2467 5101 2479 5136 :
2513 5085 2554 5136 si
2587 5086 2727 5137 enim
2748 5085 2824 5137 sic
2853 5084 3091 5149 fecerint,
3117 5085 3245 5138 nihil
3270 5101 3299 5138 a
3334 5088 3577 5141 meretri-

2006 5176 2154 5229 cibus
2188 5175 2454 5229 dillertint.
2499 5174 2632 5229 Nam
2681 5176 2723 5227 si
2764 5174 3009 5230 doctores
3057 5184 3270 5245 propter
3311 5176 3575 5231 Abraham

2006 5281 2217 5321 mensas
2246 5267 2534 5331 instruunt,
2556 5275 2610 5319 et
2627 5266 2856 5335 virgines
2883 5276 3095 5336 propter
3112 5267 3327 5320 Mariam
3347 5268 3573 5335 pariant.

2004 5360 2185 5427 Apage
2220 5358 2313 5421 sis,
2345 5357 2772 5421 honoratissimo,
2811 5366 2870 5411 ut
2895 5372 3011 5426 qua:
3040 5357 3177 5411 bene
3207 5366 3442 5427 tempore
3482 5371 3576 5411 suo

2004 5459 2096 5502 aut
2122 5458 2235 5502 acta
2261 5458 2503 5502 suaeaut
2542 5448 2691 5509 ﬁunt,
2736 5448 3053 5503 contumelia
3079 5446 3408 5502 afﬁciamus:
3453 5465 3574 5503 nam

2006 5541 2242 5611 profecto
2283 5540 2537 5606 cujusque
2575 5540 2894 5593 conscientia
2933 5539 3071 5608 quod
3112 5538 3344 5608 expedit,
3389 5540 3571 5593 dictat.

2009 5632 2207 5687 Deinde
2243 5631 2405 5686 Jacob
2432 5632 2655 5686 luctator
2690 5630 3026 5697 abstinentia,
3068 5647 3132 5685 an
3162 5632 3403 5686 convivio
3438 5631 3571 5686 bona

2005 5724 2183 5779 Laban
2214 5723 2374 5776 tulit?
2402 5723 2488 5791 qui
2509 5721 2638 5777 dicit
2663 5737 2677 5775 :
2714 5718 2900 5776 Factus
2929 5738 3042 5776 sum
3065 5722 3185 5777 solis
3209 5721 3417 5775 adustus
3441 5724 3569 5775 msti-

2006 5813 2100 5869 ἔκιε
2124 5825 2167 5867 et
2195 5815 2305 5885 gelu
2347 5814 2522 5881 noctis,
2565 5829 2622 5867 ae
2653 5814 2849 5869 recessit
2891 5830 2923 5867 a
2950 5829 3027 5874 me
3053 5810 3442 5888 soranus,(Gen.
3486 5815 3569 5871 5i.
